4058 6346
138 297 278 350 1009

132 424 222 472 tes
263 423 361 472 aut
407 417 667 472 videntes
715 417 945 472 difﬁcile
994 418 1160 471 aliter
1206 418 1617 485 existimamus,
1661 436 1835 490 quam

131 522 338 561 sensus
385 507 490 560 iste
529 506 841 560 renuntiat.
877 507 1068 578 quue
1097 505 1163 560 ﬁt
1203 511 1268 560 ut
1297 507 1506 560 multos
1547 523 1662 561 non
1694 508 1834 561 tales

131 612 257 650 esse
285 596 605 658 credamus,
637 595 832 664 quales
862 599 917 648 et
945 610 1002 648 se
1039 594 1169 664 ipsi,
1205 601 1260 649 et
1285 612 1381 648 eos
1412 595 1499 649 sui
1524 595 1834 650 familiares

130 687 435 738 noverunt.
465 682 626 747 Quod
656 682 759 736 tibi
791 698 855 736 ex
886 681 1208 737 amicorum
1237 690 1563 737 nostrorum
1604 684 1835 754 quibus-

127 773 264 827 dam
299 773 523 843 magnis
562 771 740 825 animi
779 770 969 840 bonis,
1011 787 1139 841 quae
1171 788 1272 826 nos
1303 773 1409 825 soli
1442 773 1670 839 scimus,
1703 789 1832 842 per-

127 861 371 915 suadeas
400 859 591 914 velim.
626 860 766 913 Nam
797 874 958 912 error
981 859 1086 913 iste
1117 875 1233 913 non
1267 859 1503 914 minima
1535 861 1638 914 hac
1666 877 1834 915 causa

127 949 338 1002 nititur
365 947 407 1014 ί,
449 947 601 1018 quod
643 963 758 1000 non
787 945 957 1016 pauci
1001 963 1058 1000 se
1097 947 1283 1001 subito
1315 948 1381 1001 ad
1417 949 1629 1002 bonam
1657 948 1832 1002 vitam

125 1034 569 1105 mirandamque
599 1039 974 1101 convertunt;
1009 1039 1064 1089 et
1104 1035 1282 1089 donec
1312 1036 1596 1107 aliquibus
1626 1037 1830 1090 clario-

128 1123 292 1177 ribus
327 1123 484 1178 factis
519 1123 890 1189 innotescant,
933 1124 1129 1194 quales
1158 1128 1320 1178 erant
1349 1141 1470 1178 esse
1499 1125 1828 1179 creduntur.

130 1212 276 1264 Nam
318 1227 390 1264 ne
429 1210 655 1280 longius
702 1210 924 1275 abeam,
957 1211 1083 1280 quis
1126 1211 1262 1264 istos
1291 1212 1692 1277 adolescentes,
1733 1212 1832 1283 qui

128 1303 300 1354 antea
331 1303 583 1364 noverat,
609 1297 770 1352 facile
792 1298 980 1352 credat
1000 1304 1119 1352 tam
1143 1300 1393 1354 studiose
1425 1316 1634 1370 magna
1667 1316 1830 1370 quaa-

126 1404 282 1451 rere,
317 1393 498 1441 tantas
525 1391 760 1457 repente
790 1385 848 1440 in
884 1387 988 1440 hac
1014 1389 1178 1440 aetate
1205 1387 1474 1441 indixisse
1504 1386 1831 1440 inimicitias

125 1476 561 1546 voluptatibus?
595 1456 737 1545 Ergo
766 1475 912 1528 hanc
945 1475 1274 1546 opinionem
1304 1475 1584 1546 pellamus
1609 1491 1678 1529 ex
1708 1475 1830 1528 ani-

129 1581 266 1618 mo:
309 1580 443 1617 nam
484 1568 539 1617 et
577 1563 720 1618 illud
751 1563 1010 1617 divinum
1041 1563 1340 1630 auxilium,
1374 1565 1548 1634 quod,
1582 1569 1644 1617 ut
1674 1564 1832 1617 dece-

126 1653 248 1716 bat,
295 1651 562 1721 religiose
610 1651 671 1704 in
702 1651 904 1704 ultimo
936 1651 1212 1704 sermonis
1242 1651 1328 1706 tui
1358 1651 1618 1721 posuisti,
1659 1651 1830 1705 latius

126 1755 306 1811 quam
329 1737 593 1793 nonnulli
617 1739 950 1808 opinantur,
974 1738 1225 1793 ofﬁcium
1243 1739 1563 1793 clementiae
1590 1755 1706 1792 sua:
1730 1754 1831 1808 per

127 1828 426 1882 universos
468 1828 710 1897 populos
742 1826 878 1898 agit.
912 1827 1021 1882 Sed
1060 1828 1131 1882 ad
1162 1827 1558 1898 disputationis
1597 1832 1827 1894 nostrae,

127 1916 175 1971 si
206 1917 412 1988 placet.
439 1915 696 1970 ordinem
728 1916 1032 1970 redeamus
1059 1935 1073 1982 ;
1103 1916 1464 1988 etquoniam
1493 1916 1560 1970 de
1591 1915 1831 1970 auctori-

124 2009 246 2059 tate
296 2003 428 2057 satis
469 2003 686 2058 dictum
717 2008 822 2070 est,
855 2002 1148 2056 videamus
1185 2003 1319 2074 quid
1354 2003 1462 2057 sibi
1502 2003 1647 2058 ratio
1674 2004 1828 2058 velit.

199 2093 428 2148 CAPUT
459 2092 545 2146 XI.
587 2122 648 2130 ——
679 2093 834 2146 Ratio
866 2091 1022 2160 quid,
1053 2096 1103 2146 et
1134 2092 1298 2161 hujus
1330 2094 1387 2144 in
1416 2091 1760 2146 sensibilibus

272 2179 526 2247 vestigia.
571 2182 637 2235 Ut
666 2179 929 2247 cli/ferunt
964 2181 1231 2234 rationale
1261 2184 1310 2234 et
1343 2180 1686 2234 rationabile.

201 2271 291 2325 30.
327 2268 491 2322 Ratio
531 2271 615 2321 est
646 2268 850 2321 mentis
882 2267 1082 2337 motio,
1125 2284 1192 2322 ea
1230 2283 1358 2339 quae
1391 2267 1687 2321 discuntur
1716 2267 1828 2322 dis-

128 2357 431 2427 tinguendi
469 2361 526 2410 et
569 2355 943 2410 connectendi
990 2359 1229 2426 potens:
1280 2372 1394 2426 qua
1437 2356 1578 2410 duce
1629 2355 1714 2409 uti
1761 2356 1831 2410 ad

131 2447 319 2501 Deum
348 2444 809 2516 intelligendum,
834 2445 920 2497 vel
951 2443 1134 2514 ipsam
1161 2460 1288 2514 quae
1313 2448 1412 2498 aut
1437 2443 1496 2497 in
1524 2445 1711 2512 nobis,
1735 2449 1834 2499 aut

129 2549 552 2605 usquequaque
582 2538 667 2586 est
694 2533 966 2598 animam,
999 2532 1359 2586 rarissimum
1389 2532 1622 2586 omnino
1653 2548 1833 2602 genus

129 2623 436 2678 hominum
468 2625 684 2692 potest;
719 2637 834 2675 non
864 2621 936 2676 ob
974 2620 1151 2684 aliud,
1191 2621 1300 2674 nisi
1333 2620 1468 2692 quia
1503 2621 1564 2674 in
1593 2620 1833 2674 istorum

131 2727 407 2766 sensuum
439 2709 666 2780 negotia
696 2725 1018 2780 progresso,
1040 2709 1227 2763 redire
1256 2709 1315 2762 in
1337 2709 1706 2779 semetipsum
1721 2709 1836 2763 cui-

130 2815 246 2871 que
278 2797 509 2852 difﬁcile
541 2801 641 2852 est.
677 2798 892 2868 Itaque,
930 2813 1060 2850 cum
1090 2796 1151 2850 in
1181 2797 1348 2850 rebus
1376 2796 1512 2866 ipsis
1541 2795 1836 2850 fallacibus

131 2887 363 2942 ratione
393 2889 574 2940 totum
608 2901 776 2955 agere
806 2884 1069 2939 homines
1094 2884 1424 2950 moliantur,
1457 2883 1595 2954 quid
1621 2884 1691 2936 sit
1713 2883 1835 2954 ipsa

132 2975 304 3042 ratio,
347 2978 406 3029 et
452 2974 634 3045 qualis
677 2974 768 3042 sit,
814 2973 927 3027 nisi
973 2973 1246 3043 perpauci
1282 2989 1514 3043 prorsus
1545 2971 1830 3042 ignorant.

132 3064 343 3120 Mirum
373 3063 622 3132 videtur,
656 3062 753 3116 sed
783 3065 975 3116 tamen
1014 3077 1071 3116 se
1102 3061 1179 3116 ita
1225 3077 1314 3114 res
1356 3061 1545 3116 habet.
1577 3060 1722 3116 Satis
1752 3065 1838 3115 est

133 3153 242 3207 hoc
273 3151 483 3207 dixisse
522 3150 582 3204 in
614 3149 956 3220 praesentia:
1006 3165 1139 3203 nam
1189 3149 1235 3202 si
1272 3149 1428 3203 vobis
1466 3165 1590 3203 rem
1618 3152 1834 3202 tantam

135 3242 285 3295 sicut
323 3239 702 3311 intelligenda
730 3244 832 3304 est,
876 3254 1027 3292 nunc
1073 3237 1370 3292 ostendere
1417 3237 1667 3308 cupiam,
1719 3239 1836 3290 tam

136 3330 370 3400 ineptus
414 3329 520 3382 sim
567 3343 739 3398 quam
791 3342 1085 3397 arrogans,
1137 3325 1184 3379 si
1235 3326 1322 3379 vel
1377 3341 1467 3378 me
1514 3324 1674 3378 illam
1715 3325 1836 3395 jam

137 3416 461 3491 percepisse
501 3416 789 3487 proﬁtear.
830 3417 1043 3470 Tamen
1074 3417 1352 3485 quantum
1393 3412 1624 3484 dignata
1656 3418 1740 3466 est
1777 3411 1838 3466 in

137 3525 231 3563 res
263 3522 396 3578 quae
435 3505 600 3560 nobis
643 3509 794 3559 nota:
841 3503 1107 3557 videntur
1138 3502 1464 3580 procedere,
1502 3502 1838 3573 indagemus

141 3613 291 3662 eam,
326 3595 373 3649 si
402 3609 707 3666 possumus
733 3592 983 3660 interim,
1016 3596 1190 3663 prout
1219 3596 1512 3662 susceptus
1541 3589 1840 3661 sermojde-

141 3685 377 3739 siderat.

213 3776 304 3828 31.
351 3775 431 3826 Ac
478 3769 730 3842 primum
775 3768 1069 3823 videamus
1111 3766 1210 3821 ubi
1249 3767 1355 3821 hoc
1387 3766 1646 3831 verbum,
1688 3765 1840 3836 quod

142 3861 286 3915 ratio
332 3864 582 3925 vocatur,
625 3856 978 3928 frequentari
1021 3857 1196 3921 solet;
1231 3871 1364 3909 nam
1403 3854 1544 3909 illud
1575 3870 1677 3908 nos
1717 3869 1837 3908 mo-

141 3966 273 4004 vere
316 3947 566 4003 maxime
597 3947 783 4013 debet,
817 3946 967 4016 quod
1007 3945 1130 4014 ipse
1160 3945 1333 3998 homo
1364 3961 1395 3997 a
1433 3942 1719 3997 veteribus
1748 3958 1840 3995 sa-

142 4037 434 4108 pientibus
463 4036 546 4090 ita
569 4034 837 4090 deﬁnitus
858 4039 941 4088 est
966 4051 978 4088 :
1015 4035 1193 4088 Homo
1221 4037 1304 4087 est
1327 4032 1537 4086 animal
1564 4031 1840 4085 rationale

145 4125 409 4180 mortale.
453 4123 553 4178 Hic
589 4138 797 4193 genere
827 4121 1012 4193 posito
1045 4121 1198 4192 quod
1234 4119 1445 4173 animal
1484 4118 1697 4173 dictum
1734 4122 1838 4185 est,

144 4214 404 4268 videmus
435 4211 654 4266 additas
681 4211 820 4264 duas
840 4208 1203 4274 differentias,
1231 4208 1439 4278 quibus
1455 4207 1621 4261 credo
1644 4207 1840 4261 admo-

147 4301 372 4356 nendus
415 4303 535 4354 erat
578 4299 773 4364 homo,
813 4301 870 4352 et
911 4314 1025 4368 quo
1066 4296 1173 4351 sibi
1205 4295 1559 4350 redeundum
1590 4299 1754 4362 esset,
1789 4298 1845 4349 et

147 4389 298 4444 unde
327 4387 688 4458 fugiendum.
723 4387 862 4440 Nam
893 4390 959 4440 ut
978 4401 1309 4456 progressus
1333 4383 1538 4437 animm
1572 4399 1752 4454 usque
1775 4383 1845 4437 ad

148 4476 415 4531 mortalia
454 4477 644 4546 lapsus
691 4478 815 4541 est;
865 4474 943 4528 ita
974 4489 1266 4544 regressus
1295 4488 1415 4526 esse
1458 4472 1519 4525 in
1562 4473 1847 4526 rationem

149 4564 335 4619 debet.
382 4565 501 4618 Uno
533 4563 706 4617 verbo
738 4579 771 4616 a
800 4561 1014 4628 bestiis,
1055 4560 1208 4631 quod
1238 4559 1516 4614 rationale
1545 4577 1557 4626 ;
1592 4564 1647 4614 et
1675 4561 1786 4614 alio
1816 4577 1849 4613 a

152 4652 360 4707 divinis
409 4655 723 4722 separatur,
769 4649 922 4721 quod
961 4649 1201 4703 mortale
1233 4649 1456 4703 dicitur.
1491 4649 1632 4702 Illud
1673 4648 1850 4718 igitur

153 4741 260 4794 nisi
290 4740 564 4803 tenuerit,
593 4739 773 4793 bestia
799 4738 940 4793 erit:
971 4737 1104 4792 hinc
1131 4736 1240 4790 nisi
1265 4753 1322 4790 se
1347 4735 1631 4801 averterit,
1660 4736 1852 4790 divina

156 4844 268 4882 non
292 4827 422 4882 erit.
449 4827 557 4881 Sed
580 4826 851 4897 quoniam
874 4826 1060 4880 solent
1082 4823 1396 4879 doctissimi
1416 4823 1523 4878 viri
1544 4822 1682 4894 quid
1703 4823 1852 4877 inter

153 4916 438 4970 rationale
484 4921 541 4968 et
587 4913 926 4968 rationabile
965 4911 1209 4978 intersit,
1251 4916 1414 4966 acute
1455 4909 1850 4982 subtiliterque

157 5003 501 5067 discernere,
543 5002 701 5055 nullo
748 5001 916 5056 modo
947 5006 1052 5067 est,
1097 5001 1164 5055 ad
1202 5000 1258 5055 id
1290 4999 1442 5071 quod
1480 4998 1851 5069 instituimus,

158 5091 571 5162 negligendum
597 5106 608 5144 :
646 5106 779 5144 nam
809 5090 1084 5144 rationale
1115 5105 1235 5143 esse
1266 5089 1547 5155 dixerunt,
1581 5089 1733 5158 quod
1762 5104 1852 5142 ra-

158 5179 314 5234 tione
337 5183 596 5233 uteretur
621 5179 705 5232 vel
730 5178 811 5232 uti
840 5183 1062 5248 posset;
1091 5177 1431 5231 rationabile
1462 5180 1674 5239 autem,
1700 5176 1853 5247 quod

160 5269 380 5322 ratione
418 5268 631 5322 factum
676 5271 823 5321 esset
852 5271 951 5320 aut
978 5266 1212 5320 dictum.
1260 5268 1456 5337 Itaque
1493 5266 1594 5318 bas
1625 5265 1854 5319 balneas

160 5355 534 5410 rationabiles
560 5372 862 5427 possumus
877 5353 1084 5421 dicere,
1106 5358 1484 5425 nostrumque
1501 5369 1853 5420 sermonem;

166 5445 475 5500 rationales
503 5449 697 5498 autem
733 5444 821 5497 vel
850 5443 1017 5498 illum
1056 5443 1157 5513 qui
1186 5443 1289 5496 has
1320 5443 1471 5511 fecit,
1507 5443 1596 5497 vel
1626 5459 1730 5497 nos
1757 5441 1856 5512 qui

231 5542 243 5574 ι
277 5541 471 5589 Decem
493 5538 641 5598 Mss.,
673 5540 934 5590 nutritur.
963 5537 1083 5598 Alii,
1112 5538 1373 5589 innititur.

1566 298 1779 353 LIBER
1829 297 2214 355 SECUNDUS.

3511 307 3645 359 1010

1944 420 2251 491 loquimur.
2283 423 2423 493 Ergo
2453 422 2706 493 procedit
2733 423 2880 488 ratio
2912 424 2983 477 ab
3015 423 3206 477 anima
3233 424 3511 493 rationali,
3537 427 3638 480 sci-

1943 509 2072 562 licet
2105 509 2163 562 in
2195 526 2261 563 ea
2287 526 2414 580 quae
2439 513 2524 565 vel
2555 512 2704 566 ﬁunt
2729 511 3112 577 rationabilia,
3141 514 3228 566 vel
3259 514 3542 569 dicuntur.

2016 601 2101 652 32.
2136 599 2258 652 Duo
2291 614 2424 668 ergo
2470 599 2655 666 video,
2696 601 2759 654 in
2796 601 3003 670 quibus
3034 601 3288 671 potentia
3317 603 3512 673 visque
3543 619 3636 656 ra-

1943 686 2114 741 tionis
2157 687 2333 756 possit
2375 687 2510 756 ipsis
2560 688 2732 742 etiam
2782 689 3041 744 sensibus
3083 690 3416 744 admoveri:
3463 708 3636 762 opera

1943 775 2246 828 hominum
2277 791 2406 845 qum
2435 775 2719 842 videntur,
2763 781 2820 830 et
2847 778 3014 833 verba
3047 795 3175 849 quae
3207 778 3538 833 audiuntur.
3572 782 3636 833 In

1942 873 2186 932 utroque
2208 867 2400 916 autem
2420 863 2786 917 utitur'mens
2816 866 3041 934 gemino
3075 868 3274 920 nuntio
3305 884 3407 936 pro
3439 884 3639 938 corpo-

1943 951 2020 1004 ris
2051 951 2384 1004 necessitate
2413 967 2425 1005 :
2463 967 2575 1004 uno
2606 952 2704 1022 qui
2734 953 3026 1007 oculorum
3057 958 3158 1014 est,
3192 956 3370 1008 altero
3403 953 3503 1024 qui
3533 969 3633 1006 au-

1941 1039 2112 1094 rium.
2141 1041 2359 1110 Itaque,
2383 1055 2513 1094 cum
2538 1039 2755 1110 aliquid
2778 1039 3032 1094 videmus
3055 1043 3505 1112 congruentibus
3528 1041 3634 1095 sibi

1940 1127 2198 1198 partibus
2227 1127 2560 1197 ﬁguratum,
2592 1144 2706 1181 non
2736 1129 2977 1182 absurde
3009 1129 3249 1183 dicimus
3277 1130 3630 1183 rationabili-

1941 1221 2027 1270 ter
2063 1233 2357 1287 apparere.
2393 1217 2670 1288 ltemque,
2721 1232 2848 1269 cum
2899 1216 3115 1286 aliquid
3162 1218 3304 1270 bene
3335 1219 3632 1270 concinere

1942 1304 2224 1366 audimus,
2264 1321 2381 1358 non
2429 1304 2759 1358 dubitamus
2799 1305 2985 1359 dicere
3025 1306 3177 1376 quod
3219 1306 3634 1361 rationabiliter

1941 1397 2121 1445 sonat.
2156 1393 2332 1446 Nemo
2364 1397 2556 1446 autem
2587 1409 2702 1446 non
2728 1393 3002 1460 rideatur,
3035 1393 3081 1446 si
3113 1394 3336 1460 dixerit,
3387 1395 3632 1449 rationa-

1938 1480 2128 1534 biliter
2147 1481 2256 1534 olet
2282 1497 2295 1547 ;
2327 1484 2446 1542 aut,
2475 1481 2889 1535 rationabiliter
2916 1483 3098 1552 sapit;
3131 1487 3249 1547 aut,
3276 1482 3634 1535 rationabili-

1939 1573 2026 1622 ter
2051 1569 2219 1622 molle
2251 1573 2372 1635 est;
2404 1569 2515 1622 nisi
2546 1569 2691 1623 forte
2720 1570 2779 1623 in
2803 1569 2871 1622 iis
2902 1586 3030 1640 quas
3061 1574 3297 1641 propter
3329 1571 3538 1641 aliquid
3564 1571 3634 1625 ab

1939 1657 2265 1710 hominibus
2296 1662 2595 1727 procurata
2624 1661 2776 1717 sunt,
2808 1662 2872 1711 ut
2898 1658 2976 1710 ita
2998 1659 3220 1712 olerent
3251 1659 3335 1712 vel
3367 1663 3631 1728 saperent

1939 1747 2029 1800 vel
2065 1747 2362 1809 ferverent,
2397 1747 2483 1799 vel
2514 1745 2652 1816 quid
2682 1745 2856 1799 aliud.
2893 1747 2960 1800 Ut
2998 1747 3043 1799 si
3082 1746 3210 1817 quis
3237 1747 3446 1812 locum,
3482 1749 3630 1801 unde

1940 1835 2204 1905 gravibus
2253 1833 2524 1888 odoribus
2555 1837 2840 1904 serpentes
2880 1835 3173 1905 fugantur,
3215 1835 3634 1889 rationabiliter

1939 1922 2090 1978 dicat
2117 1922 2195 1976 ita
2224 1923 2398 1990 olere,
2429 1938 2654 1976 causam
2685 1922 2913 1976 intuens
2943 1939 3120 1994 quare
3148 1923 3220 1976 sit
3244 1923 3456 1976 factum
3487 1939 3500 1988 ;
3535 1926 3632 1975 aut

1939 2011 2210 2081 poculum
2236 2010 2385 2081 quod
2413 2010 2665 2063 medicus
2685 2010 3010 2080 confecerit,
3042 2011 3452 2064 rationabiliter
3483 2027 3634 2063 ama-

1939 2115 2069 2153 rum
2101 2113 2220 2152 esse
2253 2099 2335 2153 vel
2373 2098 2535 2153 dulce
2561 2115 2574 2165 ;
2603 2102 2697 2151 aut
2727 2099 2880 2169 quod
2908 2099 3218 2168 temperari
3248 2098 3516 2170 languido
3548 2115 3634 2151 so-

1941 2187 2080 2240 lium
2106 2185 2358 2256 jusserit,
2399 2187 2580 2239 calere
2620 2185 3030 2240 rationabiliter
3070 2190 3168 2239 aut
3203 2190 3417 2256 tepere.
3455 2187 3632 2240 Nemo

1943 2277 2131 2326 autem
2156 2273 2386 2326 hortum
2409 2272 2715 2342 ingressus,
2741 2276 2798 2325 et
2819 2288 3009 2325 rosam
3040 2272 3274 2325 naribus
3297 2272 3625 2336 admovens,

1942 2361 2116 2416 audet
2151 2361 2228 2414 ita
2267 2360 2473 2414 dicere.
2516 2361 2699 2424 Quam
2729 2359 3140 2414 rationabiliter
3168 2361 3404 2430 fragrat!
3443 2376 3544 2413 nec
3581 2361 3627 2414 si

1942 2449 2197 2504 medicus
2225 2449 2384 2502 illam
2413 2453 2477 2502 ut
2510 2448 2776 2502 olfaceret
2812 2448 3062 2518 jusserit.
3113 2449 3268 2502 Tunc
3297 2449 3447 2502 enim
3478 2464 3626 2518 pras-

1943 2542 2170 2608 ceptum
2227 2537 2313 2590 vel
2356 2536 2552 2590 datum
2603 2536 2743 2590 illud
2797 2535 3230 2601 rationabiliter,
3280 2553 3397 2590 non
3443 2539 3636 2589 tamen

1943 2627 2095 2680 olere
2143 2624 2556 2679 rationabiliter
2598 2624 2838 2692 dicitur;
2879 2640 2984 2678 nec
3013 2629 3337 2695 propterea,
3370 2624 3506 2695 quia
3534 2640 3634 2678 na-

1944 2715 2144 2770 turalis
2185 2714 2278 2768 ille
2306 2713 2576 2769 odorest.
2617 2714 2775 2766 Nam.
2810 2713 3070 2783 quamvis
3100 2730 3132 2766 a
3159 2729 3340 2784 coquo
3372 2714 3636 2783 pulmen-

1943 2808 2069 2858 tum
2110 2801 2430 2866 condiatur,
2465 2800 2877 2855 rationabiliter
2905 2801 3195 2854 conditum
3225 2817 3529 2870 possumus
3559 2799 3640 2854 di-

1945 2908 2071 2946 cere
2096 2908 2109 2944 :
2143 2888 2557 2944 rationabiliter
2586 2893 2777 2942 autem
2810 2905 3028 2958 sapere,
3062 2904 3192 2942 cum
3221 2905 3387 2942 causa
3415 2887 3637 2942 extrins-

1946 2995 2105 3034 secus
2134 2978 2294 3032 nulla
2323 2976 2416 3046 sit,
2448 2977 2552 3031 sed
2582 2975 2851 3046 praesenti
2878 2975 3114 3030 satisfiat
3143 2976 3443 3045 voluptati,
3476 2976 3634 3029 nullo

1946 3067 2115 3122 modo
2170 3066 2289 3137 ipsa
2334 3064 2606 3135 loquendi
2644 3064 3054 3117 consuetudine
3113 3063 3335 3118 dicitur.
3388 3062 3444 3117 Si
3483 3063 3636 3117 enim

1947 3159 2238 3228 quaeratur
2259 3155 2330 3209 de
2360 3154 2460 3207 illo
2491 3153 2582 3206 cui
2611 3153 2881 3222 poculum
2909 3153 3159 3206 medicus
3182 3152 3418 3218 dederit,
3452 3167 3551 3204 cur
3578 3151 3638 3206 id

1949 3243 2189 3300 dulciter
2217 3241 2428 3296 sentire
2458 3241 2719 3296 debuerit
2757 3240 2913 3294 aliud
2942 3241 3186 3294 infertur
3217 3245 3455 3310 propter
3485 3240 3639 3310 quod

1946 3333 2025 3387 ita
2051 3336 2155 3398 est,
2187 3331 2242 3385 id
2268 3334 2352 3384 est
2371 3329 2553 3383 morbi
2577 3345 2777 3398 genus,
2811 3330 2963 3399 quod
2990 3329 3110 3399 jam
3137 3345 3253 3382 non
3271 3329 3330 3381 in
3349 3329 3448 3381 illo
3473 3344 3641 3381 sensu

1949 3423 2052 3484 est,
2087 3419 2182 3471 sed
2213 3417 2374 3471 aliter
2403 3433 2524 3471 esse
2569 3417 2741 3471 habet
2769 3416 2828 3470 in
2857 3433 3114 3487 corpore.
3155 3417 3211 3471 Si
3251 3421 3443 3470 autem
3477 3431 3640 3483 roge-

1948 3513 2043 3562 tur
2062 3505 2335 3576 liguriens
2356 3505 2593 3576 aliquid,
2629 3505 2777 3572 gula:
2797 3507 3027 3560 stimulo
3064 3505 3396 3569 concitatus,
3427 3520 3526 3557 cur
3565 3504 3644 3557 ita

1950 3595 2113 3649 dulce
2153 3594 2244 3662 sit,
2290 3598 2346 3648 et
2395 3594 2753 3664 respondeat,
2793 3595 2935 3658 Quia
2979 3593 3152 3661 libet;
3189 3598 3288 3647 aut
3327 3593 3460 3664 quia
3490 3593 3640 3646 dele-

1949 3687 2106 3747 ctor;
2141 3697 2308 3734 nemo
2344 3681 2486 3735 illud
2517 3681 2665 3736 dicet
2693 3681 3108 3736 rationabiliter
3136 3681 3320 3745 dulce,
3354 3679 3466 3732 nisi
3496 3679 3641 3733 forte

1948 3768 2101 3822 illius
2129 3769 2426 3822 delectatio
2457 3769 2627 3822 alicui
2656 3769 2738 3822 rei
2770 3770 2845 3824 sit
2871 3769 3204 3831 necessaria,
3235 3773 3293 3822 et
3320 3768 3461 3822 illud
3486 3766 3641 3837 quod

1948 3855 2187 3919 mandit,
2222 3856 2294 3909 ob
2324 3856 2430 3910 hoc
2458 3856 2535 3909 ita
2563 3856 2881 3910 confectum
2913 3856 3000 3909 sit.

2020 3947 2106 3999 33.
2148 3945 2448 4008 Tenemus,
2482 3947 2760 4013 quantum
2782 3943 3122 4013 investigare
3151 3941 3461 4012 potuimus,
3487 3955 3641 4010 qua:-

1951 4033 2083 4087 dam
2114 4031 2350 4100 vestigia
2381 4031 2616 4085 rationis
2656 4031 2716 4084 in
2747 4032 3006 4086 sensibus
3032 4048 3045 4097 ;
3085 4036 3140 4084 et
3169 4029 3324 4100 quod
3353 4030 3423 4082 ad
3459 4029 3643 4082 visum

1953 4124 2123 4191 atque
2152 4119 2408 4174 auditum
2440 4119 2707 4190 pertinet,
2739 4119 2798 4173 in
2828 4120 2949 4189 ipsa
2979 4119 3150 4172 etiam
3180 4119 3493 4187 voluptate.
3532 4115 3644 4170 Alii

1952 4224 2084 4261 vero
2111 4223 2308 4261 sensus
2332 4224 2451 4261 non
2476 4207 2534 4261 in
2551 4207 2841 4278 voluptate
2864 4224 2964 4261 sua
2985 4205 3027 4273 ‘,
3049 4207 3144 4260 sed
3170 4210 3404 4277 propter
3430 4204 3646 4274 aliquid

1957 4297 2112 4351 aliud
2141 4297 2322 4350 solent
2344 4296 2452 4350 hoc
2472 4312 2684 4350 nomen
2707 4296 2965 4367 exigere:
2991 4296 3047 4350 id
3071 4300 3262 4349 autem
3291 4299 3375 4348 est
3397 4293 3645 4347 rationa-

1955 4386 2025 4439 lis
2056 4385 2364 4439 animantis
2403 4385 2617 4439 factum
2647 4390 2878 4456 propter
2907 4384 3156 4454 aliquem
3187 4384 3382 4437 ﬁnem.
3423 4381 3532 4436 Sed
3577 4381 3649 4434 ad

1957 4475 2153 4528 oculos
2179 4473 2329 4544 quod
2360 4473 2622 4543 pertinet,
2654 4474 2714 4527 in
2745 4490 2858 4544 quo
2889 4471 3258 4542 congruentia
3286 4470 3536 4541 partium
3567 4485 3652 4521 ra-

1957 4561 2252 4616 tionabilis
2281 4561 2508 4626 dicitur,
2531 4561 2837 4631 pulchrum
2862 4559 3134 4630 appellari
3156 4561 3316 4612 solet.
3336 4559 3497 4622 Quod
3519 4573 3650 4610 vero

1958 4650 2030 4704 ad
2072 4665 2256 4717 aures,
2306 4649 2535 4719 quando
2573 4649 2966 4702 rationabilem
3005 4653 3344 4702 concentum
3384 4647 3648 4711 dicimus,

1959 4741 2304 4806 cautumque
2343 4752 2718 4790 numerosum
2765 4736 3177 4790 rationabiliter
3219 4751 3352 4792 esse.
3377 4734 3654 4804 composi-

1958 4830 2080 4880 tum
2103 4843 2116 4892 ;
2138 4825 2382 4878 suavitas
2403 4829 2632 4878 vocatur
2657 4823 2889 4894 proprio
2912 4825 3034 4894 jam
3060 4824 3308 4878 nomine.
3335 4823 3442 4877 Sed
3464 4837 3651 4893 neque

1959 4913 2020 4966 in
2037 4912 2290 4983 pulchris
2306 4912 2477 4966 rebus
2495 4928 2624 4965 cum
2643 4928 2746 4965 nos
2765 4912 2917 4965 color
2940 4911 3120 4976 illicit,
3145 4928 3333 4982 neque
3350 4911 3408 4964 in
3427 4911 3651 4964 aurium

1963 5000 2238 5054 suavitate
2270 5015 2398 5053 cum
2426 4999 2591 5068 pulsa
2617 4999 2827 5053 chorda
2857 4999 3018 5070 quasi
3047 4999 3263 5070 liquide
3292 5002 3454 5053 sonat
3482 5001 3652 5066 atque

1964 5105 2122 5160 pure,
2159 5087 2503 5142 rationabile
2527 5087 2668 5142 illud
2699 5088 2883 5142 dicere
2907 5089 3172 5142 solemus.
3199 5090 3394 5141 Restat
3422 5100 3558 5152 ergo
3591 5087 3654 5136 ut

1966 5178 2023 5231 in
2041 5177 2283 5230 istorum
2303 5191 2576 5230 sensuum
2593 5177 2880 5246 voluptate
2901 5175 2957 5230 id
2979 5177 3049 5230 ad
3069 5176 3346 5229 rationem
3369 5169 3652 5241 pertinere

1964 5263 2267 5330 fateamur,
2295 5262 2390 5316 ubi
2413 5263 2678 5334 quaedam
2705 5263 2983 5317 dimensio
3021 5267 3103 5316 est
3124 5267 3292 5330 atque
3314 5254 3648 5310 modulatio.

2038 5353 2125 5405 34.
2157 5352 2355 5420 Itaque
2383 5351 2440 5404 in
2474 5351 2580 5406 hoc
2610 5351 2734 5422 ipso
2772 5350 3011 5406 aediﬁcio
3041 5348 3265 5416 singula
3291 5345 3434 5398 bene
3462 5341 3652 5395 consi-

2032 5475 2048 5508 ¹
2085 5474 2230 5529 Lov..
2257 5472 2353 5523 alii
2376 5487 2496 5522 vero
2519 5486 2711 5525 sensus
2727 5476 2781 5524 in
2801 5471 3065 5535 voluptate
3085 5480 3201 5518 sua.
3232 5468 3298 5518 At
3324 5465 3496 5515 caeteri
3525 5465 3651 5515 Cdd.

1968 5548 2075 5586 non
2107 5538 2158 5585 in
2183 5537 2460 5598 voluptate
2478 5548 2595 5587 sua.
