4058 6360
426 284 554 337 1011

421 401 704 468 derantes,
723 417 839 455 non
855 416 1156 472 possumus
1169 417 1284 454 non
1298 401 1510 455 offendi
1530 402 1684 472 quod
1702 419 1879 458 unum
1901 403 2110 457 ostium

423 489 678 544 videmus
700 490 758 543 in
779 491 977 556 latere,
1002 490 1242 543 alterum
1266 505 1441 558 prope
1463 489 1521 543 in
1552 490 1766 556 medio,
1788 508 1891 545 nec
1920 496 2111 546 tamen

422 577 484 631 in
514 577 702 632 medio
732 578 1084 631 collocatum.
1114 577 1332 647 Quippe
1354 576 1413 630 in
1437 578 1604 631 rebus
1627 579 1932 646 fabricatis,
1955 582 2112 634 nulla

425 669 661 736 cogente
695 665 1046 728 necessitate,
1087 665 1286 734 iniqua
1326 664 1608 718 dimensio
1637 667 1888 736 partium
1929 668 2114 722 facere

423 751 535 822 ipsi
565 752 814 821 aspectui
841 753 994 806 velut
1034 752 1340 822 quamdam
1372 752 1595 806 videtur
1624 753 1914 828 injuriam.
1949 756 2110 819 Quod

426 845 614 893 autem
633 840 787 892 intus
816 845 928 892 tres
953 839 1233 905 fenestrae,
1268 856 1380 892 una
1407 839 1468 892 in
1497 841 1708 907 medio,
1727 842 1853 895 dua:
1875 861 1908 896 a
1926 842 2113 896 lateri-

423 928 551 993 bus,
576 927 803 998 paribus
832 927 1144 980 intervallis
1164 928 1306 981 solio
1328 929 1346 963 ¹
1370 929 1562 982 lumen
1583 929 1914 999 infundunt,
1939 947 2113 1002 quam

427 1030 530 1068 nos
551 1016 788 1068 delectat
815 1013 1141 1084 diligentius
1171 1014 1474 1082 intuentes,
1509 1032 1796 1088 quamque
1824 1019 1884 1072 in
1914 1035 1972 1072 se
1998 1019 2116 1072 ani-

426 1117 584 1156 mum
615 1102 784 1171 rapit,
809 1102 1110 1156 manifesta
1139 1119 1229 1156 res
1258 1109 1364 1173 est,
1401 1121 1501 1156 nec
1531 1105 1726 1158 multis
1752 1107 1933 1160 verbis
1957 1107 2115 1162 vobis

425 1191 752 1260 aperienda.
791 1190 949 1244 Unde
989 1190 1099 1260 ipsi
1130 1191 1420 1244 architecti
1443 1193 1564 1261 jam
1603 1209 1704 1246 suo
1737 1195 1908 1248 verbo
1944 1195 2113 1249 ratio-

425 1292 560 1330 nem
606 1275 773 1330 istam
823 1283 1055 1343 vocant;
1089 1282 1145 1330 et
1184 1283 1373 1347 partes
1415 1279 1748 1334 discorditer
1797 1283 2112 1350 collocatas,

426 1363 625 1417 dicunt
647 1378 763 1416 non
794 1363 1001 1416 habere
1032 1365 1330 1419 rationem.
1363 1366 1521 1429 Quod
1543 1368 1652 1421 late
1684 1373 1856 1439 patet,
1881 1385 1944 1424 ac
1973 1387 2116 1441 pene

426 1451 488 1505 in
519 1466 716 1504 omnes
745 1457 893 1505 artes
924 1468 1210 1524 operaque
1251 1455 1504 1508 humana
1526 1455 1881 1512 diffunditur.
1909 1460 2033 1512 lam
2057 1458 2118 1512 in

430 1539 796 1604 carminibus,
829 1540 888 1593 in
917 1541 1122 1610 quibus
1151 1541 1288 1595 item
1318 1543 1560 1597 dicimus
1590 1561 1708 1597 esse
1739 1546 2018 1600 rationem
2048 1547 2118 1600 ad

430 1627 777 1695 voluptatem
809 1627 1032 1680 aurium
1059 1628 1464 1698 pertinentem,
1497 1630 1623 1700 quis
1653 1646 1766 1683 non
1797 1632 2002 1684 sentiat
2030 1631 2120 1684 di-

429 1717 789 1770 mensionem
819 1734 936 1771 esse
968 1719 1139 1772 totius
1163 1719 1332 1789 hujus
1359 1721 1647 1774 suavitatis
1677 1721 1939 1791 opilicem
1961 1725 1988 1776 Ῥ
2013 1721 2121 1776 Sed

431 1802 707 1858 histrione
739 1805 994 1868 saltante,
1042 1821 1170 1858 cum
1201 1806 1345 1858 bene
1385 1807 1768 1876 spectantibus
1809 1813 2000 1876 gestus
2037 1808 2122 1861 illi

433 1907 632 1946 omnes
659 1892 821 1962 signa
851 1893 965 1946 sint
992 1909 1199 1955 rerum,
1231 1893 1488 1964 quamvis
1515 1895 1904 1949 membrorum
1928 1913 2124 1950 nume-

433 1995 596 2033 rosus
614 1980 846 2050 quidam
875 1986 1063 2034 motus
1085 1982 1277 2035 oculos
1300 1983 1499 2035 eadem
1522 1983 1620 2036 illa
1650 1983 2004 2038 dimensione
2026 1985 2121 2038 de-

434 2069 620 2134 lectet,
664 2068 871 2122 dicitur
918 2074 1109 2123 tamen
1148 2070 1501 2124 rationabilis
1535 2071 1633 2124 illa
1676 2071 1918 2136 saltatio,
1969 2072 2123 2143 quod

433 2155 579 2209 bene
609 2155 824 2226 aliquid
864 2155 1144 2227 signiﬁcet
1183 2162 1238 2211 et
1280 2158 1560 2223 ostendat,
1593 2165 1822 2229 excepta
1853 2177 2128 2251 sensuum

436 2243 746 2312 voluptate.
778 2244 903 2298 Non
933 2244 1106 2309 enim,
1137 2244 1181 2296 si
1213 2252 1520 2314 pennatam
1551 2248 1826 2301 Venerem
1852 2249 2040 2318 faciat,
2073 2243 2129 2303 et

439 2330 779 2400 Cupidinem
820 2331 1140 2400 palliatum,
1174 2333 1432 2401 quamvis
1464 2333 1521 2386 id
1552 2333 1698 2387 mira
1737 2337 2128 2391 membrorum

438 2418 694 2472 motione
725 2425 893 2489 atque
937 2419 1302 2472 collocatione
1340 2420 1630 2490 depingat,
1673 2424 1866 2476 oculos
1906 2425 2130 2479 videtur

443 2506 759 2571 offendere;
783 2507 879 2560 sed
902 2523 1004 2577 per
1029 2507 1219 2560 oculos
1235 2508 1513 2573 animum,
1539 2509 1630 2562 cui
1651 2525 1840 2564 rerum
1864 2512 2132 2582 signailla

445 2599 835 2648 monstrantur
859 2609 871 2647 :
903 2610 1037 2647 nam
1065 2594 1212 2647 oculi
1233 2596 1676 2663 olfenderentur,
1700 2599 1745 2651 si
1763 2615 1878 2653 non
1898 2602 2132 2670 pulchre

445 2687 784 2735 moveretur.
822 2684 935 2736 Hoc
974 2683 1127 2736 enim
1168 2684 1488 2753 pertinebat
1526 2687 1596 2740 ad
1639 2703 1888 2756 sensum,
1922 2691 1982 2744 in
2021 2706 2133 2760 quo

447 2769 637 2824 anima
667 2785 733 2822 eo
764 2769 887 2839 ipso
921 2771 1073 2841 quod
1106 2772 1281 2824 mixta
1310 2777 1395 2826 est
1424 2774 1670 2844 corpori,
1699 2777 1944 2846 percipit
1971 2778 2132 2832 volu-

446 2862 682 2928 ptatem.
729 2859 898 2914 Aliud
941 2877 1076 2930 ergo
1109 2877 1327 2930 sensus,
1358 2862 1511 2916 aliud
1548 2879 1650 2933 per
1688 2880 1956 2920 sensum:
2001 2883 2136 2920 nam

451 2962 678 3000 sensum
699 2949 910 3002 mulcet
932 2949 1168 3018 pulcher
1190 2954 1378 3002 motus
1402 2970 1416 3016 ;
1439 2967 1540 3020 per
1555 2967 1783 3006 sensum
1807 2961 1992 3008 autem
2017 2955 2139 3008 ani-

448 3050 607 3088 mum
635 3036 818 3089 solum
842 3037 1080 3106 pulchra
1099 3037 1158 3090 in
1182 3043 1341 3092 motu
1363 3038 1720 3109 signiﬁcatio.
1747 3042 1861 3094 Hoc
1887 3043 2059 3096 etiam
2078 3043 2137 3097 in

448 3122 682 3177 auribus
714 3124 935 3178 facilius
963 3125 1310 3194 advertitur;
1340 3143 1473 3180 nam
1507 3127 1746 3198 quiquid
1767 3129 2009 3198 jucunde
2041 3149 2136 3184 so-

448 3212 562 3272 nat,
601 3209 741 3263 illud
780 3208 938 3275 libet,
970 3215 1139 3280 atque
1185 3211 1374 3281 ipsum
1413 3213 1668 3267 auditum
1708 3214 1946 3282 illicit’;
1987 3218 2138 3287 quod

450 3302 642 3350 autem
677 3313 782 3366 per
824 3297 1092 3352 eumdem
1121 3314 1327 3353 sonum
1356 3301 1498 3354 bene
1529 3301 1903 3370 signiﬁcatur,
1934 3306 2136 3360 nuntio

449 3384 682 3454 quidem
703 3383 951 3450 aurium,
972 3386 1070 3440 sed
1091 3386 1160 3440 ad
1179 3387 1359 3441 solam
1381 3393 1633 3443 mentem
1656 3391 1916 3446 refertur.
1941 3394 2137 3464 Itaque

449 3487 580 3526 cum
609 3472 876 3526 audimus
900 3473 1028 3526 illos
1053 3489 1248 3527 versus
1272 3491 1284 3528 :

573 3568 710 3638 Quid
741 3572 948 3638 tantum
977 3570 1496 3638 Oceano__properent
1519 3575 1802 3638 sertingere
1825 3577 1963 3625 soles

577 3631 808 3691 Hiberni,
839 3631 920 3680 vel
939 3631 1243 3698 quietordis
1277 3631 1422 3681 niora
1443 3631 1926 3698 noctibusobstet;

1007 3694 1191 3756 (νὺ-9.,
1217 3699 1401 3757 Gwrg.
1437 3696 1525 3747 lib.
1549 3700 1596 3753 2,
1629 3712 1753 3747 vers.
1786 3703 1893 3756 480,
1914 3694 2055 3762 ’481.)

449 3781 614 3835 aliter
637 3787 820 3836 metra
840 3781 1162 3847 laudamus,
1195 3783 1471 3854 aliterque
1503 3787 1839 3841 sententiam
1870 3804 1882 3842 :
1910 3805 2012 3842 nec
2033 3789 2137 3842 sub

447 3871 648 3923 eodem
668 3869 958 3923 intellectu
971 3870 1232 3939 dicimus,
1257 3872 1688 3928 Rationabiliter
1706 3881 1896 3944 sonat;
1957 3882 2032 3944 et,
2057 3894 2140 3931 ra-

447 3957 801 4012 tionabiliter
831 3959 1044 4012 dictum
1074 3965 1174 4014 est.

446 4047 668 4100 CAPUT
683 4047 872 4100 ΧΙΙ.-
892 4050 1320 4116 Disciplinarum
1337 4053 1574 4104 omnium
1594 4055 1954 4118 cxcogitatrim
1971 4057 2133 4109 ratio.

517 4135 734 4188 Occasio
754 4135 1152 4190 vocabulorum.
1190 4137 1406 4191 Occasio
1439 4140 1762 4192 litterarum.
1792 4142 2008 4195 Occasio
2036 4158 2138 4195 nu-

515 4237 799 4275 merorum.
836 4223 1053 4276 Occasio
1083 4224 1419 4278 discretionis
1451 4227 1775 4294 litterarum,
1805 4230 2140 4296 syllabarum

517 4313 566 4361 et
594 4309 898 4362 verborum.
929 4310 1146 4364 Occasio
1176 4311 1430 4366 historia.

520 4399 606 4450 35.
633 4396 777 4466 Ergo
799 4397 916 4466 jam
939 4397 1046 4450 tria
1069 4413 1278 4466 genera
1299 4404 1433 4453 sunt
1453 4416 1646 4454 rerum
1673 4401 1733 4454 in
1766 4403 1972 4472 quibus
1996 4405 2138 4460 illud

449 4482 780 4536 rationabile
802 4489 1056 4553 apparet.
1085 4487 1270 4540 Unum
1301 4491 1385 4540 est
1413 4487 1472 4540 in
1502 4488 1662 4541 factis
1691 4489 1762 4542 ad
1788 4492 2036 4562 aliquem
2070 4493 2137 4548 ﬁ-

449 4585 581 4622 nem
619 4570 833 4639 relatis,
879 4571 1120 4626 alterum
1163 4573 1223 4626 in
1271 4574 1509 4629 dicendo
1538 4574 1580 4642 5,
1622 4577 1851 4630 tertium
1893 4579 1951 4632 in
1985 4581 2138 4634 dele-

449 4657 671 4711 ctando.
697 4659 951 4713 Primum
973 4677 1075 4714 nos
1101 4662 1369 4716 admonet
1388 4663 1530 4716 nihil
1562 4669 1777 4720 temere
1798 4666 1980 4721 facere
2005 4686 2017 4734 ;
2052 4686 2136 4723 se-

449 4745 718 4812 cundum,
768 4753 917 4800 recte
947 4749 1148 4803 docere
1177 4766 1190 4816 ;
1227 4751 1512 4818 ultimum,
1549 4753 1710 4806 beate
1739 4758 2132 4826 contemplari.

449 4833 511 4886 In
541 4833 794 4887 moribus
831 4840 914 4888 est
943 4836 1083 4890 illud
1116 4838 1404 4908 superius;
1439 4839 1560 4892 haec
1590 4846 1780 4894 autem
1811 4842 1923 4896 duo
1957 4843 2017 4897 in
2048 4845 2133 4898 di-

449 4921 719 4990 sciplinis,
748 4922 815 4974 de
837 4924 1044 4992 quibus
1075 4941 1223 4978 nunc
1252 4926 1494 4995 agimus.
1529 4929 1784 4999 Namque
1814 4929 1949 4984 illud
1983 4934 2137 5002 quod

445 5007 505 5061 in
539 5009 704 5061 nobis
733 5015 819 5062 est
851 5011 1145 5074 rationale,
1181 5013 1238 5067 id
1271 5019 1374 5080 est,
1409 5017 1558 5083 quod
1592 5018 1810 5071 ratione
1843 5019 2044 5086 utitur,
2080 5027 2137 5076 et

511 5116 526 5148 1
557 5114 640 5162 Er.
663 5115 884 5181 et_Lov_.,
908 5116 1044 5181 solis.
1061 5117 1139 5181 ΔΔΐ.
1159 5119 1278 5167 Mss.
1307 5119 1583 5168 duodecim
1615 5122 1738 5170 Bad.
1762 5126 1814 5170 et
1843 5123 1978 5181 Am.,
2000 5126 2134 5174 solio

445 5175 629 5239 lumen
654 5175 981 5238 infundunt;
1025 5179 1076 5226 id
1115 5187 1210 5239 est,
1246 5181 1554 5230 balnearum
1585 5185 1696 5232 vasi
1734 5185 1818 5232 cui
1847 5175 2133 5236 insidentes

447 5237 787 5304 lavabantur;
819 5241 880 5286 de
907 5237 1214 5304 quosupra,
1249 5256 1300 5290 n.
1331 5246 1406 5292 32.

505 5301 526 5334 ²
553 5300 606 5346 ln
637 5300 706 5364 βε
746 5303 879 5348 Num
900 5300 1158 5364 quidquid
1178 5305 1413 5363 jocundc
1440 5307 1625 5361 sonat.
1653 5306 1810 5356 illum
1837 5311 2012 5364 ipsum
2039 5323 2134 5360 au-

505 5322 525 5334 -
553 5322 606 5346 lu
643 5322 706 5347 u;
746 5322 784 5348 iv
797 5322 879 5348 um
900 5322 1155 5364 qmuqum
1178 5322 1413 5363 Jucunae
1440 5322 1625 5361 sonat.
1653 5322 1810 5356 mum
1837 5323 1853 5354 ι
1894 5323 2012 5359 sum
2039 5323 2130 5360 au-

441 5360 746 5425 diluirilibet
770 5365 928 5425 alque
944 5365 1114 5412 illicil.
1138 5365 1435 5413 Lectionem
1458 5367 1540 5413 Er.
1564 5369 1645 5415 Er.
1677 5369 1830 5417 Guill.
1854 5322 1982 5420 gen.
2006 5373 2130 5421 Lov.

444 5423 567 5489 Lov:
597 5423 710 5489 Par.
743 5423 1128 5489 secutisumus,
1165 5428 1235 5474 uti
1258 5427 1658 5489 praaferendam.
1725 5431 1792 5478 Μ.

503 5484 524 5517 ³
546 5483 605 5532 In
630 5485 750 5534 Mss.
787 5486 1043 5550 plurimis,
1073 5483 1336 5539 discendo.

1695 282 1790 336 DE
1827 281 2118 348 ORDINE,
2159 281 2214 336 S.
2255 279 2642 337 AUGUSTINI

3806 273 3951 326 1012

2219 400 2587 456 rationabilia
2617 399 2703 452 vel
2730 397 2864 453 facit
2891 399 2981 452 vel
3011 399 3288 469 sequitur,
3331 397 3469 468 quia
3496 397 3764 452 naturali
3794 414 3948 469 quo-

2221 491 2351 544 dam
2365 489 2587 542 vinculo
2605 487 2664 542 in
2681 503 2882 541 eorum
2902 486 3171 540 societate
3184 485 3631 556 astringebatur,
3659 502 3800 540 cum
3825 487 3949 558 qui-

2221 577 2327 632 bus
2348 576 2431 629 illi
2451 581 2571 629 erat
2592 573 2734 627 ratio
2756 574 2877 645 ipsa
2897 573 3239 640 communis,
3266 587 3369 625 nec
3388 572 3616 626 homini
3639 573 3828 626 homo
3843 574 3945 627 ﬁr-

2222 663 2474 718 missime
2505 661 2708 716 sociari
2733 665 2940 732 posset,
2973 659 3084 714 nisi
3114 660 3603 730 colloquerentur,
3640 665 3826 732 atque
3855 662 3939 716 ita

2223 751 2330 806 sibi
2350 755 2570 805 mentes
2589 766 2718 802 suas
2739 748 3224 819 cogitationesque
3246 746 3409 818 quasi
3431 747 3842 813 refunderent,
3865 749 3946 802 vi-

2225 840 2308 895 dit
2335 855 2456 894 esse
2486 837 2831 910 imponenda
2863 837 3031 890 rebus
3062 836 3360 903 vocabula,
3389 835 3448 888 id
3483 841 3570 889 est
3596 835 3945 906 signiﬁcan-

2222 933 2307 982 tes
2335 928 2613 998 quosdam
2643 942 2846 992 sonos;
2885 932 2962 990 ni,
2995 924 3269 995 quoniam
3300 923 3510 977 sentire
3543 924 3778 978 animos
3807 941 3947 978 suos

2225 1033 2341 1070 non
2366 1019 2655 1086 poterant,
2687 1014 2761 1067 ad
2785 1029 2882 1066 eos
2913 1013 3020 1067 sibi
3049 1012 3402 1082 copulandos
3433 1027 3603 1066 sensu
3636 1013 3812 1084 quasi
3845 1013 3944 1067 in-

2223 1106 2472 1174 terprete
2510 1104 2825 1155 uterentur.
2861 1099 2969 1154 Sed
3011 1099 3199 1152 audiri
3241 1099 3565 1152 absentium
3610 1101 3790 1154 verba
3822 1117 3945 1155 non

2226 1195 2526 1262 poterant:
2565 1205 2698 1260 ergo
2729 1189 2826 1241 illa
2855 1186 3252 1258 rati0°peperit
3276 1187 3528 1256 [litteras,
3560 1188 3779 1242 notatis
3821 1206 3948 1243 om-

2227 1279 2396 1334 nibus
2419 1278 2532 1332 oris
2557 1294 2620 1331 ac
2637 1279 2848 1348 lingua:
2870 1276 3042 1342 sonis,
3061 1281 3232 1347 atque
3255 1277 3536 1331 discretis.
3563 1278 3717 1332 Nihil
3741 1284 3948 1332 autem

2228 1369 2438 1422 horum
2454 1367 2635 1420 facere
2657 1370 2897 1436 poterat,
2923 1365 2970 1419 si
2986 1365 3290 1419 multitudo
3314 1381 3508 1419 rerum
3531 1366 3655 1420 sine
3677 1367 3946 1438 quodam

2229 1455 2412 1510 deﬁxo
2438 1453 2681 1506 termino
2722 1452 2944 1506 inﬁnite
2976 1456 3171 1522 patere
3193 1453 3501 1507 videretur.
3525 1455 3672 1524 Ergo
3712 1454 3949 1508 utilitas

2231 1541 2571 1596 numerandi
2592 1556 2797 1609 magna
2812 1541 3146 1594 necessitate
3170 1540 3564 1602 animadversa
3579 1547 3686 1594 est.
3711 1542 3948 1606 Quibus

2231 1631 2450 1684 duobus
2488 1629 2744 1699 repertis,
2779 1634 2912 1682 nata
2941 1635 3026 1681 est
3053 1629 3150 1681 illa
3179 1628 3545 1683 librariorum
3583 1634 3639 1683 et
3678 1631 3944 1684 calculo-

2233 1733 2371 1771 num
2398 1717 2672 1786 professio
2698 1718 2737 1782 ί,
2766 1718 2921 1769 velut
2947 1717 3214 1786 quasdam
3236 1717 3626 1786 grammaticas
3663 1719 3948 1787 infantia,

2234 1819 2406 1875 quam
2421 1805 2592 1856 Varro
2609 1803 3010 1856 litterationem
3029 1809 3188 1856 vocat
3207 1820 3218 1856 :
3235 1820 3418 1874 graece
3431 1810 3623 1858 autem
3640 1807 3946 1876 quomodo

2235 1893 2567 1963 appelletur,
2602 1907 2720 1944 non
2743 1891 2877 1943 satis
2905 1891 2966 1943 in
2996 1892 3301 1961 prmsentia
3330 1893 3536 1957 recolo.

2307 1983 2392 2033 36.
2420 1981 2722 2048 Progressa
2741 1978 2945 2032 deinde
2968 1981 3113 2032 ratio
3136 1980 3540 2035 animadvertit
3562 1982 3802 2036 eosdem
3826 1983 3950 2036 oris

2237 2083 2404 2121 sonos
2437 2067 2642 2137 quibus
2673 2068 3058 2137 loqueremur,
3091 2072 3147 2121 et
3170 2084 3312 2138 quos
3342 2069 3544 2122 litteris
3567 2070 3688 2139 jam
3736 2071 3948 2140 signa-

2237 2159 2413 2221 verat,
2449 2154 2586 2208 alios
2616 2172 2735 2208 esse
2765 2155 2863 2226 qui
2894 2155 3187 2210 moderato
3221 2156 3370 2209 varie
3398 2157 3576 2221 hiatu,
3614 2158 3784 2228 quasi
3809 2175 3953 2212 eno-

2239 2243 2357 2298 dati
2385 2260 2447 2296 ac
2477 2243 2760 2313 simplices
2798 2243 3054 2297 faucibus
3094 2243 3214 2298 sine
3246 2244 3362 2297 ulla
3391 2245 3689 2299 collisione
3718 2247 3951 2300 deflue-

2239 2337 2386 2397 rent,
2415 2331 2553 2384 alios
2585 2332 2801 2384 diverso
2839 2347 3040 2401 pressu
3071 2332 3203 2398 oris,
3238 2337 3431 2385 tenere
3460 2337 3654 2387 tamen
3683 2335 3952 2404 aliquem

2242 2433 2443 2473 sonum
2469 2435 2482 2485 ;
2517 2424 2793 2472 extremos
2815 2424 3010 2472 autem
3036 2419 3136 2491 qui
3164 2420 3275 2472 nisi
3293 2420 3573 2490 adjunctis
3604 2421 3714 2475 sibi
3737 2424 3954 2493 primis

2243 2521 2541 2576 erumpere
2569 2523 2684 2559 non
2705 2508 2976 2560 valerent.
3013 2509 3208 2578 Itaque
3229 2507 3446 2561 litteras
3471 2508 3576 2562 hoc
3599 2510 3808 2564 ordine
3832 2529 3954 2582 quo

2245 2595 2510 2664 exposita:
2540 2599 2688 2661 sunt,
2722 2596 2960 2664 vocales,
2993 2595 3360 2649 semivocales
3391 2601 3445 2650 et
3473 2603 3659 2651 mutas
3687 2601 3960 2653 nomina-

2244 2683 2342 2736 vit.
2378 2682 2592 2736 Deinde
2621 2683 2861 2752 syllabas
2887 2685 3131 2738 notavit:
3159 2683 3364 2738 deinde
3395 2685 3566 2738 verba
3595 2686 3654 2738 in
3689 2694 3822 2741 octo
3856 2705 3959 2758 ge-

2246 2786 2382 2824 nera
2405 2770 2730 2840 formasque
2748 2771 2966 2841 digesta
2981 2776 3114 2824 sunt
3130 2791 3144 2838 ;
3159 2771 3462 2842 omnisque
3477 2773 3715 2827 illorum
3734 2781 3958 2844 motus,

2245 2858 2561 2928 integritas,
2576 2859 2867 2928 junctura,
2885 2859 3064 2928 perite
3087 2858 3484 2930 subtiliterque
3506 2861 3778 2915 distincta
3795 2870 3956 2917 sunt.

2250 2946 2383 3000 Inde
2407 2948 2528 3016 jam
2566 2962 2938 3000 numerorum
2969 2952 3023 3000 et
3052 2947 3426 3001 dimensionis
3457 2965 3569 3003 non
3612 2949 3959 3016 immemor,

2248 3033 2453 3104 adjecit
2481 3033 2738 3088 animum
2783 3033 2845 3088 in
2887 3034 3035 3106 ipsas
3063 3051 3267 3088 vocum
3298 3041 3356 3090 et
3383 3037 3736 3106 syllabarum
3769 3041 3965 3093 varias

2249 3139 2435 3176 moras
2457 3137 2470 3189 ;
2494 3127 2661 3193 atque
2682 3122 2814 3176 inde
2833 3123 3014 3192 spatia
3033 3124 3310 3193 temporis
3333 3125 3443 3178 alia
3466 3127 3660 3197 dupla,
3687 3128 3806 3182 alia
3819 3130 3966 3183 sim-

2247 3211 2342 3280 pla
2383 3226 2502 3264 esse
2539 3211 2834 3279 comperit,
2874 3210 3081 3281 quibus
3111 3211 3302 3282 longas
3349 3212 3662 3285 brevesque
3718 3216 3967 3287 syllabae

2249 3299 2636 3353 tenderentur.
2674 3299 2892 3353 Notavit
2939 3299 3111 3354 etiam
3146 3299 3272 3364 ista,
3307 3305 3365 3354 et
3411 3300 3472 3355 in
3501 3303 3731 3373 regulas
3770 3310 3966 3358 certas

2250 3386 2547 3456 disposuit.

2321 3478 2406 3528 37.
2439 3475 2662 3528 Poterat
2681 3473 2801 3544 jam
2829 3474 3076 3546 perfecta
3103 3493 3222 3530 esse
3253 3477 3651 3547 grammatica,
3681 3480 3782 3534 sed
3816 3481 3964 3552 quia

2249 3561 2372 3631 ipso
2402 3561 2634 3616 nomine
2680 3562 2936 3632 proﬁteri
2975 3580 3032 3617 se
3063 3564 3280 3619 litteras
3309 3567 3538 3635 clamat,
3583 3568 3737 3621 unde
3777 3570 3961 3623 etiam

2249 3650 2420 3703 latine
2433 3650 2750 3704 litteratura
2763 3651 2985 3718 dicitur,
3002 3653 3211 3706 factum
3225 3659 3308 3706 est
3326 3659 3388 3708 ut
3409 3655 3691 3726 quidquid
3707 3657 3962 3726 dignum

2250 3738 2524 3792 memoria
2554 3738 2757 3792 litteris
2787 3741 3174 3808 mandaretur,
3211 3742 3280 3796 ad
3311 3759 3437 3796 eam
3467 3745 3787 3799 necessario
3814 3764 3961 3816 per-

2250 3826 2477 3881 tineret.
2515 3828 2711 3897 Itaque
2735 3845 2913 3882 unum
2941 3829 3178 3900 quidem
3207 3846 3440 3894 nomen,
3467 3833 3562 3886 sed
3585 3849 3675 3886 res
3698 3833 3956 3901 inﬁnita,

2249 3914 2569 3985 multiplex,
2602 3931 2866 3970 curarum
2888 3917 3110 3986 plenior
3135 3933 3309 3988 quam
3333 3920 3712 3990 jucunditatis
3735 3931 3840 3978 aut
3867 3943 3961 3978 ve-

2248 4003 2450 4069 ritatis,
2475 4003 2604 4058 huic
2626 4004 2941 4074 disciplinae
2970 4007 3203 4060 accessit
3225 4008 3482 4076 historia,
3515 4025 3633 4062 non
3664 4015 3784 4064 tam
3811 4013 3958 4082 ipsis

2249 4089 2530 4145 historicis
2552 4108 2722 4162 quam
2741 4094 3128 4163 grammaticis
3146 4095 3448 4150 laboriosa.
3467 4097 3602 4161 Quis
3625 4099 3784 4154 enim
3807 4100 3958 4154 ferat

2251 4178 2579 4249 imperitum
2604 4181 2783 4236 videri
2813 4182 3106 4237 hominem
3129 4183 3227 4253 qui
3257 4185 3470 4239 volasse
3505 4187 3805 4241 Dmdalum
3836 4206 3956 4243 non

2249 4268 2523 4336 audierit;
2557 4270 2889 4324 mendacem
2910 4271 3073 4325 illum
3105 4272 3202 4342 qui
3230 4271 3460 4327 ﬁnxerit
3489 4271 3531 4336 ³,
3569 4276 3811 4330 stultum
3851 4279 3954 4349 qui

2249 4357 2571 4420 crediderit,
2590 4357 2981 4428 impudentem
3001 4359 3569 4430 quiinterrogaverit,
3590 4379 3707 4416 non
3728 4364 3946 4420 videri?

2249 4449 2348 4498 aut
2373 4445 2434 4498 in
2463 4461 2576 4516 quo
2617 4451 2836 4500 nostros
2866 4447 3175 4500 familiares
3204 4449 3456 4522 graviter
3485 4450 3751 4505 miserari
3776 4455 3948 4514 soleo,

2248 4533 2347 4604 qui
2378 4533 2558 4587 sinon
2583 4536 3354 4607 responderintLquidyocata
3383 4538 3456 4591 sit
3479 4543 3664 4592 mater
3695 4541 3949 4612 Euryali,

2311 4637 2457 4706 1_Bad
2470 4643 2551 4706 .__e_t
2566 4639 2690 4706 lites.
2706 4638 2951 4706 nonnulli
2966 4641 3165 4706 habent
3178 4641 3509 4706 calculorum
3526 4643 3823 4706 professio.
3849 4647 3948 4695 Sed

2247 4699 2427 4767 verius
2442 4700 2528 4767 alii
2559 4701 2707 4767 Cdd.,
2729 4703 3090 4767 cale-alonam.
3118 4704 3224 4751 Hoc
3254 4704 3488 4762 nomine,
3521 4699 3662 4767 quod
3693 4721 3723 4754 a
3756 4707 3949 4756 lexico-

2248 4761 2740 4833 graphisplerisque
2761 4765 3168 4833 praetermissum
3191 4769 3290 4833 est,
3316 4761 3643 4833 vocabantur
3663 4767 3790 4816 olim
3816 4769 3949 4817 ludi-

2247 4824 2499 4888 magistri,
2521 4824 2784 4888 quiprimi
2807 4839 2997 4887 pueros
3017 4827 3242 4888 legendi,
3269 4828 3533 4875 scribendi
3555 4833 3607 4876 et
3627 4833 3947 4880 numerandi

2246 4889 2354 4955 arte
2379 4886 2690 4955 inibugndos
2711 4886 3101 4955 suseipiebant::_
3121 4902 3224 4955 quo
3247 4889 3473 4955 pertinet
3493 4890 3623 4955 illud
3646 4891 3776 4939 Julii
3796 4893 3946 4955 Capi-

2245 4946 2396 4993 tolini
2429 4947 2477 4994 in
2514 4947 2812 4996 Pertinace:
2849 4946 2874 4993 ἱ(
2903 4950 3037 4996 Puer
3069 4946 3263 4997 litteris
3287 4950 3641 4999 elementariis
3663 4958 3716 5000 et
3740 4946 3946 5002 calculo

2247 5024 2273 5052 «
2300 5009 2548 5076 imbutus.
2571 5026 2596 5052 ι)
2628 5010 2756 5076 Item
2772 5011 2920 5076 quod
2943 5012 3258 5076 _Augustinis
3283 5011 3374 5059 lib.
3402 5016 3424 5060 1
3451 5013 3600 5060 Conf.
3626 5028 3740 5076 cap.
3766 5019 3824 5063 13
3846 5019 3942 5064 ait:

2245 5085 2272 5114 ‹‹
2301 5070 2679 5140 Adamaveram
2704 5070 2920 5140 litteras
2942 5070 3152 5130 latinas,
3183 5087 3291 5140 non
3327 5087 3458 5136 quas
3491 5075 3643 5136 primi
3681 5070 3942 5140 magistri,

2244 5147 2271 5176 «
2303 5131 2390 5195 sed
2426 5145 2555 5192 quas
2586 5131 2786 5195 _d_o_cent
2835 5134 2922 5195 qui
2967 5135 3294 5194 grammatici
3341 5131 3631 5184 vocantur:
3665 5131 3803 5185 uani
3830 5131 3944 5186 illas

2246 5209 2272 5236 «
2304 5193 2516 5258 primas,
2549 5193 2636 5240 ubi
2665 5193 2833 5253 legere
2853 5193 3163 5258 Petiseribere
3194 5202 3244 5244 et
3265 5211 3543 5244 numerare
3565 5199 3805 5258 discitur,
3836 5215 3941 5249 non

2246 5269 2272 5299 «
2302 5254 2476 5319 minus
2494 5267 2741 5319 onerosas
2764 5257 3100 5319 pmnalesque
3122 5259 3393 5307 habebam.
3417 5276 3444 5305 υ
3472 5260 3606 5308 Hinc
3625 5254 3844 5310 demum
3866 5264 3943 5310 in-

2247 5335 2270 5356 «
2301 5314 2502 5375 telliges
2531 5315 2661 5362 illud
2691 5314 3029 5374 Tertulliani;
3061 5320 3148 5368 lib.
3183 5321 3246 5368 de
3288 5321 3467 5376 Pallio,
3507 5322 3560 5368 in
3601 5323 3732 5371 ﬁne:
3770 5342 3796 5370 ‹‹
3835 5325 3942 5372 Pri-

2243 5391 2270 5420 ς(
2305 5389 2421 5445 mus
2451 5377 2758 5424 informator
2782 5378 3098 5452 litterarum,
3118 5386 3169 5428 et
3196 5381 3392 5443 primus
3415 5384 3674 5432 enodator
3697 5387 3864 5444 vocis,
3895 5393 3945 5435 ct

2243 5455 2269 5481 α
2300 5451 2500 5492 primus
2527 5451 2867 5488 numerorum
2897 5451 3184 5492 arenarius.
3218 5461 3245 5489 »

2353 5499 2591 5563 Plerique
2615 5501 2758 5561 Mss,
2789 5504 3007 5554 dixerit.
