4058 6346
131 307 268 358 1013

126 429 469 479 accusantur
484 423 754 491 inscitiae;
779 440 910 479 cum
935 424 1047 495 ipsi
1075 441 1190 488 eos,
1238 442 1270 480 a
1299 426 1508 497 quibus
1537 431 1830 496 ea'rogan-

125 517 244 582 tur,
274 529 452 567 vanos
483 518 539 566 et
569 512 816 583 ineptos,
847 529 952 566 nec
979 513 1831 585 curiososaudeantappellare?

219 602 466 658 CAPUT.
509 602 636 656 XIII
666 630 732 640 —
762 602 1075 656 Dialectices
1108 607 1157 656 et
1175 604 1463 657 rhetorices
1491 605 1745 657 inventio.

202 693 291 744 38.
326 689 423 743 Illa
455 689 635 759 igitur
659 688 803 742 ratio
826 687 844 722 ⁴
871 689 1119 758 perfecta
1140 689 1526 761 dispositaque
1545 706 1833 760 gramma-

132 778 260 844 tica,
276 776 568 831 admonita
593 781 677 830 est
689 792 948 847 quaerere
974 781 1143 848 atque
1170 778 1458 832 attendere
1480 779 1627 832 hanc
1647 781 1832 849 ipsam

128 866 270 933 vim,
301 881 416 937 qua
442 865 667 935 peperit
713 870 894 919 artem
926 881 939 919 :
972 880 1106 919 nam
1127 880 1220 920 eas
1251 865 1595 934 deﬁniendo,
1641 867 1831 921 distri-

129 955 383 1021 buendo,
416 953 760 1024 colligendo,
792 970 910 1007 non
930 954 1115 1008 solum
1145 954 1456 1024 digesserat
1482 959 1652 1026 atque
1683 955 1832 1010 ordi—

133 1047 385 1106 naverat,
418 1057 616 1096 verum
664 1042 734 1095 ab
783 1040 942 1094 omni
989 1041 1160 1096 etiam
1207 1041 1471 1096 falsitatis
1519 1043 1831 1114 irreptione

132 1130 485 1186 defenderat.
520 1130 756 1194 Quando
787 1145 924 1200 ergo
952 1131 1222 1184 transiret
1252 1132 1321 1184 ad
1337 1131 1448 1184 alia
1475 1132 1826 1199 fabricanda,

131 1219 244 1274 nisi
273 1219 397 1289 ipsa
424 1234 526 1272 sua
541 1219 702 1288 prius
731 1218 893 1289 quasi
915 1219 1177 1289 quaedam
1197 1220 1655 1273 machinamenta
1683 1224 1738 1274 et
1751 1220 1833 1274 in-

129 1310 454 1360 strumenta
485 1306 1832 1379 distingueret,notaret,digereret,proderetque

129 1394 317 1464 ipsam
333 1393 697 1462 disciplinam
715 1391 1347 1464 disciplinarum,quam
1372 1394 1723 1449 dialecticam
1735 1411 1830 1449 vo-

131 1487 271 1534 cant
290 1482 320 1534 ?
345 1482 475 1534 Haec
498 1481 658 1534 docet
679 1481 902 1547 docere,
926 1478 1046 1535 haec
1084 1481 1246 1536 docet
1273 1481 1518 1548 discere;
1548 1482 1610 1535 in
1645 1484 1746 1537 hac
1775 1500 1834 1537 se

127 1568 255 1638 ipsa
285 1569 430 1622 ratio
456 1568 830 1636 demonstrat,
848 1573 1018 1640 atque
1047 1570 1230 1641 aperit
1254 1585 1382 1640 quae
1411 1570 1501 1636 sit,
1518 1571 1655 1641 quid
1676 1571 1853 1641 velit,

128 1655 275 1726 quid
306 1657 508 1710 valeat.
541 1656 654 1711 Scit
682 1657 822 1710 scire
846 1674 861 1724 ;
886 1657 1004 1710 sola
1029 1656 1267 1711 scientes
1296 1658 1478 1712 facere
1510 1675 1621 1712 non
1648 1659 1832 1713 solum

128 1745 274 1809 vult,
307 1745 406 1798 sed
437 1744 607 1799 etiam
635 1749 844 1814 potest.
895 1746 1122 1808 Verum,
1175 1746 1446 1816 quoniam
1493 1747 1832 1816 plerumque

130 1831 294 1886 stulti
321 1831 586 1885 homines
618 1833 684 1886 ad
717 1848 782 1885 ea
809 1846 937 1903 qua:
966 1832 1281 1887 suadentur
1307 1837 1476 1898 recte,
1530 1834 1748 1888 utiliter
1776 1839 1834 1889 et

127 1920 395 1985 honeste,
425 1919 735 1990 nonipsam
749 1920 1188 1974 sincerissimam
1217 1937 1390 1991 quam
1416 1938 1575 1976 rarus
1607 1923 1831 1977 animus

131 2008 290 2062 videt
313 2007 633 2074 veritatem,
668 2009 763 2062 sed
798 2009 1061 2079 proprios
1088 2025 1284 2064 sensus
1327 2011 1832 2066 consuetudinem—

134 2113 251 2168 que
277 2101 587 2165 sectantur,
617 2098 911 2168 oportebat
939 2113 1034 2151 eos
1059 2113 1174 2152 non
1197 2099 1385 2153 doceri
1427 2100 1613 2154 solum
1651 2115 1830 2172 quan-

128 2189 258 2239 tum
290 2190 530 2256 queunt,
563 2186 660 2239 sed
695 2202 842 2256 saepe
873 2190 930 2240 et
971 2186 1217 2241 maxime
1265 2189 1627 2242 commoveri.
1680 2191 1832 2243 Hanc

129 2289 302 2328 suam
346 2278 570 2344 partem
599 2289 728 2344 quae
756 2274 816 2328 id
847 2280 1062 2344 ageret,
1106 2275 1467 2329 necessitatis
1515 2277 1831 2347 pleniorem

130 2378 311 2434 quam
332 2362 616 2432 puritatis,
649 2363 1021 2418 refertissimo
1061 2363 1280 2433 gremio
1302 2364 1656 2431 deliciarum,
1691 2381 1832 2435 quas

129 2451 355 2521 populo
373 2455 622 2521 spargat,
638 2456 702 2504 ut
723 2451 793 2505 ad
806 2451 1112 2506 utilitatem
1129 2467 1290 2506 suam
1303 2453 1574 2522 dignetur
1602 2453 1827 2520 adduci,

135 2538 360 2592 vocavit
386 2537 750 2591 rhetoricam.
781 2540 1060 2592 Hactenus
1085 2556 1216 2610 pars
1245 2539 1343 2593 illa
1370 2556 1499 2610 quae
1519 2540 1578 2594 in
1610 2540 1832 2611 signiﬁ-

131 2626 314 2680 cando
339 2625 693 2680 rationabilis
722 2625 948 2694 dicitur,
978 2627 1179 2682 studiis
1221 2627 1550 2682 liberalibus
1589 2628 1832 2700 discipli-

129 2715 341 2786 nisque
372 2719 636 2784 promota
674 2719 776 2768 est.

131 2804 362 2859 CAPUT
391 2803 526 2858 XIV.
558 2833 626 2843 —
646 2806 856 2859 Musica
868 2808 919 2858 et
932 2806 1160 2874 poetica.
1191 2805 1608 2874 Triplemsonus.
1636 2807 1831 2861 Versus

727 2893 888 2947 unde.
919 2895 1238 2961 Rhythmus.

203 2983 295 3036 39.
331 2979 473 3035 Hinc
502 2995 560 3035 se
590 2979 687 3035 illa
717 2981 860 3035 ratio
891 2982 958 3036 ad
987 2981 1240 3052 ipsarum
1269 2996 1463 3034 rerum
1513 2981 1832 3036 divinarum

131 3069 528 3124 beatissimam
558 3069 1100 3140 contemplationem
1127 3085 1328 3139 rapere
1351 3067 1374 3100 ²
1400 3069 1592 3124 voluit.
1613 3071 1720 3124 Sed
1759 3087 1832 3124 ne

132 3159 200 3212 de
215 3158 334 3212 alto
347 3157 862 3228 caderet,queesivit
881 3159 1109 3228 gradus,
1126 3162 1296 3228 atque
1311 3157 1433 3228 ipsa
1449 3157 1558 3211 sibi
1571 3158 1719 3212 viam
1732 3175 1835 3229 per

133 3263 267 3301 suas
297 3245 681 3316 possessiones
712 3245 1086 3316 ordinemque
1107 3247 1302 3300 molita
1331 3251 1434 3300 est.
1470 3246 1835 3301 Desiderabat

137 3337 296 3390 enim
327 3334 832 3405 pulchritudinem,
847 3351 1020 3405 quam
1041 3334 1159 3388 sola
1171 3341 1227 3389 et
1251 3334 1490 3405 simplex
1505 3341 1696 3405 posset
1712 3335 1834 3391 sine

137 3423 258 3478 istis
290 3423 468 3477 oculis
495 3422 706 3476 intueri
726 3439 739 3489 ;
772 3423 1190 3494 impediebatur
1209 3440 1242 3478 a
1262 3424 1539 3478 sensibus.
1565 3425 1760 3495 Itaque
1774 3424 1836 3478 in

139 3529 234 3566 eos
249 3513 406 3582 ipsos
434 3511 733 3582 paululum
759 3512 937 3566 aciem
966 3514 1147 3578 torsit,
1174 3512 1273 3582 qui
1293 3511 1582 3566 veritatem
1600 3530 1722 3568 sese
1735 3514 1835 3567 ha-

138 3601 274 3656 bere
289 3601 623 3669 clamantes,
641 3600 1000 3655 festinantem
1025 3601 1093 3655 ad
1113 3601 1223 3654 alia
1245 3601 1836 3671 pergere,importuno

139 3687 385 3758 strepitu
415 3689 770 3743 revocabant.
791 3689 1050 3758 Etprimo
1073 3689 1142 3742 ab
1157 3689 1390 3742 auribus
1403 3689 1587 3759 coepit,
1610 3689 1744 3760 quia
1758 3690 1839 3743 di-

141 3778 347 3832 cebant
360 3776 483 3846 ipsa
494 3778 666 3832 verba
680 3793 780 3831 sua
793 3793 932 3844 esse,
975 3777 1184 3848 quibus
1196 3778 1314 3846 jam
1329 3783 1382 3830 et
1403 3794 1501 3847 gra
1511 3777 1835 3831 mmaticam

140 3870 194 3920 et
214 3865 570 3920 dialecticam
597 3871 654 3920 et
696 3866 1039 3920 rhetoricam
1066 3867 1294 3920 fecerat.
1319 3869 1390 3920 At
1432 3866 1540 3919 ista
1560 3865 1836 3936 potentis-

141 3955 288 4008 sima
315 3955 644 4008 secernendi
674 3954 784 4008 cito
812 3954 954 4008 vidit
975 3953 1113 4024 quid
1145 3954 1294 4007 inter
1308 3970 1511 4008 sonum
1534 3954 1656 4008 etid
1675 3953 1836 4023 cujus

137 4043 366 4113 signum
398 4047 562 4107 esset,
585 4041 840 4097 distaret.
869 4042 1150 4097 Intellexit
1176 4042 1318 4096 nihil
1341 4042 1494 4096 aliud
1509 4043 1579 4096 ad
1607 4043 1837 4096 aurium

137 4130 421 4200 judicium
453 4130 764 4199 pertinere,
789 4145 962 4200 quam
983 4144 1210 4194 sonum,
1237 4113 1484 4200 eumque
1510 4145 1630 4183 esse
1652 4130 1840 4200 tripli-

144 4234 297 4284 cem;
329 4221 430 4272 aut
457 4217 517 4271 in
547 4233 680 4272 voce
713 4217 1039 4285 animantis,
1071 4222 1170 4271 aut
1196 4218 1257 4272 in
1283 4235 1349 4272 eo
1385 4219 1540 4289 quod
1584 4218 1750 4272 ﬂatus
1779 4219 1840 4272 in

147 4305 381 4376 organis
401 4306 630 4373 faceret,
663 4310 762 4360 aut
787 4306 846 4360 in
869 4322 936 4360 eo
963 4306 1115 4376 quod
1144 4307 1314 4376 pulsu
1328 4306 1610 4360 ederetur.
1633 4307 1718 4360 Ad
1730 4307 1841 4378 pri-

149 4411 308 4449 mum
359 4394 647 4464 pertinere
677 4393 964 4464 tragazdos
1014 4394 1099 4447 vel
1160 4394 1464 4462 comoedos,
1520 4394 1607 4448 vel
1638 4395 1841 4448 choros

147 4482 554 4553 cujuscemodi,
589 4487 757 4554 atque
788 4498 985 4536 omnes
1012 4481 1245 4536 omnino
1301 4481 1401 4552 qui
1445 4498 1580 4536 voce
1607 4483 1844 4554 propria

146 4575 418 4624 canerent
449 4586 462 4624 :
495 4571 807 4625 secundum
833 4569 988 4624 tibiis
1017 4575 1075 4624 et
1117 4569 1398 4624 similibus
1439 4570 1842 4625 instrumentis

151 4658 415 4730 deputari
444 4678 460 4712 :
494 4659 660 4712 tertio
687 4659 809 4713 dari
840 4658 1098 4724 citharas,
1140 4657 1308 4728 lyras,
1343 4657 1620 4728 cymbala,
1671 4658 1843 4724 atque

153 4764 321 4802 omne
354 4748 509 4816 quod
541 4747 910 4818 percutiendo
941 4760 1216 4799 canorum
1240 4748 1402 4798 esset.

217 4838 306 4890 40.
340 4835 577 4890 Videbat
604 4839 793 4889 autem
820 4835 966 4888 hanc
996 4832 1296 4887 materiam
1339 4847 1460 4885 esse
1492 4829 1845 4898 vilissimam,

157 4922 264 4976 nisi
304 4927 460 4977 certa
488 4923 844 4977 dimensione
873 4927 1218 4992 temporum,
1252 4924 1308 4974 et
1337 4918 1612 4973 acuminis
1659 4917 1846 4987 gravi-

151 5011 395 5082 tatisque
425 5011 714 5065 moderata
744 5009 1010 5064 varietate
1040 5009 1166 5062 soni
1212 5008 1616 5079 ﬁgurarentur.
1669 5007 1846 5060 Reco-

155 5098 352 5166 gnovit
382 5097 518 5151 hinc
547 5113 666 5152 esse
697 5097 796 5151 illa
816 5096 1034 5151 semina
1059 5113 1188 5168 quae
1216 5097 1277 5150 in
1304 5094 1694 5167 grammatica,
1718 5110 1850 5149 cum

157 5186 400 5254 syllatas
468 5186 730 5256 diligenti
775 5186 1222 5240 consideratione
1267 5188 1532 5252 versaret,
1583 5184 1756 5254 pedes
1793 5188 1851 5238 et

157 5279 421 5328 accentus
451 5280 765 5332 vocaverat.
802 5275 867 5329 Et
895 5275 1030 5346 quia
1052 5273 1113 5329 in
1147 5274 1284 5346 ipsis
1333 5273 1519 5329 verbis
1547 5272 1851 5328 brevitates

217 5424 234 5456 ¹
269 5422 358 5471 Er.
391 5425 538 5482 Lov.,
568 5425 796 5473 ratione.

214 5485 235 5519 ³
268 5485 354 5534 Sic
377 5485 504 5533 Bad.
536 5485 654 5548 Am.
675 5485 776 5548 ,Er.
837 5489 890 5534 et
930 5483 1321 5548 praestantiores
1346 5497 1374 5532 e
1399 5484 1596 5532 nostris
1623 5483 1745 5532 Mss.
1788 5482 1853 5531 At

161 5545 280 5596 Lov.
312 5551 364 5597 et
385 5550 616 5611 quatuor
639 5547 762 5596 Mss.
789 5545 1193 5604 substituerunt,
1214 5557 1490 5610 reparare.

1575 303 1789 359 LIBER
1830 301 2210 360 SECUNDUS.

3508 295 3642 348 1014

1941 431 1997 480 et
2027 424 2408 496 longitudines
2437 423 2783 494 syllabarum
2813 436 2993 492 prope
3024 421 3232 490 aequali
3272 420 3641 475 multitudine

1941 529 2163 584 sparsas
2193 513 2253 566 in
2283 512 2540 566 oratione
2563 512 2850 566 attendere
2873 510 3039 564 facile
3068 510 3196 573 fuit,
3217 509 3642 578 tentavitpedes

1939 603 2068 657 illos
2097 602 2158 656 in
2178 601 2408 655 ordines
2437 605 2614 655 certos
2634 600 2936 669 disponere
2965 603 3135 669 atque
3163 597 3542 666 conjungere;
3587 601 3642 650 et

1940 691 2001 745 in
2040 706 2106 744 eo
2128 689 2314 759 primo
2335 704 2563 741 sensum
2588 688 2775 757 ipsum
2797 692 3009 753 secuta,
3043 686 3372 740 moderatos
3394 685 3638 754 impres-

1942 779 2016 833 sit
2043 777 2328 843 articulos,
2361 793 2491 847 quce
2522 780 2574 829 et
2608 792 2752 829 cassa
2791 781 2848 829 et
2894 774 3149 828 membra
3196 772 3532 826 nominavit.
3577 774 3642 825 Et

1941 882 2013 920 ne
2043 865 2272 935 longius
2301 863 2514 933 pedum
2554 879 2752 916 cursus
2802 863 3252 932 provolveretur,
3302 877 3474 931 quam
3521 861 3641 930 ejus

1937 954 2220 1025 judicium
2249 957 2442 1022 posset
2470 951 2770 1016 sustinere,
2804 951 3038 1004 modum
3068 949 3263 1003 statuit
3283 949 3434 1003 unde
3450 964 3638 1001 rever-

1939 1046 2172 1104 teretur,
2211 1044 2266 1093 et
2294 1040 2364 1094 ab
2396 1055 2462 1093 eo
2492 1039 2614 1108 ipso
2667 1052 2892 1091 versum
2947 1037 3182 1093 vocavit.
3231 1037 3387 1100 Quod
3445 1042 3638 1090 autem

1941 1146 2058 1184 non
2098 1134 2245 1184 esset
2273 1133 2426 1182 certo
2453 1127 2569 1181 fine
2600 1127 2987 1194 moderatum,
3019 1126 3115 1178 sed
3147 1130 3336 1178 tamen
3383 1125 3636 1178 rationa-

1940 1218 2132 1272 biliter
2163 1215 2438 1271 ordinatis
2476 1215 2718 1285 pedibus
2773 1218 3048 1275 curreret,
3108 1213 3360 1282 rhythmi
3407 1213 3638 1266 nomine

1943 1305 2196 1360 notavit:
2230 1304 2330 1375 qui
2371 1304 2544 1357 latine
2595 1302 2738 1356 nihil
2785 1301 2941 1354 aliud
2990 1315 3164 1370 quam
3207 1315 3480 1353 numerus
3523 1299 3634 1352 dici

1941 1393 2149 1465 potuit.
2181 1391 2270 1448 Sic
2299 1393 2369 1446 ab
2400 1408 2467 1446 ea
2490 1395 2674 1462 poetae
2726 1389 2904 1461 geniti
2956 1392 3088 1442 sunt
3120 1405 3132 1441 :
3167 1388 3224 1440 in
3257 1387 3463 1457 quibus
3510 1403 3639 1440 cum

1939 1483 2154 1536 videret
2178 1497 2294 1535 non
2325 1481 2510 1534 solum
2543 1495 2836 1545 sonorum,
2889 1478 2984 1531 sed
3018 1477 3189 1530 etiam
3218 1476 3521 1528 verborum
3552 1490 3638 1528 re-

1942 1585 2188 1639 rumque
2221 1584 2427 1638 magna
2459 1571 2772 1632 momenta,
2825 1565 3142 1636 plurimum
3187 1580 3284 1617 eos
3321 1562 3637 1626 honoravit,

1943 1657 2138 1726 eisque
2160 1656 2623 1725 tribuitquorum
2643 1656 2853 1707 vellent
2874 1652 3299 1706 rationabilium
3316 1650 3637 1705 mendacio-

1941 1760 2068 1798 rum
2101 1749 2458 1814 potestatem.
2496 1745 2560 1796 Et
2590 1742 2863 1812 quoniam
2891 1741 2960 1794 de
2989 1740 3176 1809 prima
3217 1738 3314 1790 illa
3341 1738 3642 1807 disciplina

1939 1832 2174 1902 stirpem
2231 1831 2531 1897 ducebant,
2558 1830 2780 1900 judices
2807 1829 2885 1882 in-
2933 1843 3028 1881 eos
3081 1826 3480 1898 grammaticos
3519 1841 3638 1880 esse

1941 1919 2223 1991 permisit.

2011 2010 2098 2061 41.
2136 2008 2200 2060 1η
2229 2005 2338 2059 hoc
2373 2004 2553 2075 igitur
2583 2008 2785 2074 quarto
2815 2004 3017 2074 gradu,
3054 2003 3168 2056 sive
3216 2002 3275 2055 in
3332 2001 3634 2071 rhythmis,

1943 2096 2060 2149 sive
2092 2095 2154 2148 in
2184 2095 2307 2165 ipsa
2338 2093 2726 2148 modulatione
2765 2092 3122 2161 intelligebat
3145 2091 3388 2159 regnare
3432 2105 3635 2142 nume-

1941 2200 2054 2245 ros,
2091 2189 2394 2253 totumque
2424 2181 2701 2253 perﬁcere
2736 2195 2748 2235 :
2786 2179 3035 2250 inspexit
3065 2178 3497 2250 diligentissime
3535 2193 3637 2231 cu-

1935 2272 2190 2343 jusmodi
2219 2276 2445 2334 essent;
2508 2269 2834 2339 reperiebat
2887 2267 3107 2322 divinos
3154 2272 3210 2320 et
3237 2266 3635 2335 sempiternos,

1940 2359 2259 2430 praasertim
2289 2357 2441 2428 quod
2470 2356 2606 2427 ipsis
2647 2354 3050 2409 auxiliantibus
3104 2353 3296 2407 omnia
3344 2352 3640 2423 superiora

1942 2450 2332 2500 eontexuerat.
2379 2446 2445 2498 Et
2463 2445 2586 2515 jam
2624 2443 2902 2497 tolerabat
2933 2441 3228 2511 aegerrime
3275 2441 3638 2511 splendorem

1939 2537 2172 2591 illorum
2203 2542 2376 2607 atque
2407 2535 2773 2588 serenitatem
2829 2548 3104 2603 corporea
3147 2547 3352 2584 vocum
3400 2529 3640 2584 materia

1942 2625 2276 2679 decolorari.
2311 2625 2375 2678 Et
2406 2623 2680 2694 quoniam
2703 2621 2846 2676 illud
2870 2624 3025 2691 quod
3040 2635 3204 2673 mens
3223 2618 3396 2684 videt,
3420 2632 3644 2688 semper

1943 2716 2027 2768 est
2055 2729 2324 2783 praesens,
2357 2716 2414 2766 et
2438 2711 2762 2766 immortale
2795 2709 3164 2780 approbatur,
3209 2706 3368 2776 cujus
3417 2705 3642 2774 generis

1941 2801 2169 2856 numeri
2199 2801 2585 2870 apparebant;
2619 2815 2790 2852 sonus
2842 2801 3034 2851 autem
3065 2795 3202 2866 quia
3241 2793 3522 2847 sensibilis
3551 2808 3642 2846 res

1942 2893 2047 2957 est,
2081 2887 2419 2960 praeterﬂuit
2441 2887 2502 2940 in
2524 2887 2880 2956 praeteritum
2903 2890 3152 2954 tempus,
3176 2881 3640 2952 imprimiturque

1942 2976 2279 3042 memoriae;
2313 2975 2637 3029 rationabili
2685 2973 2981 3026 mendacio
3024 2973 3143 3037 jam
3191 2970 3375 3039 poetis
3417 2969 3641 3022 favente

1943 3066 2167 3120 ratione
2198 3063 2667 3134 (queerendumne
2695 3061 2830 3132 quid
2861 3058 3163 3130 propagini
3193 3057 3455 3111 similiter
3484 3055 3636 3108 ines-

1944 3160 2028 3209 set
2044 3155 2107 3221 ?),
2138 3153 2289 3206 Jovis
2316 3157 2373 3206 et
2412 3150 2695 3207 Memoria:
2755 3149 2900 3203 ﬁlias
2947 3149 3130 3202 Musas
3161 3163 3278 3200 esse
3331 3144 3639 3198 conﬁctum

1944 3247 2044 3296 est.
2082 3241 2236 3295 Unde
2266 3240 2372 3293 ista
2403 3238 2702 3308 disciplina
2731 3253 2929 3292 sensus
2980 3236 3413 3304 intellectusque
3461 3231 3641 3303 parti-

1944 3347 2074 3402 ceps
2106 3329 2335 3383 musicas
2356 3343 2568 3381 nomen
2599 3326 2835 3380 invenit.

2148 3417 2373 3471 CAPUT
2414 3416 2522 3469 XV.
2571 3445 2632 3454 ——
2665 3415 2966 3469 Geometria
2996 3416 3046 3464 et
3075 3411 3445 3466 Astronomia.

2014 3508 2100 3560 42.
2137 3504 2277 3559 Hinc
2307 3508 2390 3557 est
2422 3503 2671 3573 profecta
2700 3502 2762 3555 in
2793 3501 3094 3554 oculorum
3136 3514 3290 3568 opes,
3337 3503 3392 3551 et
3427 3502 3643 3551 terram

1946 3595 2270 3663 coelumque
2301 3593 2660 3655 collustrans,
2702 3589 2877 3642 sensit
2923 3587 3067 3640 nihil
3117 3586 3271 3640 aliud
3313 3600 3484 3654 quam
3515 3583 3644 3653 pul-

1945 3681 2326 3736 chritudinem
2350 3680 2458 3733 sibi
2485 3680 2726 3749 placere,
2761 3682 2818 3730 et
2863 3677 2920 3729 in
2949 3672 3375 3745 pulchritudine
3409 3673 3642 3740 ﬁguras,

1945 3771 2005 3824 in
2035 3769 2233 3838 ﬁguris
2261 3767 2674 3834 dimensiones,
2720 3781 2778 3818 1n
2829 3761 3285 3817 dimensionibus
3334 3775 3647 3825 numeros;

1945 3857 2315 3928 quaesivitque
2342 3855 2467 3924 ipsa
2498 3868 2711 3911 secum,
2744 3857 2939 3905 utrum
2967 3851 3048 3904 ibi
3069 3849 3195 3902 talis
3219 3848 3369 3900 linea
3401 3847 3645 3916 talisque

1949 3945 2292 4008 rotunditas,
2344 3943 2431 3995 vel
2481 3941 2754 4011 quaslibet
2805 3939 2917 3991 alia
2967 3939 3152 3992 forma
3179 3942 3235 3990 et
3268 3938 3450 4005 figura
3479 3939 3643 3999 esset,

1948 4029 2585 4104 qualemlintelligentia
2616 4027 2950 4081 contineret.
2979 4027 3166 4094 Longe
3199 4023 3538 4078 deteriorem
3559 4022 3646 4074 in-

1946 4122 2114 4188 venit,
2153 4126 2209 4174 et
2241 4120 2397 4172 nulla
2427 4135 2495 4172 ex
2525 4121 2685 4188 parte
2719 4115 2868 4186 quod
2923 4114 3182 4167 viderent
3231 4111 3380 4164 oculi
3411 4127 3539 4163 cum
3580 4126 3646 4161 eo

1948 4211 2104 4281 quod
2148 4224 2310 4262 mens
2369 4209 2644 4268 cerneret,
2715 4201 3189 4272 comparandum.
3249 4191 3376 4253 Haec
3423 4213 3650 4268 quoque

1949 4300 2212 4356 distincta
2245 4302 2299 4352 et
2331 4296 2626 4367 disposita,
2653 4295 2714 4348 in
2743 4293 3098 4363 disciplinam
3132 4289 3368 4359 redegit,
3403 4287 3651 4358 appella-

1948 4390 2144 4459 vitque
2178 4385 2569 4458 geometriam.
2605 4385 2787 4438 Motus
2813 4398 2937 4435 eam
2960 4381 3083 4435 cceli
3109 4375 3648 4439 multummovebat,

1951 4483 2009 4532 et
2033 4477 2112 4531 'ad
2161 4493 2218 4529 se
2258 4475 2563 4546 diligentes
2611 4470 3088 4526 considerandum
3131 4467 3421 4530 invitabat.
3475 4463 3653 4518 Etiam

1951 4566 2030 4620 ibi
2059 4581 2162 4634 per
2192 4561 2674 4617 eonstantissimas
2704 4564 3028 4628 temporum
3051 4556 3218 4619 vices,
3243 4571 3346 4623 per
3369 4560 3654 4606 astrorum

1953 4659 2104 4708 ratos
2158 4650 2538 4718 deﬁnitosque
2587 4663 2806 4713 cursus,
2849 4660 2952 4714 per
2989 4642 3426 4696 intervallorum
3476 4639 3658 4709 spatia

1953 4741 2268 4803 moderata,
2300 4736 2581 4790 intellexit
2608 4734 2754 4788 nihil
2781 4733 2936 4786 aliud
2961 4747 3136 4801 quam
3162 4731 3318 4783 illam
3353 4729 3660 4783 dimensio-

1954 4845 2088 4885 nem
2119 4841 2506 4895 numerosque
2541 4821 2844 4878 dominari.
2881 4821 3017 4884 Quze
3043 4819 3306 4873 similiter
3332 4817 3656 4872 deﬁniendo

1956 4935 2020 4974 ac
2044 4917 2388 4972 secernendo
2430 4915 2490 4968 in
2529 4913 2789 4967 ordinem
2833 4915 3086 4978 nectens,
3131 4907 3500 4978 astrologiam
3556 4921 3655 4974 ge~

1956 5009 2113 5075 nuit;
2140 5021 2416 5076 magnum
2438 5002 2723 5074 religiosis
2746 5003 3171 5072 argumentum,
3191 5000 3655 5062 tormentumque

1958 5094 2217 5158 curiosis,

2028 5186 2116 5238 43.
2150 5184 2213 5237 In
2236 5181 2325 5236 his
2343 5180 2520 5251 igitur
2549 5178 2818 5234 omnibus
2856 5176 3170 5247 disciplinis
3208 5170 3574 5226 occurrebant
3604 5167 3657 5221 ei

1961 5271 2154 5327 omnia
2186 5285 2514 5333 numerosa,
2549 5285 2678 5339 quas
2711 5272 2903 5321 tamen
2951 5265 3012 5318 in
3043 5264 3154 5317 illis
3203 5255 3657 5314 dimensionibus

1961 5359 2319 5414 manifestius
2351 5357 2702 5422 eminebant,
2720 5355 2932 5426 quasin
2959 5353 3142 5421 seipsa
3162 5345 3463 5417 cogitando
3483 5348 3657 5413 atque

1962 5447 2242 5502 volvendo
2277 5446 2605 5501 intuebatur
2655 5444 2977 5498 verissimas
3004 5456 3015 5492 :
3047 5438 3108 5491 in
3153 5435 3242 5488 his
3292 5437 3483 5486 autem
3527 5447 3656 5502 quae

1967 5535 2316 5603 sentiuntur,
2349 5533 2580 5588 umbras
2611 5547 2806 5586 earum
2836 5527 3021 5599 potius
3050 5528 3221 5595 atque
3241 5519 3477 5591 vestigia
3508 5534 3663 5574 reco-
