4058 6348
411 287 543 341 1015

406 408 578 464 lebat.
612 409 712 463 Hic
741 423 799 462 se
829 409 1075 463 multum
1100 408 1294 475 erexit,
1325 407 1681 478 multumque
1711 408 2094 479 prasumpsit,

409 514 546 552 ausa
571 499 683 551 est'
704 497 1087 551 immortalem
1115 497 1367 550 animam
1395 496 1789 567 comprobare.
1822 495 2101 550 Tractavit

413 585 608 639 omnia
636 585 960 656 diligenter,
983 585 1236 656 percepit
1251 601 1484 654 prorsus
1505 601 1562 638 se
1584 585 1900 654 plurimum
1913 600 2099 655 posse;

412 678 468 726 et
497 673 777 744 quidquid
808 679 1017 743 posset,
1045 673 1298 726 numeris
1321 688 1501 743 posse.
1542 674 1712 727 Movit
1755 689 1881 726 eam
1927 672 2101 744 quod-

412 761 544 815 dam
577 761 934 825 miraculum,
969 765 1024 812 et
1053 760 1328 830 suspicari
1380 759 1551 830 capit
1593 759 1836 829 seipsam
1867 760 2100 812 fortasse

413 864 722 903 numerum
753 864 874 901 esse
903 864 1032 900 eum
1065 848 1252 919 ipsum
1283 865 1395 919 quo
1416 852 1616 902 cuncta
1636 852 2098 914 numerarentur;

413 942 511 990 aut
541 937 586 989 si
616 936 674 989 id
700 951 816 988 non
845 940 1009 1002 esset,
1042 936 1118 989 ibi
1141 939 1333 990 tamen
1356 953 1487 990 eum
1519 952 1639 989 esse
1671 951 1784 1006 quo
1808 934 2103 1005 pervenire

414 1027 717 1094 satageret.
759 1025 917 1076 Hunc
949 1040 1079 1076 vero
1107 1023 1238 1077 totis
1281 1024 1494 1077 viribus
1520 1023 1970 1093 comprehendit,
2005 1021 2104 1092 qui

408 1111 528 1182 jam
559 1110 839 1163 universa
867 1109 1118 1164 veritatis
1159 1110 1328 1164 index
1354 1111 1600 1178 futurus,
1629 1111 1722 1162 ille
1751 1111 1912 1171 cujus
1944 1125 2103 1162 men-

412 1199 625 1252 tionem
648 1197 779 1251 fecit
797 1198 892 1267 ΑΙ)
904 1199 1054 1267 pius,
1073 1214 1202 1251 cum
1235 1198 1303 1252 de
1329 1197 1676 1251 Academicis
1697 1212 2103 1268 quareremus,

413 1285 577 1358 quasi
614 1286 851 1338 Proteus
878 1286 936 1338 in
969 1285 1232 1338 manibus
1263 1290 1383 1338 erat
1415 1285 1549 1354 (Lib.
1583 1285 1853 1353 3,Contra
1899 1284 2101 1349 Acad.,

414 1387 534 1441 cap.
564 1375 619 1438 5,
645 1389 701 1425 η.
722 1376 740 1425 1
759 1372 825 1442 1).
865 1373 1147 1443 Imagines
1169 1373 1322 1426 enim
1343 1373 1497 1426 falsa
1528 1389 1721 1426 rerum
1740 1389 1934 1426 earum
1966 1388 2108 1442 quas

414 1475 804 1527 numeramus,
847 1462 916 1514 ab
947 1461 1045 1514 illo
1075 1461 1454 1514 occultissimo
1485 1477 1598 1532 quo
1621 1476 1988 1514 numeramus
2009 1461 2106 1512 de-

415 1549 677 1612 fluentes,
713 1549 771 1601 in
803 1563 922 1602 sese
949 1549 1183 1620 rapiunt
1213 1549 1636 1619 cogitationem,
1669 1553 1724 1601 et
1753 1564 1903 1618 sape
1945 1547 2106 1600 illum

417 1651 546 1690 cum
575 1636 695 1706 jam
725 1640 969 1704 tenetur,
999 1636 1146 1690 elabi
1169 1637 1400 1690 faciunt.

423 1724 648 1778 CAPUT
677 1725 809 1778 XVI.
840 1753 908 1763 —
957 1725 1266 1792 Disciplina
1322 1723 1569 1777 liberales
1622 1723 1849 1791 eﬂ'erunt
1902 1724 2106 1776 intelle-

1017 1817 1158 1865 ctum
1196 1812 1269 1864 ad
1298 1812 1506 1864 divina.

491 1900 576 1953 44.
610 1898 824 1962 Quibus
854 1898 900 1951 si
930 1898 1172 1970 quisque
1202 1915 1320 1952 non
1350 1898 1601 1966 cesserit,
1651 1903 1706 1952 et
1759 1897 1954 1952 omnia
1983 1914 2110 1968 qua

420 2003 522 2058 per
550 1990 635 2040 tot
663 1987 1113 2057 disciplinaslate
1139 1987 1406 2057 varieque
1437 1988 1638 2041 diffusa
1665 1992 1817 2053 sunt,
1841 1987 1908 2040 ad
1932 2002 2111 2040 unum

421 2073 707 2145 quoddam
737 2074 977 2145 simplex
1006 2090 1202 2127 verum
1221 2081 1551 2145 certumque
1565 2074 1876 2144 redegerit;
1903 2073 2112 2127 eruditi

421 2162 652 2216 nomine
679 2162 1070 2232 dignissimus,
1105 2178 1221 2215 non
1251 2167 1466 2215 temere
1488 2163 1610 2232 jam
1651 2162 1857 2232 quarit
1905 2161 2003 2215 illa
2032 2161 2113 2215 di-

422 2250 572 2316 vina,
599 2266 712 2303 non
734 2251 855 2320 jam
883 2249 1166 2303 credenda
1203 2251 1408 2311 solum,
1440 2265 1638 2302 verum
1661 2250 1832 2302 etiam
1862 2255 2112 2303 contem-

423 2338 653 2408 planda,
685 2336 1059 2406 intelligenda
1087 2341 1257 2406 atque
1287 2337 1604 2391 retinenda.
1628 2337 1893 2406 Quisquis
1923 2343 2113 2390 autem

424 2427 510 2479 vel
543 2426 726 2480 adhuc
743 2441 937 2478 servus
949 2423 1346 2494 cupiditatum,
1361 2425 1655 2478 etinhians
1682 2426 1847 2478 rebus
1867 2441 2111 2495 pereun-

423 2513 610 2580 tibus;
643 2513 727 2565 vel
751 2514 871 2581 jam
904 2512 1009 2565 iste
1038 2512 1284 2582 fugiens,
1317 2517 1582 2582 casteque
1623 2512 1831 2576 vivens,
1859 2513 2113 2566 nesciens

423 2604 620 2654 tamen
657 2599 796 2669 quid
845 2599 916 2652 sit
965 2599 1125 2667 nihil,
1190 2599 1328 2670 quid
1360 2599 1622 2653 informis
1659 2600 1918 2666 materia,
1977 2600 2114 2670 quid

425 2687 733 2741 formatum
779 2686 1076 2753 exanime;
1135 2687 1275 2757 quid
1326 2703 1550 2757 corpus,
1604 2687 1742 2758 quid
1787 2688 2001 2757 species
2054 2688 2115 2740 in

427 2791 684 2844 corpore,
719 2775 853 2845 quid
879 2776 1054 2841 locus,
1083 2775 1222 2845 quid
1252 2780 1497 2845 tempus,
1529 2775 1666 2846 quid
1713 2775 1943 2841 inloco,
1978 2777 2114 2846 quid

423 2863 483 2917 in
517 2869 770 2934 tempore
799 2879 813 2929 ;
844 2863 980 2934 quid
997 2864 1503 2916 motussecundum
1534 2864 1738 2929 locum,
1769 2863 1906 2934 quid
1929 2869 2116 2917 motus

427 2967 540 3005 non
575 2951 886 3005 secundum
917 2952 1125 3020 locum,
1174 2951 1313 3022 quid
1372 2951 1590 3005 stabilis
1640 2957 1848 3018 motus,
1881 2952 2017 3022 quid
2046 2951 2119 3005 sit

427 3055 613 3093 avum
644 3055 657 3105 ;
683 3039 817 3110 quid
853 3039 925 3092 sit
952 3055 1056 3092 nec
1085 3039 1144 3092 in
1172 3041 1290 3093 loco
1321 3056 1463 3108 esse,
1512 3056 1618 3093 nec
1656 3057 1938 3110 nusquam
1965 3043 1986 3075 ³
2017 3056 2030 3106 ;
2063 3044 2119 3093 et

427 3127 565 3198 quid
596 3127 666 3180 sit
695 3131 905 3197 prater
934 3131 1177 3197 tempus,
1209 3132 1264 3181 et
1294 3143 1553 3198 semper;
1587 3128 1724 3198 quid
1777 3129 1849 3182 sit
1899 3133 1954 3182 et
1982 3145 2115 3182 nus-

427 3231 599 3286 quam
631 3231 773 3281 esse,
805 3219 860 3268 et
888 3231 1172 3286 nusquam
1203 3232 1320 3269 non
1352 3232 1474 3270 esse
1500 3235 1514 3283 ;
1545 3221 1600 3269 et
1630 3232 1926 3288 nunquam
1972 3233 2114 3283 esse,

427 3308 483 3356 et
513 3319 810 3374 nunquam
842 3319 958 3356 non
1011 3319 1131 3357 esse
1167 3320 1182 3357 :
1213 3304 1474 3376 quisquis
1521 3321 1659 3375 ergo
1705 3305 1810 3359 ista
1840 3307 2114 3372 nesciens,

425 3406 541 3445 non
572 3390 695 3444 dico
725 3391 794 3444 de
827 3407 1051 3444 summo
1082 3392 1179 3445 illo
1211 3394 1346 3458 Deo,
1397 3393 1496 3462 qui
1543 3394 1715 3447 scitur
1767 3395 1970 3448 melius
2017 3411 2116 3448 ne-

428 3479 681 3541 sciendo,
712 3479 805 3533 sed
838 3479 906 3532 de
937 3479 1128 3533 anima
1157 3481 1279 3551 ipsa
1305 3497 1408 3535 sua
1443 3487 1698 3552 quarere
1729 3499 1792 3536 ac
1831 3483 2117 3554 disputare

429 3567 690 3634 voluerit,
721 3572 943 3621 tantum
973 3569 1204 3636 errabit,
1265 3575 1544 3640 quantum
1597 3571 1775 3625 errari
1805 3573 2120 3642 plurimum

427 3660 651 3726 potest:
683 3656 903 3710 facilius
941 3661 1132 3711 autem
1177 3663 1475 3728 cognoscet
1523 3658 1649 3725 ista,
1696 3661 1795 3730 qui
1851 3677 2120 3714 numeros

427 3741 713 3812 simplices
743 3749 913 3813 atque
960 3743 1352 3814 intelligibiles
1401 3745 1911 3816 comprehenderit.
1945 3748 2121 3800 Porro

425 3829 560 3884 istos
590 3832 1055 3902 comprehendet,
1088 3832 1188 3902 qui
1238 3837 1292 3885 et
1347 3832 1578 3902 ingenio
1614 3833 1823 3899 valens,
1856 3838 1911 3886 et
1948 3832 2121 3903 privi-

426 3919 574 3988 legio
607 3919 786 3972 atatis
816 3924 912 3973 aut
941 3919 1540 3989 cujuslibetfelicitatis
1570 3920 1805 3988 otiosus,
1848 3925 1904 3974 et
1933 3921 2120 3975 studio

425 4007 790 4062 vehementer
819 4007 1106 4077 incensus,
1140 4015 1522 4063 memoratum
1552 4009 1985 4079 disciplinarum
2028 4025 2121 4063 or-

424 4095 634 4158 dinem,
681 4101 961 4166 quantum
1015 4097 1150 4149 satis
1198 4101 1300 4160 est,
1349 4097 1521 4150 fuerit
1579 4102 1926 4166 persecutus.
1981 4100 2121 4152 Cum

346 4173 352 4202 ’·
423 4183 578 4236 enim
606 4178 754 4236 aries
781 4183 894 4236 illa
919 4199 1116 4236 omnes
1145 4183 1426 4249 liberales,
1452 4184 1663 4254 partim
1694 4185 1766 4238 ad
1792 4186 2117 4248 usumvita,

425 4269 636 4338 partim
670 4270 742 4322 ad
798 4269 1183 4338 cognitionem
1234 4286 1428 4324 rerum
1471 4273 2121 4344 contemplationemque

427 4356 715 4410 discantur
739 4372 752 4422 ;
779 4372 948 4410 usum
979 4372 1184 4410 earum
1205 4358 1431 4429 assequi
1451 4359 1854 4414 difﬁcillimum
1884 4363 2119 4431 est,.nisi

426 4444 479 4496 ei
508 4444 608 4514 qui
636 4444 706 4497 ab
736 4444 862 4513 ipsa
891 4444 1136 4513 pueritia
1166 4445 1682 4514 ingeniosissimus,
1717 4447 2118 4504 instantissime

423 4537 593 4602 atque
631 4533 1082 4586 constantissime
1113 4549 1350 4603 operam
1379 4535 1618 4590 dederit.

428 4619 653 4673 CAPUT
683 4620 843 4673 XVII.
876 4649 944 4660 -—
977 4621 1206 4675 Arduos
1245 4624 1560 4691 quaestiones
1593 4639 1659 4677 ne
1713 4627 1989 4692 attingant
2015 4641 2121 4681 non

978 4712 1230 4764 instructi
1251 4710 1576 4779 disciplinis.

494 4797 581 4851 45.
614 4796 772 4860 Quod
801 4813 934 4852 vero
965 4815 1033 4852 ex
1059 4799 1171 4852 illis
1200 4799 1271 4852 ad
1302 4799 1360 4852 id
1406 4799 1562 4870 quod
1614 4800 1926 4870 quarimus
1975 4817 2119 4871 opus

423 4890 525 4950 est,
560 4902 631 4938 ne
661 4889 734 4950 te,
767 4901 978 4955 quaso,
1011 4893 1212 4952 mater,
1247 4888 1367 4941 hac
1408 4889 1562 4942 velut
1601 4905 1792 4942 rerum
1838 4889 2119 4944 immensa

423 4977 685 5046 quadam
717 4973 853 5026 silva
875 4973 1174 5029 deterreat.
1212 4975 1426 5030 Etenim
1456 4978 1720 5046 quadam
1751 4978 1819 5031 de
1850 4977 2117 5032 omnibus

365 5080 382 5096 -
421 5061 707 5130 eligentur
735 5077 976 5114 numero
1006 5062 1369 5133 paucissima,
1399 5065 1460 5118 in
1501 5065 1899 5135 potentissima
1942 5070 1981 5132 ³,
2018 5082 2117 5119 co-

420 5147 679 5218 gnitione
737 5153 928 5201 autem
988 5150 1183 5203 multis
1239 5151 1469 5221 quidem
1511 5153 1726 5218 ardua;
1761 5152 1864 5206 tibi
1898 5158 2112 5220 tamen,

419 5235 580 5304 cujus
630 5234 926 5305 ingenium
969 5236 1226 5306 quotidie
1287 5239 1430 5292 mihi
1455 5255 1666 5292 novum
1699 5243 1805 5304 est,
1853 5244 1908 5292 et
1954 5241 2114 5310 cujus

482 5321 496 5386 ξ
523 5322 674 5386 _L_ov_.,
703 5323 786 5371 ita
816 5327 1058 5386 ausarst.
1079 5323 1243 5386 Abest
1267 5339 1422 5386 porro
1448 5339 1550 5374 vox
1586 5327 1664 5373 ita
1688 5339 1718 5372 a
1742 5325 1868 5374 Mss.

454 5381 748 5504 δέἓξῃῗεε.
766 5389 818 5432 et
835 5383 958 5432 editi
986 5384 1109 5432 Cdd.
1138 5381 1355 5449 excepto
1371 5389 1514 5445 Lov.,
1531 5387 1618 5448 qui
1642 5387 1697 5433 in
1719 5390 1862 5434 textu
1881 5387 2108 5449 prafert,

523 5482 669 5566 L393;
699 5519 910 5565 numero
928 5508 1268 5572 paucissima.
1302 5511 1358 5560 id
1382 5511 1460 5560 cst
1479 5509 1856 5573 potentissima.

1682 286 1775 340 DE
1814 283 2104 350 ORDINE,
2145 283 2200 339 S.
2244 279 2623 339 AUGUSTINI

3791 277 3928 328 lOlﬁ

2211 407 2467 460 animum
2500 405 2584 458 vel
2614 407 2780 458 atate
2809 402 2896 456 vel
2926 400 3249 456 admirabili
3298 399 3692 469 temperantia
3727 414 3926 452 remo-

2209 494 2494 548 tissimum
2525 491 2594 546 ab
2626 490 2893 545 omnibus
2913 489 3100 561 nugis,
3122 493 3181 542 et
3206 506 3240 541 a
3265 504 3472 558 magna
3499 488 3632 542 labe
3661 486 3927 556 corporis

2211 587 2620 652 emergentem,
2651 579 2710 633 in
2743 595 2800 632 se
2825 579 3071 632 multum
3106 576 3415 630 surrexisse
3444 591 3760 646 cognosco,
3809 580 3924 628 tam

2212 675 2378 724 erunt
2409 668 2595 722 facilia
2624 684 2796 739 quam
2818 667 3071 721 difﬁcilia
3100 664 3439 720 tardissimis
3468 663 3926 734 miserrimeque

2212 759 2548 812 viventibus.
2579 756 2636 811 Si
2663 756 2814 810 enim
2843 755 3025 809 dicam
3056 758 3109 807 te
3133 753 3296 807 facile
3328 753 3396 806 ad
3429 768 3563 806 eum
3587 767 3927 806 sermonem

2211 851 2637 916 perventuram,
2670 843 2770 915 qui
2818 842 3120 896 locutionis
3169 847 3225 895 et
3269 841 3483 911 lingua
3522 840 3662 893 vitio
3711 843 3926 904 careat,

2212 934 2471 1006 profecto
2502 932 2766 986 mentiar.
2798 933 2877 985 Me
2912 931 3063 984 ‹·ηἱω
3094 931 3306 1000 ipsum,
3365 929 3455 982 cui
3485 943 3700 998 magna
3733 943 3931 980 neces-

2215 1023 2349 1076 sitas
2377 1022 2484 1076 fuit
2531 1021 2638 1075 ista
2685 1019 3020 1091 perdiscere,
3071 1018 3256 1072 adhuc
3296 1017 3357 1070 in
3389 1017 3583 1070 multis
3610 1016 3927 1070 verborum

2216 1112 2369 1164 sonis
2400 1109 2526 1163 Itali
2557 1109 2874 1179 exagitant;
2909 1112 2966 1161 et
2993 1124 3026 1160 a
3057 1123 3147 1160 me
3162 1106 3432 1170 vicissim,
3464 1105 3614 1176 quod
3641 1104 3713 1157 ad
3733 1104 3924 1174 ipsum

2217 1213 2422 1251 sonum
2451 1196 2672 1261 attinet,
2724 1194 3241 1266 reprehenduntur.
3274 1193 3440 1246 Aliud
3493 1197 3578 1246 est
3607 1191 3772 1244 enim
3805 1207 3927 1244 esse

2217 1291 2358 1352 arte,
2398 1285 2553 1338 aliud
2598 1290 2766 1355 gente
2812 1299 3095 1337 securum.
3128 1282 3486 1336 Solacismos
3534 1285 3734 1334 autem
3779 1295 3929 1350 quos

2219 1374 2477 1438 dicimus,
2510 1373 2744 1426 fortasse
2777 1371 3020 1442 quisque
3051 1370 3247 1424 doctus
3276 1369 3583 1440 diligenter
3614 1369 3927 1422 attendens

2218 1461 2279 1515 in
2311 1460 2565 1514 oratione
2597 1475 2722 1512 mea
2752 1459 3032 1529 reperiet:
3068 1473 3180 1510 non
3213 1457 3368 1510 enim
3405 1456 3587 1510 defuit
3615 1456 3717 1526 qui
3780 1454 3929 1507 mihi

2221 1549 2496 1602 nonnulla
2523 1547 2849 1617 hujusmodi
2897 1545 3033 1599 vitia
3093 1545 3280 1616 ipsum
3339 1544 3678 1599 Ciceronem
3720 1542 3931 1596 fecisse

2220 1636 2560 1708 peritissime
2593 1633 2962 1706 persuaserit.
3000 1634 3489 1687 Barbarismorum
3513 1637 3706 1685 autem
3738 1646 3932 1701 genus

2221 1724 2431 1778 nostris
2460 1722 2812 1792 temporibus
2840 1722 2951 1774 tale
2975 1727 3330 1791 compertum
3359 1724 3462 1786 est,
3495 1724 3625 1773 utet
3656 1718 3787 1789 ipsa
3801 1719 3932 1787 ejus

2222 1811 2401 1865 oratio
2432 1811 2668 1864 barbara
2695 1810 2975 1878 videatur,
3027 1825 3140 1879 qua
3171 1810 3352 1863 Roma
3405 1812 3623 1860 servata
3673 1810 3780 1859 est.
3816 1805 3930 1860 Sed

2220 1905 2303 1966 tu,
2336 1898 2680 1968 contemptis
2706 1897 2826 1950 istis
2852 1898 2936 1951 vel
2971 1897 3286 1968 puerilibus
3309 1896 3497 1962 rebus,
3526 1896 3612 1948 vel
3627 1894 3698 1948 ad
3727 1898 3785 1947 te
3808 1909 3933 1947 non

2222 1987 2659 2059 pertinentibus,
2689 1985 2766 2039 ita
2795 1985 3182 2056 grammatica
3204 2000 3348 2056 pene
3376 1983 3632 2038 divinam
3664 1982 3790 2036 vim
3824 1998 3931 2035 na-

2223 2082 2524 2146 turamque
2546 2073 2858 2144 cognoscis,
2894 2078 2959 2128 ut
2989 2073 3110 2143 ejus
3139 2074 3390 2127 animam
3407 2071 3680 2139 tenuisse,
3714 2085 3933 2140 corpus

2223 2165 2521 2235 reliquisse
2553 2163 2777 2217 disertis
2804 2162 3063 2217 videaris.

2293 2254 2380 2305 46.
2417 2253 2530 2304 Hoc
2560 2251 2729 2304 etiam
2760 2249 2829 2303 de
2859 2249 3080 2302 cateris
3129 2247 3460 2318 hujusmodi
3505 2247 3728 2300 artibus
3774 2245 3935 2300 dixe-

2223 2340 2333 2394 rim
2371 2359 2381 2393 :
2416 2355 2557 2410 quas
2585 2339 2630 2391 si
2662 2338 2887 2409 penitus
2917 2338 3151 2391 fortasse
3170 2335 3504 2398 contemnis,
3535 2335 3827 2389 admoneo
3849 2341 3932 2400 te,

2224 2431 2502 2498 quantum
2532 2427 2683 2480 filius
2711 2427 2914 2492 audeo,
2938 2430 3328 2496 quantumque
3354 2423 3657 2494 permittis,
3675 2429 3738 2476 ut
3751 2424 3934 2478 ﬁdem

2223 2515 2390 2568 istam
2422 2519 2600 2580 tuam,
2650 2529 2821 2584 quam
2883 2513 3218 2567 venerandis
3257 2512 3540 2583 mysteriis
3593 2511 3928 2582 percepisti,

2225 2604 2388 2657 lii-me
2421 2607 2697 2672 cauteque
2729 2601 3010 2655 custodias
3045 2601 3283 2666 ;deinde
3313 2601 3450 2655 utin
3488 2601 3591 2654 hac
3619 2601 3933 2670 vitaatque

2225 2689 2480 2743 moribus
2507 2694 2830 2742 constanter
2849 2689 3263 2760 vigilanterque
3280 2705 3638 2760 permaneas.
3658 2689 3735 2741 De
3752 2689 3934 2741 rebus

2227 2782 2416 2830 autem
2450 2777 2882 2844 obscurissimis,
2916 2783 2974 2831 et
2996 2782 3185 2831 tamen
3215 2777 3443 2843 divinis,
3470 2777 3762 2847 quomodo
3777 2777 3936 2829 Deus

2163 2928 2168 2934 _
2227 2870 2282 2918 et
2310 2865 2448 2918 nihil
2481 2865 2618 2919 mali
2647 2866 2831 2932 faciat,
2878 2871 2934 2920 et
2986 2865 3058 2920 sit
3083 2865 3446 2935 omnipotens
3475 2871 3528 2918 et
3558 2869 3715 2917 tanta
3777 2865 3936 2917 mala

2226 2953 2368 3006 ﬁant
2390 2969 2402 3018 ;
2428 2958 2483 3006 et
2512 2953 2602 3006 cui
2635 2954 2785 3007 bono
2815 2953 3097 3007 mundum
3128 2953 3344 3017 fecerit,
3392 2951 3492 3022 qui
3524 2967 3642 3004 non
3673 2956 3801 3004 erat
3849 2951 3939 3004 in-

2229 3041 2435 3111 digus;
2478 3047 2534 3096 et
2561 3047 2756 3096 utrum
2787 3057 3015 3112 semper
3068 3041 3241 3094 fuerit
3286 3041 3525 3105 malum,
3559 3057 3630 3093 an
3663 3045 3936 3109 tempore

2227 3131 2502 3200 coeperit;
2529 3135 2605 3197 et,
2639 3130 2685 3183 si
2716 3146 2939 3201 semper
2964 3128 3090 3196 fuit,
3123 3134 3318 3183 utrum
3339 3128 3442 3182 sub
3460 3127 3795 3181 conditione
3830 3128 3938 3181 Dei

2227 3217 2435 3272 fuerit:
2478 3225 2552 3286 et,
2586 3219 2632 3271 si
2669 3218 2798 3284 fuit,
2831 3223 3025 3272 utrum
3069 3218 3241 3272 etiam
3272 3217 3377 3271 iste
3420 3216 3668 3270 mundus
3700 3231 3940 3286 semper

2227 3307 2485 3374 fuerit,in
2511 3324 2622 3378 quo
2646 3307 2786 3361 illud
2811 3307 3024 3360 malum
3045 3306 3238 3360 divino
3259 3305 3457 3359 ordine
3480 3303 3937 3370 dominaretur‘;

2229 3393 2274 3447 si
2305 3401 2497 3449 autem
2525 3396 2617 3449 hic
2645 3395 2896 3449 mundus
2926 3395 3235 3465 aliquando
3263 3410 3383 3448 esse
3409 3393 3597 3463 capit,
3632 3393 3936 3463 quomodo

2228 3494 2535 3552 antequam
2571 3488 2735 3549 esset,
2764 3488 3039 3552 potestate
3069 3481 3171 3536 Dei
3223 3483 3437 3535 malum
3494 3481 3841 3545 tenebatur;
3879 3485 3938 3532 et

2231 3570 2369 3640 quid
2402 3587 2545 3640 opus
2574 3576 2696 3624 erat
2725 3571 3004 3625 mundum
3035 3570 3318 3639 fabricari,
3374 3586 3488 3642 quo
3521 3570 3738 3623 malum
3771 3569 3934 3640 quod

2223 3659 2346 3728 jam
2378 3659 2477 3712 Dei
2505 3662 2755 3730 potestas
2777 3659 3052 3726 frenabat,
3081 3659 3149 3712 ad
3167 3675 3364 3729 panas
3394 3658 3717 3712 animarum
3751 3658 3937 3710 inelu—

2231 3746 2502 3812 deretur;
2533 3746 2579 3799 si
2611 3751 2801 3800 autem
2854 3747 2963 3801 fuit
2991 3753 3216 3817 tempus
3247 3764 3361 3818 quo
3389 3746 3492 3800 sub
3525 3745 3625 3800 Dei
3669 3745 3936 3800 dominio

2230 3835 2446 3888 malum
2478 3851 2589 3888 non
2612 3840 2754 3904 erat,
2785 3835 2923 3906 quid
2943 3835 3130 3889 subito
3162 3835 3551 3906 accidit,quod
3579 3850 3682 3905 per
3709 3839 3936 3888 aterna

2229 3927 2382 3976 retro
2409 3928 2668 3993 tempora
2718 3940 2833 3977 non
2888 3923 3186 3978 acciderat.
3237 3926 3298 3977 In
3350 3925 3464 3977 Deo
3507 3923 3663 3977 enim
3715 3939 3935 3976 novum

2233 4011 2509 4064 exstitisse
2531 4011 2849 4078 consilium,
2882 4027 2954 4066 ne
2985 4012 3167 4066 dicam
3199 4011 3467 4082 impium,
3498 4011 3934 4086 ineptissimum

2233 4104 2318 4152 est
2355 4099 2562 4154 dicere.
2597 4099 2654 4153 Si
2681 4103 2871 4153 autem
2898 4100 3293 4170 importunum
3325 4101 3518 4162 fuisse,
3555 4105 3610 4153 et
3640 4101 3806 4171 quasi
3821 4101 3934 4154 im-

2229 4187 2474 4257 probum
2507 4189 2724 4241 malum
2757 4190 2870 4242 Deo
2902 4189 3160 4252 dicimus,
3208 4191 3364 4260 quod
3419 4189 3681 4243 nonnulli
3733 4188 3931 4242 existi-

2231 4279 2411 4341 mant,
2445 4276 2568 4344 jam
2615 4292 2784 4331 nemo
2835 4277 3028 4331 doctus
3083 4278 3261 4331 risum
3311 4278 3547 4344 tenebit,
3589 4293 3761 4331 nemo
3813 4293 3930 4331 non

2230 4363 2585 4418 succensebit
2612 4363 2898 4419 indoctus.
2955 4365 3100 4429 Quid
3138 4366 3292 4419 enim
3339 4366 3524 4436 potuit
3571 4367 3688 4419 Deo
3720 4381 3928 4419 nocere

2228 4451 2370 4504 mali
2397 4453 2588 4506 nescio
2624 4468 2736 4522 qua
2765 4452 2861 4506 illa
2893 4454 3138 4508 natura?
3167 4454 3223 4509 Si
3252 4454 3407 4508 enim
3438 4454 3634 4508 dicunt
3665 4470 3779 4508 non
3820 4470 3926 4524 po-

2229 4537 2425 4604 tuisse,
2483 4538 2798 4593 fabricandi
2830 4541 3028 4595 mundi
3057 4559 3227 4596 causa
3255 4559 3372 4596 non
3403 4543 3554 4597 erit:
3597 4544 3644 4596 si
3669 4543 3927 4613 potuisse

2229 4625 2442 4691 dicunt,
2476 4625 2823 4696 inexpiabile
2867 4630 3024 4684 nefas
3074 4635 3157 4684 est
3203 4633 3382 4685 Deum
3427 4633 3753 4688 violabilem
3809 4652 3927 4689 cre-

2228 4713 2360 4767 dere
2389 4731 2402 4780 ;
2434 4729 2538 4768 nec
2565 4714 2640 4768 ita
2673 4717 2893 4786 saltem,
2924 4722 2990 4772 ut.
3016 4720 3103 4772 vel
3130 4719 3334 4774 virtute
3359 4721 3692 4791 providerit,
3728 4738 3803 4776 ne
3826 4741 3927 4777 sua

2229 4802 2543 4856 substantia
2591 4803 2918 4860 violaretur.
2971 4808 3226 4877 Namque
3268 4810 3523 4864 animam
3579 4827 3778 4882 panas
3833 4814 3926 4866 liic

2225 4891 2474 4959 pendere
2501 4891 2769 4959 fatentur,
2803 4909 2931 4947 cum
2965 4894 3114 4949 inter
3149 4897 3270 4967 ejus
3313 4902 3367 4951 et
3409 4899 3506 4952 Dei
3547 4899 3922 4954 substantiam

2227 4977 2367 5030 nihil
2391 4979 2567 5033 velint
2594 4980 2828 5034 omnino
2857 4982 3087 5038 distare.
3124 4985 3183 5040 Si
3209 4991 3401 5040 autem
3433 4987 3602 5042 istum
3636 4991 3922 5044 mundum

2226 5080 2340 5117 non
2364 5066 2571 5119 factum
2599 5067 2873 5134 dicamus,
2902 5070 3147 5139 impium
3175 5078 3259 5126 est
3281 5079 3453 5144 atque
3483 5075 3773 5146 ingratum
3806 5094 3922 5131 ore-

2223 5152 2377 5218 dere,
2411 5169 2482 5206 ne
2514 5154 2653 5208 illud
2677 5165 2968 5226 sequatur,
2997 5161 3150 5230 quod
3180 5162 3326 5214 Deus
3355 5179 3489 5216 eum
3521 5181 3638 5216 non
3671 5166 3922 5220 fabrica-

2223 5239 2299 5292 rit
2326 5256 2339 5294 :
2376 5257 2510 5311 ergo
2540 5243 2608 5295 de
2629 5243 2718 5296 his
2749 5249 2917 5314 atque
2943 5247 3804 5317 hujusmodirebus,autordine
3822 5254 3922 5307 illo

2223 5328 2576 5396 eruditionis,
2593 5335 2689 5384 aut
2701 5333 2856 5386 nullo
2871 5336 3038 5389 modo
3061 5337 3374 5407 quidquam
3389 5339 3798 5410 requirendum
3815 5349 3917 5399 est.

2219 5451 2858 5563 ";rpwb.,§omilarelw.
2879 5456 2962 5506 Sic
2973 5458 3127 5506 etiam
3141 5459 3411 5520 Er.Guill.;
3425 5465 3478 5510 at
3501 5461 3744 5512 Lov.Par.
3762 5464 3924 5515 domi-
