4058 6342
141 298 272 350 wn
415 336 573 404 xv'lll

140 421 366 477 CAPUT
627 451 695 460 ——
752 421 867 486 Quo
915 420 1104 475 ordine
1158 423 1343 475 ani-ma
1389 423 1709 491 provehitur
1760 424 1834 478 ad

206 512 560 578 cognitionem
588 513 676 565 sui
722 515 773 565 et
819 511 994 580 ipsius
1034 512 1280 567 unitatis.
1333 512 1528 567 Omnia
1563 514 1622 568 in
1668 528 1834 568 unum

209 599 455 653 tendunt.

209 689 296 742 47.
331 689 393 741 Et
419 703 490 741 ne
538 687 844 758 quisquam
878 687 1215 742 latissimum
1248 688 1464 760 aliquid
1511 680 1624 744 'nos
1676 706 1832 744 com-

137 775 338 846 plexos
369 791 488 830 esse
507 776 834 841 arbitretur,
859 776 965 829 hoc
986 776 1108 829 dico
1129 777 1356 847 planius
1387 782 1555 848 atque
1583 779 1828 834 brevius.

136 863 222 917 Ad
256 863 496 918 istarum
529 880 719 917 rerum
749 863 1130 934 cognitionem
1151 864 1439 918 neminem
1461 866 1711 936 aspirare
1744 867 1834 920 de-

135 950 274 1004 bere
304 949 426 1004 sine
450 949 549 1003 illa
579 949 744 1021 quasi
775 949 990 1020 duplici
1020 951 1254 1004 scientia
1284 952 1450 1006 honre
1498 952 1834 1022 disputatio-

137 1038 254 1106 nis,»
282 1037 673 1108 potentiaeque
704 1054 1096 1092 numerorum.
1132 1039 1188 1093 Si
1221 1040 1348 1109 quis
1380 1041 1554 1094 etiam
1581 1042 1686 1094 hoc
1704 1041 1832 1111 plu-

139 1124 354 1178 rimum
398 1130 580 1196 putat,
635 1126 782 1180 solos
847 1142 1114 1180 numeros
1181 1128 1394 1198 optime
1443 1129 1683 1195 noverit,
1739 1133 1837 1183 aut

138 1214 322 1267 solam
373 1214 743 1269 dialecticam.
801 1215 860 1270 Si
889 1219 944 1268 et
991 1216 1098 1268 hoc
1130 1215 1421 1270 inﬁnitum
1450 1221 1552 1284 est,
1613 1221 1834 1272 tantum

139 1303 390 1373 perfecte
414 1303 553 1357 sciat
581 1303 721 1374 quid
752 1303 817 1356 sit
842 1320 1018 1357 unum
1043 1303 1104 1358 in
1135 1306 1409 1372 numeris,
1439 1311 1835 1376 quantumque

139 1393 354 1458 valeat;
387 1392 646 1445 nondum
667 1392 726 1444 in
755 1392 851 1445 illa
869 1408 1097 1446 summa
1119 1394 1242 1462 lege
1263 1409 1606 1464 summoque
1638 1395 1836 1448 ordine

141 1496 338 1534 rerum
371 1482 651 1550 omnium,
679 1482 777 1535 sed
801 1481 860 1534 in
890 1481 958 1534 iis
984 1499 1112 1552 quae
1144 1483 1395 1553 quotidie
1428 1484 1637 1554 passim
1665 1484 1835 1537 senti-

141 1582 275 1620 mus
318 1575 489 1639 atque
531 1568 772 1638 agimus.
827 1569 1043 1640 Excipit
1088 1571 1244 1624 enim
1279 1573 1422 1625 hanc
1453 1572 1837 1626 eruditionem

133 1655 258 1724 jam
290 1655 411 1726 ipsa
451 1657 830 1727 philosophia:
877 1657 1196 1725 disciplina,
1247 1665 1302 1713 et
1331 1659 1390 1713 in
1422 1677 1489 1713 ea
1529 1661 1668 1714 nihil
1709 1662 1838 1731 plus

139 1743 362 1796 invenit
390 1760 560 1814 quam
594 1745 730 1814 quid
753 1744 826 1797 sit
852 1760 1054 1813 unum,
1086 1747 1184 1799 sed
1216 1746 1386 1817 longe
1431 1747 1600 1800 altius
1633 1748 1832 1818 longe-

139 1847 255 1900 que
279 1832 544 1886 divinius.
566 1833 738 1901 Cujus
762 1833 968 1902 duplex
993 1835 1232 1903 qumstio
1258 1839 1372 1888 est:
1397 1851 1507 1888 una
1529 1836 1597 1889 de
1622 1835 1834 1901 anima,

139 1920 322 1973 altera
352 1920 421 1974 de
455 1922 590 1974 Deo.
636 1920 828 1974 Prima
859 1921 1029 1975 efficit
1087 1927 1151 1976 ut
1203 1924 1580 1994 nosmetipsos
1615 1924 1836 1978 noveri-

139 2023 300 2073 mus;
332 2009 529 2074 altera,
554 2013 619 2061 ut
647 2008 928 2079 originem
958 2014 1234 2066 nostram.
1269 2012 1370 2064 Illa
1400 2011 1564 2065 nobis
1595 2012 1835 2077 dulcior,

137 2096 249 2149 ista
277 2096 528 2162 charior;
562 2096 659 2150 illa
703 2113 806 2150 nos
851 2097 1055 2167 dignos
1100 2100 1268 2152 beata
1314 2100 1448 2164 vita,
1494 2101 1690 2153 beatos
1720 2101 1840 2153 haec

140 2184 310 2250 facit;
342 2185 530 2254 prima
560 2190 646 2239 est
677 2185 774 2239 illa
801 2185 1164 2254 discentibus,
1207 2187 1316 2240 ista
1348 2188 1470 2256 jam
1503 2187 1704 2241 doctis.
1743 2187 1839 2240 Hic

142 2277 230 2328 est
259 2274 398 2328 ordo
442 2274 762 2328 studiorum
812 2275 1129 2344 sapientiae,
1161 2291 1264 2344 per
1302 2291 1474 2344 quem
1506 2276 1570 2328 tit
1599 2273 1840 2345 quisque

143 2361 389 2416 idoneus
417 2363 487 2416 ad
518 2362 953 2433 intelligendum
982 2363 1238 2416 ordinem
1271 2379 1484 2427 rerum,
1543 2362 1599 2415 id
1630 2366 1733 2425 est,
1767 2361 1837 2413 ad

145 2450 564 2521 dignoscendos
594 2453 734 2506 duos
760 2453 1026 2517 mundos,
1053 2457 1110 2505 et
1135 2451 1322 2522 ipsum
1365 2456 1664 2521 parentem
1709 2449 1839 2503 uni-

145 2539 460 2606 versitatis;
507 2540 668 2609 cujus
713 2539 871 2593 nulla
915 2539 1150 2593 scientia
1215 2545 1300 2593 est
1347 2540 1404 2593 in
1455 2539 1669 2608 anima,
1733 2537 1842 2591 nisi

145 2627 293 2681 scire
324 2628 614 2698 quomodo
645 2643 775 2680 eum
807 2626 1040 2681 nesciat.

220 2718 310 2770 48.
345 2717 504 2769 Hunc
526 2715 701 2784 igitur
730 2714 990 2768 ordinem
1021 2718 1219 2768 tenens
1271 2714 1466 2768 anima
1505 2715 1628 2784 jam
1659 2712 1843 2783 philo-

143 2804 364 2874 sophiae
399 2803 625 2872 tradita,
656 2803 844 2874 primo
899 2802 1146 2873 seipsam
1189 2802 1447 2872 inspicit:
1502 2807 1559 2855 et
1601 2803 1692 2854 cui
1718 2803 1839 2871 jam

144 2893 248 2947 illa
277 2892 520 2946 eruditio
563 2892 861 2963 persuasit,
916 2895 1014 2944 aut
1062 2907 1244 2956 suam,
1301 2895 1399 2944 aut
1448 2890 1692 2960 seipsam
1725 2905 1844 2944 esse

148 2981 457 3046 rationem,
508 2981 570 3034 in
602 2981 822 3034 ratione
853 2985 1044 3034 autem
1095 2985 1194 3034 aut
1224 2980 1367 3032 nihil
1407 2995 1526 3032 esse
1559 2980 1762 3032 melius
1791 2983 1847 3032 et

145 3071 448 3140 potentius
478 3072 752 3134 numeris,
785 3075 886 3124 aut
932 3069 1076 3123 nihil
1109 3069 1263 3122 aliud
1318 3085 1490 3138 quam
1538 3084 1845 3122 numerum

147 3175 271 3212 esse
303 3158 612 3224 rationem;
643 3159 720 3212 ita
743 3173 934 3212 secum
966 3157 1258 3229 loquetur:
1294 3158 1407 3226 Ego
1436 3157 1684 3227 quodam
1717 3172 1842 3209 meo

147 3252 316 3300 motu
345 3246 615 3300 interiore
645 3249 700 3300 et
731 3246 973 3314 occulto,
1009 3261 1076 3299 ea
1105 3261 1233 3316 quas
1263 3245 1529 3298 discenda
1557 3249 1690 3298 sunt
1716 3261 1844 3315 pos-

148 3351 282 3389 sum
311 3335 631 3388 discernere
659 3339 711 3389 et
758 3337 1110 3399 connectere,
1159 3338 1214 3386 et
1256 3334 1378 3387 haec
1422 3333 1506 3386 vis
1539 3349 1666 3386 mea
1697 3333 1845 3388 ratio

150 3429 407 3478 vocatur.
431 3423 576 3487 Quid
611 3428 801 3477 autem
829 3422 1269 3476 discernendum
1302 3427 1404 3490 est,
1430 3422 1542 3476 nisi
1563 3422 1718 3492 quod
1751 3427 1849 3476 aut

152 3529 336 3566 unum
369 3517 601 3582 putatur
621 3517 678 3565 et
698 3514 943 3582 nonest,
977 3515 1075 3565 aut
1104 3515 1256 3564 certe
1278 3527 1394 3564 non
1418 3515 1534 3564 tam
1561 3527 1741 3564 unum
1764 3515 1849 3564 est

151 3617 329 3672 quam
360 3603 632 3671 putatur?
656 3602 821 3668 Item,
842 3615 944 3653 cur
965 3599 1100 3670 quid
1121 3600 1579 3653 connectendum
1610 3603 1710 3665 est,
1737 3599 1847 3651 nisi

153 3693 216 3743 ut
246 3704 430 3743 unum
459 3689 579 3757 ﬁat,
601 3694 882 3758 quantum
905 3688 1127 3757 potest?
1155 3689 1297 3757 Ergo
1317 3692 1372 3740 et
1389 3687 1447 3740 in
1470 3686 1846 3740 discernendo

151 3783 209 3831 et
240 3777 303 3830 in
329 3776 738 3840 connectendo,
787 3791 966 3829 unum
1016 3775 1162 3841 volo,
1216 3779 1271 3828 et
1317 3791 1499 3828 unum
1546 3790 1698 3827 amo.
1740 3774 1849 3828 Sed

151 3881 287 3920 cum
319 3865 599 3931 discerno,
644 3868 986 3935 purgatum;
1039 3879 1170 3916 cum
1212 3867 1508 3929 connecto,
1557 3863 1849 3933 integrum

150 3955 302 4009 volo.
336 3955 399 4008 In
430 3953 529 4007 illa
550 3957 707 4024 parte
735 3953 994 4006 vitantur
1023 3952 1229 4018 aliena,
1263 3951 1323 4004 in
1364 3950 1468 4004 hac
1493 3950 1727 4021 propria
1755 3966 1848 4004 co-

149 4043 451 4113 pulantur,
501 4045 564 4096 ut
596 4057 775 4094 unum
817 4039 1037 4111 aliquid
1081 4039 1400 4110 perfectum
1434 4039 1550 4092 fiat.
1589 4039 1757 4108 Lapis
1787 4041 1852 4092 ut

150 4135 302 4184 esset
346 4131 511 4200 lapis,
554 4146 752 4183 omnes
783 4129 906 4200 ejus
937 4133 1148 4198 partes,
1204 4128 1507 4198 omnisque
1552 4132 1757 4181 natura
1788 4127 1850 4180 in

155 4235 340 4272 unum
368 4218 603 4272 solidata
628 4225 732 4272 est.
763 4216 907 4280 Quid
939 4217 1144 4270 arbor?
1190 4233 1382 4270 nonne
1420 4216 1588 4269 arbor
1618 4233 1734 4270 non
1763 4233 1850 4269 es-

151 4312 261 4371 set,
295 4306 342 4359 si
373 4321 488 4359 una
519 4321 637 4358 non
669 4306 854 4358 esset?
899 4304 1046 4368 Quid
1081 4306 1339 4358 membra
1385 4305 1691 4374 cujuslibet
1721 4304 1847 4357 ani-

158 4393 370 4448 mantis
401 4410 463 4447 ac
509 4393 746 4454 viscera,
798 4398 854 4446 et
901 4391 1183 4462 quidquid
1214 4397 1298 4445 est
1344 4408 1544 4445 eorum
1575 4408 1604 4445 e
1644 4392 1852 4462 quibus

155 4483 424 4536 constat?
453 4482 612 4536 Certe
664 4481 712 4534 si
757 4480 993 4533 unitatis
1038 4479 1327 4549 patiantur
1357 4480 1686 4549 divortium,
1737 4497 1851 4534 non

156 4571 267 4625 erit
299 4570 529 4624 animal.
563 4568 746 4623 Amici
767 4568 905 4640 quid
926 4567 1081 4622 aliud
1103 4584 1274 4639 quam
1298 4585 1477 4622 unum
1499 4585 1620 4623 esse
1643 4585 1850 4623 conan-

161 4661 301 4714 tur?
329 4660 394 4712 Et
423 4663 636 4728 quanto
667 4657 848 4727 magis
880 4671 1081 4716 unum,
1111 4661 1267 4709 tanto
1298 4655 1479 4726 magis
1499 4657 1669 4710 amici
1700 4664 1850 4711 sunt.

161 4748 416 4819 Populus
450 4763 563 4801 una
593 4746 787 4800 civitas
818 4750 923 4810 est,
955 4744 1046 4798 cui
1076 4749 1159 4798 est
1193 4743 1511 4814 periculosa
1544 4745 1852 4800 dissensio:

161 4836 302 4906 quid
331 4843 415 4890 est
444 4842 634 4890 autem
663 4835 982 4901 dissentire,
1018 4832 1128 4886 nisi
1150 4849 1264 4886 non
1295 4848 1474 4886 unum
1503 4833 1750 4887 sentire?
1782 4835 1855 4887 Ex

161 4924 360 4978 multis
394 4923 671 4978 militibus
724 4923 788 4977 ﬁt
835 4939 981 4976 unus
1034 4921 1341 4975 exercitus:
1405 4937 1596 4974 nonne
1641 4921 1856 4992 quaevis

158 5013 471 5066 multitudo
500 5029 566 5066 eo
591 5012 778 5066 minus
800 5011 1063 5076 vincitur,
1085 5028 1199 5082 quo
1223 5010 1402 5080 magis
1427 5009 1484 5062 in
1506 5026 1682 5063 unum
1706 5010 1858 5064 coit?

161 5102 324 5157 Unde
355 5103 478 5172 ipsa
514 5102 683 5154 coitio
730 5101 790 5153 in
846 5116 1046 5167 unum,
1097 5117 1312 5154 cuneus
1370 5100 1700 5153 nominatus
1751 5103 1854 5164 est,

159 5189 327 5260 quasi
356 5206 624 5243 conneus.
658 5189 804 5253 Quid
835 5205 998 5242 amor
1036 5189 1265 5243 omnis?
1295 5205 1486 5242 nonne
1518 5204 1696 5241 unum
1740 5189 1859 5241 vult

160 5277 290 5333 ﬁeri
319 5294 451 5331 cum
472 5293 539 5330 eo
573 5278 723 5348 quod
747 5282 918 5341 amat,
944 5281 1002 5329 et
1031 5275 1078 5328 si
1109 5277 1494 5347 eicontingat,
1527 5292 1706 5329 unum
1728 5293 1857 5330 cum

161 5383 230 5420 eo
259 5365 361 5419 lit?
395 5365 666 5434 Voluptas
697 5365 819 5434 ipsa
850 5380 966 5418 non
994 5363 1063 5416 ob
1097 5364 1253 5418 aliud
1283 5365 1522 5419 delectat
1550 5365 1856 5418 vehemen-

160 5453 294 5520 tius,
331 5453 440 5506 nisi
472 5453 628 5523 quod
649 5453 904 5507 amantia
929 5468 1050 5506 sese
1077 5469 1316 5522 corpora
1345 5454 1406 5507 in
1437 5469 1615 5506 unum
1646 5468 1858 5522 cogun-

160 5547 272 5598 tur.
307 5541 482 5597 Dolor
505 5540 657 5594 unde
685 5539 1040 5610 perniciosus
1071 5541 1194 5594 est?
1220 5539 1362 5604 Quia
1403 5540 1460 5594 id
1492 5540 1644 5611 quod
1675 5555 1853 5594 unum

1567 299 1778 356 LIBER
1828 300 2220 362 SECUNDUS.

3504 309 3636 362 l0l8

1946 432 2088 492 erat,
2121 428 2384 483 dissicere
2413 429 2619 484 nititur
2649 432 2686 482 ¹.

1947 518 2170 571 CAPUT
2194 518 2324 571 XIX.
2357 547 2424 558 --
2471 521 2635 572 Homo
2682 517 2824 571 unde
2871 517 3045 571 brutis
3091 517 3471 586 praestantior,
3523 532 3629 584 quo

2393 606 2546 660 modo
2572 609 2741 675 possit
2778 606 2959 659 videro
2991 609 3175 659 Deum.

2017 695 2162 764 Ergo
2193 694 2496 747 molestum
2529 698 2580 746 et
2612 692 2993 762 periculosum
3023 696 3128 756 est,
3174 706 3303 744 cum
3349 706 3414 744 eo
3447 705 3632 744 unum

1945 781 2071 836 ﬁeri
2099 782 2254 851 quod
2285 782 2535 852 separari
2564 785 2769 850 potest.

2013 872 2107 924 49.
2149 871 2223 923 Ex
2256 869 2450 922 multis
2472 869 2638 922 rebus
2668 867 2875 937 passim
2894 873 3024 920 ante
3051 867 3384 937 iacentibus,
3422 865 3628 920 deinde

1945 958 2006 1011 in
2050 974 2223 1012 unam
2262 958 2504 1011 formam
2545 956 2902 1025 congregatis
2945 972 3118 1009 unam
3168 955 3311 1009 facio
3359 954 3627 1008 domum.

1946 1045 2145 1099 Melior
2191 1060 2318 1114 ego,
2361 1044 2645 1115 siquidem
2682 1060 2786 1114 ego
2817 1043 2978 1109 facio,
3001 1044 3098 1096 illa
3127 1044 3218 1096 ﬁt:
3255 1043 3380 1096 ideo
3429 1042 3634 1095 melior

1946 1133 2080 1203 quia
2108 1133 2280 1200 facio;
2314 1150 2431 1186 non
2473 1133 2713 1187 dubium
2745 1137 2829 1185 est
2873 1131 3004 1184 inde
3037 1148 3124 1184 me
3173 1147 3293 1184 esse
3333 1132 3629 1185 meliorem

1947 1237 2118 1292 quam
2142 1222 2344 1276 domus
2365 1228 2465 1275 est.
2492 1221 2595 1275 Sed
2631 1237 2744 1273 non
2774 1220 2905 1273 inde
2936 1235 3060 1272 sum
3086 1219 3284 1272 melior
3302 1218 3636 1284 hirundine,

1948 1316 2047 1364 aut
2075 1310 2325 1380 apicula;
2376 1326 2511 1364 nam
2541 1314 2598 1363 et
2626 1310 2722 1362 illa
2758 1309 2917 1362 nidos
2963 1308 3172 1360 affabre
3205 1307 3388 1370 struit,
3440 1310 3494 1358 et
3535 1307 3632 1358 illa

1944 1397 2129 1452 favos:
2165 1399 2263 1452 sed
2297 1399 2384 1451 his
2416 1397 2640 1463 melior,
2673 1397 2809 1467 quia
2838 1395 3112 1449 rationale
3143 1395 3354 1448 animal
3385 1409 3531 1446 sum.
3564 1397 3635 1448 At

1945 1485 1991 1538 si
2026 1485 2085 1538 in
2115 1485 2250 1538 ratis
2294 1485 2747 1539 dimensionibus
2779 1485 2919 1537 ratio
2951 1488 3065 1549 est;
3111 1482 3535 1552 numquidnam
3582 1485 3640 1534 et

1945 1590 2075 1627 aves
2101 1575 2250 1644 quod
2278 1575 2572 1642 fabricant,
2615 1575 2805 1627 minus
2835 1578 2962 1644 apte
2997 1578 3514 1641 comgruenterque
3549 1570 3635 1623 di-

1947 1678 2210 1716 mensum
2254 1668 2372 1716 est?
2434 1664 2552 1716 lmo
2606 1661 3141 1716 numerosissimum
3188 1665 3288 1713 est.
3341 1659 3463 1711 Non
3498 1673 3636 1726 ergo

1947 1766 2248 1804 numerosa
2278 1751 2554 1817 faciendo,
2578 1751 2670 1803 sed
2696 1765 2962 1803 numeros
2988 1747 3398 1817 cognoscendo,
3432 1746 3637 1798 melior

1948 1855 2094 1892 sum.
2141 1839 2288 1902 Quid
2335 1841 2515 1909 ergo?
2560 1839 2672 1891 illa:
2717 1839 3030 1891 nescientes
3062 1835 3287 1905 operari
3330 1849 3636 1887 numerosa

1947 1928 2251 1998 poterant?
2282 1930 2550 1981 Poterant
2575 1927 2844 1996 profecto.
2884 1925 3041 1980 Unde
3067 1924 3122 1977 id
3155 1924 3431 1977 docetur?
3465 1923 3535 1974 Ex
3569 1937 3637 1974 eo

1947 2015 2098 2085 quod
2130 2032 2230 2068 nos
2271 2031 2496 2086 quoque
2527 2015 2691 2068 certis
2723 2011 3177 2068 dimensionibus
3211 2011 3469 2081 linguam
3494 2010 3633 2063 den-

1949 2103 2099 2156 tibus
2129 2108 2184 2156 et
2209 2103 2397 2172 palato
2439 2103 2953 2166 accommodamus,
3002 2105 3064 2153 ut
3107 2117 3173 2153 ex
3203 2115 3300 2152 ore
3332 2099 3534 2150 littera
3575 2113 3638 2150 ac

1949 2191 2121 2244 verba
2149 2196 2544 2261 prorumpant,
2589 2207 2693 2243 nec
2721 2195 2914 2243 tamen
2952 2189 3266 2260 cogitamus
3295 2203 3423 2240 cum
3455 2185 3638 2255 loqui-

1951 2295 2100 2345 mur,
2135 2296 2246 2348 quo
2277 2285 2435 2332 motu
2465 2279 2580 2332 oris
2610 2279 2667 2331 id
2688 2278 2869 2332 facere
2893 2278 3220 2330 debeamus.
3263 2275 3477 2328 Deinde
3509 2273 3638 2343 quis

1951 2368 2136 2422 bonus
2161 2371 2436 2432 cantator,
2485 2367 2659 2421 etiam
2690 2367 2736 2420 si
2778 2365 3008 2420 musicas
3056 2365 3128 2418 sit
3170 2364 3489 2434 imperitus,
3524 2378 3640 2415 non

1950 2456 2076 2528 ipso
2107 2473 2280 2510 sensu
2303 2457 2548 2510 naturali
2577 2461 2634 2510 et
2661 2455 2990 2525 rhythmum
3022 2459 3078 2507 et
3109 2454 3284 2506 melos
3315 2455 3644 2522 perceptum

1954 2545 2231 2599 memoria
2256 2544 2537 2597 custodiat
2565 2545 2622 2596 in
2655 2543 2907 2596 canendo
2926 2542 2952 2594 ‘?
2982 2558 3094 2612 quo
3122 2541 3257 2610 quid
3289 2540 3414 2594 fieri
3449 2554 3646 2592 nume-

1952 2633 2137 2686 rosius
2167 2635 2398 2700 potest?
2430 2633 2542 2685 Hoc
2583 2631 2762 2685 nescit
2813 2631 3099 2697 indoctus,
3150 2631 3247 2682 sed
3291 2633 3485 2682 tamen
3516 2625 3650 2679 facit

1955 2725 2228 2790 operante
2260 2724 2483 2773 natura.
2513 2719 2749 2784 Quando
2781 2723 2968 2772 autem
3001 2717 3228 2785 melior,
3259 2721 3314 2770 et
3345 2715 3647 2786 pecoribus

1955 2809 2374 2880 praeponendos
2392 2810 2419 2860 ?
2438 2808 2673 2871 Quando
2695 2807 2854 2860 novit
2883 2806 3034 2876 quod
3064 2806 3213 2858 facit.
3238 2809 3309 2858 At
3330 2805 3470 2857 nihil
3494 2802 3644 2856 aliud

1955 2913 2047 2951 me
2077 2897 2267 2966 pecori
2300 2896 2603 2966 prmponit,
2627 2895 2735 2947 nisi
2763 2894 2917 2964 quod
2950 2893 3224 2946 rationale
3255 2892 3468 2945 animal
3497 2907 3644 2943 sum.

2027 2987 2121 3042 50.
2159 2984 2458 3048 Quomodo
2483 2984 2656 3052 igitur
2685 2981 3024 3035 immortalis
3054 2977 3145 3034 est
3166 2979 3334 3044 ratio,
3368 2984 3423 3032 et
3452 2994 3556 3048 ego
3582 2978 3650 3029 si-

1954 3074 2072 3127 mul
2118 3078 2174 3126 et
2222 3072 2494 3125 rationale
2560 3070 2798 3123 mortale
2847 3068 3120 3139 quiddam
3179 3083 3299 3119 esse
3359 3065 3650 3119 deﬁnior?

1954 3165 2040 3216 An
2072 3161 2214 3214 ratio
2247 3176 2367 3213 non
2397 3164 2480 3212 est
2510 3155 2884 3212 immortalis?
2916 3157 3025 3210 Sed
3072 3171 3254 3209 unum
3289 3155 3358 3208 ad
3392 3154 3527 3219 duo,
3561 3153 3647 3205 vel

1955 3251 2068 3304 duo
2098 3250 2167 3303 ad
2199 3255 2466 3320 quatuor,
2514 3247 2807 3300 verissima
2839 3245 2984 3298 ratio
3015 3248 3126 3298 est:
3161 3260 3264 3296 nec
3297 3242 3480 3312 magis
3525 3240 3650 3294 heri

1956 3339 2066 3394 fuit
2094 3339 2200 3391 ista
2227 3336 2373 3390 ratio
2406 3352 2537 3388 vera
2577 3351 2748 3405 quam
2801 3333 3003 3398 hodie;
3036 3347 3141 3385 nec
3189 3331 3370 3401 magis
3401 3346 3524 3383 cras
3555 3332 3653 3381 aut

1957 3431 2086 3498 post
2108 3442 2321 3480 annum
2351 3425 2460 3478 erit
2483 3440 2640 3488 vera;
2676 3438 2777 3475 nec
2808 3421 2853 3474 si
2884 3421 3074 3475 omnis
3106 3421 3209 3473 iste
3236 3419 3484 3473 mundus
3517 3433 3651 3471 con-

1958 3516 2128 3582 cidat,
2185 3514 2392 3585 poterit
2435 3513 2543 3565 ista
2589 3513 2731 3564 ratio
2763 3527 2881 3563 non
2913 3525 3052 3562 esse.
3096 3510 3205 3562 Ista
3234 3507 3389 3561 enim
3428 3521 3654 3575 semper

1956 3603 2085 3656 talis
2107 3608 2214 3668 est;
2251 3600 2499 3655 mundus
2530 3604 2722 3652 autem
2747 3600 2848 3651 iste
2874 3615 2976 3651 nec
3003 3597 3126 3651 heri
3153 3596 3374 3661 habuit,
3407 3612 3510 3648 nec
3531 3610 3654 3647 cras

1958 3691 2191 3744 habebit
2238 3689 2392 3760 quod
2440 3689 2613 3741 habet
2664 3687 2855 3754 hodie,
2914 3701 3017 3738 nec
3066 3685 3340 3738 hodierno
3372 3683 3493 3753 ipso
3540 3682 3650 3747 die,

1958 3781 2046 3832 vel
2077 3778 2258 3847 spatio
2298 3776 2468 3829 unius
2497 3777 2653 3829 horse
2701 3774 2902 3828 eodem
2934 3774 3057 3825 loco
3091 3773 3271 3824 solem
3300 3770 3528 3824 habuit:
3575 3769 3653 3822 ita

1960 3884 2089 3921 cum
2122 3867 2180 3919 in
2210 3881 2276 3918 eo
2310 3863 2451 3917 nihil
2477 3866 2687 3924 manet,
2723 3862 2863 3914 nihil
2891 3860 2976 3913 vel
3006 3875 3178 3929 parvo
3211 3857 3394 3928 spatio
3426 3861 3651 3924 tempo-

1959 3955 2038 4008 ris
2068 3954 2239 4008 habet
2267 3953 2465 4005 eodem
2490 3949 2678 4003 modo.
2701 3949 2900 4017 Igitur,
2932 3948 2975 4000 si
3004 3945 3342 4000 immortalis
3374 3949 3456 3998 est
3486 3944 3649 4008 ratio,

1961 4048 2017 4096 et
2045 4058 2148 4112 ego
2199 4041 2295 4111 qui
2343 4040 2448 4092 ista
2479 4038 2673 4091 omnia
2709 4038 2794 4090 vel
2826 4036 3083 4090 discerno
3114 4035 3197 4088 vel
3231 4037 3525 4098 connecto,
3559 4049 3653 4084 ra-

1961 4133 2040 4186 tio
2071 4147 2225 4197 sum;
2259 4129 2400 4182 illud
2441 4144 2553 4197 quo
2588 4127 2822 4180 mortale
2851 4125 3130 4194 appellor,
3163 4139 3280 4176 non
3311 4127 3395 4174 est
3423 4136 3646 4174 meum.

1961 4224 2091 4285 Aut,
2125 4219 2170 4271 si
2200 4217 2391 4272 anima
2413 4232 2526 4268 non
2556 4215 2610 4269 id
2638 4219 2722 4267 est
2752 4213 2903 4284 quod
2934 4213 3100 4278 ratio,
3125 4215 3182 4265 et
3203 4217 3394 4265 tamen
3427 4208 3652 4262 ratione

1965 4311 2115 4373 utor,
2146 4309 2201 4358 et
2229 4320 2329 4374 per
2382 4303 2661 4357 rationem
2717 4301 2921 4355 melior
2963 4317 3123 4366 sum;
3175 4316 3209 4352 a
3258 4299 3538 4353 deteriore
3584 4297 3651 4350 ad

1962 4393 2187 4457 melius,
2220 4408 2252 4444 a
2281 4390 2506 4444 mortali
2550 4389 2618 4442 ad
2651 4388 2974 4442 immortale
3004 4387 3342 4457 iugiendum
3375 4390 3476 4438 est.
3529 4387 3658 4439 Haec

1964 4487 2020 4535 et
2047 4481 2158 4534 alia
2187 4481 2370 4533 multa
2401 4494 2589 4531 secum
2618 4479 2810 4530 anima
2839 4476 2981 4529 bene
3013 4476 3236 4528 erudita
3267 4474 3541 4544 loquitur,
3572 4478 3655 4526 at-

1965 4585 2075 4640 que
2105 4569 2307 4638 agitat:
2342 4582 2470 4636 qua:
2505 4565 2768 4635 persequi
2800 4565 2951 4629 nolo,
2985 4579 3056 4615 ne
3099 4578 3226 4614 cum
3267 4561 3528 4615 ordinem
3559 4577 3660 4614 vos

1964 4658 2166 4710 docere
2189 4655 2376 4725 cupio,
2411 4654 2642 4706 modum
2667 4651 2955 4714 excedam,
2986 4649 3084 4720 qui
3117 4655 3277 4719 pater
3302 4654 3386 4703 est
3416 4649 3653 4704 ordinis.

1967 4744 2251 4799 Gradatim
2305 4742 2456 4795 enim
2492 4758 2570 4806 se,
2630 4745 2685 4794 et
2737 4739 2809 4792 ad
2842 4755 3027 4792 mores
3060 4738 3351 4808 vitamque.
3380 4739 3657 4808 optimam

1966 4849 2081 4886 non
2106 4834 2225 4902 jam
2255 4832 2374 4884 sola
2399 4830 2528 4891 ﬁde,
2564 4828 2661 4881 sed
2692 4833 2844 4881 certa
2874 4827 3090 4880 ratione
3124 4827 3400 4895 perducit.
3432 4827 3535 4881 Cui
3571 4826 3660 4878 ni-

1967 4936 2254 4974 merorum
2278 4917 2392 4970 vim
2440 4923 2608 4988 atque
2639 4914 2953 4986 potentiam
2979 4914 3286 4984 diligenter
3306 4912 3549 4967 intuenti
3579 4911 3661 4964 ni-

1967 5010 2076 5062 mis
2106 5008 2410 5075 indignum
2450 5003 2737 5058 videbitur
2767 5008 2821 5057 et
2850 5003 3023 5056 nimis
3058 5004 3331 5064 flendum,
3366 5017 3468 5071 per
3497 5014 3657 5052 suam

1969 5095 2261 5150 scientiam
2282 5109 2506 5146 versum
2525 5093 2667 5145 bene
2684 5107 2910 5144 currere
2928 5091 3318 5160 citharamque
3340 5087 3656 5151 concinere,

1969 5189 2026 5238 et
2055 5199 2217 5236 suam
2246 5182 2417 5235 vitam
2459 5196 2631 5250 seque
2671 5179 2854 5250 ipsam
2886 5196 3013 5251 qua:
3057 5179 3250 5232 anima
3298 5180 3398 5242 est,
3431 5173 3657 5227 devium

2031 5361 2047 5395 1
2080 5357 2524 5414 Lov.,discindere
2538 5355 3110 5415 nili!ur.Er.disjicere.
3128 5347 3573 5415 Bad.,dishi._sccre.
3596 5350 3661 5398 At

1967 5422 2080 5470 Ain.
2104 5427 2156 5471 et
2182 5413 2304 5469 Mss.
2343 5421 2522 5468 decem
2545 5419 2850 5481 praeferunt,
2873 5413 3129 5481 dissicere.
3159 5413 3306 5481 Quod
3330 5413 3546 5481 verbum
3570 5426 3659 5460 an-

1969 5483 2127 5546 tiquis
2162 5483 2465 5530 auctoribus
2490 5474 2756 5546 receptum
2780 5494 2890 5546 esse
2917 5479 3200 5546 observant
3227 5474 3435 5526 eruditi.
3470 5480 3520 5526 et
3556 5488 3660 5525 mas

1971 5541 2362 5607 niiscriptorum
2383 5558 2480 5607 ope
2513 5541 2708 5606 passim
2738 5541 3038 5590 restituunt.
