4058 6352
428 336 563 389 1019

427 455 539 509 iter
580 455 774 525 sequi,
823 458 881 507 et
928 451 1257 508 dominante
1292 449 1399 502 sibi
1442 446 1700 513 libidine,
1735 461 1865 500 cum
1901 445 2109 514 turpis-

428 543 574 598 simo
602 559 660 596 se
690 542 956 596 vitiorum
981 540 1219 610 strepitu
1249 538 1556 592 dissonare.

503 635 590 685 61.
626 632 766 684 Cum
804 635 998 683 autem
1031 645 1088 680 se
1131 623 1516 695 composuerit
1562 626 1617 676 et
1659 619 2022 683 ordinaverit,
2052 633 2115 672 ac

436 719 773 773 concinnam
828 717 1240 787 pulchramque
1315 707 1641 776 reddiderit,
1711 707 1944 762 audebit
1995 708 2115 776 jam

438 809 616 861 Deum
643 807 852 870 videre,
886 809 1053 872 atque
1083 802 1271 871 ipsum
1301 801 1519 854 fontem
1546 800 1696 853 unde
1725 801 1920 850 manat
1945 810 2115 848 omne

435 910 656 958 verum,
685 893 987 962 ipsumque
1022 892 1248 944 Patrem
1276 886 1560 942 Veritatis.
1587 888 1733 940 Deus
1761 899 1988 953 magno,
2017 881 2118 953 qui

431 987 600 1036 erunt
628 981 709 1033 illi
739 979 916 1034 oculi!
953 994 1127 1049 quam
1157 977 1299 1042 sani,
1354 991 1527 1046 quam
1572 973 1782 1039 decori,
1815 987 1987 1043 quam
2017 986 2115 1024 va-

428 1071 630 1134 lentes,
675 1083 844 1138 quam
892 1070 1231 1130 constantes,
1282 1080 1453 1134 quam
1499 1061 1706 1130 sereni,
1734 1077 1905 1131 quam
1936 1059 2111 1114 beati!

433 1157 577 1222 Quid
610 1161 799 1210 autem
829 1159 913 1208 est
943 1155 1081 1208 illud
1108 1154 1255 1224 quod
1281 1153 1512 1206 vident?
1538 1151 1696 1222 quid,
1721 1149 1952 1220 quaeso?
1977 1147 2118 1212 Quid

434 1243 800 1308 arbitremur,
834 1243 970 1312 quid
1001 1241 1366 1305 aestimemus,
1399 1239 1534 1310 quid
1562 1238 1900 1309 loquamur?
1925 1235 2118 1299 Quoti-

436 1333 607 1386 diana
636 1332 809 1385 verba
841 1335 1163 1395 occurrunt,
1195 1335 1250 1382 et
1275 1329 1560 1382 sordidata
1589 1331 1720 1380 sunt
1747 1324 1939 1379 omnia
1968 1322 2120 1376 vilis-

433 1419 593 1472 simis
618 1419 805 1472 rebus.
838 1418 987 1471 Nihil
1013 1417 1255 1487 amplius
1284 1417 1487 1482 dicam,
1527 1415 1635 1468 nisi
1673 1412 1930 1483 promitti
1959 1410 2122 1464 nobis

438 1512 732 1576 aspectum
784 1506 1243 1576 pulchritudinis,
1296 1505 1456 1573 cujus
1515 1501 1831 1556 imitatione
1885 1501 2123 1569 pulchra

435 1595 595 1664 cujus
645 1595 1067 1665 comparatione
1126 1594 1272 1647 fmda
1316 1597 1446 1646 sunt
1501 1596 1722 1646 cwtera.
1760 1591 1910 1643 Hanc
1967 1589 2120 1658 quis-

437 1685 566 1754 quis
616 1683 821 1737 viderit
872 1682 1107 1752 (videbit
1163 1687 1353 1735 autem
1411 1681 1510 1750 qui
1561 1681 1704 1734 bene
1756 1678 1912 1741 vivit,
1977 1677 2122 1730 bene

437 1777 582 1836 orat,
635 1772 780 1824 bene
829 1771 1066 1838 studet),
1112 1769 1341 1839 quando
1377 1784 1507 1822 eum
1557 1765 1806 1820 movebit
1849 1780 1949 1817 cur
1977 1764 2122 1816 alius

436 1864 638 1930 optans
666 1859 875 1912 habere
905 1858 1053 1911 ﬁlios
1080 1874 1196 1910 non
1217 1858 1441 1924 habeat,
1473 1857 1616 1910 alius
1645 1854 1998 1908 abundantes
2028 1867 2120 1905 ex-

435 1952 632 2018 ponat,
687 1947 830 2000 alius
882 1945 1065 1999 oderit
1120 1944 1454 2012 nascituros,
1495 1943 1693 2012 diligat
1738 1943 1882 1994 alius
1930 1944 2121 1992 natos:

437 2036 730 2106 quomodo
762 2051 878 2088 non
900 2037 1181 2104 repugnet
1208 2033 1352 2087 nihil
1383 2033 1639 2086 futurum
1661 2048 1802 2098 esse,
1825 2029 1977 2098 quod
2009 2043 2124 2081 non

440 2124 514 2178 sit
543 2124 696 2193 apud
723 2125 924 2190 Deum,
950 2139 1015 2175 ex
1039 2138 1152 2192 quo
1172 2136 1398 2174 necesse
1434 2125 1518 2174 est
1537 2119 1734 2173 ordine
1758 2117 1953 2172 omnia
1975 2115 2120 2182 ﬁeri,

438 2217 496 2266 et
524 2217 716 2266 tamen
747 2228 858 2264 non
889 2211 1098 2264 frustra
1116 2211 1294 2263 Deum
1315 2209 1539 2279 rogari?
1563 2210 1872 2270 Postremo,
1896 2206 2123 2276 quando

433 2300 655 2370 justum
685 2300 871 2352 virum
903 2298 1213 2351 movebunt
1237 2302 1335 2350 aut
1358 2297 1474 2350 ulla
1493 2313 1685 2362 onera,
1716 2301 1815 2349 aut
1840 2295 1956 2347 ulla
1981 2293 2128 2363 peri-

439 2389 586 2452 cula,
619 2392 717 2441 aut
743 2387 860 2440 ulla
889 2385 1132 2450 fastidia,
1161 2390 1255 2438 aut
1288 2385 1402 2438 ulla
1433 2383 1820 2437 blandimenta
1843 2383 2127 2436 fortunae?

441 2477 505 2528 In
538 2476 646 2528 hoc
677 2473 831 2527 enim
859 2472 1111 2526 sensibili
1138 2472 1350 2525 mundo
1375 2472 1736 2525 vehementer
1764 2471 2126 2524 consideran-

443 2560 582 2614 dum
613 2566 698 2614 est
748 2560 884 2630 quid
915 2560 988 2614 sit
1012 2565 1236 2629 tempus
1267 2564 1323 2612 et
1369 2560 1558 2623 locus;
1607 2563 1671 2612 ut
1713 2559 1861 2628 quod
1893 2558 2130 2611 delectat

440 2649 500 2702 in
530 2653 712 2718 parte,
747 2649 861 2702 sive
906 2649 1031 2711 loci,
1076 2648 1189 2702 sive
1219 2648 1512 2718 temporis,
1555 2649 1909 2718 intelligatur
1936 2652 2130 2700 tamen

443 2737 624 2790 multo
657 2754 778 2790 esse
821 2737 1026 2791 melius
1049 2741 1252 2806 totum,
1283 2737 1442 2806 cujus
1473 2737 1569 2790 illa
1617 2753 1744 2807 pars
1774 2741 1886 2803 est;
1917 2741 1973 2789 et
2003 2751 2128 2789 rur-

440 2841 555 2890 sus,
585 2826 736 2895 quod
783 2825 1020 2880 offendit
1049 2824 1107 2878 in
1138 2831 1318 2894 parte,
1373 2827 1741 2896 perspicuum
1788 2825 1860 2879 sit
1909 2825 2130 2878 homini

443 2917 627 2979 docto,
662 2930 778 2967 non
803 2914 876 2967 ob
910 2913 1064 2966 aliud
1102 2913 1410 2981 offendere,
1458 2913 1564 2967 nisi
1599 2913 1734 2983 quia
1759 2930 1876 2966 non
1905 2913 2131 2966 videtur

437 3005 643 3067 totum,
673 3001 765 3055 cui
796 3019 927 3071 pars
955 3003 1055 3055 illa
1084 3002 1423 3056 mirabiliter
1454 3001 1744 3072 congruit:
1785 3001 1842 3054 in
1873 3001 1969 3054 illo
1994 3018 2126 3054 vero

438 3091 653 3144 mundo
684 3089 1056 3160 intelligibili,
1097 3090 1412 3160 quamlibet
1439 3095 1680 3160 partem,
1729 3095 2003 3159 tanquam
2049 3094 2130 3142 to-

436 3183 582 3240 tum,
619 3179 918 3247 pulchram
950 3193 1070 3231 esse
1109 3182 1280 3246 atque
1310 3178 1617 3248 perfectam
1650 3179 1690 3232 1.
1725 3177 1994 3231 Dicentur
2024 3176 2131 3231 ista

439 3265 629 3326 latius,
664 3265 710 3317 si
740 3269 924 3317 vestra
948 3264 1133 3317 studia
1152 3264 1264 3318 sive
1287 3269 1666 3317 memoratum
1687 3263 1856 3317 istum
1881 3281 1912 3317 a
1941 3265 2126 3331 nobis,

443 3351 560 3404 sive
592 3351 769 3404 alium
805 3351 1044 3404 fortasse
1081 3351 1400 3404 breviorem
1445 3356 1614 3421 atque
1661 3351 2127 3417 commodiorem,

440 3446 662 3494 rectum
698 3446 889 3494 tamen
919 3439 1201 3503 ordinem,
1260 3444 1324 3494 ut
1352 3441 1551 3493 hortor
1605 3457 1667 3494 ac
1723 3457 1905 3510 spero,
1937 3446 2131 3496 tenere

439 3528 809 3592 instituerint,
843 3532 1014 3598 atque
1045 3528 1280 3582 omnino
1314 3529 1560 3599 graviter
1587 3535 2024 3599 constanterque
2056 3535 2133 3584 te-

442 3616 695 3670 nuerint.

530 3706 756 3760 CAPUT
779 3707 881 3759 ΧΧ.
915 3735 983 3746 —
1014 3707 1275 3774 Epilogus
1307 3707 1526 3760 hortans
1551 3707 1623 3759 ad
1644 3707 1833 3759 bonam
1856 3708 2048 3758 vitam.

519 3796 605 3846 5‘2.
637 3794 796 3857 Quod
829 3797 892 3846 ut
924 3793 1088 3847 nobis
1118 3793 1302 3858 liceat,
1335 3809 1558 3847 summa
1606 3810 1779 3863 opera
1823 3793 2006 3847 danda
2053 3797 2136 3845 est

451 3881 686 3950 Optimis
716 3882 1000 3947 moribus;
1035 3883 1181 3936 Deus
1211 3882 1363 3935 enim
1401 3888 1592 3936 noster
1619 3882 1786 3935 aliter
1814 3898 1917 3934 nos
1961 3897 2136 3934 exau-

449 3968 568 4024 dire
596 3986 708 4022 non
738 3970 977 4039 poterit:
1010 3970 1153 4024 bene
1183 3975 1373 4024 autem
1393 3971 1644 4023 viventes
1674 3970 1940 4024 facillime
1971 3986 2136 4022 exau-

453 4057 571 4111 diet
600 4060 645 4124 (1
677 4059 937 4122 Retract.,
963 4074 1006 4112 ο.
1042 4061 1092 4120 3,
1133 4075 1189 4112 η.
1222 4061 1298 4129 3).
1333 4058 1572 4112 Oremus
1601 4075 1756 4126 ergo,
1791 4074 1906 4111 non
1937 4062 1999 4111 ut
2028 4073 2134 4110 no-

454 4144 541 4198 bis
571 4144 803 4213 divitizn,
835 4147 921 4199 vel
951 4147 1218 4212 honores,
1258 4147 1343 4200 vel
1374 4145 1702 4214 hujusmodi
1735 4162 1821 4198 res
1861 4147 2027 4198 ﬂuxa:
2057 4149 2137 4198 at-

455 4249 566 4302 que
595 4237 880 4299 nutantes,
913 4240 970 4287 et
1017 4234 1215 4302 quovis
1270 4234 1563 4288 resistente
1602 4238 1978 4298 transeuntes,
2039 4233 2138 4287 sed

449 4324 599 4371 utea
629 4321 983 4388 proveniant,
1033 4338 1160 4390 qua:
1211 4339 1314 4374 nos
1347 4322 1527 4375 bonos
1576 4321 1782 4375 faciant
1833 4338 1893 4374 ac
1921 4322 2132 4375 beatos.

453 4407 592 4470 Quae
622 4412 748 4460 vota
804 4414 865 4462 ut
907 4409 1267 4463 devotissime
1324 4409 1690 4479 impleantur,
1742 4407 1844 4463 tibi
1893 4410 2137 4463 maxime

449 4493 558 4547 hoc
589 4495 904 4563 negotium,
937 4501 1137 4557 mater,
1172 4496 1557 4566 injungimus;
1587 4499 1745 4567 cujus
1770 4497 2033 4567 precibus
2058 4497 2140 4549 in-

451 4581 785 4636 dubitanter
813 4584 981 4638 credo
1011 4590 1180 4655 atque
1211 4587 1483 4638 confirmo
1517 4585 1656 4638 mihi
1688 4586 1854 4639 istam
1887 4590 2135 4638 mentem

458 4671 637 4723 Deum
673 4671 910 4736 dedisse,
967 4677 1030 4726 ut
1057 4673 1412 4727 invenienda:
1443 4673 1665 4726 veritati
1706 4673 1851 4726 nihil
1903 4673 2137 4726 omnino

452 4773 814 4828 praeponam,
863 4760 1003 4814 nihil
1057 4761 1210 4814 aliud
1270 4761 1458 4828 velim,
1491 4761 1636 4815 nihil
1685 4762 1947 4831 cogitem,
1993 4760 2137 4814 nihil

520 4890 690 4956 1E_r.et
705 4877 1368 4955 Ven..quamlibelpariem
1390 4898 1550 4944 totam
1563 4893 1853 4956 pulrhram
1868 4908 1974 4943 esse
1987 4897 2141 4956 atque

452 4952 760 5020 per/fciam
773 4952 926 5009 .Lov..
941 4952 1228 5020 quamlibet
1249 4962 1485 5020 partem,
1505 4952 1760 5020 tanquam
1775 4952 2140 5016 totumtotum

439 5013 733 5078 pulchram
755 5021 920 5079 atque
948 5013 1264 5081 perfectam?
1286 5020 1358 5067 Μ.

1249 329 1344 384 DE
1384 323 1756 392 SEQUENTE
1796 323 2006 378 LIBRO
2045 321 2140 376 DE
2179 315 2434 376 ANIM/E
2474 307 3091 368 IMMORTALITATE.

3814 303 3953 356 1020

2225 471 2434 511 amem.
2497 454 2606 508 Nec
2634 449 2829 505 desino
2858 447 3089 502 credere
3119 461 3225 498 nos
3267 445 3375 499 hoc
3403 447 3640 498 tantum
3691 441 3950 502 bonum,

2227 545 2378 616 quod
2408 549 2461 597 te
2491 541 2854 612 promerente
2885 533 3336 604 concupivimus,
3369 532 3572 586 eadem
3603 536 3664 584 te
3699 534 3948 599 petente

2226 634 2552 701 adepturos.
2601 629 2725 682 Jam
2756 642 2888 678 vero
2938 629 3013 690 te,
3075 622 3262 692 Alypi,
3316 621 3453 691 quid
3493 618 3739 674 horter?
3803 617 3944 688 quid

2226 718 2535 775 moneam?
2583 715 2691 781 Qui
2730 718 3031 785 propterea
3059 711 3272 765 nimius
3311 725 3430 763 non
3475 725 3556 774 es,
3621 707 3779 778 quia
3809 708 3948 759 talia

2228 805 2591 879 quantumvis
2620 818 2831 868 amare,
2866 801 3102 854 fortasse
3146 814 3374 868 semper
3401 812 3634 869 parum,
3689 795 3946 849 nimium

2229 912 2361 950 vero
2394 908 2690 963 nunquam
2719 895 2869 944 recte
2899 889 3010 942 dici
3040 891 3242 959 potest.

2300 986 2388 1038 53.
2430 982 2528 1036 Hic
2555 982 2682 1034 ille:
2742 980 2882 1032 Vere
2922 975 3179 1040 effecisti,
3212 973 3422 1050 inquit,
3479 977 3544 1026 ut
3590 971 3944 1026 memoriam

2230 1070 2687 1126 doctissimorum
2710 1084 2772 1121 ac
2790 1080 3130 1135 magnorum
3149 1064 3425 1128 virorum,
3459 1077 3589 1133 qua“:
3621 1061 3945 1130 aliquando

2227 1175 2330 1228 pro
2360 1174 2550 1211 rerum
2585 1154 2977 1224 magnitudine
2999 1151 3350 1206 incredibilis
3363 1149 3691 1213 videbatur,
3721 1152 3782 1201 et
3805 1164 3945 1218 quo—

2228 1247 2446 1301 tidiana
2475 1243 2946 1306 consideratione,
2979 1247 3035 1295 et
3062 1241 3170 1294 ista
3201 1238 3470 1310 praesenti
3502 1254 3634 1308 quae
3669 1237 3731 1290 in
3761 1243 3819 1290 te
3851 1253 3947 1288 no-

2229 1336 2315 1390 bis
2345 1342 2430 1388 est
2456 1332 2856 1396 admiratione,
2894 1345 3010 1384 non
3067 1329 3256 1381 solum
3308 1325 3544 1380 dubiam
3576 1341 3695 1378 non
3725 1324 3948 1378 habea-

2229 1440 2378 1489 mus,
2410 1438 2608 1476 verum
2641 1421 2837 1484 etiam,
2871 1419 2918 1470 si
2947 1433 3173 1471 necesse
3213 1415 3305 1480 sit,
3343 1415 3412 1468 de
3445 1414 3543 1467 illa
3570 1414 3773 1484 jurare
3808 1429 3951 1483 pos-

2233 1512 2429 1566 simus.
2465 1510 2610 1574 Quid
2659 1506 2858 1562 enini?
2903 1506 3070 1559 nobis
3100 1519 3291 1558 nonne
3350 1503 3448 1556 illa
3493 1501 3848 1554 venerabilis
3885 1517 3952 1554 ac

2230 1615 2409 1669 prope
2441 1598 2650 1661 divina,
2684 1613 2812 1666 qua:
2857 1594 2988 1664 jure
3039 1598 3096 1646 et
3125 1591 3318 1645 habita
3363 1595 3447 1643 est
3475 1595 3529 1642 et
3559 1589 3808 1659 probata
3839 1591 3951 1659 Py-

2230 1687 2486 1756 thagora:
2517 1683 2835 1754 disciplina,
2883 1682 2981 1734 abs
3038 1685 3092 1733 te
3125 1679 3297 1733 hodie
3331 1677 3539 1731 nostris
3588 1676 3763 1730 etiam
3797 1692 3950 1746 pene

2232 1775 2406 1828 oculis
2430 1777 2676 1826 reserata
2698 1776 2782 1824 est
2804 1768 2820 1800 ¹
2846 1769 2988 1837 (Lib.
3021 1772 3039 1822 t
3077 1771 3337 1832 Rctract.,
3365 1782 3484 1834 cap.
3521 1767 3638 1828 3,11.
3667 1764 3769 1832 3)?
3801 1766 3949 1818 Cum

2234 1867 2289 1917 et
2309 1862 2436 1915 vitae
2459 1861 2705 1926 regulas,
2729 1863 2786 1912 et
2805 1855 3054 1910 scientiae
3078 1871 3192 1908 non
3215 1860 3332 1908 tam
3356 1853 3565 1907 itinera
3587 1869 3766 1923 quam
3787 1852 3950 1922 ipsos

2233 1967 2480 2020 campos,
2519 1965 2582 2001 ac
2636 1946 2859 2017 liquida
2889 1935 3141 2014 aequora,
3172 1946 3227 1998 et
3258 1941 3411 2012 quod
3443 1941 3525 1994 illi
3557 1941 3680 1994 viro
3713 1957 3953 2009 magna

2232 2035 2585 2092 venerationi
2625 2035 2750 2100 fuit,
2785 2033 2909 2102 ipsa
2939 2031 3112 2084 etiam
3146 2028 3391 2083 sacraria
3425 2028 3683 2081 veritatis
3724 2028 3830 2082 ubi
3861 2044 3953 2081 es-

2236 2133 2382 2195 sent,
2414 2125 2605 2196 qualia
2635 2127 2847 2188 essent,
2875 2120 3071 2191 quales
3100 2121 3448 2189 quaarerent,
3495 2121 3552 2170 et
3576 2117 3852 2178 breviter,
3896 2121 3956 2170 et

2236 2216 2312 2270 ita
2342 2216 2508 2285 plene
2541 2209 2897 2283 signiﬁcasti,
2927 2214 2993 2262 ut
3022 2207 3282 2278 quamvis
3312 2204 3690 2275 suspicemur,
3733 2209 3793 2258 et
3823 2220 3956 2258 cre-

2237 2305 2436 2358 damus
2467 2301 2570 2355 tibi
2622 2315 2744 2353 esse
2778 2298 2961 2352 adhuc
2991 2296 3311 2359 secretiora,
3344 2299 3537 2348 tamen
3569 2309 3686 2347 non
3726 2294 3957 2364 absque

2237 2390 2594 2461 impudentia
2624 2405 2728 2442 nos
2760 2392 3049 2457 putemus,
3084 2385 3132 2438 si
3162 2382 3411 2454 amplius
3437 2383 3759 2453 quidquam
3794 2382 3960 2452 ﬂagi-

2237 2481 2474 2534 tandum
2505 2479 2601 2531 abs
2631 2482 2686 2531 te
2718 2475 3084 2529 arbitremur.

2311 2569 2397 2621 54.
2430 2565 2657 2635 Accipio
2688 2565 2817 2631 ista,
2849 2563 3110 2632 inquam,
3135 2560 3403 2614 libenter.
3441 2560 3636 2628 Neque
3665 2558 3830 2613 enim
3859 2575 3958 2613 me

2238 2659 2355 2709 tam
2395 2655 2565 2708 verba
2595 2659 2716 2712 tua.
2750 2668 2879 2722 qua:
2927 2665 3058 2702 vera
3088 2665 3202 2702 non
3249 2653 3402 2712 sunt,
3448 2662 3622 2716 quam
3671 2663 3849 2700 verus
3893 2648 3958 2700 in

2238 2742 2423 2796 verbis
2450 2741 2676 2794 animus
2707 2739 2948 2792 delectat
2977 2742 3147 2806 atque
3179 2736 3405 2789 excitat.
3444 2736 3507 2788 Et
3529 2735 3672 2788 bene
3705 2735 3868 2806 quod
3901 2735 3956 2788 ei

2240 2830 2468 2885 mittere
2498 2829 2801 2882 statuimus
2831 2827 2933 2880 has
2966 2826 3203 2890 litteras,
3236 2823 3335 2894 qui
3368 2823 3437 2877 de
3475 2823 3639 2876 nobis
3679 2823 3829 2877 solet
3876 2823 3958 2876 li-

2237 2918 2438 2973 benter
2468 2918 2648 2970 multa
2677 2914 2926 2969 mentiri.
2963 2913 3020 2968 Si
3051 2912 3150 2984 qui
3178 2918 3371 2966 autem
3389 2910 3484 2964 alii
3512 2911 3753 2964 fortasse
3784 2910 3950 2981 lege-

2240 3007 2371 3071 rint,
2418 3020 2604 3074 neque
2648 3003 2750 3056 hos
2810 3015 3024 3069 metuo,
3076 3016 3147 3054 ne
3204 2999 3308 3053 tibi
3360 3002 3747 3052 succenseant.
3809 2998 3954 3062 Quis

2241 3093 2394 3147 enim
2424 3091 2667 3145 amantis
2706 3089 2887 3143 errori
2935 3089 2996 3142 in
3025 3088 3332 3158 judicando
3361 3103 3478 3140 non
3511 3085 3949 3139 benevolentis-

2241 3178 2381 3230 sime
2415 3177 2688 3247 ignoscat!
2719 3177 2881 3241 Quod
2907 3183 3097 3230 autem
3121 3176 3457 3246 Pythagoras
3483 3175 3840 3228 mentionem
3870 3175 3951 3228 fe-

2241 3265 2384 3329 cisti,
2438 3265 2624 3318 nescio
2674 3281 2786 3335 quo
2834 3265 2932 3319 illo
2983 3265 3175 3319 divino
3220 3263 3416 3316 ordine
3469 3263 3688 3316 occulto
3729 3263 3839 3317 tibi
3887 3263 3952 3317 in

2242 3359 2495 3406 mentem
2540 3353 2758 3406 venisse
2790 3354 2978 3407 credo.
3011 3353 3120 3406 Res
3145 3352 3298 3406 enim
3332 3351 3578 3405 multum
3617 3352 3954 3405 necessaria

2243 3441 2384 3496 mihi
2415 3457 2649 3511 prorsus
2679 3441 2983 3507 exciderat,
3018 3456 3192 3511 quam
3219 3442 3280 3494 in
3313 3441 3411 3494 illo
3442 3440 3562 3495 viro
3593 3440 3661 3509 (si
3687 3441 3832 3512 quid
3860 3441 3954 3495 lit-

2242 3529 2378 3584 teris
2392 3529 2682 3583 memoriae
2710 3529 2992 3582 mandatis
3015 3529 3359 3583 credendum
3381 3534 3490 3594 est;
3511 3530 3775 3600 quamvis
3802 3531 3951 3583 Var-

2244 3619 2370 3672 roni
2407 3617 2534 3687 quis
2583 3633 2696 3671 non
2739 3618 2960 3672 credat?
3014 3617 3211 3670 mirari
3263 3621 3314 3672 et
3347 3635 3494 3687 pene
3554 3617 3946 3688 quotidianis,

2244 3712 2310 3761 ut
2361 3707 2484 3771 scis,
2557 3706 2756 3759 efferre
2814 3706 3080 3759 laudibus
3127 3707 3279 3759 soleo
3358 3707 3564 3776 (lbid.).
3623 3707 3781 3776 quod
3847 3724 3950 3761 re-

2245 3797 2447 3866 gendae
2474 3794 2806 3864 reipublicae
2836 3795 3194 3864 disciplinam
3251 3794 3366 3848 suis
3409 3795 3769 3849 auditoribus
3809 3797 3950 3849 ulti-

2244 3901 2397 3939 mam
2441 3883 2700 3937 tradebat
2743 3883 2865 3952 jam
2913 3883 3109 3948 doctis,
3159 3883 3278 3952 jam
3336 3883 3620 3952 perfectis,
3675 3884 3797 3952 jam
3851 3901 3949 3938 sa-

2246 3972 2549 4042 pientibus,
2590 3972 2711 4041 jam
2756 3971 2956 4024 beatis.
2998 3971 3202 4024 Tantos
3243 3970 3324 4024 ibi
3356 3972 3512 4024 enim
3543 3971 3752 4025 fluctus
3781 3973 3948 4026 vide-

2243 4061 2360 4125 bat,
2387 4065 2450 4114 ut
2471 4060 2550 4114 eis
2585 4060 2760 4112 nollet
2791 4059 3147 4112 committere
3179 4058 3289 4112 nisi
3319 4059 3506 4113 virum
3535 4059 3635 4130 qui
3665 4063 3723 4113 et
3753 4059 3812 4113 in
3847 4076 3950 4113 re-

2246 4149 2431 4217 gendo
2463 4164 2606 4218 pene
2633 4147 2822 4202 divine
2853 4148 3114 4216 scopulos
3151 4147 3403 4213 evitaret,
3438 4152 3513 4208 et.
3546 4147 3594 4200 si
3623 4148 3824 4202 omnia
3856 4149 3954 4202 de-

2243 4237 2525 4305 fecissent,
2550 4236 2670 4306 ipse
2711 4236 2822 4289 illis
2844 4235 3108 4289 ﬂuctibus
3136 4235 3300 4305 quasi
3343 4237 3611 4305 scopulus
3642 4236 3829 4292 ﬁeret.
3867 4239 3950 4292 De

2245 4327 2363 4380 solo
2395 4325 2549 4379 enim
2585 4324 2838 4394 sapiente
2870 4311 3162 4377 verissime
3193 4324 3302 4378 dici
3324 4329 3533 4394 potest,

2388 4415 2488 4468 Ille
2517 4415 2671 4467 velut
2700 4413 2888 4483 pelagi
2918 4428 3090 4482 rupes
3119 4412 3379 4478 immota,
3415 4413 3656 4479 resistit;

2247 4507 2301 4556 et
2326 4507 2528 4556 caetera
2557 4517 2684 4571 quin
2715 4501 3018 4554 luculentis
3049 4501 3111 4553 in
3139 4501 3284 4554 hanc
3315 4501 3654 4554 sententiam
3685 4501 3949 4556 versibus

2249 4591 2399 4644 dicta
2437 4594 2570 4643 sunt
2617 4591 2867 4656 (.Enez'd.,
2903 4590 2996 4643 lib.
3055 4593 3110 4654 7,
3141 4604 3278 4642 vers.
3336 4590 3618 4655 585-589).
3665 4588 3763 4642 Hic
3813 4589 3948 4642 ﬁnis

2253 4678 2655 4748 disputationis
2685 4677 2864 4731 factus
2889 4681 2992 4743 est,
3025 4677 3284 4746 latisque
3315 4677 3581 4730 omnibus
3613 4680 3668 4730 et
3694 4679 3949 4731 multum

2249 4765 2610 4836 sperantibus
2637 4782 2961 4819 consessum
3003 4764 3343 4828 dimisimus,
3376 4781 3506 4819 cum
3549 4765 3668 4835 jam
3714 4771 3947 4820 noctur-

2251 4871 2392 4908 num
2422 4855 2619 4908 lumen
2649 4855 2847 4908 fuisset
2876 4853 3123 4907 illatum.

2249 5033 2276 5071 Θ
2489 4959 2622 5018 Quid
2641 4962 2776 5009 enim
2800 4958 3064 5009 nobisnon
3087 4956 3262 5008 deilla
3279 4957 3622 5009 venerabili...
3645 4961 3950 5008 reserat-cm

2279 5035 2302 5069 ,ς
2384 5043 2414 5070 .-
2439 5057 2451 5071 .

2279 5035 2360 5070 81'!
2384 5035 2451 5071 ΣΠ.

1163 5267 1268 5331 DE
1319 5267 1731 5343 SEQUENTE
1783 5267 2016 5358 LIBBO
2064 5268 2170 5332 DE
2216 5267 2489 5334 ANIMJE
2536 5266 3213 5346 IMMORTALITATE,

553 5409 708 5475 Vide
748 5411 991 5478 librum
1038 5421 1096 5494 l,
1150 5435 1296 5501 cap.
1335 5421 1398 5493 5,
1448 5414 2043 5493 Retractationum,
2076 5415 2198 5481 col.
2231 5414 2547 5497 590-591,
2591 5439 2633 5482 α
2672 5417 2905 5498 verbis,
2939 5419 3098 5484 Post
3135 5420 3346 5484 libros
3385 5420 3943 5503 Soliloquiroum,

450 5527 514 5570 η.
557 5514 615 5585 l,
651 5529 854 5594 usque
881 5509 973 5574 aa’
996 5509 1192 5575 verba
1233 5532 1298 5574 η.
1338 5517 1398 5573 3.
1437 5508 1696 5573 Alicubi
1737 5517 1840 5574 est
1878 5514 2250 5596 disciplina.
2906 5516 2968 5578 M
