4058 6342
995 392 1102 495 S.
1184 395 1832 500 AURELII
1911 399 2745 504 AUGUSTINI

1417 570 1928 621 HIPPONENSIS
1963 573 2319 622 EPISCOPI

204 703 520 860 DE
623 700 1820 864 IMMORTAI

2005 708 2595 864 TATE
2697 709 3506 867 ΑΝΙΜᾹΞ

1368 934 1801 1020 LIBER
1876 934 2388 1022 UNUS‘“).

163 1088 414 1140 Continet
446 1087 534 1137 hic
564 1088 697 1140 liber
725 1089 1022 1153 congeriem
1049 1089 1314 1140 rationum
1340 1105 1432 1155 pro
1458 1091 1650 1142 animte
1694 1093 2104 1154 immortalitate,
2137 1107 2346 1143 necnon
2382 1095 2848 1144 intercurrentium
2883 1093 3249 1144 difﬁcultatum
3279 1094 3614 1143 solutionem.

110 1313 333 1368 CAPUT
367 1312 668 1366 PRIMUM.
692 1341 760 1350 —
783 1314 972 1366 Prima
1015 1316 1178 1378 ratio,
1219 1315 1363 1382 quod
1401 1317 1587 1369 an'ima
1611 1318 1683 1369 sit
1711 1317 1813 1368 im-

175 1401 448 1463 mortalis,
465 1401 600 1468 quia
615 1400 912 1468 subjectum
925 1405 1002 1454 est
1014 1402 1316 1470 disciplinae
1333 1418 1451 1470 qua
1462 1463 1467 1469 ,
1480 1419 1684 1471 semper
1714 1407 1810 1455 est.

183 1491 228 1541 l.
261 1487 320 1541 Si
344 1487 562 1541 alicubi
592 1493 678 1541 est
703 1487 1026 1558 disciplina,
1057 1505 1162 1542 nec
1194 1505 1314 1542 esse
1345 1490 1456 1543 nisi
1483 1490 1541 1543 in
1567 1507 1634 1543 eo
1663 1489 1817 1560 quod

112 1574 246 1628 vivit
276 1579 489 1645 potest,
521 1580 576 1628 et
616 1591 841 1645 semper
892 1582 996 1645 est,
1047 1593 1232 1648 neque
1272 1579 1585 1648 quidquam
1615 1579 1673 1631 in
1703 1594 1816 1648 quo

112 1663 245 1732 quid
277 1679 515 1732 semper
545 1667 627 1716 est
664 1670 848 1733 potest
877 1681 995 1718 esse
1032 1682 1144 1718 non
1177 1683 1402 1736 semper
1432 1683 1444 1731 ;
1480 1683 1706 1735 semper
1735 1665 1819 1718 vi-

114 1749 189 1802 vit
218 1749 276 1802 in
305 1766 424 1820 quo
459 1754 545 1804 est
573 1751 892 1820 disciplina,
928 1752 986 1806 Si
1030 1769 1131 1806 nos
1163 1769 1358 1807 sumus
1389 1755 1487 1824 qui
1523 1754 1820 1807 ratiocina-

115 1853 261 1905 mur,
328 1837 390 1890 id
453 1843 540 1890 est
590 1838 814 1892 animus
863 1844 1078 1908 noster,
1148 1857 1252 1895 nec
1312 1841 1638 1895 ratiocinari
1696 1842 1818 1894 sine

118 1924 415 1994 disciplina
454 1928 661 1994 potest,
693 1942 797 1979 nec
827 1926 950 1980 sine
980 1928 1280 1998 disciplina
1295 1946 1416 1982 esse
1443 1930 1685 1993 animus,
1711 1923 1820 1980 nisi

117 2011 175 2064 in
205 2028 318 2083 quo
345 2012 656 2082 disciplina
685 2029 800 2067 non
833 2020 936 2078 est,
973 2022 1187 2085 potest;
1217 2024 1303 2071 est
1330 2018 1390 2070 in
1420 2017 1669 2071 hominis
1696 2016 1818 2069 ani-

120 2116 210 2153 mo
239 2100 564 2170 disciplina.
600 2103 693 2155 Est
721 2108 914 2156 autem
943 2105 1152 2159 alicubi
1179 2106 1479 2176 disciplina
1507 2123 1519 2159 :
1552 2120 1683 2158 nam
1715 2108 1819 2170 est,

119 2193 174 2240 et
201 2188 487 2258 quidquid
519 2192 602 2242 est
631 2206 914 2260 nusquam
945 2208 1065 2246 esse
1095 2209 1214 2246 non
1248 2199 1450 2264 potest.
1491 2195 1630 2246 Item
1661 2191 1823 2244 disci-

120 2275 276 2346 plina
323 2291 444 2330 non
488 2283 676 2347 potest
721 2294 862 2345 esse,
914 2280 1021 2333 nisi
1069 2281 1126 2334 in
1175 2297 1240 2335 eo
1282 2282 1434 2352 quod
1482 2281 1635 2334 vivit.
1672 2279 1823 2333 Nihil

123 2365 273 2417 enim
308 2365 464 2435 quod
496 2380 615 2418 non
644 2366 800 2432 vivit,
835 2367 1052 2438 aliquid
1083 2369 1282 2436 discit;
1328 2387 1433 2423 nec
1486 2386 1606 2422 esse
1652 2368 1710 2421 in
1753 2383 1819 2420 eo

125 2453 270 2522 quod
320 2451 465 2506 nihil
499 2453 682 2517 discit,
717 2454 1016 2524 disciplina
1063 2462 1248 2527 potest
1284 2457 1378 2527 (b).
1423 2459 1563 2511 Item
1595 2473 1820 2527 semper

121 2546 202 2594 est
244 2540 566 2611 disciplina.
616 2542 758 2595 Nam
789 2544 939 2613 quod
972 2550 1058 2598 est
1103 2551 1276 2616 atque
1324 2546 1682 2600 immutabile
1712 2550 1814 2611 est,

120 2645 340 2698 semper
370 2629 446 2682 sit
473 2645 701 2682 necesse
732 2635 833 2684 est.
867 2633 996 2685 Esse
1015 2637 1206 2687 autem
1239 2634 1615 2704 disciplinam,
1652 2650 1818 2687 nemo

122 2722 306 2787 negat.
342 2719 408 2771 Et
445 2718 705 2788 quisquis
756 2719 967 2774 fatetur
1009 2721 1135 2775 ﬁeri
1177 2739 1295 2776 non
1342 2739 1527 2792 posse,
1560 2727 1622 2776 ut
1653 2723 1820 2777 ducta

122 2821 222 2875 per
255 2807 513 2860 medium
544 2805 820 2860 circulum
842 2807 994 2862 linea
1020 2825 1133 2862 non
1153 2811 1224 2863 sit
1246 2811 1526 2876 omnium,
1550 2827 1680 2881 quae
1703 2827 1817 2864 non

122 2907 218 2960 per
247 2893 503 2946 medium
547 2893 834 2948 ducuntur
880 2897 1149 2964 maxima,
1194 2897 1367 2968 idque
1415 2915 1535 2952 esse
1575 2899 1816 2969 alicujus

122 2977 458 3050 disciplinae;
491 2981 910 3038 immutabilem
943 2985 1306 3055 disciplinam
1327 3003 1446 3040 esse
1477 3003 1592 3040 non
1624 2992 1814 3055 negat.

125 3067 260 3121 Item
291 3069 437 3123 nihil
491 3070 550 3123 in
580 3085 694 3141 quo
738 3072 874 3142 quid
921 3089 1147 3144 semper
1176 3079 1279 3139 est,
1333 3079 1521 3145 potest
1551 3091 1672 3128 esse
1703 3090 1819 3128 non

125 3171 364 3226 semper.
419 3157 574 3212 Nihil
624 3159 778 3213 enim
827 3161 983 3230 quod
1027 3178 1254 3231 semper
1301 3167 1403 3229 est,
1455 3163 1670 3232 patitur
1711 3161 1819 3216 sibi

127 3244 376 3299 subtrahi
407 3246 720 3317 aliquando
745 3248 803 3302 id
823 3249 880 3302 in
903 3267 1016 3321 quo
1030 3255 1374 3320 semperest.
1412 3253 1670 3306 Jamvero
1688 3267 1819 3304 cum

126 3332 557 3403 ratiocinamur,
591 3336 816 3390 animus
851 3338 906 3392 id
935 3339 1071 3407 agit.
1107 3341 1229 3393 Non
1268 3339 1424 3393 enim
1453 3338 1510 3392 id
1540 3339 1678 3408 agit,
1711 3339 1818 3391 nisi

129 3419 222 3488 qui
250 3421 523 3492 intelligit
547 3440 560 3477 :
593 3441 697 3478 nec
727 3441 932 3497 corpus
964 3427 1255 3496 intelligit,
1284 3443 1387 3480 nec
1413 3427 1639 3480 animus
1667 3426 1821 3480 auxi-

133 3508 298 3564 liante
327 3527 564 3581 corpore
594 3513 890 3584 intelligit;
925 3515 1061 3585 quia
1089 3531 1218 3568 cum
1249 3515 1571 3585 intelligere
1616 3516 1754 3580 vult,
1787 3532 1820 3568 a

131 3612 357 3668 corpore
389 3601 684 3655 avertitur.
717 3603 877 3666 Quod
905 3603 1060 3656 enim
1091 3603 1434 3674 intelligitur
1466 3606 1506 3669 ¹,
1539 3603 1820 3673 ejusmodi

129 3692 209 3740 est
235 3704 461 3760 semper
491 3690 553 3759 (ο)
583 3710 598 3756 ;
630 3691 890 3762 nihilque
922 3693 1178 3761 corporis
1223 3693 1505 3762 ejusmodi
1554 3697 1639 3746 est
1669 3707 1821 3744 sem-

136 3791 261 3844 per:
293 3793 408 3831 non
443 3777 615 3845 igitur
643 3785 834 3848 potest
858 3780 1128 3850 adjuvare
1179 3780 1437 3833 animum
1480 3781 1550 3834 ad
1592 3780 1822 3833 intelle-

133 3868 274 3920 ctum
333 3866 633 3929 nitentem,
655 3869 747 3921 cui
773 3885 890 3922 non
913 3869 1192 3939 impedire
1213 3869 1345 3922 satis
1363 3873 1462 3922 cst.
1486 3869 1625 3922 Item
1652 3883 1822 3922 nemo

133 3953 246 4008 sine
294 3955 596 4026 disciplina
624 3962 772 4010 recte
803 3957 1194 4012 ratiocinatur.
1229 3958 1324 4009 Est
1358 3957 1511 4010 enim
1551 3962 1704 4010 recta
1731 3973 1823 4010 ra-

133 4042 413 4100 tiocinatio
445 4064 476 4099 a
497 4043 665 4100 certis
697 4044 765 4097 ad
799 4043 1148 4098 incertorum
1174 4045 1604 4114 indagationem
1634 4045 1824 4099 nitens

134 4130 396 4200 cogitatio
427 4133 477 4183 '2
510 4130 768 4200 nihilque
795 4137 1015 4185 certum
1046 4138 1131 4186 est
1158 4133 1218 4185 in
1240 4134 1433 4186 animo
1465 4133 1614 4203 quod
1648 4133 1818 4204 igno-

140 4224 238 4270 rat.
266 4219 445 4274 Omne
477 4223 668 4272 autem
705 4220 860 4289 quod
897 4220 1001 4272 scit
1041 4219 1286 4286 animus,
1331 4221 1392 4274 in
1443 4238 1562 4275 sese
1614 4222 1820 4286 habet;

138 4320 233 4360 nec
265 4309 435 4362 ullam
463 4324 586 4362 rem
612 4308 846 4361 scientia
875 4309 1290 4378 complectitur,
1316 4309 1424 4362 nisi
1456 4326 1583 4380 qua:
1617 4311 1686 4363 ad
1717 4311 1821 4363 ali-

139 4410 303 4464 quam
340 4399 626 4468 pertineat
653 4397 1011 4466 disciplinam
1043 4396 1140 4466 (d).
1188 4398 1279 4450 Est
1317 4397 1472 4450 enim
1526 4397 1826 4468 disciplina

141 4499 624 4557 quarumcumque
645 4500 839 4540 rerum
870 4485 1120 4539 scientia.
1145 4485 1382 4556 Semper
1405 4486 1582 4556 igitur
1603 4487 1826 4541 animus

142 4572 421 4630 humanus
451 4575 608 4629 vivit.

199 4663 273 4726 (ᾳ)
297 4665 532 4726 Scriptus
561 4677 704 4712 anno
729 4662 918 4712 Christi
943 4665 1051 4712 387.
1087 4683 1090 4686 -

200 4724 267 4846 ἓὸέ
300 4728 316 4774 1
353 4724 600 4798 Itetract.,
631 4739 743 4789 cap.
783 4727 828 4786 4,
856 4738 908 4773 n.
941 4726 986 4772 2.

217 4799 243 4832 c
295 4789 426 4838 Ibid.

217 4789 262 4838 ε)
295 4789 426 4838 Ibid.

200 4849 268 4909 (ά)
296 4850 427 4900 Ibid.

1997 1316 2220 1371 CAPUT
2250 1316 2320 1370 II.
2344 1346 2412 1358 —-—
2441 1318 2578 1370 Alia
2603 1319 2765 1383 ratio,
2789 1319 2921 1384 quia
2950 1317 3248 1384 subjectum
3276 1319 3353 1367 est
3390 1315 3620 1366 rationis

2512 1421 2630 1474 qua
2653 1421 2758 1459 non
2780 1409 3044 1458 mutatur.

1995 1495 2046 1544 2.
2080 1493 2238 1546 Ratio
2279 1494 2532 1562 profecto
2577 1497 2676 1546 aut
2716 1493 2942 1545 animus
2993 1495 3094 1547 est.
3135 1493 3237 1542 aut
3293 1488 3351 1541 in
3401 1486 3618 1539 animo.

1928 1579 2124 1634 Melior
2150 1587 2338 1634 autem
2372 1581 2514 1634 ratio
2547 1586 2762 1645 nostra,
2797 1595 2969 1650 quam
3003 1594 3209 1647 corpus
3240 1581 3532 1629 nostrum:
3565 1577 3622 1627 et

1927 1686 2132 1740 corpus
2162 1675 2415 1723 nostrum
2449 1670 2725 1723 nonnulla
2753 1667 3068 1721 substantia
3100 1671 3200 1729 est,
3233 1669 3287 1717 et
3311 1663 3513 1716 melius
3539 1665 3622 1714 est

1928 1774 2048 1810 esse
2080 1759 2473 1821 substantiam,
2515 1773 2687 1825 quam
2745 1756 2922 1809 nihil:
2982 1770 3097 1807 nou
3143 1757 3225 1806 est
3265 1751 3443 1820 igitur
3478 1748 3621 1800 ratio

1930 1846 2090 1900 nihil.
2125 1849 2390 1910 Rursum,
2439 1860 2814 1916 quaecumque
2858 1841 3159 1896 harmonia
3210 1836 3465 1908 corporis
3515 1840 3621 1892 est,

1930 1933 1985 1986 in
2016 1934 2264 2003 subjecto
2292 1949 2526 2002 corpore
2541 1933 2611 1985 sit
2637 1947 2863 1985 necesse
2895 1936 2952 1983 et
3000 1925 3482 1998 inseparabiliter,
3514 1938 3620 1974 nec

1930 2021 2082 2074 aliud
2115 2022 2427 2091 quidquam
2456 2021 2515 2072 in
2545 2021 2642 2073 illa
2671 2018 2970 2072 harmonia
3000 2033 3120 2070 esse
3150 2015 3435 2076 credatur,
3469 2009 3623 2081 quod

1931 2123 2048 2160 non
2087 2125 2249 2178 aeque
2281 2108 2598 2161 necessario
2628 2108 2700 2161 sit
2745 2107 2805 2160 in
2837 2107 3088 2175 subjecto
3121 2104 3218 2156 illo
3257 2117 3515 2170 corpore,
3564 2098 3623 2150 in

1931 2212 2045 2264 quo
2075 2201 2129 2249 et
2149 2197 2270 2266 ipsa
2300 2195 2601 2249 harmonia
2631 2211 2742 2248 non
2776 2195 2963 2247 minus
2986 2190 3464 2260 inseparabiliter.
3502 2187 3622 2240 Mu-

1931 2285 2102 2338 tabile
2115 2289 2197 2338 est
2223 2290 2412 2337 autem
2429 2299 2634 2353 corpus
2662 2284 3002 2347 humanum,
3036 2285 3089 2332 et
3120 2275 3497 2332 immutabilis
3528 2289 3621 2325 ra-

1929 2371 2028 2424 tio.
2059 2371 2588 2425 Mutabileestenim
2604 2387 2772 2423 omne
2792 2370 2940 2440 quod
2974 2383 3199 2437 semper
3221 2366 3422 2420 eodem
3451 2361 3622 2415 modo

1928 2476 2044 2513 non
2077 2466 2178 2514 est.
2216 2462 2278 2514 Et
2304 2476 2527 2529 semper
2555 2459 2754 2512 eodem
2788 2457 2958 2511 modo
2990 2462 3090 2510 est.
3123 2458 3239 2509 Duo
3269 2459 3325 2506 et
3353 2456 3622 2522 quatuor,

1929 2565 2026 2602 sex
2057 2549 2098 2602 ⁸.
2145 2550 2284 2602 Item
2313 2563 2540 2618 semper
2570 2548 2771 2600 eodem
2802 2546 2968 2599 modo
3001 2550 3083 2598 est
3128 2544 3279 2613 quod
3321 2547 3424 2607 est,
3475 2541 3630 2611 quod

1929 2641 2175 2706 quatuor
2205 2637 2416 2690 habent
2446 2637 2557 2690 duo
2590 2641 2643 2688 et
2663 2637 2812 2700 duo;
2847 2636 2956 2687 hoc
3010 2638 3203 2686 autem
3243 2648 3360 2685 non
3418 2632 3632 2684 habent

1929 2725 2075 2780 duo:
2111 2726 2222 2778 duo
2255 2725 2431 2794 igitur
2462 2729 2709 2794 quatuor
2735 2738 2856 2776 non
2887 2727 3036 2775 sunt.
3084 2723 3176 2774 Est
3195 2725 3385 2773 autem
3412 2719 3518 2772 ista
3548 2734 3631 2770 ra-

1932 2815 2006 2868 tio
2039 2813 2446 2867 immutabilis:
2481 2812 2655 2882 igitur
2684 2811 2826 2864 ratio
2861 2815 2961 2863 est.
3014 2810 3178 2863 Nullo
3219 2808 3388 2860 modo
3436 2811 3627 2858 autem

1928 2906 2134 2971 potest,
2169 2905 2384 2952 mutato
2415 2901 2688 2968 subjecto,
2711 2899 2766 2952 id
2791 2897 2941 2966 quod
2973 2897 3032 2950 in
3061 2914 3127 2950 eo
3158 2901 3241 2948 est
3269 2895 3626 2963 inseparabi-

1933 2990 2056 3042 liter
2083 3003 2200 3041 non
2255 2986 2481 3040 mutari.
2535 2988 2658 3040 Non
2707 2991 2790 3039 est
2819 2986 2996 3055 igitur
3028 2983 3328 3037 harmonia
3370 2981 3627 3050 corporis

1929 3079 2179 3132 animus.
2214 3077 2324 3130 Nec
2372 3092 2525 3128 mors
2556 3079 2740 3145 potest
2771 3074 3023 3127 accidere
3055 3070 3510 3125 immutabilibus
3535 3085 3624 3122 re-

1926 3166 2050 3220 bus.
2067 3166 2303 3235 Semper
2323 3181 2456 3233 ergo
2481 3164 2703 3216 animus
2724 3162 2878 3227 vivit,
2903 3161 3017 3215 sive
3050 3161 3170 3231 ipse
3201 3160 3345 3212 ratio
3373 3158 3466 3224 sit,
3500 3157 3617 3211 sive

1928 3255 1987 3307 in
2017 3271 2084 3307 eo
2107 3255 2252 3307 ratio
2282 3251 2758 3322 inseparabiliter.

1929 3343 2155 3398 CAPUT
2179 3343 2274 3395 III.
2307 3371 2375 3382 —
2412 3343 2550 3395 Viva
2581 3341 2888 3395 substantia
2917 3343 2966 3392 et
3000 3337 3353 3392 immutabilis
3393 3337 3628 3401 animus,

1997 3447 2090 3485 nec
2116 3434 2166 3485 si
2176 3432 2358 3498 aliquo
2385 3431 2537 3483 modo
2557 3430 2855 3489 mutabilis,
2878 3435 3166 3496 propterea
3194 3426 3441 3479 mortalis
3468 3427 3548 3492 ﬁt.

1999 3524 2050 3574 3.
2087 3520 2357 3583 Qumdam
2396 3518 2727 3572 constantiae
2775 3517 2953 3570 virtus
2997 3520 3100 3579 est,
3161 3520 3214 3568 et
3255 3513 3440 3575 omnis
3493 3528 3629 3565 con-

1932 3609 2139 3662 stantia
2165 3607 2540 3661 immutabilis
2571 3612 2674 3670 est,
2699 3611 2755 3659 et
2777 3605 2962 3658 omnis
2987 3604 3163 3657 virtus
3195 3607 3379 3671 potest
3410 3601 3625 3669 aliquid

1933 3712 2121 3765 agere,
2155 3712 2256 3748 nec
2283 3711 2411 3747 cum
2439 3694 2554 3763 agit
2575 3693 2788 3762 aliquid
2835 3696 2875 3755 ²,
2908 3691 3085 3744 virtus
3114 3706 3229 3742 non
3277 3693 3381 3742 est.
3432 3687 3631 3742 Omnis

1931 3800 2100 3854 porro
2130 3783 2273 3836 actio
2309 3787 2589 3848 movetur,
2623 3784 2944 3844 autjmovet.
2977 3783 3089 3830 Aut
3117 3777 3292 3846 igitur
3320 3791 3435 3828 non
3459 3791 3628 3828 omne

1933 3871 2084 3941 quod
2115 3874 2394 3935 movetur,
2418 3874 2516 3922 aut
2537 3874 2686 3922 certe
2726 3885 2841 3921 non
2873 3882 3042 3920 omne
3074 3865 3224 3935 quod
3257 3868 3464 3930 movet,
3508 3879 3630 3916 mu-

1930 3959 2101 4013 tabile
2124 3964 2225 4012 est.
2259 3962 2329 4011 At
2359 3973 2526 4011 omne
2559 3956 2709 4026 quod
2736 3957 2806 4009 ab
2830 3955 2940 4008 alio
2969 3959 3246 4016 movetur,
3283 3968 3385 4004 nec
3433 3955 3623 4003 movet

1931 4047 2140 4118 ipsum,
2169 4046 2383 4116 aliquid
2416 4046 2651 4098 mortale
2683 4048 2784 4097 est.
2821 4045 3014 4112 Neque
3047 4041 3284 4094 mortale
3312 4039 3629 4110 quidquam

1933 4135 2305 4189 immutabile.
2341 4135 2525 4198 Quare
2567 4133 2637 4188 de
2669 4137 2819 4186 certo
2865 4132 2986 4201 jam
3019 4135 3074 4183 et
3105 4129 3226 4182 sine
3260 4129 3375 4181 ulla
3405 4128 3628 4196 disjun-

1933 4225 2116 4278 ctione
2143 4223 2520 4287 concluditur,
2571 4237 2686 4275 non
2739 4236 2908 4274 omne
2953 4219 3102 4289 quod
3156 4222 3344 4270 movet
3395 4214 3626 4269 mutari.

1936 4315 2134 4367 Nullus
2183 4319 2375 4366 autem
2419 4318 2605 4364 motus
2643 4310 2764 4362 sine
2800 4307 3147 4362 substantia:
3181 4311 3237 4358 et
3267 4305 3453 4358 omnis
3497 4303 3631 4357 sub-

1934 4401 2144 4456 stantia
2171 4405 2270 4454 aut
2297 4400 2452 4466 vivit,
2481 4404 2580 4453 aut
2606 4415 2722 4451 non
2751 4398 2919 4451 vivit:
2950 4402 3119 4466 atque
3143 4409 3313 4448 omne
3336 4393 3486 4462 quod
3514 4409 3632 4445 non

1934 4491 2091 4554 vivit,
2123 4489 2382 4544 exanime
2414 4494 2534 4553 est;
2567 4503 2669 4541 nec
2694 4491 2779 4540 est
2804 4487 2921 4538 ulla
2951 4483 3225 4538 exanimis
3257 4481 3430 4535 actio.
3482 4481 3628 4534 Illud

1933 4579 2110 4650 igitur
2139 4578 2290 4649 quod
2313 4577 2390 4630 ita
2413 4580 2597 4630 movet
2629 4579 2690 4628 ut
2719 4590 2833 4627 non
2866 4577 3137 4635 mutetur,
3165 4586 3281 4624 non
3310 4574 3496 4639 potest
3512 4586 3632 4622 esse

1935 4666 2046 4721 nisi
2076 4666 2200 4720 viva
2229 4665 2570 4719 substantia.
2612 4665 2738 4717 Hinc
2770 4665 2960 4715 autem
2990 4658 3175 4712 omnis
3203 4673 3307 4728 per
3346 4657 3634 4727 quoslibet

1935 4755 2145 4826 gradus
2173 4770 2376 4824 corpus
2406 4757 2610 4806 movet.
2645 4752 2768 4804 Non
2796 4749 2974 4819 igitur
3003 4764 3172 4801 omne
3218 4746 3371 4817 quod
3422 4762 3628 4813 corpus

1935 4847 2142 4909 movet,
2160 4841 2430 4896 mutabile
2443 4844 2543 4894 est.
2569 4839 2786 4910 Corpus
2805 4842 2998 4891 autem
3018 4853 3134 4890 non
3163 4835 3274 4890 nisi
3315 4833 3628 4887 secundum

1433 4951 1705 4987 ADIONITIO
1743 4953 1815 4988 PP.
1842 4951 2291 4988 BBNEDICTINORUI.

149 5079 154 5084 ,
198 5025 511 5090 Reciognitus
531 5033 608 5075 est
620 5027 684 5075 ad
702 5028 824 5075 Mss.
839 5027 1230 5090 Corneliensem
1250 5029 1630 5090 pervetustum,
1647 5027 2031 5084 Corbeiensem,
2052 5025 2441 5090 Michaelinum,
2460 5023 2810 5090 Sergiensem,
2824 5021 3262 5090 Ebrulphensem,
3278 5016 3630 5090 Yindocinen-

145 5079 264 5159 sem,
278 5078 823 5159 liiigio‘dtlontensem,
837 5078 1296 5159 Victorinosduos,
1319 5078 1634 5159 sorbonicos
1653 5078 2272 5159 _to_tidem,_Bigotiauu1n,
2288 5078 2646 5159 Yedar‘tinu‘m,
2661 5078 2971 5133 VatiCanum
2991 5078 3006 5144 ξ
3022 5085 3088 5133 ad
3106 5078 3366 5132 variantes
3380 5078 3632 5126 lectiones

143 5159 200 5193 ex
230 5149 394 5200 tribus
426 5151 646 5213 Belgicis
671 5165 763 5214 per
783 5151 1135 5200 Lovanienses
1169 5154 1439 5211 excerptas
1465 5165 1475 5197 :
1508 5151 1570 5197 ad
1603 5152 1860 5200 editiones
1885 5149 2096 5200 demum
2130 5150 2255 5198 Bad.
2287 5151 2402 5198 Am.
2435 5149 2517 5196 Er.
2540 5153 2592 5198 et
2613 5149 2734 5196 Lov.

202 5230 632 5293 Comparavimus
654 5235 915 5294 pratterea
938 5243 1023 5279 eas
1053 5242 1236 5279 omnes
1267 5229 1520 5278 editiones
1554 5234 1702 5280 initio
1729 5232 2175 5280 Retractationum
2206 5232 2258 5277 et
2290 5227 2687 5276 Coufessionum
2722 5230 3070 5277 memoratas.

202 5324 216 5356 ¹
239 5324 350 5390 Am.
391 5326 476 5375 Er.
493 5327 698 5390 etLov.,
735 5326 880 5390 quod
902 5325 1041 5374 enim
1061 5324 1451 5390 intellig_it._Sed
1474 5326 1597 5374 Bad.
1615 5331 1666 5390 et
1691 5329 1832 5384 Mss.,

147 5384 373 5451 tumhic,
407 5394 519 5437 tum
548 5389 600 5436 iu
633 5384 769 5438 lib.'l
805 5390 1030 5438 Retract.
1058 5401 1171 5450 cap.
1199 5384 1250 5446 5,
1265 5387 1463 5437 habent
1490 5389 1832 5451 intelligitur.

204 5447 224 5480 ²
251 5448 348 5499 Sex
375 5452 528 5505 Mss.,
560 5453 806 5511 cognitio.

2008 5327 2023 5360 1
2058 5326 2115 5373 In
2149 5327 2225 5383 B.,
2258 5329 2310 5376 et
2340 5339 2448 5374 ser.
2482 5326 2618 5383 Par.,
2643 5339 2750 5383 sex,
2787 5325 2898 5373 sine
2924 5322 3112 5372 vocula
3134 5321 3202 5370 et.
3232 5316 3491 5366 Posterior
3519 5314 3634 5363 1]ch

1942 5388 2096 5437 lectio
2131 5389 2284 5437 nobis
2315 5389 2426 5435 visa
2454 5392 2532 5436 est
2561 5387 2921 5450 praeferenda.
2965 5446 2990 5450 ﬂ
3031 5385 3101 5450 Μ.

2005 5452 2024 5484 ²
2053 5451 2198 5507 Lov.,
2220 5465 2316 5499 nec
2329 5464 2446 5500 cum
2466 5439 2696 5512 novi-agit
2716 5445 2939 5510 aliquid.
2961 5445 3058 5493 Sed
3087 5443 3348 5491 abestnon
3380 5453 3409 5488 a
3426 5439 3634 5504 Mss.,,e_tE

1943 5512 2126 5560 abesse
2162 5513 2344 5562 debet.
