4064 6360
407 311 540 403 1οὲξῦ

406 441 637 506 tempus
666 437 926 489 movetur
949 449 961 487 :
999 433 1070 486 ad
1100 434 1206 486 hoc
1231 431 1384 487 enim
1413 431 1662 502 pertinet
1690 429 1904 484 tardius
1925 432 1980 482 et
2008 444 2098 483 ce-

407 525 582 580 lerius
605 523 854 577 moveri:
894 522 1189 575 conﬁcitur
1219 538 1336 575 esse
1364 519 1640 590 quiddam
1665 518 1818 590 quod
1842 523 2098 588 tempore

409 615 652 674 moveat,
707 627 810 663 nec
849 614 1039 663 tamen
1065 614 1336 665 mutetur.
1363 609 1544 662 Omne
1566 612 1757 661 autem
1780 606 1929 677 quod
1958 612 2094 659 tem-

406 715 544 769 pore
584 703 771 752 movet
799 713 1024 767 corpus,
1065 696 1290 750 tametsi
1334 696 1403 750 ad
1445 711 1625 749 unum
1673 695 1848 748 ﬁnem
1878 693 2092 756 tendat,

406 793 599 841 tamen
631 802 734 840 nec
762 786 931 839 simul
960 790 1146 854 potest
1175 784 1368 838 omnia
1396 784 1599 849 facere,
1632 799 1735 836 nec
1763 785 1946 852 potest
1981 797 2095 835 non

404 877 572 946 plura
601 875 779 928 facere
805 891 818 928 :
844 890 1029 944 neque
1053 873 1206 927 enim
1238 874 1386 926 valet
1406 871 1602 942 quavis
1625 887 1731 940 ope
1752 875 1968 941 agatur,
1993 873 2092 922 aut

407 964 651 1035 perfecte
681 979 860 1016 unum
890 977 1032 1028 esse,
1059 961 1213 1031 quod
1245 960 1301 1012 in
1333 965 1520 1029 partes
1547 958 1722 1011 secari
1752 961 1957 1028 potest,
2002 959 2104 1010 aut

409 1053 594 1106 ullum
625 1056 710 1105 est
737 1051 858 1103 sine
891 1050 1146 1121 partibus
1176 1064 1399 1117 corpus,
1437 1051 1536 1100 aut
1558 1047 1676 1099 sine
1701 1061 1989 1098 morarum
2014 1043 2102 1096 in-

409 1141 642 1193 tervallo
671 1145 920 1208 tempus,
951 1142 1048 1190 aut
1071 1152 1200 1189 vero
1228 1137 1311 1188 vel
1340 1134 1897 1202 brevissimasyllaba
1920 1148 2097 1212 enun-

407 1228 600 1292 tietur,
634 1227 793 1296 cujus
824 1241 939 1278 non
996 1230 1132 1277 tunc
1177 1222 1347 1276 linem
1387 1221 1603 1285 audias,
1653 1236 1783 1273 cum
1817 1220 1935 1290 jam
1983 1234 2099 1272 non

409 1313 570 1366 audis
609 1313 853 1366 initium.
887 1314 1056 1366 Porro
1083 1311 1234 1380 quod
1265 1310 1343 1362 sic
1369 1308 1576 1378 agitur,
1604 1312 1659 1372 at
1684 1307 2101 1376 exspectatione

413 1417 558 1470 Opus
596 1404 760 1452 estut
788 1399 1004 1469 peragi,
1028 1403 1084 1452 et
1114 1397 1388 1450 memoria
1420 1401 1483 1449 ut
1510 1394 1914 1464 comprehendi
1935 1397 2108 1464 queat

413 1492 691 1558 quantum
724 1491 933 1557 potest.
975 1489 1037 1540 Et
1057 1485 1395 1555 exspectatio
1426 1485 1748 1537 futurarum
1774 1498 1967 1535 rerum
1999 1484 2104 1545 est,

411 1576 832 1647 praeteritarum
870 1591 1002 1628 vero
1032 1574 1329 1628 memoria.
1356 1576 1424 1627 At
1453 1572 1692 1626 intentio
1723 1571 1790 1624 ad
1821 1571 2108 1640 agendum

416 1663 710 1734 praesentis
740 1667 824 1716 est
851 1662 1146 1732 temporis,
1177 1677 1278 1731 per
1303 1661 1452 1731 quod
1476 1661 1733 1714 futurum
1764 1659 1823 1712 in
1855 1658 2108 1728 praeteri-

412 1756 534 1805 tum
565 1751 786 1814 transit,
814 1767 917 1803 nec
939 1750 1106 1818 ccepti
1135 1753 1318 1802 motus
1349 1748 1602 1818 corporis
1633 1746 1951 1816 exspectari
1975 1744 2105 1799 ﬁnis

411 1842 598 1910 potest
623 1838 742 1891 sine
772 1838 888 1890 ulla
922 1837 1216 1890 memoria.
1247 1837 1542 1900 Quomodo
1575 1835 1726 1889 enim
1754 1837 2110 1904 exspectatur

411 1931 476 1982 ut
507 1926 742 1991 desinat,
772 1925 922 1995 quod
957 1930 1054 1978 aut
1084 1925 1320 1994 coepisse
1343 1924 1569 1989 excidit,
1604 1927 1703 1976 aut
1723 1921 1959 1976 omnino
1986 1937 2106 1974 mo-

413 2019 536 2068 tum
568 2015 736 2067 esse?
786 2015 998 2085 Rursus
1041 2013 1282 2066 intentio
1333 2011 1644 2081 peragendi
1685 2027 1813 2081 quae
1862 2025 2114 2080 praesens

417 2107 521 2169 est,
553 2102 671 2155 sine
702 2102 1119 2171 exspectatione
1150 2101 1278 2154 ﬁnis
1301 2101 1398 2170 qui
1419 2101 1646 2154 futurus
1666 2103 1768 2167 est,
1792 2114 1906 2150 non
1926 2099 2115 2166 potest

419 2206 574 2244 esse:
609 2205 712 2242 nec
768 2193 851 2242 est
889 2188 1202 2258 quidquam
1245 2188 1401 2257 quod
1450 2192 1546 2240 aut
1585 2187 1842 2239 nondum
1874 2189 1974 2248 est,
2016 2187 2117 2236 aut

415 2280 533 2349 jam
574 2294 690 2331 non
711 2282 813 2332 est.
848 2279 1039 2330 Potest
1080 2276 1257 2344 igitur
1299 2275 1358 2328 in
1395 2275 1616 2344 agendo
1663 2273 1932 2343 quiddam
1971 2287 2114 2338 esse,

421 2364 575 2434 quod
603 2364 672 2418 ad
718 2380 785 2417 ea
831 2379 959 2432 quae
991 2363 1241 2415 nondum
1275 2365 1406 2414 sunt
1434 2360 1734 2430 pertineat.
1770 2362 2010 2413 Possunt
2040 2359 2112 2410 si-

421 2453 541 2506 mul
570 2452 628 2504 in
661 2454 864 2521 agente
897 2451 1061 2520 plura
1093 2466 1234 2514 esse,
1259 2465 1388 2501 cum
1416 2465 1480 2502 ea
1512 2450 1677 2518 plura
1708 2464 1835 2518 quae
1868 2451 2116 2517 aguntur

424 2539 596 2592 simul
627 2555 747 2592 esse
789 2555 903 2592 non
950 2537 1190 2608 possint.
1247 2540 1485 2590 Possunt
1514 2551 1649 2605 ergo
1684 2537 1853 2589 etiam
1904 2535 1964 2587 in
1997 2551 2117 2587 mo-

428 2631 613 2685 vente,
646 2642 776 2679 cum
807 2625 867 2678 in
896 2642 963 2678 eo
994 2625 1142 2696 quod
1176 2629 1435 2677 movetur
1456 2641 1572 2676 non
1603 2624 1842 2693 possint.
1876 2625 1946 2676 At
1967 2638 2114 2692 quaa-

430 2731 674 2785 cumque
705 2715 763 2768 in
783 2719 1038 2784 tempore
1060 2713 1226 2766 simul
1259 2729 1378 2766 esse
1414 2729 1525 2766 non
1558 2717 1816 2783 possunt,
1844 2717 1899 2765 et
1926 2715 2116 2764 tamen

429 2821 462 2858 a
490 2804 679 2857 futuro
702 2804 763 2857 in
783 2802 1135 2874 praeteritum
1173 2801 1659 2870 transmittuntur,
1684 2800 1978 2854 mutabilia
2010 2799 2123 2852 sint

433 2908 658 2946 necesse
696 2896 802 2945 est.

504 2983 552 3034 4.
593 2979 733 3033 Hinc
755 2980 875 3049 jam
906 2977 1247 3046 colligimus,
1293 2991 1459 3047 posse
1495 2992 1614 3029 esse
1650 2975 1924 3046 quiddam
1967 2973 2120 3044 quod

429 3085 556 3123 cum
591 3072 780 3121 movet
823 3066 1141 3131 mutabilia,
1191 3081 1305 3118 non
1334 3069 1606 3118 mutatur.
1643 3064 1780 3117 Cum
1814 3062 1964 3115 enim
2000 3077 2118 3114 non

429 3161 681 3211 mutatur
706 3154 982 3208 moventis
999 3154 1242 3207 intentio
1275 3151 1617 3223 perducendi
1647 3151 1720 3205 ad
1749 3152 1922 3204 ﬁnem
1952 3165 2122 3220 quem

430 3244 577 3296 volet
604 3258 808 3311 corpus
838 3241 986 3311 quod
1021 3244 1229 3308 movet,
1261 3240 1518 3309 illudque
1543 3255 1748 3308 corpus
1774 3238 1988 3307 dequo
2022 3237 2123 3289 ali-

431 3330 565 3400 quid
599 3330 662 3383 ﬁt
693 3329 894 3382 eodem
927 3333 1087 3382 motu
1109 3344 1210 3398 per
1225 3332 1514 3380 momenta
1541 3331 1814 3394 mutetur,
1837 3331 2007 3395 atque
2031 3324 2128 3378 illa

432 3415 674 3469 intentio
705 3415 1036 3486 perﬁciendi
1065 3432 1238 3486 quam
1268 3415 1626 3468 immutatam
1661 3430 1891 3467 manere
1935 3412 2123 3467 mani-

429 3504 650 3584 festurq
669 3508 774 3572 est,
808 3508 863 3556 et
899 3503 1023 3572 ipsa
1053 3503 1312 3557 membra
1364 3502 1614 3567 artiﬁcis,
1665 3508 1719 3556 et
1775 3502 2001 3571 lignum
2031 3506 2129 3554 aut

425 3592 678 3662 lapidem
717 3592 916 3646 artiﬁci
942 3592 1259 3662 subjectum
1303 3595 1547 3657 moveat,
1579 3590 1707 3662 quis
1739 3590 1957 3644 dubitet
1986 3606 2124 3642 con-

429 3697 677 3751 sequens
707 3697 826 3733 esse
859 3681 1006 3750 quod
1037 3681 1250 3734 dictum
1281 3682 1409 3734 est?
1440 3681 1562 3733 Non
1593 3679 1768 3749 igitur
1798 3678 1842 3730 si
1865 3694 1977 3748 qua
2008 3693 2126 3730 mu-

433 3768 571 3823 tatio
607 3785 911 3839 corporum
959 3773 1220 3822 movente
1253 3767 1446 3822 animo
1477 3767 1563 3833 ﬁt,
1613 3768 1872 3837 quamvis
1909 3766 1968 3819 in
2001 3781 2127 3818 eam

429 3858 503 3912 sit
529 3859 806 3925 intentus,
852 3858 986 3912 hinc
1027 3875 1158 3912 eum
1212 3859 1528 3912 necessario
1560 3858 1791 3925 mutari,
1825 3861 1882 3911 ct
1921 3857 1992 3910 ob
2020 3857 2129 3914 hoc

431 3947 604 4001 etiam
630 3947 777 4000 mori
819 3945 1212 4001 arbitrandum
1244 3952 1350 4000 est.
1392 3949 1583 4001 Potest
1611 3946 1764 3999 enim
1811 3945 1872 3998 in
1903 3945 2007 3998 hac
2037 3944 2128 3997 in-

435 4035 687 4089 tentione
711 4034 878 4087 simul
932 4039 988 4087 et
1036 4035 1368 4088 memoriam
1399 4034 1821 4104 praeteritorum
1853 4037 1908 4085 et
1937 4049 2129 4101 exspe-

433 4123 744 4177 ctationem
783 4123 1109 4175 futurorum
1167 4123 1396 4188 habere,
1456 4139 1585 4192 quae
1629 4121 1823 4175 omnia
1865 4121 1985 4174 sine
2015 4120 2128 4173 vita

434 4226 554 4265 esse
592 4227 707 4263 non
739 4215 996 4280 possunt.
1022 4211 1359 4279 Quanquam
1382 4210 1486 4262 etsi
1509 4211 1699 4262 nullus
1721 4209 1981 4262 interitus
2009 4210 2130 4262 sine

438 4298 750 4350 mutatione
773 4297 862 4361 sit,
887 4302 943 4350 et
961 4297 1116 4350 nulla
1145 4296 1381 4350 mutatio
1410 4297 1530 4349 sine
1564 4301 1752 4362 motu;
1783 4312 1901 4349 non
1936 4301 2128 4350 tamen

436 4385 624 4438 omnis
674 4383 912 4436 mutatio
943 4383 1258 4448 interitum,
1311 4385 1612 4454 omnisque
1645 4389 1832 4437 motus
1863 4384 2126 4437 mutatio-

439 4487 568 4525 nem
600 4476 890 4540 0peratur.
928 4471 1081 4525 Licet
1127 4471 1278 4524 enim
1312 4472 1498 4540 ipsum
1531 4489 1738 4542 corpus
1763 4476 2043 4538 nostrum,
2077 4477 2132 4526 et

444 4565 659 4614 motum
692 4561 1030 4630 plerumque
1065 4559 1318 4630 qualibet
1339 4560 1572 4622 actione,
1599 4565 1654 4613 et
1682 4564 1963 4614 mutatum
1985 4565 2132 4613 certe

439 4649 525 4702 vel
558 4652 724 4701 aatate
756 4648 963 4715 dicere,
995 4641 1188 4701 tamen
1218 4649 1468 4702 nondum
1503 4648 1782 4713 interisse,
1816 4648 1872 4702 id
1903 4653 1985 4702 est
2012 4665 2126 4702 non

440 4752 560 4790 esse
591 4736 710 4790 sine
740 4736 871 4790 vita.
904 4737 1088 4791 Liceat
1116 4737 1290 4807 igitur
1334 4743 1387 4790 et
1419 4737 1674 4792 animum
1705 4754 1820 4791 non
1859 4737 2132 4791 continuo

444 4829 642 4895 putare
666 4824 877 4894 privari
906 4825 1037 4889 vita,
1072 4842 1404 4896 quanquam
1433 4826 1486 4880 ei
1515 4827 1750 4880 fortasse
1781 4841 1884 4895 per
1913 4830 2134 4880 motum

446 4912 685 4966 mutatio
717 4913 992 4965 nonnulla
1031 4914 1342 4983 contingat.

513 4999 738 5053 CAPUT
791 5000 878 5053 IV.
913 5029 982 5038 —
1029 5001 1136 5053 Ars
1166 5006 1214 5054 ct
1243 5003 1386 5054 ratio
1405 5016 1745 5056 numerorum
1784 5001 2135 5056 immutabilis

760 5103 876 5154 qua
906 5089 1084 5140 animo
1112 5104 1215 5141 non
1242 5091 1355 5141 sine
1397 5091 1510 5141 vita
1540 5090 1817 5142 inhaerent.

515 5179 564 5230 5.
600 5175 656 5230 Si
683 5175 837 5228 enim
893 5179 1085 5229 manet
1148 5176 1360 5246 aliquid
1407 5176 1760 5230 immutabile
1807 5177 1867 5230 in
1921 5175 2134 5241 animo,

447 5264 601 5335 quod
627 5263 747 5318 sine
778 5264 889 5317 vita
915 5280 1034 5317 esse
1066 5281 1180 5317 non
1201 5265 1414 5334 possit;
1437 5264 1625 5318 animo
1653 5265 1822 5318 etiam
1854 5265 1968 5317 vita
1998 5280 2140 5317 sem-

448 5353 674 5422 piterna
705 5357 930 5406 maneat
978 5369 1200 5406 necesse
1231 5358 1337 5408 est.
1380 5355 1520 5408 Nam
1568 5355 1675 5408 hoc
1716 5369 1950 5423 prorsus
1978 5352 2056 5405 ita
2083 5369 2140 5405 se

448 5440 639 5506 habet,
685 5444 748 5494 ut
776 5441 822 5494 si
853 5441 1105 5510 primum
1157 5446 1257 5506 est,
1309 5442 1379 5495 sit
1427 5441 1758 5496 secundum.
1803 5441 1896 5494 Est
1951 5444 2141 5492 autem

379 5549 385 5554 ·
451 5529 725 5600 primum.
780 5529 914 5593 Quis
944 5529 1120 5596 enim,
1165 5536 1228 5585 ut
1277 5531 1680 5598 aliaomittam,
1724 5533 1822 5582 aut
1862 5527 2139 5581 rationem

1375 307 1466 360 DE
1508 304 2099 362 IMMORTALITATE
2139 302 2411 370 ANIM/E,
2456 305 2508 358 s.
2553 265 2946 360 AUGUSTINI-

3783 305 3928 358 1024

2209 445 2582 484 numerorum
2616 429 2950 484 mutabilem
2980 444 3099 483 esse
3125 429 3328 484 audeat
3353 428 3563 496 dicere,
3598 433 3702 483 aut
3731 432 3924 482 artem

2211 518 2525 590 quamlibet
2554 535 2670 571 non
2713 518 2826 571 ista
2855 517 3071 571 ratione
3101 522 3358 572 constare
3386 538 3402 585 ;
3447 521 3548 571 aut
3575 521 3764 572 artem
3803 533 3925 570 non

2211 623 2332 661 esse
2389 606 2446 660 in
2474 606 2707 672 artiﬁce,
2731 606 2902 660 etiam
2930 622 3060 660 cum
3082 622 3207 659 eam
3239 621 3354 659 non
3381 611 3636 672 exercet;
3663 610 3769 659 aut
3797 606 3927 675 ejus

2210 711 2353 761 esse,
2389 694 2499 748 nisi
2528 695 2588 748 in
2620 694 2850 760 animo;
2883 700 2982 748 aut
3007 693 3105 748 ubi
3145 695 3256 748 vita
3287 711 3399 748 non
3425 694 3516 760 sit,
3550 711 3674 748 esse
3706 710 3880 765 posse
3907 711 3922 758 ;

2211 787 2310 836 aut
2339 783 2490 852 quod
2519 776 2880 837 immutabile
2907 787 3010 848 est,
3041 800 3162 836 esse
3195 783 3505 853 aliquando
3538 799 3657 836 non
3701 799 3875 852 posse
3907 800 3924 848 ;

2212 875 2310 924 aut
2339 871 2492 924 aliud
2525 887 2646 924 esse
2677 875 2877 936 artem,
2909 871 3062 926 aliud
3095 872 3373 925 rationem
3395 874 3422 925 ?
3449 871 3720 935 Quamvis
3760 870 3927 924 enim

2211 975 2303 1013 ars
2332 975 2445 1012 una
2476 960 2788 1013 multarum
2818 959 2976 1030 quasi
3009 960 3242 1030 quidam
3270 965 3448 1013 coetus
3478 960 3771 1013 rationum
3797 975 3924 1012 esse

2214 1048 2452 1114 dicatur,
2485 1054 2675 1102 tamen
2707 1065 2798 1101 ars
2829 1049 2996 1102 etiam
3026 1065 3140 1102 una
3169 1049 3311 1102 ratio
3342 1048 3452 1102 dici
3498 1047 3798 1101 verissime
3831 1052 3925 1098 at-

2213 1154 2324 1207 que
2355 1136 2598 1204 intelligi
2625 1141 2830 1206 potest.
2866 1137 2974 1190 Sed
3002 1136 3116 1190 sive
3156 1139 3284 1198 hoc,
3317 1137 3434 1190 sive
3471 1136 3613 1190 illud
3655 1136 3747 1201 sit,
3803 1151 3924 1188 non

2213 1225 2404 1279 minus
2463 1225 2880 1278 immutabilem
2929 1230 3109 1279 artem
3160 1242 3279 1279 esse
3333 1225 3679 1279 conﬁcitur:
3732 1229 3923 1277 artem

3567 373 3599 392 4

2144 1354 2153 1363 .
2215 1319 2407 1367 autem
2450 1329 2567 1366 non
2598 1314 2781 1367 solum
2816 1330 2936 1368 esse
2965 1313 3025 1367 in
3067 1314 3261 1368 animo
3311 1313 3564 1377 artiﬁcis,
3608 1312 3709 1366 sed
3739 1312 3926 1365 etiam

2216 1417 2496 1472 nusquam
2561 1417 2681 1455 esse
2729 1402 2837 1454 nisi
2867 1402 2926 1454 in
2984 1403 3174 1456 animo
3204 1402 3574 1456 manifestum
3603 1406 3708 1465 est,
3737 1400 3922 1470 idque

2215 1489 2693 1558 inseparabiliter.
2719 1491 2858 1543 Nam
2883 1489 2930 1542 si
2951 1507 3042 1543 ars
3071 1491 3142 1545 ab
3167 1490 3360 1544 animo
3383 1489 3744 1560 separabitur
3769 1505 3783 1553 ;
3823 1493 3930 1540 aut

2217 1578 2326 1631 erit
2363 1581 2742 1649 praeterquam
2773 1579 2834 1632 in
2870 1579 3080 1639 animo,
3113 1584 3211 1634 aut
3235 1595 3525 1653 nusquam
3555 1579 3684 1646 erit,
3720 1585 3822 1631 aut
3851 1577 3930 1631 de

2217 1665 2410 1720 animo
2441 1666 2500 1718 in
2526 1666 2782 1720 animum
2814 1667 3084 1720 continuo
3114 1667 3398 1721 transibit.
3433 1670 3504 1720 At
3533 1670 3597 1720 ut
3613 1667 3778 1720 sedes
3810 1665 3931 1718 arti

2221 1755 2377 1808 nulla
2406 1753 2528 1807 sine
2558 1755 2671 1807 vita
2720 1759 2823 1818 est,
2858 1755 2934 1808 ita
2965 1771 3069 1809 nec
3099 1755 3211 1808 vita
3239 1771 3372 1808 curn
3403 1754 3626 1808 ratione
3659 1753 3766 1806 ulli
3810 1752 3932 1805 nisi

2220 1841 2430 1895 animae
2479 1842 2570 1910 (a).
2615 1843 2904 1913 Nusquam
2947 1859 3118 1914 porro
3167 1859 3287 1896 esse
3317 1841 3471 1912 quod
3500 1845 3606 1905 est,
3647 1840 3735 1894 vel
3763 1839 3931 1909 quod

2220 1929 2576 1984 immutabile
2611 1935 2696 1984 est
2725 1947 2839 1984 non
2869 1947 2988 1984 esse
3009 1931 3314 2001 aliquando
3344 1947 3456 1984 non
3470 1933 3672 2000 potest.
3696 1927 3754 1982 Si
3784 1943 3930 1981 vero

2223 2034 2315 2071 ars
2337 2019 2404 2071 de
2435 2018 2628 2072 animo
2653 2018 2710 2072 in
2743 2019 3001 2073 animum
3030 2020 3252 2086 transit,
3287 2019 3345 2072 in
3375 2019 3471 2072 illo
3519 2032 3793 2071 mansura
3826 2015 3933 2069 de-

2225 2121 2417 2158 serens
2446 2105 2653 2171 istum;
2686 2121 2854 2159 nemo
2897 2111 3075 2159 artem
3110 2107 3272 2160 docet
3303 2105 3411 2158 nisi
3451 2103 3789 2167 amittendo,
3825 2106 3934 2156 aut

2225 2193 2396 2247 etiam
2437 2209 2550 2247 non
2579 2194 2687 2246 nisi
2719 2194 2973 2248 docentis
2999 2195 3284 2248 oblivione
3322 2195 3386 2248 ﬁt
3440 2193 3646 2264 aliquis
3674 2191 3932 2262 peritus,

2224 2281 2338 2334 sive
2368 2287 2546 2334 morte
2576 2281 2618 2335 ί.
2651 2282 2786 2346 Quae
2818 2282 2865 2336 si
2901 2283 3306 2337 absurdissima
3354 2288 3410 2336 et
3431 2281 3735 2336 falsissima
3763 2283 3930 2344 sunt,

2227 2369 2390 2422 sicuti
2415 2375 2568 2434 sunt,
2597 2369 2939 2424 immortalis
2969 2377 3054 2425 est
3081 2371 3308 2426 animus
3338 2371 3645 2424 humanus.

2303 2461 2354 2511 6.
2383 2461 2457 2511 At
2487 2457 2641 2511 enim
2669 2459 2717 2511 si
2755 2475 2845 2512 ars
2888 2459 3198 2530 aliquando
3227 2463 3329 2525 est,
3363 2458 3666 2528 aliquando
3697 2471 3816 2511 non
3846 2459 3938 2509 est

2228 2546 2289 2599 in
2318 2546 2531 2612 animo,
2557 2547 2710 2616 quod
2732 2563 2834 2616 per
2859 2547 3206 2602 oblivionem
3228 2553 3396 2617 atque
3422 2545 3772 2618 imperitiam
3791 2545 3935 2598 satis

2229 2639 2434 2688 notum
2465 2639 2574 2699 est;
2611 2635 2754 2688 nihil
2775 2636 2843 2689 ad
2878 2637 3000 2706 ejus
3031 2631 3521 2690 immortalitatem
3555 2636 3718 2689 atfert
3745 2650 3934 2703 argu-

2230 2723 2410 2775 menti
2437 2723 2608 2792 hujus
2640 2725 2938 2789 connexio,
2983 2725 3094 2778 nisi
3143 2731 3388 2796 negetur
3435 2723 3775 2778 antecedens
3821 2724 3938 2777 hoc

2230 2809 2418 2862 modo.
2450 2813 2560 2862 Aut
2588 2814 2670 2862 est
2698 2810 2916 2880 aliquid
2938 2810 2994 2864 in
3020 2811 3232 2876 animo,
3264 2811 3418 2882 quod
3444 2811 3505 2864 in
3536 2811 3805 2880 praesenti
3835 2826 3937 2864 co-

2231 2897 2502 2967 gitatione
2551 2914 2668 2951 non
2725 2904 2837 2965 est;
2871 2905 2970 2953 aut
3002 2917 3115 2953 non
3164 2905 3246 2954 est
3274 2900 3332 2954 in
3363 2899 3583 2954 erudito
3614 2899 3810 2952 animo
3841 2915 3940 2952 ars

2235 2985 2471 3054 musica,
2520 3001 2650 3039 cum
2685 2986 2752 3040 de
2782 2989 2900 3040 sola
2947 2987 3293 3057 geometrica
3322 2987 3566 3058 cogitat:
3599 2988 3707 3041 hoc
3735 2992 3938 3041 autem

2232 3074 2436 3128 falsum
2471 3079 2582 3139 est;
2621 3075 2758 3128 illud
2786 3075 2960 3145 igitur
2980 3093 3196 3130 verum.
3232 3078 3358 3131 Non
3381 3081 3572 3130 autem
3611 3076 3942 3146 quidquam

2235 3179 2294 3216 se
2324 3163 2533 3216 habere
2565 3163 2789 3216 animus
2833 3164 3020 3226 sentit,
3072 3165 3181 3218 nisi
3221 3165 3374 3235 quod
3421 3165 3480 3218 in
3519 3164 3941 3235 cogitationem

2235 3250 2472 3304 venerit.
2493 3252 2683 3304 Potest
2704 3251 2880 3320 igitur
2895 3252 3110 3322 aliquid
3132 3269 3252 3306 esse
3284 3252 3343 3306 in
3373 3252 3590 3318 animo,
3621 3252 3778 3322 quod
3811 3267 3942 3306 esse

2232 3339 2292 3391 in
2323 3354 2379 3391 se
2412 3337 2767 3408 animusipse
2797 3355 2912 3393 non
2942 3341 3176 3396 sentiat.
3205 3341 3268 3394 Id
3299 3345 3490 3394 autem
3511 3340 3789 3411 quamdiu
3840 3340 3939 3406 sit,

2235 3426 2377 3481 nihil
2407 3427 2663 3480 interest.
2694 3428 2948 3498 Namque
2970 3427 3016 3480 si
3042 3428 3254 3482 diutius
3276 3429 3448 3482 fuerit
3470 3428 3530 3480 in
3557 3428 3682 3481 aliis
3701 3427 3943 3481 animus

2237 3519 2563 3585 occupatus,
2578 3531 2750 3584 quam
2771 3519 2832 3568 ut
2847 3515 3223 3570 intentionem
3253 3533 3415 3570 suam
3447 3516 3505 3570 in
3527 3520 3657 3569 ante
3678 3515 3942 3585 cogitata

2236 3603 2397 3657 facile
2429 3602 2602 3672 possit
2630 3603 2940 3669 reﬁectere,
2986 3603 3194 3658 oblivio
3225 3604 3309 3657 vel
3340 3603 3628 3673 imperitia
3659 3603 3938 3657 nomina-

2235 3695 2347 3744 tur.
2375 3690 2480 3743 Sed
2513 3705 2640 3743 cum
2674 3691 2760 3743 vel
2792 3706 2896 3744 nos
2925 3691 3034 3760 ipsi
3061 3690 3357 3745 nobiscum
3382 3691 3812 3757 ratiocinantes,
3845 3693 3942 3745 vel

2235 3779 2305 3832 ab
2337 3779 2447 3831 alio
2479 3778 2622 3831 bene
2647 3778 2980 3848 interrogati
3010 3779 3078 3832 de
3107 3779 3449 3849 quibusdam
3481 3779 3813 3833 liberalibus
3844 3796 3942 3834 ar-

2237 3867 2389 3920 tibus
2417 3883 2484 3920 ea
2503 3883 2631 3936 quae
2662 3865 3003 3932 invenimus,
3024 3883 3140 3920 non
3163 3868 3299 3921 alibi
3325 3883 3499 3938 quam
3520 3867 3578 3921 in
3602 3868 3799 3921 animo
3829 3885 3942 3922 no-

2237 3959 2352 4008 stro
2397 3954 2758 4008 invenimus:
2811 3970 2998 4025 neque
3030 3955 3086 4008 id
3118 3960 3200 4008 est
3230 3955 3506 4022 invenire,
3549 3957 3700 4023 quod
3750 3955 3944 4012 facere

2239 4047 2335 4097 aut
2365 4044 2598 4114 gignere
2625 4059 2638 4109 ;
2669 4043 2923 4112 alioquin
2953 4048 3163 4097 aeterna
3193 4044 3454 4114 gigneret
3483 4044 3708 4098 animus
3737 4045 3945 4099 inven-

2237 4133 2390 4210 tione
2443 4131 2745 4201 temporali
2805 4131 2971 4201 (nam
3021 4137 3235 4186 aeterna
3283 4149 3434 4201 saape
3481 4131 3698 4186 invenit
3737 4153 3752 4198 ;
3799 4135 3944 4205 quid

2239 4222 2393 4275 enim
2425 4225 2543 4274 tam
2597 4225 2874 4273 aeternum
2924 4237 3095 4290 quam
3141 4220 3336 4274 circuli
3381 4221 3548 4286 ratio,
3598 4221 3684 4274 vel
3723 4221 3772 4274 si
3801 4223 3945 4292 quid

2238 4309 2395 4364 aliud
2456 4309 2514 4362 in
2565 4308 2963 4378 hujuscemodi
3017 4308 3254 4374 artibus,
3305 4325 3410 4362 nec
3467 4325 3581 4362 non
3627 4308 3803 4363 fuisse
3835 4310 3948 4363 ali-

2240 4397 2487 4468 quando,
2519 4413 2623 4450 nec
2654 4397 2897 4450 nonfore
2929 4397 3470 4466 comprehenditur?
3491 4397 3510 4465 )
3531 4414 3543 4450 :
3566 4396 3943 4452 manifestum

2241 4485 2411 4539 etiam
2449 4489 2551 4551 est,
2602 4484 2981 4538 immortalem
3034 4500 3154 4538 esse
3185 4485 3443 4538 animum
3496 4485 3842 4548 bum-anum,
3884 4491 3943 4540 et

2241 4590 2439 4628 omnes
2472 4589 2629 4626 veras
2662 4572 2910 4626 rationes
2951 4573 3006 4626 in
3053 4573 3282 4626 secretis
3327 4574 3448 4643 ejus
3479 4589 3620 4641 esse,
3673 4574 3944 4643 quamvis

2241 4679 2334 4716 eas
2367 4661 2482 4714 sive
2515 4660 2872 4730 ignoratione
2922 4661 3039 4715 sive
3091 4661 3396 4724 oblivione,
3429 4666 3527 4715 aut
3550 4677 3668 4715 non
3699 4661 3938 4729 habere,

2240 4753 2339 4806 aut
2368 4750 2623 4802 amisisse
2648 4749 2922 4803 videatur.

2314 4839 2538 4893 CAPUT
2569 4839 2630 4892 V.
2654 4869 2720 4878 —
2747 4839 2979 4892 Animus
3009 4853 3115 4892 non
3153 4842 3396 4892 mutatur
3423 4841 3485 4892 ut
3513 4838 3727 4892 desinat
3757 4853 3870 4893 esse

2973 4929 3206 4980 animus.

2312 5020 2366 5069 7.
2402 5017 2562 5069 Nunc
2591 5018 2782 5068 autem
2814 5019 3096 5084 quatenus
3133 5013 3464 5084 accipienda
3492 5013 3566 5067 sit
3600 5013 3783 5067 animi
3822 5031 3945 5068 mu-

2243 5103 2381 5156 tatio
2408 5103 2719 5156 videamus.
2754 5103 2812 5156 Si
2838 5101 2991 5155 enim
3022 5103 3340 5173 subjectum
3372 5107 3455 5156 est
3475 5101 3701 5155 animus
3732 5108 3858 5155 arte
3887 5103 3945 5155 in

2247 5192 2496 5259 subjecto
2526 5191 2818 5256 existente,
2841 5207 3027 5260 neque
3070 5191 3391 5259 subjectum
3418 5189 3712 5244 immutari
3757 5195 3951 5260 potest

2246 5279 2386 5348 quin
2418 5283 2473 5332 et
2509 5277 2562 5332 id
2585 5278 2737 5347 quod
2767 5277 2827 5331 in
2853 5279 3104 5350 subjecto
3129 5284 3211 5333 est
3233 5279 3598 5345 immutetur;
3621 5278 3720 5348 qui
3744 5295 3949 5348 possu—

2249 5413 2325 5522 m!
2365 5412 2422 5518 l’n
2447 5409 2592 5472 prius
2612 5409 2858 5472 vulgatis,
2875 5413 2988 5460 sine
3009 5415 3196 5462 morte.
3216 5412 3315 5460 Sed
3362 5411 3550 5460 melius
3585 5411 3640 5459 in
3670 5412 3818 5468 3133.,
3841 5415 3954 5462 sive

2301 5487 2366 5520 or
2388 5485 2434 5520 ε.

2301 5485 2434 5520 Mle.

2316 5534 2386 5596 (a)
2418 5534 2438 5582 Ι
2465 5534 2712 5593 Retract,
2743 5547 2855 5598 cap.
2878 5536 2925 5595 5,
2950 5547 3004 5583 n.
3031 5537 3076 5583 2.
