4064 6370
129 295 265 348 1025

126 429 256 466 mus
284 412 543 467 obtinere
581 411 1000 466 immutabilem
1051 429 1170 467 esse
1218 417 1396 469 artem
1450 418 1618 487 atque
1652 415 1825 470 ratio-

123 518 281 567 nem,
309 502 354 554 si
387 501 679 555 mutabilis
705 501 932 555 animus
953 501 1011 555 in
1039 519 1151 572 quo
1179 503 1276 556 illa
1293 508 1423 558 sunt
1443 521 1563 557 esse
1591 505 1823 559 convin-

125 590 319 643 citur?
348 591 484 653 Quae
515 595 705 643 autem
738 593 918 660 major
935 607 1106 661 quam
1140 591 1500 646 in'contraria
1530 594 1673 647 solet
1703 610 1824 647 esse

125 677 369 732 mutatio
390 679 418 730 ?
449 683 503 732 et
536 678 663 748 quis
696 684 864 748 negat
895 679 1139 744 animus,
1173 685 1236 734 ut
1279 682 1539 734 omittam
1595 687 1821 742 caetera,

125 768 369 820 stultum
399 768 557 832 alias,
590 768 730 820 alias
759 783 891 820 vero
925 783 1045 820 esse
1085 769 1447 839 sapientem?
1477 770 1638 824 Prius
1687 786 1823 840 ergo

125 857 267 924 quot
306 855 489 908 modis
519 854 848 926 accipiatur,
885 871 1012 925 quas
1069 857 1274 910 dicitur
1303 858 1510 911 animm
1533 930 1535 932 η
1559 858 1824 926 mutatio,

122 944 457 1008 videamus;
510 944 630 1014 qui,
687 949 751 998 ut
797 943 1018 1013 opinor,
1083 945 1496 1000 manifestiores
1554 947 1827 1001 duntaxat

121 1032 506 1103 clarioresque
536 1031 699 1086 nobis
722 1032 833 1085 duo
859 1037 987 1085 sunt
1019 1049 1248 1102 genere,
1280 1035 1465 1104 specie
1506 1051 1604 1088 vos
1634 1037 1826 1105 plures

123 1120 516 1174 inveniuntur.
557 1121 810 1190 Namque
841 1124 940 1174 aut
979 1122 1289 1176 secundum
1321 1123 1577 1193 corporis
1606 1122 1820 1194 passio-

124 1224 249 1272 nes,
284 1213 383 1262 aut
411 1209 721 1262 secundum
753 1225 902 1273 suas,
936 1211 1129 1263 anima
1159 1210 1366 1265 dicitur
1385 1211 1697 1265 immutari.
1728 1211 1826 1265 Se-

125 1296 383 1350 cundum
412 1295 684 1366 corporis,
715 1301 777 1350 ut
807 1313 909 1366 per
938 1303 1152 1364 aetates,
1186 1314 1287 1368 per
1316 1300 1561 1366 morbos,
1593 1315 1698 1369 per
1723 1299 1826 1352 do-

125 1385 298 1450 lores,
323 1385 569 1450 labores,
596 1384 959 1451 offensiones,
996 1401 1098 1455 per
1130 1387 1468 1456 voluptates.
1503 1386 1828 1441 Secundum

127 1488 261 1526 suas
290 1478 501 1538 autem,
535 1478 597 1526 ut
624 1473 924 1543 cupiendo,
954 1474 1224 1541 laetando,
1269 1475 1598 1545 metuendo,
1648 1491 1827 1545 aegre-

127 1561 334 1626 cendo,
369 1561 668 1628 studendo,
701 1561 1002 1617 discendo.

201 1654 254 1706 8.
290 1653 385 1706 Hm
417 1668 615 1706 omnes
672 1652 1040 1719 mutationes,
1074 1651 1120 1706 si
1148 1668 1266 1706 non
1297 1652 1617 1707 necessario
1652 1668 1827 1722 argu-

130 1744 326 1793 mento
356 1745 491 1794 sunt
546 1741 693 1794 mori
721 1740 993 1808 animam,
1036 1741 1179 1794 nihii
1227 1741 1457 1811 quidem
1507 1742 1830 1795 metuendae

127 1834 266 1882 sunt
291 1845 397 1899 per
446 1846 504 1882 se
533 1829 673 1899 ipsa}
724 1830 1030 1899 separatim
1065 1846 1076 1883 :
1133 1830 1230 1884 sed
1260 1845 1332 1884 ne
1363 1829 1568 1884 rationi
1620 1834 1830 1884 nostras

127 1917 524 1985 adversentur,
559 1934 671 1988 qua
704 1918 914 1972 dictum
948 1922 1047 1983 est,
1093 1922 1313 1971 mutato
1355 1919 1611 1988 subjecto
1659 1934 1829 1971 omne

128 2005 374 2078 quodin
407 2006 660 2076 subjecto
721 2011 805 2060 est
851 2007 1169 2060 necessario
1227 2007 1458 2074 mutari,
1519 2007 1832 2060 videndum

129 2099 234 2148 est.
269 2093 376 2149 Sed
409 2111 526 2148 non
557 2095 946 2149 adversantur.
986 2095 1126 2149 Nam
1154 2095 1298 2149 illud
1327 2095 1642 2149 secundum
1685 2095 1832 2148 hanc

132 2183 514 2237 mutationem
539 2183 779 2253 subjecti
798 2183 1024 2251 dicitur,
1055 2198 1158 2253 per
1170 2199 1343 2253 quam
1357 2183 1590 2237 omnino
1608 2188 1831 2237 mutare

128 2271 354 2340 cogitur
378 2287 610 2324 nomen.
647 2273 788 2325 Nam
820 2271 862 2324 si
899 2287 962 2324 ex
996 2272 1120 2325 albo
1148 2287 1276 2325 cera
1315 2272 1546 2342 nigrum
1578 2271 1832 2325 colorem

136 2360 310 2414 ducat
335 2358 615 2424 alicunde,
649 2375 766 2412 non
784 2358 974 2412 minus
993 2375 1124 2412 cera
1155 2364 1240 2412 est
1263 2376 1276 2425 ;
1307 2364 1359 2412 et
1389 2359 1433 2412 si
1461 2375 1528 2412 ex
1555 2358 1834 2429 quadrata

133 2447 443 2502 rotundam
474 2448 719 2519 formam
759 2453 968 2512 sumat,
1020 2451 1075 2500 et
1124 2463 1190 2501 ex
1221 2447 1380 2502 molli
1420 2447 1700 2513 durescat,
1733 2446 1833 2500 fri-

136 2541 438 2608 gescatque
470 2552 535 2590 ex
564 2537 748 2590 calida
777 2553 788 2590 :
824 2540 880 2590 at
910 2536 1019 2589 ista
1047 2534 1109 2589 in
1138 2537 1392 2606 subjecto
1434 2541 1584 2602 sunt,
1614 2540 1669 2589 et
1708 2551 1836 2589 cera

137 2625 457 2697 subjectum
533 2626 718 2679 Manet
763 2629 953 2678 autem
1004 2640 1131 2677 cera
1178 2641 1294 2678 non
1344 2625 1523 2694 magis
1577 2625 1835 2678 minusve

135 2730 284 2780 cera,
319 2729 449 2766 cum
478 2713 575 2766 illa
606 2717 924 2768 mutentur.
957 2715 1146 2767 Potest
1175 2713 1352 2784 igitur
1380 2714 1572 2784 aliqua
1598 2713 1835 2766 mutatio

134 2802 259 2856 ﬁeri
278 2817 481 2856 eorum
510 2818 640 2873 quas
671 2802 731 2855 in
763 2802 1012 2872 subjecto
1049 2806 1202 2869 sunt,
1231 2818 1360 2855 cum
1404 2801 1594 2872 ipsum
1645 2805 1835 2854 tamen

130 2891 290 2960 juxta
321 2890 380 2944 id
411 2891 561 2961 quod
591 2891 697 2944 hoc
753 2896 837 2944 est
866 2906 929 2943 ac
958 2890 1180 2957 dicitur,
1214 2905 1332 2943 non
1365 2893 1634 2944 mutetur.
1667 2892 1738 2943 At
1791 2889 1837 2942 si

137 2995 340 3034 corum
373 2996 500 3050 quas
521 2978 580 3032 in
611 2978 866 3049 subjecto
894 2984 1048 3042 sunt,
1076 2983 1232 3031 tanta
1254 2978 1627 3031 commutatio
1650 2977 1834 3046 ﬁeret,

137 3074 200 3123 ut
221 3068 366 3122 illud
400 3067 557 3139 quod
578 3067 808 3121 subesse
839 3067 1145 3127 dicebatur,
1182 3065 1289 3120 dici
1315 3067 1436 3137 jam
1472 3066 1837 3119 omninonon

136 3161 366 3228 posset;
399 3156 576 3210 veluti
609 3172 738 3210 cum
766 3156 954 3209 calore
988 3155 1138 3225 ignis
1166 3171 1295 3208 cera
1315 3155 1374 3208 in
1392 3171 1558 3207 auras
1581 3153 1837 3223 discedit,

138 3261 384 3316 eamque
415 3244 791 3298 mutationem
832 3244 1046 3314 patitur
1077 3249 1141 3298 ut
1169 3249 1318 3297 recte
1343 3243 1696 3312 intelligatur
1718 3258 1840 3295 mu-

138 3341 323 3390 tatum
338 3350 456 3388 esse
470 3334 810 3403 subiectum,
839 3333 989 3404 quod
1014 3349 1142 3386 cera
1172 3337 1313 3401 erat,
1355 3337 1550 3386 etcera
1568 3333 1688 3402 jam
1723 3347 1839 3384 non

136 3426 224 3477 est
247 3438 260 3476 :
281 3422 439 3475 nullo
469 3421 637 3475 modo
669 3422 860 3491 aliqua
880 3421 1102 3474 ratione
1119 3421 1434 3491 quidquam
1465 3436 1686 3482 eorum,
1711 3434 1840 3490 quae

133 3512 199 3565 in
230 3511 328 3564 illo
357 3510 610 3580 subjecto
641 3509 768 3563 ideo
811 3513 974 3563 erant
1024 3508 1158 3579 quia
1190 3509 1297 3562 hoc
1343 3512 1483 3572 erat,
1539 3525 1840 3563 remanere

137 3604 445 3670 putaretur
457 3639 470 3652 .

213 3692 267 3743 9.
294 3688 674 3753 Quamobrem
703 3688 748 3741 si
775 3687 968 3742 anima
1018 3687 1340 3758 subjectum
1390 3690 1492 3754 est,
1551 3690 1616 3741 ut
1671 3703 1842 3758 supra

136 3778 408 3844 diximus,
449 3778 507 3830 in
538 3794 650 3848 quo
681 3777 823 3830 ratio
865 3777 1344 3847 inseparabiliter,
1397 3792 1464 3829 ea
1509 3776 1841 3829 necessitate

139 3883 377 3938 quoque
407 3883 521 3937 qua
551 3867 609 3920 in
662 3867 914 3936 subjecto
964 3881 1082 3919 esse
1133 3869 1486 3919 monstratur
1525 3863 1558 3927 ‘,
1595 3881 1699 3917 nec
1730 3865 1842 3917 nisi

137 3956 271 4009 viva
301 3954 492 4008 anima
519 3958 702 4024 potest
729 3970 848 4008 esse
898 3953 1108 4019 anima,
1141 3969 1248 4006 nec
1300 3952 1360 4005 in
1387 3969 1453 4005 ea
1483 3952 1625 4005 ratio
1657 3956 1845 4022 potest

139 4059 267 4098 esse
298 4042 420 4096 sine
449 4042 584 4109 vita,
625 4047 681 4096 et
728 4041 1068 4095 immortalis
1123 4046 1206 4095 est
1258 4040 1444 4108 ratio;
1501 4039 1844 4094 immortalis

139 4136 228 4186 est
257 4132 467 4186 anima.
500 4133 735 4185 Prorsus
768 4130 920 4184 enim
960 4131 1114 4184 nullo
1171 4135 1338 4200 pacto
1400 4146 1518 4183 non
1565 4129 1844 4183 existente

138 4221 398 4291 subjecto
458 4237 560 4274 suo
613 4219 990 4273 immutabilis
1045 4218 1188 4273 ratio
1251 4224 1634 4289 permaneret.
1686 4218 1844 4282 Quod

139 4310 416 4378 eveniret,
447 4310 492 4362 si
539 4314 698 4363 tanta
745 4308 1023 4362 accideret
1076 4308 1280 4361 animae
1314 4307 1576 4374 mutatio,
1611 4311 1676 4360 ut
1718 4323 1845 4360 eam

140 4415 260 4452 non
293 4398 542 4451 animam
573 4397 797 4460 faceret,
828 4397 889 4451 id
916 4401 999 4450 est
1030 4396 1174 4450 mori
1205 4401 1448 4466 cogeret.
1475 4397 1638 4449 Nulla
1657 4400 1846 4450 autem

140 4489 378 4544 illarum
409 4487 810 4554 mutationum,
841 4502 970 4556 quae
1001 4485 1116 4539 sive
1169 4501 1272 4556 per
1328 4501 1556 4555 corpus,
1599 4483 1714 4538 sive
1744 4500 1848 4555 per

140 4579 333 4649 ipsam
363 4576 614 4630 animam
644 4575 1082 4646 ﬁunt(quamvis
1104 4580 1296 4629 utrum
1318 4574 1524 4646 aliqua:
1545 4591 1649 4644 per
1665 4575 1846 4645 ipsam

142 4667 313 4735 fiant,
345 4665 402 4719 id
436 4669 517 4719 est
547 4680 793 4736 quarum
847 4664 971 4734 ipsa
1021 4663 1092 4717 sit
1139 4679 1326 4729 causa,
1372 4680 1488 4716 non
1548 4679 1720 4733 parva
1775 4662 1848 4716 sit

141 4753 434 4826 quaestio),
468 4753 524 4807 id
554 4753 674 4823 agit
701 4756 762 4806 ut
792 4752 1048 4805 animam
1077 4767 1189 4804 non
1211 4750 1464 4804 animam
1493 4751 1685 4805 faciat.
1722 4753 1848 4805 Jam

141 4843 329 4915 igitur
358 4857 473 4894 non
502 4842 688 4894 solum
713 4857 817 4911 per
843 4857 921 4907 se,
955 4855 1153 4894 verum
1173 4855 1276 4894 nec
1294 4839 1500 4893 nostris
1529 4838 1849 4894 rationibus

140 4929 530 4986 formidandae
556 4933 707 4984 sunt.

135 5020 372 5078 CAPUT
409 5020 493 5074 Vl.
525 5002 592 5059 5—
624 5020 783 5074 Ratio
813 5034 931 5087 quae
969 5017 1423 5073 incommutabilis
1489 5019 1588 5085 est,
1628 5017 1740 5070 sive
1792 5018 1850 5070 in

217 5110 401 5165 animo
421 5109 533 5162 sive
562 5123 681 5162 cum
705 5109 889 5162 animo
918 5109 1011 5175 sit,
1035 5110 1146 5162 sive
1174 5109 1388 5161 animus
1418 5108 1474 5160 in
1504 5121 1588 5175 ea,
1619 5104 1686 5158 ab
1731 5105 1849 5173 ipso

219 5197 399 5254 eodem
431 5199 612 5250 animo
644 5198 894 5265 separari
920 5198 1124 5264 nequit.

225 5289 310 5342 l0.
341 5287 486 5357 Ergo
516 5285 962 5339 incumbendum
1012 5283 1281 5338 omnibus
1308 5280 1685 5337 ratiocinandi
1713 5279 1847 5334 viri-

140 5379 253 5434 bus
283 5374 470 5444 video,
500 5379 567 5429 ut
595 5373 742 5428 ratio
774 5373 912 5445 quid
952 5372 1045 5442 sit,
1076 5377 1133 5434 et
1162 5372 1383 5443 quoties
1411 5370 1639 5427 deﬁniri
1669 5369 1850 5441 possit

209 5503 226 5535 ¹
266 5499 508 5557 Quatuor
541 5497 688 5557 Mss.,
717 5510 780 5547 ea
798 5494 1098 5548 necessitate
1135 5507 1241 5558 qua
1269 5507 1490 5559 quasque
1519 5497 1574 5546 in
1603 5493 1844 5556 subjecto

140 5565 538 5614 monstrantur.
975 5568 978 5569 '

1650 294 1863 350 LIBER
1902 294 2108 350 UNUS.

3498 308 3516 358 l
3529 307 3632 361 026

1934 417 2163 486 sciatur,
2195 421 2256 471 ut
2284 418 2596 472 secundum
2627 435 2825 473 omnes
2856 420 3055 473 modos
3086 425 3142 475 et
3183 422 3249 476 de
3284 424 3489 478 animae
3521 427 3628 480 im-

1935 507 2277 561 mortalitate
2308 514 2542 562 coustet.
2582 509 2741 563 Ratio
2772 514 2856 564 est
2884 517 3142 580 aspectus
3173 513 3375 582 animi,
3395 531 3506 584 quo
3526 533 3628 585 per

1934 596 2206 664 seipsum,
2237 613 2349 650 non
2389 613 2488 666 per
2543 614 2746 667 corpus
2800 614 2996 652 verum
3051 600 3344 654 intuetur:
3381 607 3478 656 aut
3509 605 3629 673 ipsa

1933 684 2050 737 veri
2079 685 2502 754 contemplatio,
2532 702 2643 738 non
2675 703 2775 755 per
2805 703 3036 757 corpus,
3072 693 3169 741 aut
3201 689 3392 758 ipsum
3429 707 3628 746 verum

1934 771 2084 841 quod
2116 772 2552 841 contemplatur.
2590 772 2841 826 Primum
2868 775 3078 828 illudin
3097 776 3289 830 animo
3313 795 3432 831 esse
3456 795 3625 833 nemo

1935 860 2177 930 ambigit
2210 877 2222 913 :
2259 861 2326 914 de
2360 860 2604 913 secundo
2638 865 2693 913 et
2724 862 2888 915 tertio
2921 865 3098 932 quaeri
3136 871 3321 933 potest
3359 886 3372 931 ;
3421 866 3520 919 sed
3576 872 3631 920 et

1933 949 2246 1002 secundum
2295 949 2416 1002 sine
2468 949 2660 1002 animo
2709 966 2829 1003 esse
2888 967 3002 1004 non
3059 958 3264 1021 potest.
3321 956 3398 1007 De
3458 957 3626 1010 tertio

1935 1051 2144 1105 magna
2174 1036 2412 1106 quaestio
2446 1041 2531 1089 est
2562 1041 2754 1088 utrum
2785 1053 2982 1090 verum
3009 1038 3146 1091 illud
3176 1041 3329 1110 quod
3359 1042 3480 1095 sine
3539 1042 3630 1095 in-

1935 1129 2249 1178 strumento
2281 1124 2536 1194 corporis
2560 1125 2784 1177 animus
2810 1124 3068 1178 intuetur
3097 1126 3169 1178 sit
3198 1144 3299 1197 per
3351 1131 3627 1199 seipsum,

1936 1217 1992 1266 et
2019 1228 2134 1265 non
2164 1213 2236 1265 sit
2265 1212 2325 1266 in
2352 1213 2563 1278 animo,
2596 1218 2695 1266 aut
2725 1212 2901 1282 possit
2931 1229 3051 1266 esse
3085 1214 3204 1268 sine
3235 1216 3448 1271 animo.
3486 1219 3628 1282 Quo-

1936 1299 2374 1368 quolibetmodo
2404 1307 2594 1354 autem
2621 1318 2678 1353 se
2693 1302 2915 1367 habeat,
2952 1318 3063 1355 non
3095 1303 3150 1357 id
3180 1311 3368 1372 posset
3387 1312 3631 1359 contem-

1935 1387 2084 1458 plari
2115 1389 2336 1442 animus
2375 1405 2477 1459 per
2520 1390 2788 1458 seipsum,
2845 1389 2954 1442 nisi
2998 1391 3191 1461 aliqua
3237 1393 3636 1461 conjunctione

1937 1493 2067 1529 cum
2098 1493 2182 1530 eo.
2219 1478 2359 1530 Nam
2391 1493 2561 1530 omne
2593 1477 2748 1548 quod
2780 1480 3260 1548 contemplemur,
3295 1481 3410 1534 sive
3432 1483 3638 1551 cogita-

1937 1565 2095 1619 tione
2125 1565 2404 1635 capimus,
2434 1570 2531 1619 aut
2563 1582 2735 1619 sensu
2761 1571 2859 1619 aut
2889 1565 3176 1620 intellectu
3204 1569 3486 1638 capimus.
3531 1571 3636 1625 Sed

1939 1666 2004 1703 ea
2039 1667 2165 1720 quas
2193 1667 2361 1705 sensu
2390 1651 2711 1720 capiuntur,
2733 1658 2894 1706 extra
2924 1655 3094 1707 etiam
3119 1671 3223 1708 nos
3237 1671 3356 1708 esse
3387 1655 3639 1710 sentiun-

1938 1742 2049 1803 tur,
2079 1744 2135 1793 et
2164 1740 2300 1793 locis
2351 1740 2736 1808 continentur,
2785 1742 2938 1795 unde
2985 1758 3087 1795 nec
3139 1743 3360 1812 percipi
3402 1740 3633 1814 quidem

1941 1843 2106 1897 posse
2154 1828 2512 1883 aiirmantur.
2577 1829 2651 1881 Ea
2695 1844 2827 1881 vero
2870 1844 2997 1900 quae
3048 1829 3473 1900 intelliguntur,
3521 1848 3636 1886 non

1941 1916 2102 1985 quasi
2131 1915 2266 1969 alibi
2296 1915 2475 1986 posita
2507 1915 2923 1985 intelliguntur,
2949 1932 3122 1986 quam
3152 1917 3273 1986 ipse
3306 1919 3403 1988 qui
3426 1919 3636 1974 intelli-

1941 2003 2025 2073 git
2052 2003 2277 2057 animus
2311 2021 2322 2058 :
2351 2003 2520 2057 simul
2544 2005 2695 2057 enim
2725 2005 2895 2059 etiam
2924 2005 3326 2076 intelliguntur
3357 2025 3472 2062 non
3503 2025 3636 2063 con-

1941 2092 2110 2146 tineri
2140 2092 2283 2160 logo.

2021 2185 2100 2237 ll.
2133 2181 2316 2245 Quare
2343 2181 2451 2235 ista
2498 2182 2819 2252 conjunctio
2857 2181 3130 2236 intuentis
3185 2184 3382 2252 animi,
3433 2191 3489 2240 et
3517 2187 3640 2256 ejus

1942 2269 2060 2322 veri
2087 2270 2241 2340 quod
2273 2270 2547 2337 intuetur,
2583 2275 2680 2324 aut
2709 2271 2788 2324 ita
2818 2276 2901 2324 est
2954 2277 3020 2324 ut
3052 2272 3371 2342 subjectum
3421 2275 3494 2329 sit
3523 2277 3642 2330 ani-

1943 2373 2088 2425 mus,
2122 2374 2319 2411 verum
2354 2363 2543 2412 autem
2576 2358 2716 2412 illud
2746 2359 2804 2411 in
2828 2359 3118 2428 subjecto;
3153 2366 3251 2414 aut
3274 2367 3470 2417 contra
3502 2365 3639 2418 sub-

1937 2446 2154 2516 jectum
2184 2463 2405 2515 verum,
2437 2450 2492 2500 et
2521 2446 2580 2499 in
2613 2446 2864 2516 subjecto
2909 2448 3170 2514 animus;
3205 2455 3303 2503 aut
3331 2455 3643 2522 utrumque

1946 2535 2276 2589 substantia.
2312 2529 2526 2589 Horum
2577 2539 2765 2588 autem
2795 2535 2971 2589 trium
3003 2537 3048 2588 si
3102 2537 3351 2607 primum
3386 2545 3489 2605 est,
3524 2545 3640 2594 tam

1946 2629 2028 2678 est
2058 2624 2396 2678 immortalis
2423 2625 2647 2678 animus
2678 2641 2846 2695 quam
2870 2624 3362 2690 ratio,secundum
3385 2630 3641 2698 superio-

1946 2729 2067 2766 rem
2098 2713 2566 2783 disputationem,
2601 2714 2753 2783 quod
2784 2713 2965 2766 inesse
2997 2714 3096 2766 illa
3122 2714 3364 2769 nisivivo
3378 2733 3494 2771 non
3516 2723 3643 2787 pot-

1948 2807 2045 2855 est.
2080 2801 2287 2855 Eadem
2316 2802 2620 2855 necessitas
2651 2801 2708 2854 in
2739 2802 2986 2855 secundo
3033 2807 3144 2856 est.
3185 2804 3325 2857 Nam
3351 2805 3396 2857 si
3447 2822 3642 2860 verum

1945 2888 2085 2942 illud
2112 2889 2264 2958 quod
2295 2890 2438 2942 ratio
2471 2889 2695 2954 dicitur,
2722 2889 2865 2942 nihil
2891 2890 3061 2942 habet
3082 2892 3480 2945 commutabile
3503 2893 3647 2946 sicut

1946 2985 2218 3048 apparet;
2247 2980 2387 3034 nihil
2416 2981 2756 3035 commutari
2782 2986 2965 3052 potest
2979 2983 3127 3054 quod
3150 2983 3210 3036 in
3256 3001 3321 3037 eo
3368 2989 3644 3056 tanquam

1947 3066 2006 3120 in
2040 3069 2292 3138 subjecto
2315 3075 2416 3123 est.
2442 3071 2721 3124 Remanet
2740 3070 2915 3140 igitur
2937 3071 3123 3124 omnis
3142 3088 3336 3142 pugna
3351 3074 3420 3127 de
3450 3076 3640 3136 tertio,

1952 3157 2092 3210 Nam
2124 3157 2170 3210 si
2201 3158 2429 3212 animus
2460 3159 2779 3212 substantia
2811 3163 2915 3225 est,
2945 3163 3002 3213 et
3031 3160 3345 3215 substantia
3372 3163 3516 3216 ratio
3554 3164 3644 3217 cui

1949 3245 2319 3315 conjungitur
2344 3244 2358 3277 ¹
2388 3267 2402 3313 ;
2433 3263 2547 3299 non
2579 3246 2820 3300 absurde
2848 3246 2974 3317 quis
2989 3248 3274 3316 putaverit
3302 3249 3429 3303 fieri
3459 3267 3644 3321 posse,

1949 3337 2012 3387 ut
2042 3338 2306 3388 manente
2339 3335 2436 3388 illa
2465 3334 2558 3388 hic
2588 3351 2708 3389 esse
2737 3335 2979 3389 desinat.
3013 3336 3123 3390 Sed
3157 3336 3526 3393 manifestum
3567 3346 3649 3393 est

1951 3422 2227 3491 quamdiu
2257 3422 2480 3476 animus
2509 3439 2542 3476 a
2572 3421 2789 3476 ratione
2817 3439 2936 3476 non
2952 3429 3248 3493 separatur
3271 3425 3436 3496 eique
3462 3429 3646 3481 cohaeo

1952 3515 2060 3580 ret,
2090 3511 2404 3564 necessario
2437 3528 2570 3565 eum
2629 3527 2859 3565 manere
2917 3517 3088 3583 atque
3122 3513 3332 3567 vivere.
3384 3515 3648 3585 Separari

1953 3604 2144 3652 autem
2175 3617 2288 3670 qua
2317 3601 2548 3654 tandem
2571 3600 2622 3652 vi
2653 3603 2882 3670 potest?
2910 3602 3058 3654 Num
3087 3617 3380 3671 corporea,
3412 3605 3572 3673 cujus
3595 3609 3651 3658 ct

1951 3687 2206 3757 potentia
2234 3688 2537 3754 iulirmior,
2579 3692 2633 3740 et
2655 3687 2814 3758 origo
2844 3687 3102 3754 inferior,
3136 3693 3192 3742 et
3249 3691 3387 3743 ordo
3420 3707 3646 3760 sapara-

1953 3773 2104 3827 tior‘?
2133 3774 2300 3827 Nullo
2331 3774 2522 3827 modo.
2557 3774 2804 3827 Animali
2836 3773 3016 3843 ergo?
3048 3775 3158 3828 Sed
3213 3775 3384 3829 etiam
3423 3777 3485 3829 in
3533 3794 3646 3848 quo

1952 3862 2161 3915 modo?
2189 3865 2274 3915 An
2318 3862 2462 3915 alter
2487 3861 2713 3915 animus
2744 3862 3030 3932 potentior
3073 3863 3330 3934 quisquis
3372 3869 3475 3931 est,
3515 3882 3649 3918 con-

1952 3949 2219 4019 templari
2240 3949 2520 4002 rationem
2552 3965 2669 4002 non
2697 3955 2904 4019 potest,
2933 3949 3041 4003 nisi
3073 3951 3316 4005 alterum
3339 3952 3470 4006 inde
3494 3970 3648 4023 sepa-

1954 4038 2202 4092 raverit?
2230 4042 2301 4092 At
2325 4053 2510 4108 neque
2544 4038 2686 4091 ratio
2717 4037 2982 4108 cuiquam
3014 4041 3423 4110 contemplanti
3455 4043 3647 4096 defue-

1954 4127 2049 4190 rit,
2098 4126 2143 4180 si
2183 4143 2380 4180 omnes
2427 4127 2892 4196 contemplentur
2938 4131 2993 4180 et
3034 4143 3164 4181 cum
3209 4129 3352 4182 nihil
3407 4130 3481 4183 sit
3526 4131 3650 4201 ipsa

1953 4215 2174 4270 ratione
2201 4214 2511 4286 potentius,
2535 4231 2647 4286 qua
2661 4215 2804 4268 nihil
2820 4215 3439 4271 estincommutabilius
3459 4235 3472 4284 ;
3490 4221 3649 4274 nullo

1955 4310 2118 4376 pacto
2149 4305 2255 4358 erit
2284 4304 2510 4358 animus
2540 4304 2799 4358 nondum
2840 4304 3048 4358 rationi
3080 4306 3435 4375 conjunctus,
3462 4324 3526 4362 eo
3553 4309 3653 4379 qui

1956 4398 2042 4448 est
2069 4392 2403 4462 conjunctus
2434 4392 2742 4462 potentior.
2778 4391 2970 4446 Restat
2997 4397 3059 4446 ut
3089 4398 3188 4446 aut
3217 4392 3342 4463 ipsa
3371 4395 3512 4450 ratio
3535 4413 3565 4449 a
3593 4413 3651 4450 se

1956 4482 2146 4552 ipsum
2177 4484 2420 4552 separet,
2451 4485 2549 4534 aut
2574 4481 2694 4550 ipse
2717 4480 2940 4534 animus
2971 4481 3040 4533 ab
3071 4497 3137 4534 ea
3167 4482 3457 4536 voluntate
3489 4499 3650 4554 sepa-

1956 4576 2130 4625 retur.
2174 4570 2279 4625 Sed
2310 4570 2453 4623 nihil
2484 4574 2568 4622 est
2597 4569 2659 4622 in
2685 4569 2784 4622 illa
2813 4573 3015 4622 natura
3030 4569 3383 4639 invidentiaa,
3421 4573 3654 4641 quomi-

1955 4675 2064 4712 nus
2112 4658 2409 4712 fruendam
2452 4673 2509 4710 se
2556 4658 2747 4710 animo
2795 4657 3057 4726 praebeat.
3093 4656 3303 4711 Deinde
3329 4674 3443 4729 quo
3471 4662 3653 4731 magis

1955 4752 2056 4814 est,
2097 4763 2163 4801 eo
2196 4746 2475 4818 quidquid
2507 4746 2613 4800 sibi
2644 4745 3010 4816 conjungitur
3035 4745 3170 4800 facit
3215 4753 3280 4801 ut
3312 4749 3402 4815 sit,
3447 4751 3539 4803 cui
3570 4751 3653 4805 rei

1954 4836 2273 4890 contrarius
2308 4840 2394 4889 est
2421 4834 2706 4888 interitus.
2742 4835 3041 4888 Voluntate
3063 4840 3256 4890 autem
3279 4837 3538 4894 animum
3569 4857 3650 4894 se-

1955 4925 2146 4994 parari
2176 4941 2207 4978 a
2237 4923 2456 4976 ratione
2487 4939 2602 4976 non
2617 4923 2787 4976 nimis
2814 4922 3057 4977 absurde
3072 4923 3200 4994 quis
3215 4925 3446 4993 diceret,
3467 4928 3513 4980 si
3529 4929 3647 4982 ulla

1957 5014 2027 5068 ab
2056 5012 2299 5066 invicem
2329 5011 2607 5082 separatio
2629 5016 2821 5081 posset
2841 5028 2962 5065 esse
2988 5029 3182 5066 rerum
3213 5031 3353 5085 quas
3382 5032 3498 5070 non
3518 5033 3654 5070 con-

1955 5101 2098 5155 tinet
2117 5102 2272 5155 locus
2307 5101 2396 5169 (α).
2429 5100 2591 5164 Quod
2617 5099 2851 5171 quidem
2882 5101 2992 5155 dici
3044 5102 3312 5156 adversus
3342 5103 3535 5157 omnia
3564 5121 3654 5157 su-

1954 5189 2181 5260 periora
2211 5193 2396 5259 potest
2423 5188 2630 5259 quibus
2657 5190 2795 5243 alias
2846 5190 3318 5245 contradictiones
3373 5193 3648 5261 opposui-

1958 5294 2105 5333 mus.
2133 5278 2280 5342 Quid
2312 5277 2492 5348 ergo?
2521 5279 2721 5332 Iamne
2773 5279 3226 5334 concludendum
3257 5283 3359 5344 est,
3392 5279 3652 5334 animum

2021 5431 2037 5464 ι
2068 5430 2175 5477 ista
2204 5429 2348 5489 Mss,
2378 5432 2432 5493 et
2457 5429 2772 5479 concinnius
2795 5444 2953 5493 quam
2984 5429 3026 5477 si
3065 5441 3186 5478 cum
3215 5426 3470 5478 hactenus
3502 5429 3658 5481 editis

1954 5491 2413 5555 legaturtrattoni
2429 5493 2785 5555 conjungitur.

2039 5553 2094 5616 α)
2123 5556 2144 5602 1
2179 5553 2428 5615 RectraL,
2459 5568 2572 5618 cap.
2606 5553 2652 5614 5,
2681 5567 2737 5603 n.
2770 5557 2817 5604 2.
