  <div class='ocr_page' id='page_1' title='image "/cluster/home/n/w/nwhite01/storage/ocr_20150623/32/umn.31951002477326y/525.png"; bbox 0 0 4064 6354; ppageno 0'>
   <div class='ocr_carea' id='block_1_1' title="bbox 398 336 528 389">
    <p class='ocr_par' dir='ltr' id='par_1_1' title="bbox 398 336 528 389">
     <span class='ocr_line' id='line_1_1' title="bbox 398 336 528 389; baseline -0.015 -1"><span class='ocrx_word' id='word_1_1' title='bbox 398 336 528 389; x_wconf 76' lang='grc'><strong>102³7</strong></span> 
     </span>
    </p>
   </div>
   <div class='ocr_carea' id='block_1_2' title="bbox 395 448 2080 519">
    <p class='ocr_par' dir='ltr' id='par_1_2' title="bbox 395 448 2080 519">
     <span class='ocr_line' id='line_1_2' title="bbox 395 448 2080 519; baseline -0.005 -9"><span class='ocrx_word' id='word_1_2' title='bbox 395 473 515 512; x_wconf 91' lang='lat' dir='ltr'><strong>esse</strong></span> <span class='ocrx_word' id='word_1_3' title='bbox 544 451 974 509; x_wconf 78' lang='lat' dir='ltr'><strong>immortalem?</strong></span> <span class='ocrx_word' id='word_1_4' title='bbox 1027 466 1099 504; x_wconf 90' lang='lat' dir='ltr'><strong>an</strong></span> <span class='ocrx_word' id='word_1_5' title='bbox 1131 448 1351 503; x_wconf 88' lang='lat' dir='ltr'><strong>etiamsi</strong></span> <span class='ocrx_word' id='word_1_6' title='bbox 1409 448 1658 519; x_wconf 88' lang='lat' dir='ltr'><strong>separari</strong></span> <span class='ocrx_word' id='word_1_7' title='bbox 1703 465 1820 502; x_wconf 91' lang='lat' dir='ltr'><strong>non</strong></span> <span class='ocrx_word' id='word_1_8' title='bbox 1875 453 2080 519; x_wconf 87' lang='lat' dir='ltr'><strong>potest,</strong></span> 
     </span>
    </p>
   </div>
   <div class='ocr_carea' id='block_1_3' title="bbox 395 537 2086 614">
    <p class='ocr_par' dir='ltr' id='par_1_3' title="bbox 395 537 2086 614">
     <span class='ocr_line' id='line_1_3' title="bbox 395 537 2086 614; baseline -0.007 -15"><span class='ocrx_word' id='word_1_9' title='bbox 395 542 682 614; x_wconf 81' lang='lat' dir='ltr'><strong>exstingui</strong></span> <span class='ocrx_word' id='word_1_10' title='bbox 712 541 944 612; x_wconf 83' lang='lat' dir='ltr'><strong>potest?</strong></span> <span class='ocrx_word' id='word_1_11' title='bbox 973 541 1044 593; x_wconf 84' lang='lat' dir='ltr'><strong>At</strong></span> <span class='ocrx_word' id='word_1_12' title='bbox 1067 539 1112 591; x_wconf 89' lang='lat' dir='ltr'><strong>si</strong></span> <span class='ocrx_word' id='word_1_13' title='bbox 1140 539 1236 591; x_wconf 84' lang='lat' dir='ltr'><strong>illa</strong></span> <span class='ocrx_word' id='word_1_14' title='bbox 1258 537 1492 591; x_wconf 86' lang='lat' dir='ltr'><strong>rationis</strong></span> <span class='ocrx_word' id='word_1_15' title='bbox 1510 537 1725 608; x_wconf 90' lang='lat' dir='ltr'><strong>visipsa</strong></span> <span class='ocrx_word' id='word_1_16' title='bbox 1744 554 1844 591; x_wconf 87' lang='lat' dir='ltr'><strong>sua</strong></span> <span class='ocrx_word' id='word_1_17' title='bbox 1858 537 2086 606; x_wconf 87' lang='lat' dir='ltr'><strong>conjun-</strong></span> 
     </span>
    </p>
   </div>
   <div class='ocr_carea' id='block_1_4' title="bbox 394 625 2085 696">
    <p class='ocr_par' dir='ltr' id='par_1_4' title="bbox 394 625 2085 696">
     <span class='ocr_line' id='line_1_4' title="bbox 394 625 2085 696; baseline -0.006 -8"><span class='ocrx_word' id='word_1_18' title='bbox 394 634 580 688; x_wconf 87' lang='lat' dir='ltr'><strong>ctione</strong></span> <span class='ocrx_word' id='word_1_19' title='bbox 611 630 787 684; x_wconf 88' lang='lat' dir='ltr'><strong>afﬁcit</strong></span> <span class='ocrx_word' id='word_1_20' title='bbox 813 629 1069 682; x_wconf 89' lang='lat' dir='ltr'><strong>animum</strong></span> <span class='ocrx_word' id='word_1_21' title='bbox 1096 645 1108 692; x_wconf 92' lang='lat'>;</span> <span class='ocrx_word' id='word_1_22' title='bbox 1135 642 1322 696; x_wconf 91' lang='lat' dir='ltr'><strong>neque</strong></span> <span class='ocrx_word' id='word_1_23' title='bbox 1354 625 1507 680; x_wconf 92' lang='lat' dir='ltr'><strong>enim</strong></span> <span class='ocrx_word' id='word_1_24' title='bbox 1555 643 1670 679; x_wconf 93' lang='lat' dir='ltr'><strong>non</strong></span> <span class='ocrx_word' id='word_1_25' title='bbox 1701 626 1928 679; x_wconf 86' lang='lat' dir='ltr'><strong>afﬁcere</strong></span> <span class='ocrx_word' id='word_1_26' title='bbox 1958 633 2085 696; x_wconf 69' lang='lat' dir='ltr'><strong>put-</strong></span> 
     </span>
    </p>
   </div>
   <div class='ocr_carea' id='block_1_5' title="bbox 396 713 2086 789">
    <p class='ocr_par' dir='ltr' id='par_1_5' title="bbox 396 713 2086 789">
     <span class='ocr_line' id='line_1_5' title="bbox 396 713 2086 789; baseline -0.006 -13"><span class='ocrx_word' id='word_1_27' title='bbox 396 727 516 787; x_wconf 89' lang='lat' dir='ltr'><strong>est;</strong></span> <span class='ocrx_word' id='word_1_28' title='bbox 550 722 628 773; x_wconf 92' lang='lat' dir='ltr'><strong>ita</strong></span> <span class='ocrx_word' id='word_1_29' title='bbox 652 719 906 789; x_wconf 91' lang='lat' dir='ltr'><strong>profecto</strong></span> <span class='ocrx_word' id='word_1_30' title='bbox 938 716 1110 769; x_wconf 78' lang='lat' dir='ltr'><strong>afficit</strong></span> <span class='ocrx_word' id='word_1_31' title='bbox 1157 719 1219 768; x_wconf 92' lang='lat' dir='ltr'><strong>ut</strong></span> <span class='ocrx_word' id='word_1_32' title='bbox 1266 715 1318 767; x_wconf 90' lang='lat' dir='ltr'><strong>ei</strong></span> <span class='ocrx_word' id='word_1_33' title='bbox 1369 732 1489 768; x_wconf 89' lang='lat' dir='ltr'><strong>esse</strong></span> <span class='ocrx_word' id='word_1_34' title='bbox 1525 714 1752 768; x_wconf 85' lang='lat' dir='ltr'><strong>tribuat.</strong></span> <span class='ocrx_word' id='word_1_35' title='bbox 1816 716 1910 767; x_wconf 87' lang='lat' dir='ltr'><strong>Est</strong></span> <span class='ocrx_word' id='word_1_36' title='bbox 1935 713 2086 767; x_wconf 88' lang='lat' dir='ltr'><strong>enim</strong></span> 
     </span>
    </p>
   </div>
   <div class='ocr_carea' id='block_1_6' title="bbox 394 803 2086 878">
    <p class='ocr_par' dir='ltr' id='par_1_6' title="bbox 394 803 2086 878">
     <span class='ocr_line' id='line_1_6' title="bbox 394 803 2086 878; baseline -0.005 -13"><span class='ocrx_word' id='word_1_37' title='bbox 394 811 642 866; x_wconf 82' lang='lat' dir='ltr'><strong>maxime</strong></span> <span class='ocrx_word' id='word_1_38' title='bbox 671 809 792 878; x_wconf 90' lang='lat' dir='ltr'><strong>ipsa</strong></span> <span class='ocrx_word' id='word_1_39' title='bbox 819 805 984 871; x_wconf 83' lang='lat' dir='ltr'><strong>ratio,</strong></span> <span class='ocrx_word' id='word_1_40' title='bbox 1012 805 1112 859; x_wconf 83' lang='lat' dir='ltr'><strong>ubi</strong></span> <span class='ocrx_word' id='word_1_41' title='bbox 1140 821 1365 858; x_wconf 88' lang='lat' dir='ltr'><strong>summa</strong></span> <span class='ocrx_word' id='word_1_42' title='bbox 1403 805 1576 858; x_wconf 89' lang='lat' dir='ltr'><strong>etiam</strong></span> <span class='ocrx_word' id='word_1_43' title='bbox 1606 803 2086 857; x_wconf 87' lang='lat' dir='ltr'><strong>incommutabili-</strong></span> 
     </span>
    </p>
   </div>
   <div class='ocr_carea' id='block_1_7' title="bbox 392 890 2090 964">
    <p class='ocr_par' dir='ltr' id='par_1_7' title="bbox 392 890 2090 964">
     <span class='ocr_line' id='line_1_7' title="bbox 392 890 2090 964; baseline -0.005 -11"><span class='ocrx_word' id='word_1_44' title='bbox 392 905 479 953; x_wconf 89' lang='lat' dir='ltr'><strong>tas</strong></span> <span class='ocrx_word' id='word_1_45' title='bbox 507 896 866 964; x_wconf 84' lang='lat' dir='ltr'><strong>intelligitur.</strong></span> <span class='ocrx_word' id='word_1_46' title='bbox 895 895 1092 963; x_wconf 87' lang='lat' dir='ltr'><strong>Itaque</strong></span> <span class='ocrx_word' id='word_1_47' title='bbox 1123 909 1257 946; x_wconf 90' lang='lat' dir='ltr'><strong>eum</strong></span> <span class='ocrx_word' id='word_1_48' title='bbox 1280 908 1453 962; x_wconf 89' lang='lat' dir='ltr'><strong>quem</strong></span> <span class='ocrx_word' id='word_1_49' title='bbox 1484 909 1550 946; x_wconf 84' lang='lat' dir='ltr'><strong>ex</strong></span> <span class='ocrx_word' id='word_1_50' title='bbox 1578 908 1634 945; x_wconf 87' lang='lat' dir='ltr'><strong>se</strong></span> <span class='ocrx_word' id='word_1_51' title='bbox 1667 891 1843 944; x_wconf 88' lang='lat' dir='ltr'><strong>afﬁcit</strong></span> <span class='ocrx_word' id='word_1_52' title='bbox 1872 892 1912 957; x_wconf 75' lang='grc'><em>⁸,</em></span> <span class='ocrx_word' id='word_1_53' title='bbox 1936 890 2090 960; x_wconf 88' lang='lat' dir='ltr'><strong>cogit</strong></span> 
     </span>
    </p>
   </div>
   <div class='ocr_carea' id='block_1_8' title="bbox 395 980 2085 1055">
    <p class='ocr_par' dir='ltr' id='par_1_8' title="bbox 395 980 2085 1055">
     <span class='ocr_line' id='line_1_8' title="bbox 395 980 2085 1055; baseline -0.005 -15"><span class='ocrx_word' id='word_1_54' title='bbox 395 1003 514 1040; x_wconf 85' lang='lat' dir='ltr'><strong>esse</strong></span> <span class='ocrx_word' id='word_1_55' title='bbox 547 982 993 1055; x_wconf 90' lang='lat' dir='ltr'><strong>quodammodo.</strong></span> <span class='ocrx_word' id='word_1_56' title='bbox 1024 983 1147 1034; x_wconf 87' lang='lat' dir='ltr'><strong>Non</strong></span> <span class='ocrx_word' id='word_1_57' title='bbox 1179 997 1313 1052; x_wconf 85' lang='lat' dir='ltr'><strong>ergo</strong></span> <span class='ocrx_word' id='word_1_58' title='bbox 1330 980 1609 1049; x_wconf 82' lang='lat' dir='ltr'><strong>exstingui</strong></span> <span class='ocrx_word' id='word_1_59' title='bbox 1639 980 1862 1034; x_wconf 90' lang='lat' dir='ltr'><strong>animus</strong></span> <span class='ocrx_word' id='word_1_60' title='bbox 1878 983 2085 1050; x_wconf 84' lang='lat' dir='ltr'><strong>potest,</strong></span> 
     </span>
    </p>
   </div>
   <div class='ocr_carea' id='block_1_9' title="bbox 393 1069 2092 1139">
    <p class='ocr_par' dir='ltr' id='par_1_9' title="bbox 393 1069 2092 1139">
     <span class='ocr_line' id='line_1_9' title="bbox 393 1069 2092 1139; baseline -0.004 -13"><span class='ocrx_word' id='word_1_61' title='bbox 393 1073 547 1126; x_wconf 90' lang='lat' dir='ltr'><strong>nisia</strong></span> <span class='ocrx_word' id='word_1_62' title='bbox 561 1070 781 1125; x_wconf 91' lang='lat' dir='ltr'><strong>ratione</strong></span> <span class='ocrx_word' id='word_1_63' title='bbox 803 1073 1124 1139; x_wconf 85' lang='lat' dir='ltr'><strong>separatus;</strong></span> <span class='ocrx_word' id='word_1_64' title='bbox 1146 1069 1397 1138; x_wconf 86' lang='lat' dir='ltr'><strong>separari</strong></span> <span class='ocrx_word' id='word_1_65' title='bbox 1417 1073 1605 1121; x_wconf 90' lang='lat' dir='ltr'><strong>autem</strong></span> <span class='ocrx_word' id='word_1_66' title='bbox 1621 1072 1811 1121; x_wconf 89' lang='lat' dir='ltr'><strong>autem</strong></span> <span class='ocrx_word' id='word_1_67' title='bbox 1829 1084 1941 1120; x_wconf 92' lang='lat' dir='ltr'><strong>non</strong></span> <span class='ocrx_word' id='word_1_68' title='bbox 1966 1071 2092 1137; x_wconf 84' lang='lat' dir='ltr'><strong>pot-</strong></span> 
     </span>
    </p>
   </div>
   <div class='ocr_carea' id='block_1_10' title="bbox 395 1154 2090 1229">
    <p class='ocr_par' dir='ltr' id='par_1_10' title="bbox 395 1154 2090 1229">
     <span class='ocr_line' id='line_1_10' title="bbox 395 1154 2090 1229; baseline -0.004 -15"><span class='ocrx_word' id='word_1_69' title='bbox 395 1166 500 1229; x_wconf 87' lang='lat' dir='ltr'><strong>est,</strong></span> <span class='ocrx_word' id='word_1_70' title='bbox 533 1165 597 1214; x_wconf 91' lang='lat' dir='ltr'><strong>ut</strong></span> <span class='ocrx_word' id='word_1_71' title='bbox 649 1175 823 1229; x_wconf 83' lang='lat' dir='ltr'><strong>supra</strong></span> <span class='ocrx_word' id='word_1_72' title='bbox 879 1157 1202 1211; x_wconf 89' lang='lat' dir='ltr'><strong>ratiocinati</strong></span> <span class='ocrx_word' id='word_1_73' title='bbox 1245 1173 1444 1210; x_wconf 89' lang='lat' dir='ltr'><strong>sumus</strong></span> <span class='ocrx_word' id='word_1_74' title='bbox 1477 1173 1489 1210; x_wconf 91' lang='lat'>:</span> <span class='ocrx_word' id='word_1_75' title='bbox 1522 1172 1641 1209; x_wconf 91' lang='lat' dir='ltr'><strong>non</strong></span> <span class='ocrx_word' id='word_1_76' title='bbox 1691 1160 1875 1226; x_wconf 82' lang='lat' dir='ltr'><strong>potest</strong></span> <span class='ocrx_word' id='word_1_77' title='bbox 1914 1154 2090 1226; x_wconf 87' lang='lat' dir='ltr'><strong>igitur</strong></span> 
     </span>
    </p>
   </div>
   <div class='ocr_carea' id='block_1_11' title="bbox 391 1248 644 1302">
    <p class='ocr_par' dir='ltr' id='par_1_11' title="bbox 391 1248 644 1302">
     <span class='ocr_line' id='line_1_11' title="bbox 391 1248 644 1302; baseline 0 0"><span class='ocrx_word' id='word_1_78' title='bbox 391 1248 644 1302; x_wconf 89' lang='lat' dir='ltr'><strong>interire.</strong></span> 
     </span>
    </p>
   </div>
   <div class='ocr_carea' id='block_1_12' title="bbox 398 1331 2088 1400">
    <p class='ocr_par' dir='ltr' id='par_1_12' title="bbox 398 1331 2088 1400">
     <span class='ocr_line' id='line_1_12' title="bbox 398 1331 2088 1400; baseline -0.004 -10"><span class='ocrx_word' id='word_1_79' title='bbox 398 1337 620 1390; x_wconf 82' lang='lat' dir='ltr'><strong>CAPUT</strong></span> <span class='ocrx_word' id='word_1_80' title='bbox 651 1335 761 1388; x_wconf 79' lang='lat' dir='ltr'><strong>VII.</strong></span> <span class='ocrx_word' id='word_1_81' title='bbox 791 1363 860 1372; x_wconf 93' lang='lat'><strong>—</strong></span> <span class='ocrx_word' id='word_1_82' title='bbox 890 1335 1018 1398; x_wconf 81' lang='lat' dir='ltr'><strong>Nec,</strong></span> <span class='ocrx_word' id='word_1_83' title='bbox 1047 1334 1098 1386; x_wconf 97' lang='lat' dir='ltr'><strong>si</strong></span> <span class='ocrx_word' id='word_1_84' title='bbox 1145 1347 1244 1400; x_wconf 81' lang='lat' dir='ltr'><strong>per</strong></span> <span class='ocrx_word' id='word_1_85' title='bbox 1286 1333 1650 1386; x_wconf 76' lang='lat' dir='ltr'><strong>substantiam</strong></span> <span class='ocrx_word' id='word_1_86' title='bbox 1694 1331 1768 1386; x_wconf 89' lang='lat' dir='ltr'><strong>ad</strong></span> <span class='ocrx_word' id='word_1_87' title='bbox 1823 1331 2088 1398; x_wconf 81' lang='lat' dir='ltr'><strong>defectum</strong></span> 
     </span>
    </p>
   </div>
   <div class='ocr_carea' id='block_1_13' title="bbox 823 1421 1665 1486">
    <p class='ocr_par' dir='ltr' id='par_1_13' title="bbox 823 1421 1665 1486">
     <span class='ocr_line' id='line_1_13' title="bbox 823 1421 1665 1486; baseline 0 -12"><span class='ocrx_word' id='word_1_88' title='bbox 823 1421 995 1474; x_wconf 79' lang='lat' dir='ltr'><strong>tendit</strong></span> <span class='ocrx_word' id='word_1_89' title='bbox 1026 1422 1258 1486; x_wconf 85' lang='lat' dir='ltr'><strong>animus,</strong></span> <span class='ocrx_word' id='word_1_90' title='bbox 1290 1421 1352 1474; x_wconf 87' lang='lat' dir='ltr'><strong>ob</strong></span> <span class='ocrx_word' id='word_1_91' title='bbox 1379 1421 1439 1474; x_wconf 85' lang='lat' dir='ltr'><strong>id</strong></span> <span class='ocrx_word' id='word_1_92' title='bbox 1463 1422 1665 1474; x_wconf 81' lang='lat' dir='ltr'><strong>interit.</strong></span> 
     </span>
    </p>
   </div>
   <div class='ocr_carea' id='block_1_14' title="bbox 469 1505 2087 1577">
    <p class='ocr_par' dir='ltr' id='par_1_14' title="bbox 469 1505 2087 1577">
     <span class='ocr_line' id='line_1_14' title="bbox 469 1505 2087 1577; baseline -0.005 -11"><span class='ocrx_word' id='word_1_93' title='bbox 469 1515 553 1566; x_wconf 78' lang='lat' dir='ltr'><strong>t2.</strong></span> <span class='ocrx_word' id='word_1_94' title='bbox 583 1513 652 1565; x_wconf 79' lang='lat' dir='ltr'><strong>At</strong></span> <span class='ocrx_word' id='word_1_95' title='bbox 683 1509 834 1564; x_wconf 90' lang='lat' dir='ltr'><strong>enim</strong></span> <span class='ocrx_word' id='word_1_96' title='bbox 889 1508 1106 1561; x_wconf 86' lang='lat' dir='ltr'><strong>aversio</strong></span> <span class='ocrx_word' id='word_1_97' title='bbox 1135 1507 1258 1576; x_wconf 85' lang='lat' dir='ltr'><strong>ipsa</strong></span> <span class='ocrx_word' id='word_1_98' title='bbox 1287 1525 1315 1561; x_wconf 93' lang='lat' dir='ltr'><strong>a</strong></span> <span class='ocrx_word' id='word_1_99' title='bbox 1346 1507 1567 1561; x_wconf 88' lang='lat' dir='ltr'><strong>ratione</strong></span> <span class='ocrx_word' id='word_1_100' title='bbox 1610 1523 1712 1577; x_wconf 90' lang='lat' dir='ltr'><strong>per</strong></span> <span class='ocrx_word' id='word_1_101' title='bbox 1741 1523 1916 1577; x_wconf 90' lang='lat' dir='ltr'><strong>quam</strong></span> <span class='ocrx_word' id='word_1_102' title='bbox 1948 1505 2087 1559; x_wconf 89' lang='lat' dir='ltr'><strong>stul-</strong></span> 
     </span>
    </p>
   </div>
   <div class='ocr_carea' id='block_1_15' title="bbox 399 1594 2090 1668">
    <p class='ocr_par' dir='ltr' id='par_1_15' title="bbox 399 1594 2090 1668">
     <span class='ocr_line' id='line_1_15' title="bbox 399 1594 2090 1668; baseline -0.005 -13"><span class='ocrx_word' id='word_1_103' title='bbox 399 1601 527 1655; x_wconf 88' lang='lat' dir='ltr'><strong>titia</strong></span> <span class='ocrx_word' id='word_1_104' title='bbox 571 1597 855 1668; x_wconf 88' lang='lat' dir='ltr'><strong>contingit</strong></span> <span class='ocrx_word' id='word_1_105' title='bbox 900 1596 1112 1661; x_wconf 89' lang='lat' dir='ltr'><strong>animo,</strong></span> <span class='ocrx_word' id='word_1_106' title='bbox 1172 1596 1293 1649; x_wconf 87' lang='lat' dir='ltr'><strong>sine</strong></span> <span class='ocrx_word' id='word_1_107' title='bbox 1343 1596 1561 1649; x_wconf 90' lang='lat' dir='ltr'><strong>defectu</strong></span> <span class='ocrx_word' id='word_1_108' title='bbox 1620 1596 1740 1664; x_wconf 85' lang='lat' dir='ltr'><strong>ejus</strong></span> <span class='ocrx_word' id='word_1_109' title='bbox 1794 1594 1920 1648; x_wconf 78' lang='lat' dir='ltr'><strong>fieri</strong></span> <span class='ocrx_word' id='word_1_110' title='bbox 1973 1609 2090 1646; x_wconf 92' lang='lat' dir='ltr'><strong>non</strong></span> 
     </span>
    </p>
   </div>
   <div class='ocr_carea' id='block_1_16' title="bbox 396 1681 2088 1759">
    <p class='ocr_par' dir='ltr' id='par_1_16' title="bbox 396 1681 2088 1759">
     <span class='ocr_line' id='line_1_16' title="bbox 396 1681 2088 1759; baseline -0.005 -18"><span class='ocrx_word' id='word_1_111' title='bbox 396 1691 618 1759; x_wconf 89' lang='lat' dir='ltr'><strong>potest:</strong></span> <span class='ocrx_word' id='word_1_112' title='bbox 653 1685 699 1739; x_wconf 88' lang='lat' dir='ltr'><strong>si</strong></span> <span class='ocrx_word' id='word_1_113' title='bbox 757 1685 906 1738; x_wconf 91' lang='lat' dir='ltr'><strong>enim</strong></span> <span class='ocrx_word' id='word_1_114' title='bbox 953 1683 1136 1754; x_wconf 90' lang='lat' dir='ltr'><strong>magis</strong></span> <span class='ocrx_word' id='word_1_115' title='bbox 1191 1689 1274 1737; x_wconf 88' lang='lat' dir='ltr'><strong>est</strong></span> <span class='ocrx_word' id='word_1_116' title='bbox 1334 1683 1405 1736; x_wconf 90' lang='lat' dir='ltr'><strong>ad</strong></span> <span class='ocrx_word' id='word_1_117' title='bbox 1455 1681 1737 1736; x_wconf 89' lang='lat' dir='ltr'><strong>rationem</strong></span> <span class='ocrx_word' id='word_1_118' title='bbox 1787 1696 2088 1734; x_wconf 89' lang='lat' dir='ltr'><strong>conversus</strong></span> 
     </span>
    </p>
   </div>
   <div class='ocr_carea' id='block_1_17' title="bbox 391 1767 2090 1847">
    <p class='ocr_par' dir='ltr' id='par_1_17' title="bbox 391 1767 2090 1847">
     <span class='ocr_line' id='line_1_17' title="bbox 391 1767 2090 1847; baseline -0.006 -17"><span class='ocrx_word' id='word_1_119' title='bbox 391 1777 560 1847; x_wconf 89' lang='lat' dir='ltr'><strong>eique</strong></span> <span class='ocrx_word' id='word_1_120' title='bbox 601 1775 906 1838; x_wconf 80' lang='lat' dir='ltr'><strong>inhaerens,</strong></span> <span class='ocrx_word' id='word_1_121' title='bbox 954 1772 1082 1826; x_wconf 92' lang='lat' dir='ltr'><strong>ideo</strong></span> <span class='ocrx_word' id='word_1_122' title='bbox 1141 1771 1295 1842; x_wconf 90' lang='lat' dir='ltr'><strong>quod</strong></span> <span class='ocrx_word' id='word_1_123' title='bbox 1354 1771 1597 1823; x_wconf 65' lang='lat' dir='ltr'><strong>inhaeret</strong></span> <span class='ocrx_word' id='word_1_124' title='bbox 1626 1767 2090 1823; x_wconf 82' lang='lat' dir='ltr'><strong>incommutabili</strong></span> 
     </span>
    </p>
   </div>
   <div class='ocr_carea' id='block_1_18' title="bbox 394 1855 2090 1934">
    <p class='ocr_par' dir='ltr' id='par_1_18' title="bbox 394 1855 2090 1934">
     <span class='ocr_line' id='line_1_18' title="bbox 394 1855 2090 1934; baseline -0.005 -17"><span class='ocrx_word' id='word_1_125' title='bbox 394 1865 482 1918; x_wconf 91' lang='lat' dir='ltr'><strong>rei</strong></span> <span class='ocrx_word' id='word_1_126' title='bbox 534 1880 661 1934; x_wconf 64' lang='lat' dir='ltr'><strong>qua:</strong></span> <span class='ocrx_word' id='word_1_127' title='bbox 719 1866 804 1915; x_wconf 92' lang='lat' dir='ltr'><strong>est</strong></span> <span class='ocrx_word' id='word_1_128' title='bbox 853 1860 1081 1924; x_wconf 85' lang='lat' dir='ltr'><strong>veritas,</strong></span> <span class='ocrx_word' id='word_1_129' title='bbox 1111 1875 1256 1928; x_wconf 8' lang='lat' dir='ltr'><strong>aqua:</strong></span> <span class='ocrx_word' id='word_1_130' title='bbox 1305 1862 1361 1911; x_wconf 92' lang='lat' dir='ltr'><strong>et</strong></span> <span class='ocrx_word' id='word_1_131' title='bbox 1412 1857 1656 1910; x_wconf 83' lang='lat' dir='ltr'><strong>maxime</strong></span> <span class='ocrx_word' id='word_1_132' title='bbox 1714 1860 1770 1911; x_wconf 87' lang='lat' dir='ltr'><strong>et</strong></span> <span class='ocrx_word' id='word_1_133' title='bbox 1825 1855 2090 1926; x_wconf 85' lang='lat' dir='ltr'><strong>primitus</strong></span> 
     </span>
    </p>
   </div>
   <div class='ocr_carea' id='block_1_19' title="bbox 399 1943 2090 2019">
    <p class='ocr_par' dir='ltr' id='par_1_19' title="bbox 399 1943 2090 2019">
     <span class='ocr_line' id='line_1_19' title="bbox 399 1943 2090 2019; baseline -0.007 -12"><span class='ocrx_word' id='word_1_134' title='bbox 399 1957 516 2019; x_wconf 87' lang='lat' dir='ltr'><strong>est;</strong></span> <span class='ocrx_word' id='word_1_135' title='bbox 578 1969 706 2006; x_wconf 90' lang='lat' dir='ltr'><strong>cum</strong></span> <span class='ocrx_word' id='word_1_136' title='bbox 766 1950 834 2003; x_wconf 89' lang='lat' dir='ltr'><strong>ab</strong></span> <span class='ocrx_word' id='word_1_137' title='bbox 897 1967 964 2003; x_wconf 86' lang='lat' dir='ltr'><strong>ea</strong></span> <span class='ocrx_word' id='word_1_138' title='bbox 1027 1952 1112 2002; x_wconf 89' lang='lat' dir='ltr'><strong>est</strong></span> <span class='ocrx_word' id='word_1_139' title='bbox 1174 1964 1422 2013; x_wconf 86' lang='lat' dir='ltr'><strong>aversus,</strong></span> <span class='ocrx_word' id='word_1_140' title='bbox 1498 1946 1748 2015; x_wconf 90' lang='lat' dir='ltr'><strong>idipsum</strong></span> <span class='ocrx_word' id='word_1_141' title='bbox 1806 1961 1925 1998; x_wconf 89' lang='lat' dir='ltr'><strong>esse</strong></span> <span class='ocrx_word' id='word_1_142' title='bbox 1988 1943 2090 1997; x_wconf 89' lang='lat' dir='ltr'><strong>mi-</strong></span> 
     </span>
    </p>
   </div>
   <div class='ocr_carea' id='block_1_20' title="bbox 398 2033 2090 2108">
    <p class='ocr_par' dir='ltr' id='par_1_20' title="bbox 398 2033 2090 2108">
     <span class='ocr_line' id='line_1_20' title="bbox 398 2033 2090 2108; baseline -0.007 -13"><span class='ocrx_word' id='word_1_143' title='bbox 398 2058 508 2095; x_wconf 85' lang='lat' dir='ltr'><strong>nus</strong></span> <span class='ocrx_word' id='word_1_144' title='bbox 530 2041 724 2106; x_wconf 89' lang='lat' dir='ltr'><strong>habet,</strong></span> <span class='ocrx_word' id='word_1_145' title='bbox 750 2037 900 2108; x_wconf 90' lang='lat' dir='ltr'><strong>quod</strong></span> <span class='ocrx_word' id='word_1_146' title='bbox 958 2040 1040 2090; x_wconf 89' lang='lat' dir='ltr'><strong>est</strong></span> <span class='ocrx_word' id='word_1_147' title='bbox 1069 2034 1328 2089; x_wconf 87' lang='lat' dir='ltr'><strong>deﬁcere.</strong></span> <span class='ocrx_word' id='word_1_148' title='bbox 1371 2033 1566 2088; x_wconf 89' lang='lat' dir='ltr'><strong>Omnis</strong></span> <span class='ocrx_word' id='word_1_149' title='bbox 1599 2039 1788 2086; x_wconf 90' lang='lat' dir='ltr'><strong>autem</strong></span> <span class='ocrx_word' id='word_1_150' title='bbox 1839 2033 2090 2085; x_wconf 89' lang='lat' dir='ltr'><strong>defectus</strong></span> 
     </span>
    </p>
   </div>
   <div class='ocr_carea' id='block_1_21' title="bbox 397 2119 2088 2190">
    <p class='ocr_par' dir='ltr' id='par_1_21' title="bbox 397 2119 2088 2190">
     <span class='ocr_line' id='line_1_21' title="bbox 397 2119 2088 2190; baseline -0.007 -7"><span class='ocrx_word' id='word_1_151' title='bbox 397 2129 582 2184; x_wconf 85' lang='lat' dir='ltr'><strong>tendit</strong></span> <span class='ocrx_word' id='word_1_152' title='bbox 612 2127 680 2181; x_wconf 88' lang='lat' dir='ltr'><strong>ad</strong></span> <span class='ocrx_word' id='word_1_153' title='bbox 715 2125 988 2190; x_wconf 88' lang='lat' dir='ltr'><strong>nihilum;</strong></span> <span class='ocrx_word' id='word_1_154' title='bbox 1023 2129 1079 2177; x_wconf 92' lang='lat' dir='ltr'><strong>et</strong></span> <span class='ocrx_word' id='word_1_155' title='bbox 1109 2122 1400 2176; x_wconf 89' lang='lat' dir='ltr'><strong>interitum</strong></span> <span class='ocrx_word' id='word_1_156' title='bbox 1418 2123 1640 2175; x_wconf 92' lang='lat' dir='ltr'><strong>nullum</strong></span> <span class='ocrx_word' id='word_1_157' title='bbox 1670 2119 2088 2190; x_wconf 90' lang='lat' dir='ltr'><strong>magisproprie</strong></span> 
     </span>
    </p>
   </div>
   <div class='ocr_carea' id='block_1_22' title="bbox 401 2207 2088 2288">
    <p class='ocr_par' dir='ltr' id='par_1_22' title="bbox 401 2207 2088 2288">
     <span class='ocr_line' id='line_1_22' title="bbox 401 2207 2088 2288; baseline -0.007 -17"><span class='ocrx_word' id='word_1_158' title='bbox 401 2221 624 2288; x_wconf 88' lang='lat' dir='ltr'><strong>oportet</strong></span> <span class='ocrx_word' id='word_1_159' title='bbox 651 2213 853 2284; x_wconf 88' lang='lat' dir='ltr'><strong>accipi,</strong></span> <span class='ocrx_word' id='word_1_160' title='bbox 887 2228 1058 2283; x_wconf 89' lang='lat' dir='ltr'><strong>quam</strong></span> <span class='ocrx_word' id='word_1_161' title='bbox 1082 2227 1211 2264; x_wconf 88' lang='lat' dir='ltr'><strong>cum</strong></span> <span class='ocrx_word' id='word_1_162' title='bbox 1242 2210 1320 2276; x_wconf 93' lang='lat' dir='ltr'><strong>id,</strong></span> <span class='ocrx_word' id='word_1_163' title='bbox 1353 2210 1502 2280; x_wconf 90' lang='lat' dir='ltr'><strong>quod</strong></span> <span class='ocrx_word' id='word_1_164' title='bbox 1529 2209 1742 2279; x_wconf 90' lang='lat' dir='ltr'><strong>aliquid</strong></span> <span class='ocrx_word' id='word_1_165' title='bbox 1771 2213 1912 2277; x_wconf 88' lang='lat' dir='ltr'><strong>erat,</strong></span> <span class='ocrx_word' id='word_1_166' title='bbox 1947 2207 2088 2260; x_wconf 87' lang='lat' dir='ltr'><strong>nihil</strong></span> 
     </span>
    </p>
   </div>
   <div class='ocr_carea' id='block_1_23' title="bbox 401 2296 2088 2368">
    <p class='ocr_par' dir='ltr' id='par_1_23' title="bbox 401 2296 2088 2368">
     <span class='ocr_line' id='line_1_23' title="bbox 401 2296 2088 2368; baseline -0.007 -9"><span class='ocrx_word' id='word_1_167' title='bbox 401 2305 482 2359; x_wconf 89' lang='lat' dir='ltr'><strong>ﬁt.</strong></span> <span class='ocrx_word' id='word_1_168' title='bbox 515 2305 699 2368; x_wconf 86' lang='lat' dir='ltr'><strong>Quare</strong></span> <span class='ocrx_word' id='word_1_169' title='bbox 729 2301 959 2356; x_wconf 89' lang='lat' dir='ltr'><strong>tendere</strong></span> <span class='ocrx_word' id='word_1_170' title='bbox 988 2300 1056 2353; x_wconf 92' lang='lat' dir='ltr'><strong>ad</strong></span> <span class='ocrx_word' id='word_1_171' title='bbox 1101 2299 1369 2364; x_wconf 83' lang='lat' dir='ltr'><strong>nihilum,</strong></span> <span class='ocrx_word' id='word_1_172' title='bbox 1403 2303 1486 2352; x_wconf 90' lang='lat' dir='ltr'><strong>est</strong></span> <span class='ocrx_word' id='word_1_173' title='bbox 1521 2297 1592 2351; x_wconf 90' lang='lat' dir='ltr'><strong>ad</strong></span> <span class='ocrx_word' id='word_1_174' title='bbox 1638 2296 1936 2350; x_wconf 89' lang='lat' dir='ltr'><strong>interitum</strong></span> <span class='ocrx_word' id='word_1_175' title='bbox 1964 2301 2088 2349; x_wconf 87' lang='lat' dir='ltr'><strong>ten-</strong></span> 
     </span>
    </p>
   </div>
   <div class='ocr_carea' id='block_1_24' title="bbox 399 2383 2086 2456">
    <p class='ocr_par' dir='ltr' id='par_1_24' title="bbox 399 2383 2086 2456">
     <span class='ocr_line' id='line_1_24' title="bbox 399 2383 2086 2456; baseline -0.007 -10"><span class='ocrx_word' id='word_1_176' title='bbox 399 2393 551 2446; x_wconf 88' lang='lat' dir='ltr'><strong>dere.</strong></span> <span class='ocrx_word' id='word_1_177' title='bbox 587 2391 696 2456; x_wconf 87' lang='lat' dir='ltr'><strong>Qui</strong></span> <span class='ocrx_word' id='word_1_178' title='bbox 726 2405 826 2442; x_wconf 91' lang='lat' dir='ltr'><strong>cur</strong></span> <span class='ocrx_word' id='word_1_179' title='bbox 855 2403 974 2441; x_wconf 91' lang='lat' dir='ltr'><strong>non</strong></span> <span class='ocrx_word' id='word_1_180' title='bbox 1003 2387 1165 2440; x_wconf 90' lang='lat' dir='ltr'><strong>cadat</strong></span> <span class='ocrx_word' id='word_1_181' title='bbox 1194 2385 1254 2438; x_wconf 91' lang='lat' dir='ltr'><strong>in</strong></span> <span class='ocrx_word' id='word_1_182' title='bbox 1284 2386 1560 2450; x_wconf 90' lang='lat' dir='ltr'><strong>animum,</strong></span> <span class='ocrx_word' id='word_1_183' title='bbox 1618 2383 1706 2437; x_wconf 85' lang='lat' dir='ltr'><strong>vix</strong></span> <span class='ocrx_word' id='word_1_184' title='bbox 1759 2388 1843 2436; x_wconf 90' lang='lat' dir='ltr'><strong>est</strong></span> <span class='ocrx_word' id='word_1_185' title='bbox 1881 2383 2086 2449; x_wconf 88' lang='lat' dir='ltr'><strong>dicere,</strong></span> 
     </span>
    </p>
   </div>
   <div class='ocr_carea' id='block_1_25' title="bbox 395 2471 2088 2550">
    <p class='ocr_par' dir='ltr' id='par_1_25' title="bbox 395 2471 2088 2550">
     <span class='ocr_line' id='line_1_25' title="bbox 395 2471 2088 2550; baseline -0.006 -16"><span class='ocrx_word' id='word_1_186' title='bbox 395 2480 453 2534; x_wconf 91' lang='lat' dir='ltr'><strong>in</strong></span> <span class='ocrx_word' id='word_1_187' title='bbox 487 2495 658 2550; x_wconf 91' lang='lat' dir='ltr'><strong>quem</strong></span> <span class='ocrx_word' id='word_1_188' title='bbox 702 2477 952 2530; x_wconf 89' lang='lat' dir='ltr'><strong>defectus</strong></span> <span class='ocrx_word' id='word_1_189' title='bbox 998 2475 1168 2529; x_wconf 89' lang='lat' dir='ltr'><strong>cadit.</strong></span> <span class='ocrx_word' id='word_1_190' title='bbox 1218 2475 1433 2527; x_wconf 88' lang='lat' dir='ltr'><strong>Dantur</strong></span> <span class='ocrx_word' id='word_1_191' title='bbox 1453 2473 1544 2527; x_wconf 91' lang='lat' dir='ltr'><strong>hic</strong></span> <span class='ocrx_word' id='word_1_192' title='bbox 1585 2478 1786 2526; x_wconf 73' lang='lat' dir='ltr'><strong>caztera</strong></span> <span class='ocrx_word' id='word_1_193' title='bbox 1817 2488 1829 2525; x_wconf 92' lang='lat'>:</span> <span class='ocrx_word' id='word_1_194' title='bbox 1861 2471 1955 2524; x_wconf 90' lang='lat' dir='ltr'><strong>sed</strong></span> <span class='ocrx_word' id='word_1_195' title='bbox 1989 2487 2088 2524; x_wconf 89' lang='lat' dir='ltr'><strong>ne-</strong></span> 
     </span>
    </p>
   </div>
   <div class='ocr_carea' id='block_1_26' title="bbox 397 2559 2088 2636">
    <p class='ocr_par' dir='ltr' id='par_1_26' title="bbox 397 2559 2088 2636">
     <span class='ocr_line' id='line_1_26' title="bbox 397 2559 2088 2636; baseline -0.005 -16"><span class='ocrx_word' id='word_1_196' title='bbox 397 2571 564 2636; x_wconf 89' lang='lat' dir='ltr'><strong>gatur</strong></span> <span class='ocrx_word' id='word_1_197' title='bbox 595 2582 713 2619; x_wconf 90' lang='lat' dir='ltr'><strong>esse</strong></span> <span class='ocrx_word' id='word_1_198' title='bbox 745 2579 1094 2634; x_wconf 90' lang='lat' dir='ltr'><strong>consequens</strong></span> <span class='ocrx_word' id='word_1_199' title='bbox 1127 2561 1358 2616; x_wconf 90' lang='lat' dir='ltr'><strong>interire</strong></span> <span class='ocrx_word' id='word_1_200' title='bbox 1386 2562 1438 2615; x_wconf 92' lang='lat' dir='ltr'><strong>id</strong></span> <span class='ocrx_word' id='word_1_201' title='bbox 1470 2561 1620 2632; x_wconf 90' lang='lat' dir='ltr'><strong>quod</strong></span> <span class='ocrx_word' id='word_1_202' title='bbox 1637 2560 1818 2614; x_wconf 86' lang='lat' dir='ltr'><strong>tendit</strong></span> <span class='ocrx_word' id='word_1_203' title='bbox 1847 2560 1916 2614; x_wconf 92' lang='lat' dir='ltr'><strong>ad</strong></span> <span class='ocrx_word' id='word_1_204' title='bbox 1937 2559 2088 2612; x_wconf 92' lang='lat' dir='ltr'><strong>nihi—</strong></span> 
     </span>
    </p>
   </div>
   <div class='ocr_carea' id='block_1_27' title="bbox 396 2648 2087 2720">
    <p class='ocr_par' dir='ltr' id='par_1_27' title="bbox 396 2648 2087 2720">
     <span class='ocr_line' id='line_1_27' title="bbox 396 2648 2087 2720; baseline -0.005 -11"><span class='ocrx_word' id='word_1_205' title='bbox 396 2657 542 2717; x_wconf 87' lang='lat' dir='ltr'><strong>lum,</strong></span> <span class='ocrx_word' id='word_1_206' title='bbox 573 2655 631 2708; x_wconf 91' lang='lat' dir='ltr'><strong>id</strong></span> <span class='ocrx_word' id='word_1_207' title='bbox 663 2657 744 2706; x_wconf 89' lang='lat' dir='ltr'><strong>est</strong></span> <span class='ocrx_word' id='word_1_208' title='bbox 798 2653 866 2706; x_wconf 93' lang='lat' dir='ltr'><strong>ad</strong></span> <span class='ocrx_word' id='word_1_209' title='bbox 897 2651 1142 2705; x_wconf 87' lang='lat' dir='ltr'><strong>nihilum</strong></span> <span class='ocrx_word' id='word_1_210' title='bbox 1194 2649 1510 2720; x_wconf 85' lang='lat' dir='ltr'><strong>pervenire.</strong></span> <span class='ocrx_word' id='word_1_211' title='bbox 1545 2649 1709 2713; x_wconf 85' lang='lat' dir='ltr'><strong>Quod</strong></span> <span class='ocrx_word' id='word_1_212' title='bbox 1764 2648 1823 2701; x_wconf 93' lang='lat' dir='ltr'><strong>in</strong></span> <span class='ocrx_word' id='word_1_213' title='bbox 1853 2663 2087 2717; x_wconf 90' lang='lat' dir='ltr'><strong>corpore</strong></span> 
     </span>
    </p>
   </div>
   <div class='ocr_carea' id='block_1_28' title="bbox 399 2736 2090 2815">
    <p class='ocr_par' dir='ltr' id='par_1_28' title="bbox 399 2736 2090 2815">
     <span class='ocr_line' id='line_1_28' title="bbox 399 2736 2090 2815; baseline -0.005 -18"><span class='ocrx_word' id='word_1_214' title='bbox 399 2758 630 2815; x_wconf 90' lang='lat' dir='ltr'><strong>quoque</strong></span> <span class='ocrx_word' id='word_1_215' title='bbox 663 2739 1037 2795; x_wconf 84' lang='lat' dir='ltr'><strong>animadverti</strong></span> <span class='ocrx_word' id='word_1_216' title='bbox 1066 2744 1272 2809; x_wconf 88' lang='lat' dir='ltr'><strong>potest.</strong></span> <span class='ocrx_word' id='word_1_217' title='bbox 1327 2739 1467 2792; x_wconf 89' lang='lat' dir='ltr'><strong>Nam</strong></span> <span class='ocrx_word' id='word_1_218' title='bbox 1498 2737 1769 2808; x_wconf 90' lang='lat' dir='ltr'><strong>quoniam</strong></span> <span class='ocrx_word' id='word_1_219' title='bbox 1801 2736 2090 2807; x_wconf 85' lang='lat' dir='ltr'><strong>quodlibet</strong></span> 
     </span>
    </p>
   </div>
   <div class='ocr_carea' id='block_1_29' title="bbox 394 2825 2088 2901">
    <p class='ocr_par' dir='ltr' id='par_1_29' title="bbox 394 2825 2088 2901">
     <span class='ocr_line' id='line_1_29' title="bbox 394 2825 2088 2901; baseline -0.005 -15"><span class='ocrx_word' id='word_1_220' title='bbox 394 2848 602 2901; x_wconf 89' lang='lat' dir='ltr'><strong>corpus</strong></span> <span class='ocrx_word' id='word_1_221' title='bbox 626 2846 757 2901; x_wconf 89' lang='lat' dir='ltr'><strong>pars</strong></span> <span class='ocrx_word' id='word_1_222' title='bbox 779 2835 862 2882; x_wconf 91' lang='lat' dir='ltr'><strong>est</strong></span> <span class='ocrx_word' id='word_1_223' title='bbox 890 2826 1408 2895; x_wconf 83' lang='lat' dir='ltr'><strong>mundisensibilis,</strong></span> <span class='ocrx_word' id='word_1_224' title='bbox 1432 2832 1486 2880; x_wconf 89' lang='lat' dir='ltr'><strong>et</strong></span> <span class='ocrx_word' id='word_1_225' title='bbox 1511 2826 1636 2879; x_wconf 91' lang='lat' dir='ltr'><strong>ideo</strong></span> <span class='ocrx_word' id='word_1_226' title='bbox 1665 2832 1878 2896; x_wconf 89' lang='lat' dir='ltr'><strong>quanto</strong></span> <span class='ocrx_word' id='word_1_227' title='bbox 1903 2825 2088 2894; x_wconf 85' lang='lat' dir='ltr'><strong>majus</strong></span> 
     </span>
    </p>
   </div>
   <div class='ocr_carea' id='block_1_30' title="bbox 395 2913 2090 2989">
    <p class='ocr_par' dir='ltr' id='par_1_30' title="bbox 395 2913 2090 2989">
     <span class='ocr_line' id='line_1_30' title="bbox 395 2913 2090 2989; baseline -0.006 -14"><span class='ocrx_word' id='word_1_228' title='bbox 395 2925 480 2975; x_wconf 88' lang='lat' dir='ltr'><strong>est</strong></span> <span class='ocrx_word' id='word_1_229' title='bbox 507 2918 730 2989; x_wconf 89' lang='lat' dir='ltr'><strong>locique</strong></span> <span class='ocrx_word' id='word_1_230' title='bbox 761 2919 886 2988; x_wconf 88' lang='lat' dir='ltr'><strong>plus</strong></span> <span class='ocrx_word' id='word_1_231' title='bbox 918 2919 1347 2986; x_wconf 89' lang='lat' dir='ltr'><strong>occupat,tanto</strong></span> <span class='ocrx_word' id='word_1_232' title='bbox 1378 2914 1560 2985; x_wconf 89' lang='lat' dir='ltr'><strong>magis</strong></span> <span class='ocrx_word' id='word_1_233' title='bbox 1590 2913 1938 2984; x_wconf 79' lang='lat' dir='ltr'><strong>propinquat</strong></span> <span class='ocrx_word' id='word_1_234' title='bbox 1967 2913 2090 2966; x_wconf 90' lang='lat' dir='ltr'><strong>uni-</strong></span> 
     </span>
    </p>
   </div>
   <div class='ocr_carea' id='block_1_31' title="bbox 391 3002 2077 3075">
    <p class='ocr_par' dir='ltr' id='par_1_31' title="bbox 391 3002 2077 3075">
     <span class='ocr_line' id='line_1_31' title="bbox 391 3002 2077 3075; baseline -0.001 -18"><span class='ocrx_word' id='word_1_235' title='bbox 391 3021 552 3060; x_wconf 88' lang='lat' dir='ltr'><strong>verso</strong></span> <span class='ocrx_word' id='word_1_236' title='bbox 587 3023 598 3059; x_wconf 92' lang='lat'><strong>:</strong></span> <span class='ocrx_word' id='word_1_237' title='bbox 633 3009 963 3075; x_wconf 89' lang='lat' dir='ltr'><strong>quantoque</strong></span> <span class='ocrx_word' id='word_1_238' title='bbox 993 3004 1050 3058; x_wconf 91' lang='lat' dir='ltr'><strong>id</strong></span> <span class='ocrx_word' id='word_1_239' title='bbox 1085 3003 1267 3074; x_wconf 89' lang='lat' dir='ltr'><strong>magis</strong></span> <span class='ocrx_word' id='word_1_240' title='bbox 1306 3003 1455 3068; x_wconf 84' lang='lat' dir='ltr'><strong>facit,</strong></span> <span class='ocrx_word' id='word_1_241' title='bbox 1518 3007 1676 3056; x_wconf 89' lang='lat' dir='ltr'><strong>tanto</strong></span> <span class='ocrx_word' id='word_1_242' title='bbox 1734 3002 1914 3072; x_wconf 90' lang='lat' dir='ltr'><strong>magis</strong></span> <span class='ocrx_word' id='word_1_243' title='bbox 1970 3006 2077 3056; x_wconf 89' lang='lat' dir='ltr'><strong>est.</strong></span> 
     </span>
    </p>
   </div>
   <div class='ocr_carea' id='block_1_32' title="bbox 392 3089 2086 3163">
    <p class='ocr_par' dir='ltr' id='par_1_32' title="bbox 392 3089 2086 3163">
     <span class='ocr_line' id='line_1_32' title="bbox 392 3089 2086 3163; baseline -0.004 -15"><span class='ocrx_word' id='word_1_244' title='bbox 392 3094 568 3163; x_wconf 84' lang='lat' dir='ltr'><strong>Magis</strong></span> <span class='ocrx_word' id='word_1_245' title='bbox 599 3093 754 3147; x_wconf 90' lang='lat' dir='ltr'><strong>enim</strong></span> <span class='ocrx_word' id='word_1_246' title='bbox 784 3096 805 3128; x_wconf 80' lang='grc'>²</span> <span class='ocrx_word' id='word_1_247' title='bbox 829 3099 914 3146; x_wconf 90' lang='lat' dir='ltr'><strong>est</strong></span> <span class='ocrx_word' id='word_1_248' title='bbox 941 3097 1124 3145; x_wconf 87' lang='lat' dir='ltr'><strong>totum</strong></span> <span class='ocrx_word' id='word_1_249' title='bbox 1157 3108 1328 3162; x_wconf 91' lang='lat' dir='ltr'><strong>quam</strong></span> <span class='ocrx_word' id='word_1_250' title='bbox 1357 3108 1508 3162; x_wconf 89' lang='lat' dir='ltr'><strong>pars.</strong></span> <span class='ocrx_word' id='word_1_251' title='bbox 1543 3092 1726 3154; x_wconf 90' lang='lat' dir='ltr'><strong>Quare</strong></span> <span class='ocrx_word' id='word_1_252' title='bbox 1767 3091 1939 3144; x_wconf 90' lang='lat' dir='ltr'><strong>etiam</strong></span> <span class='ocrx_word' id='word_1_253' title='bbox 1978 3089 2086 3142; x_wconf 88' lang='lat' dir='ltr'><strong>mi-</strong></span> 
     </span>
    </p>
   </div>
   <div class='ocr_carea' id='block_1_33' title="bbox 388 3179 2086 3248">
    <p class='ocr_par' dir='ltr' id='par_1_33' title="bbox 388 3179 2086 3248">
     <span class='ocr_line' id='line_1_33' title="bbox 388 3179 2086 3248; baseline -0.003 -12"><span class='ocrx_word' id='word_1_254' title='bbox 388 3199 498 3236; x_wconf 89' lang='lat' dir='ltr'><strong>nus</strong></span> <span class='ocrx_word' id='word_1_255' title='bbox 528 3182 618 3246; x_wconf 86' lang='lat' dir='ltr'><strong>sit,</strong></span> <span class='ocrx_word' id='word_1_256' title='bbox 653 3198 782 3234; x_wconf 92' lang='lat' dir='ltr'><strong>cum</strong></span> <span class='ocrx_word' id='word_1_257' title='bbox 835 3180 1135 3246; x_wconf 90' lang='lat' dir='ltr'><strong>minuitur,</strong></span> <span class='ocrx_word' id='word_1_258' title='bbox 1167 3196 1396 3233; x_wconf 87' lang='lat' dir='ltr'><strong>necesse</strong></span> <span class='ocrx_word' id='word_1_259' title='bbox 1455 3184 1554 3233; x_wconf 89' lang='lat' dir='ltr'><strong>est.</strong></span> <span class='ocrx_word' id='word_1_260' title='bbox 1607 3179 1892 3233; x_wconf 76' lang='lat' dir='ltr'><strong>Deiectum</strong></span> <span class='ocrx_word' id='word_1_261' title='bbox 1950 3195 2086 3248; x_wconf 88' lang='lat' dir='ltr'><strong>ergo</strong></span> 
     </span>
    </p>
   </div>
   <div class='ocr_carea' id='block_1_34' title="bbox 389 3268 2090 3343">
    <p class='ocr_par' dir='ltr' id='par_1_34' title="bbox 389 3268 2090 3343">
     <span class='ocr_line' id='line_1_34' title="bbox 389 3268 2090 3343; baseline -0.003 -17"><span class='ocrx_word' id='word_1_262' title='bbox 389 3272 607 3343; x_wconf 89' lang='lat' dir='ltr'><strong>patitur</strong></span> <span class='ocrx_word' id='word_1_263' title='bbox 633 3288 760 3325; x_wconf 92' lang='lat' dir='ltr'><strong>cum</strong></span> <span class='ocrx_word' id='word_1_264' title='bbox 794 3270 1093 3323; x_wconf 87' lang='lat' dir='ltr'><strong>minuitur.</strong></span> <span class='ocrx_word' id='word_1_265' title='bbox 1124 3271 1300 3323; x_wconf 89' lang='lat' dir='ltr'><strong>Porro</strong></span> <span class='ocrx_word' id='word_1_266' title='bbox 1331 3273 1519 3322; x_wconf 89' lang='lat' dir='ltr'><strong>autem</strong></span> <span class='ocrx_word' id='word_1_267' title='bbox 1551 3268 1851 3336; x_wconf 88' lang='lat' dir='ltr'><strong>minuitur,</strong></span> <span class='ocrx_word' id='word_1_268' title='bbox 1876 3284 2003 3321; x_wconf 90' lang='lat' dir='ltr'><strong>cum</strong></span> <span class='ocrx_word' id='word_1_269' title='bbox 2022 3285 2090 3321; x_wconf 80' lang='lat' dir='ltr'><strong>ex</strong></span> 
     </span>
    </p>
   </div>
   <div class='ocr_carea' id='block_1_35' title="bbox 393 3356 2089 3429">
    <p class='ocr_par' dir='ltr' id='par_1_35' title="bbox 393 3356 2089 3429">
     <span class='ocr_line' id='line_1_35' title="bbox 393 3356 2089 3429; baseline -0.003 -16"><span class='ocrx_word' id='word_1_270' title='bbox 393 3378 461 3413; x_wconf 90' lang='lat' dir='ltr'><strong>eo</strong></span> <span class='ocrx_word' id='word_1_271' title='bbox 491 3359 706 3429; x_wconf 87' lang='lat' dir='ltr'><strong>aliquid</strong></span> <span class='ocrx_word' id='word_1_272' title='bbox 740 3358 1073 3428; x_wconf 77' lang='lat' dir='ltr'><strong>praecisione</strong></span> <span class='ocrx_word' id='word_1_273' title='bbox 1105 3357 1438 3411; x_wconf 83' lang='lat' dir='ltr'><strong>detrahitur.</strong></span> <span class='ocrx_word' id='word_1_274' title='bbox 1500 3359 1574 3409; x_wconf 86' lang='lat' dir='ltr'><strong>Ex</strong></span> <span class='ocrx_word' id='word_1_275' title='bbox 1629 3373 1742 3425; x_wconf 87' lang='lat' dir='ltr'><strong>quo</strong></span> <span class='ocrx_word' id='word_1_276' title='bbox 1797 3356 2089 3409; x_wconf 88' lang='lat' dir='ltr'><strong>conﬁcitur</strong></span> 
     </span>
    </p>
   </div>
   <div class='ocr_carea' id='block_1_36' title="bbox 298 3444 2085 3512">
    <p class='ocr_par' dir='ltr' id='par_1_36' title="bbox 298 3444 2085 3512">
     <span class='ocr_line' id='line_1_36' title="bbox 298 3444 2085 3512; baseline -0.003 -10"><span class='ocrx_word' id='word_1_277' title='bbox 298 3456 308 3467; x_wconf 84' lang='lat'><strong>‘</strong></span> <span class='ocrx_word' id='word_1_278' title='bbox 393 3453 454 3502; x_wconf 91' lang='lat' dir='ltr'><strong>ut</strong></span> <span class='ocrx_word' id='word_1_279' title='bbox 482 3447 583 3501; x_wconf 91' lang='lat' dir='ltr'><strong>tali</strong></span> <span class='ocrx_word' id='word_1_280' title='bbox 613 3446 962 3500; x_wconf 88' lang='lat' dir='ltr'><strong>detractione</strong></span> <span class='ocrx_word' id='word_1_281' title='bbox 991 3445 1188 3499; x_wconf 91' lang='lat' dir='ltr'><strong>tendat</strong></span> <span class='ocrx_word' id='word_1_282' title='bbox 1217 3445 1284 3498; x_wconf 93' lang='lat' dir='ltr'><strong>ad</strong></span> <span class='ocrx_word' id='word_1_283' title='bbox 1321 3444 1593 3497; x_wconf 88' lang='lat' dir='ltr'><strong>nihilum.</strong></span> <span class='ocrx_word' id='word_1_284' title='bbox 1651 3445 1723 3497; x_wconf 85' lang='lat' dir='ltr'><strong>At</strong></span> <span class='ocrx_word' id='word_1_285' title='bbox 1754 3444 1909 3497; x_wconf 87' lang='lat' dir='ltr'><strong>nulla</strong></span> <span class='ocrx_word' id='word_1_286' title='bbox 1939 3459 2085 3512; x_wconf 72' lang='lat' dir='ltr'><strong>pne-</strong></span> 
     </span>
    </p>
   </div>
   <div class='ocr_carea' id='block_1_37' title="bbox 391 3531 2086 3606">
    <p class='ocr_par' dir='ltr' id='par_1_37' title="bbox 391 3531 2086 3606">
     <span class='ocr_line' id='line_1_37' title="bbox 391 3531 2086 3606; baseline -0.003 -16"><span class='ocrx_word' id='word_1_287' title='bbox 391 3537 526 3590; x_wconf 91' lang='lat' dir='ltr'><strong>cisio</strong></span> <span class='ocrx_word' id='word_1_288' title='bbox 557 3534 816 3606; x_wconf 86' lang='lat' dir='ltr'><strong>perducit</strong></span> <span class='ocrx_word' id='word_1_289' title='bbox 845 3537 914 3587; x_wconf 90' lang='lat' dir='ltr'><strong>ad</strong></span> <span class='ocrx_word' id='word_1_290' title='bbox 948 3533 1218 3586; x_wconf 90' lang='lat' dir='ltr'><strong>nihilum.</strong></span> <span class='ocrx_word' id='word_1_291' title='bbox 1248 3531 1444 3585; x_wconf 89' lang='lat' dir='ltr'><strong>Omnis</strong></span> <span class='ocrx_word' id='word_1_292' title='bbox 1475 3532 1627 3585; x_wconf 89' lang='lat' dir='ltr'><strong>enim</strong></span> <span class='ocrx_word' id='word_1_293' title='bbox 1655 3549 1785 3602; x_wconf 88' lang='lat' dir='ltr'><strong>pars</strong></span> <span class='ocrx_word' id='word_1_294' title='bbox 1834 3548 1961 3602; x_wconf 72' lang='lat' dir='ltr'><strong>qua:</strong></span> <span class='ocrx_word' id='word_1_295' title='bbox 2000 3549 2086 3585; x_wconf 89' lang='lat' dir='ltr'><strong>re-</strong></span> 
     </span>
    </p>
   </div>
   <div class='ocr_carea' id='block_1_38' title="bbox 390 3620 2089 3692">
    <p class='ocr_par' dir='ltr' id='par_1_38' title="bbox 390 3620 2089 3692">
     <span class='ocr_line' id='line_1_38' title="bbox 390 3620 2089 3692; baseline -0.004 -14"><span class='ocrx_word' id='word_1_296' title='bbox 390 3627 610 3690; x_wconf 89' lang='lat' dir='ltr'><strong>manet,</strong></span> <span class='ocrx_word' id='word_1_297' title='bbox 645 3638 849 3692; x_wconf 90' lang='lat' dir='ltr'><strong>corpus</strong></span> <span class='ocrx_word' id='word_1_298' title='bbox 897 3626 997 3687; x_wconf 90' lang='lat' dir='ltr'><strong>est,</strong></span> <span class='ocrx_word' id='word_1_299' title='bbox 1031 3626 1087 3675; x_wconf 89' lang='lat' dir='ltr'><strong>et</strong></span> <span class='ocrx_word' id='word_1_300' title='bbox 1140 3620 1418 3692; x_wconf 87' lang='lat' dir='ltr'><strong>quidquid</strong></span> <span class='ocrx_word' id='word_1_301' title='bbox 1448 3621 1557 3674; x_wconf 92' lang='lat' dir='ltr'><strong>hoc</strong></span> <span class='ocrx_word' id='word_1_302' title='bbox 1587 3625 1690 3685; x_wconf 89' lang='lat' dir='ltr'><strong>est,</strong></span> <span class='ocrx_word' id='word_1_303' title='bbox 1734 3620 2089 3689; x_wconf 82' lang='lat' dir='ltr'><strong>quantolibet</strong></span> 
     </span>
    </p>
   </div>
   <div class='ocr_carea' id='block_1_39' title="bbox 391 3708 2089 3783">
    <p class='ocr_par' dir='ltr' id='par_1_39' title="bbox 391 3708 2089 3783">
     <span class='ocr_line' id='line_1_39' title="bbox 391 3708 2089 3783; baseline -0.004 -17"><span class='ocrx_word' id='word_1_304' title='bbox 391 3713 576 3783; x_wconf 90' lang='lat' dir='ltr'><strong>spatio</strong></span> <span class='ocrx_word' id='word_1_305' title='bbox 609 3713 796 3765; x_wconf 91' lang='lat' dir='ltr'><strong>locum</strong></span> <span class='ocrx_word' id='word_1_306' title='bbox 829 3713 1083 3781; x_wconf 86' lang='lat' dir='ltr'><strong>occupat.</strong></span> <span class='ocrx_word' id='word_1_307' title='bbox 1139 3712 1332 3777; x_wconf 84' lang='lat' dir='ltr'><strong>Neque</strong></span> <span class='ocrx_word' id='word_1_308' title='bbox 1385 3709 1442 3763; x_wconf 90' lang='lat' dir='ltr'><strong>id</strong></span> <span class='ocrx_word' id='word_1_309' title='bbox 1475 3713 1686 3779; x_wconf 79' lang='lat' dir='ltr'><strong>posset,</strong></span> <span class='ocrx_word' id='word_1_310' title='bbox 1717 3709 1825 3762; x_wconf 90' lang='lat' dir='ltr'><strong>nisi</strong></span> <span class='ocrx_word' id='word_1_311' title='bbox 1856 3708 2089 3762; x_wconf 90' lang='lat' dir='ltr'><strong>haberet</strong></span> 
     </span>
    </p>
   </div>
   <div class='ocr_carea' id='block_1_40' title="bbox 391 3796 2087 3873">
    <p class='ocr_par' dir='ltr' id='par_1_40' title="bbox 391 3796 2087 3873">
     <span class='ocr_line' id='line_1_40' title="bbox 391 3796 2087 3873; baseline -0.004 -18"><span class='ocrx_word' id='word_1_312' title='bbox 391 3805 580 3873; x_wconf 89' lang='lat' dir='ltr'><strong>partes</strong></span> <span class='ocrx_word' id='word_1_313' title='bbox 609 3801 667 3853; x_wconf 92' lang='lat' dir='ltr'><strong>in</strong></span> <span class='ocrx_word' id='word_1_314' title='bbox 700 3816 838 3870; x_wconf 90' lang='lat' dir='ltr'><strong>quas</strong></span> <span class='ocrx_word' id='word_1_315' title='bbox 868 3798 1180 3852; x_wconf 90' lang='lat' dir='ltr'><strong>identidem</strong></span> <span class='ocrx_word' id='word_1_316' title='bbox 1213 3798 1545 3852; x_wconf 74' lang='lat' dir='ltr'><strong>caederetur.</strong></span> <span class='ocrx_word' id='word_1_317' title='bbox 1578 3798 1767 3851; x_wconf 82' lang='lat' dir='ltr'><strong>Potest</strong></span> <span class='ocrx_word' id='word_1_318' title='bbox 1792 3796 1968 3866; x_wconf 89' lang='lat' dir='ltr'><strong>igitur</strong></span> <span class='ocrx_word' id='word_1_319' title='bbox 1995 3797 2087 3849; x_wconf 92' lang='lat' dir='ltr'><strong>in-</strong></span> 
     </span>
    </p>
   </div>
   <div class='ocr_carea' id='block_1_41' title="bbox 390 3884 2091 3955">
    <p class='ocr_par' dir='ltr' id='par_1_41' title="bbox 390 3884 2091 3955">
     <span class='ocr_line' id='line_1_41' title="bbox 390 3884 2091 3955; baseline -0.004 -11"><span class='ocrx_word' id='word_1_320' title='bbox 390 3890 554 3944; x_wconf 89' lang='lat' dir='ltr'><strong>ﬁnite</strong></span> <span class='ocrx_word' id='word_1_321' title='bbox 583 3888 853 3942; x_wconf 63' lang='lat' dir='ltr'><strong>caedendo</strong></span> <span class='ocrx_word' id='word_1_322' title='bbox 887 3888 1110 3941; x_wconf 84' lang='lat' dir='ltr'><strong>infinite</strong></span> <span class='ocrx_word' id='word_1_323' title='bbox 1142 3886 1347 3953; x_wconf 80' lang='lat' dir='ltr'><strong>minui.</strong></span> <span class='ocrx_word' id='word_1_324' title='bbox 1382 3891 1436 3941; x_wconf 90' lang='lat' dir='ltr'><strong>et</strong></span> <span class='ocrx_word' id='word_1_325' title='bbox 1486 3886 1611 3940; x_wconf 92' lang='lat' dir='ltr'><strong>ideo</strong></span> <span class='ocrx_word' id='word_1_326' title='bbox 1661 3886 1940 3940; x_wconf 89' lang='lat' dir='ltr'><strong>defectum</strong></span> <span class='ocrx_word' id='word_1_327' title='bbox 1970 3884 2091 3955; x_wconf 87' lang='lat' dir='ltr'><strong>pati</strong></span> 
     </span>
    </p>
   </div>
   <div class='ocr_carea' id='block_1_42' title="bbox 395 3974 2083 4049">
    <p class='ocr_par' dir='ltr' id='par_1_42' title="bbox 395 3974 2083 4049">
     <span class='ocr_line' id='line_1_42' title="bbox 395 3974 2083 4049; baseline -0.004 -17"><span class='ocrx_word' id='word_1_328' title='bbox 395 3983 563 4049; x_wconf 89' lang='lat' dir='ltr'><strong>atque</strong></span> <span class='ocrx_word' id='word_1_329' title='bbox 595 3978 662 4032; x_wconf 91' lang='lat' dir='ltr'><strong>ad</strong></span> <span class='ocrx_word' id='word_1_330' title='bbox 695 3977 941 4031; x_wconf 90' lang='lat' dir='ltr'><strong>nihilum</strong></span> <span class='ocrx_word' id='word_1_331' title='bbox 973 3977 1231 4041; x_wconf 83' lang='lat' dir='ltr'><strong>tendere,</strong></span> <span class='ocrx_word' id='word_1_332' title='bbox 1279 3974 1538 4046; x_wconf 86' lang='lat' dir='ltr'><strong>quamvis</strong></span> <span class='ocrx_word' id='word_1_333' title='bbox 1587 3974 1884 4044; x_wconf 88' lang='lat' dir='ltr'><strong>pervenire</strong></span> <span class='ocrx_word' id='word_1_334' title='bbox 1935 3990 2083 4027; x_wconf 89' lang='lat' dir='ltr'><strong>nun-</strong></span> 
     </span>
    </p>
   </div>
   <div class='ocr_carea' id='block_1_43' title="bbox 392 4061 2089 4138">
    <p class='ocr_par' dir='ltr' id='par_1_43' title="bbox 392 4061 2089 4138">
     <span class='ocr_line' id='line_1_43' title="bbox 392 4061 2089 4138; baseline -0.005 -16"><span class='ocrx_word' id='word_1_335' title='bbox 392 4084 566 4138; x_wconf 90' lang='lat' dir='ltr'><strong>quam</strong></span> <span class='ocrx_word' id='word_1_336' title='bbox 597 4069 786 4137; x_wconf 88' lang='lat' dir='ltr'><strong>queat.</strong></span> <span class='ocrx_word' id='word_1_337' title='bbox 822 4065 984 4129; x_wconf 94' lang='lat' dir='ltr'><strong>Quod</strong></span> <span class='ocrx_word' id='word_1_338' title='bbox 1012 4065 1151 4118; x_wconf 89' lang='lat' dir='ltr'><strong>item</strong></span> <span class='ocrx_word' id='word_1_339' title='bbox 1180 4064 1248 4117; x_wconf 90' lang='lat' dir='ltr'><strong>de</strong></span> <span class='ocrx_word' id='word_1_340' title='bbox 1274 4063 1395 4134; x_wconf 81' lang='lat' dir='ltr'><strong>ipso</strong></span> <span class='ocrx_word' id='word_1_341' title='bbox 1426 4063 1608 4133; x_wconf 91' lang='lat' dir='ltr'><strong>spatio</strong></span> <span class='ocrx_word' id='word_1_342' title='bbox 1635 4067 1691 4116; x_wconf 92' lang='lat' dir='ltr'><strong>et</strong></span> <span class='ocrx_word' id='word_1_343' title='bbox 1718 4062 1973 4132; x_wconf 84' lang='lat' dir='ltr'><strong>quolibet</strong></span> <span class='ocrx_word' id='word_1_344' title='bbox 2001 4061 2089 4114; x_wconf 91' lang='lat' dir='ltr'><strong>in-</strong></span> 
     </span>
    </p>
   </div>
   <div class='ocr_carea' id='block_1_44' title="bbox 391 4149 2090 4223">
    <p class='ocr_par' dir='ltr' id='par_1_44' title="bbox 391 4149 2090 4223">
     <span class='ocr_line' id='line_1_44' title="bbox 391 4149 2090 4223; baseline -0.004 -14"><span class='ocrx_word' id='word_1_345' title='bbox 391 4155 626 4210; x_wconf 89' lang='lat' dir='ltr'><strong>tervallo</strong></span> <span class='ocrx_word' id='word_1_346' title='bbox 656 4153 768 4208; x_wconf 89' lang='lat' dir='ltr'><strong>dici</strong></span> <span class='ocrx_word' id='word_1_347' title='bbox 809 4158 980 4223; x_wconf 87' lang='lat' dir='ltr'><strong>atque</strong></span> <span class='ocrx_word' id='word_1_348' title='bbox 1035 4151 1283 4220; x_wconf 84' lang='lat' dir='ltr'><strong>intelligi</strong></span> <span class='ocrx_word' id='word_1_349' title='bbox 1337 4155 1542 4220; x_wconf 89' lang='lat' dir='ltr'><strong>potest.</strong></span> <span class='ocrx_word' id='word_1_350' title='bbox 1597 4151 1736 4203; x_wconf 87' lang='lat' dir='ltr'><strong>Nam</strong></span> <span class='ocrx_word' id='word_1_351' title='bbox 1786 4154 1840 4202; x_wconf 89' lang='lat' dir='ltr'><strong>et</strong></span> <span class='ocrx_word' id='word_1_352' title='bbox 1891 4150 1958 4204; x_wconf 92' lang='lat' dir='ltr'><strong>de</strong></span> <span class='ocrx_word' id='word_1_353' title='bbox 2001 4149 2090 4203; x_wconf 89' lang='lat' dir='ltr'><strong>his</strong></span> 
     </span>
    </p>
   </div>
   <div class='ocr_carea' id='block_1_45' title="bbox 392 4237 2090 4308">
    <p class='ocr_par' dir='ltr' id='par_1_45' title="bbox 392 4237 2090 4308">
     <span class='ocr_line' id='line_1_45' title="bbox 392 4237 2090 4308; baseline -0.004 -10"><span class='ocrx_word' id='word_1_354' title='bbox 392 4244 565 4298; x_wconf 88' lang='lat' dir='ltr'><strong>etiam</strong></span> <span class='ocrx_word' id='word_1_355' title='bbox 628 4241 970 4306; x_wconf 87' lang='lat' dir='ltr'><strong>terminatis,</strong></span> <span class='ocrx_word' id='word_1_356' title='bbox 1030 4239 1350 4304; x_wconf 86' lang='lat' dir='ltr'><strong>dimidiam,</strong></span> <span class='ocrx_word' id='word_1_357' title='bbox 1405 4238 1562 4292; x_wconf 83' lang='lat' dir='ltr'><strong>verbi</strong></span> <span class='ocrx_word' id='word_1_358' title='bbox 1620 4237 1821 4308; x_wconf 90' lang='lat' dir='ltr'><strong>gratia,</strong></span> <span class='ocrx_word' id='word_1_359' title='bbox 1869 4242 2090 4308; x_wconf 87' lang='lat' dir='ltr'><strong>partem</strong></span> 
     </span>
    </p>
   </div>
   <div class='ocr_carea' id='block_1_46' title="bbox 397 4326 2088 4397">
    <p class='ocr_par' dir='ltr' id='par_1_46' title="bbox 397 4326 2088 4397">
     <span class='ocr_line' id='line_1_46' title="bbox 397 4326 2088 4397; baseline -0.003 -12"><span class='ocrx_word' id='word_1_360' title='bbox 397 4331 776 4394; x_wconf 89' lang='lat' dir='ltr'><strong>detrahendo,</strong></span> <span class='ocrx_word' id='word_1_361' title='bbox 812 4335 867 4382; x_wconf 90' lang='lat' dir='ltr'><strong>et</strong></span> <span class='ocrx_word' id='word_1_362' title='bbox 895 4344 958 4381; x_wconf 88' lang='lat' dir='ltr'><strong>ex</strong></span> <span class='ocrx_word' id='word_1_363' title='bbox 991 4343 1057 4380; x_wconf 94' lang='lat' dir='ltr'><strong>eo</strong></span> <span class='ocrx_word' id='word_1_364' title='bbox 1087 4327 1238 4397; x_wconf 90' lang='lat' dir='ltr'><strong>quod</strong></span> <span class='ocrx_word' id='word_1_365' title='bbox 1287 4331 1482 4392; x_wconf 86' lang='lat' dir='ltr'><strong>restat,</strong></span> <span class='ocrx_word' id='word_1_366' title='bbox 1515 4343 1739 4396; x_wconf 87' lang='lat' dir='ltr'><strong>semper</strong></span> <span class='ocrx_word' id='word_1_367' title='bbox 1769 4326 2088 4394; x_wconf 89' lang='lat' dir='ltr'><strong>dimidiam,</strong></span> 
     </span>
    </p>
   </div>
   <div class='ocr_carea' id='block_1_47' title="bbox 404 4414 2089 4484">
    <p class='ocr_par' dir='ltr' id='par_1_47' title="bbox 404 4414 2089 4484">
     <span class='ocr_line' id='line_1_47' title="bbox 404 4414 2089 4484; baseline -0.002 -11"><span class='ocrx_word' id='word_1_368' title='bbox 404 4417 690 4473; x_wconf 89' lang='lat' dir='ltr'><strong>minuitur</strong></span> <span class='ocrx_word' id='word_1_369' title='bbox 718 4416 1105 4482; x_wconf 80' lang='lat' dir='ltr'><strong>intervallum,</strong></span> <span class='ocrx_word' id='word_1_370' title='bbox 1130 4419 1300 4484; x_wconf 84' lang='lat' dir='ltr'><strong>atque</strong></span> <span class='ocrx_word' id='word_1_371' title='bbox 1317 4415 1384 4467; x_wconf 88' lang='lat' dir='ltr'><strong>ad</strong></span> <span class='ocrx_word' id='word_1_372' title='bbox 1412 4414 1584 4468; x_wconf 89' lang='lat' dir='ltr'><strong>ﬁnem</strong></span> <span class='ocrx_word' id='word_1_373' title='bbox 1613 4415 1996 4484; x_wconf 88' lang='lat' dir='ltr'><strong>progreditur,</strong></span> <span class='ocrx_word' id='word_1_374' title='bbox 2020 4416 2089 4469; x_wconf 92' lang='lat' dir='ltr'><strong>ad</strong></span> 
     </span>
    </p>
   </div>
   <div class='ocr_carea' id='block_1_48' title="bbox 405 4503 2093 4578">
    <p class='ocr_par' dir='ltr' id='par_1_48' title="bbox 405 4503 2093 4578">
     <span class='ocr_line' id='line_1_48' title="bbox 405 4503 2093 4578; baseline -0.001 -18"><span class='ocrx_word' id='word_1_375' title='bbox 405 4521 577 4578; x_wconf 88' lang='lat' dir='ltr'><strong>quem</strong></span> <span class='ocrx_word' id='word_1_376' title='bbox 607 4508 800 4558; x_wconf 87' lang='lat' dir='ltr'><strong>tamen</strong></span> <span class='ocrx_word' id='word_1_377' title='bbox 831 4504 989 4557; x_wconf 91' lang='lat' dir='ltr'><strong>nullo</strong></span> <span class='ocrx_word' id='word_1_378' title='bbox 1019 4503 1350 4574; x_wconf 88' lang='lat' dir='ltr'><strong>pervenitur</strong></span> <span class='ocrx_word' id='word_1_379' title='bbox 1389 4503 1580 4557; x_wconf 91' lang='lat' dir='ltr'><strong>modo.</strong></span> <span class='ocrx_word' id='word_1_380' title='bbox 1616 4503 1736 4568; x_wconf 91' lang='lat' dir='ltr'><strong>Quo</strong></span> <span class='ocrx_word' id='word_1_381' title='bbox 1769 4503 1958 4557; x_wconf 90' lang='lat' dir='ltr'><strong>minus</strong></span> <span class='ocrx_word' id='word_1_382' title='bbox 1987 4504 2093 4559; x_wconf 90' lang='lat' dir='ltr'><strong>hoc</strong></span> 
     </span>
    </p>
   </div>
   <div class='ocr_carea' id='block_1_49' title="bbox 396 4591 2090 4661">
    <p class='ocr_par' dir='ltr' id='par_1_49' title="bbox 396 4591 2090 4661">
     <span class='ocr_line' id='line_1_49' title="bbox 396 4591 2090 4661; baseline -0.002 -12"><span class='ocrx_word' id='word_1_383' title='bbox 396 4596 466 4649; x_wconf 89' lang='lat' dir='ltr'><strong>de</strong></span> <span class='ocrx_word' id='word_1_384' title='bbox 499 4593 691 4647; x_wconf 89' lang='lat' dir='ltr'><strong>animo</strong></span> <span class='ocrx_word' id='word_1_385' title='bbox 721 4591 1153 4646; x_wconf 89' lang='lat' dir='ltr'><strong>formidandum</strong></span> <span class='ocrx_word' id='word_1_386' title='bbox 1185 4595 1293 4646; x_wconf 90' lang='lat' dir='ltr'><strong>est.</strong></span> <span class='ocrx_word' id='word_1_387' title='bbox 1334 4592 1427 4645; x_wconf 87' lang='lat' dir='ltr'><strong>Est</strong></span> <span class='ocrx_word' id='word_1_388' title='bbox 1457 4591 1612 4645; x_wconf 90' lang='lat' dir='ltr'><strong>enim</strong></span> <span class='ocrx_word' id='word_1_389' title='bbox 1659 4591 1911 4661; x_wconf 88' lang='lat' dir='ltr'><strong>profecto</strong></span> <span class='ocrx_word' id='word_1_390' title='bbox 1967 4608 2090 4646; x_wconf 88' lang='lat' dir='ltr'><strong>cor-</strong></span> 
     </span>
    </p>
   </div>
   <div class='ocr_carea' id='block_1_50' title="bbox 394 4679 1980 4754">
    <p class='ocr_par' dir='ltr' id='par_1_50' title="bbox 394 4679 1980 4754">
     <span class='ocr_line' id='line_1_50' title="bbox 394 4679 1980 4754; baseline -0.001 -18"><span class='ocrx_word' id='word_1_391' title='bbox 394 4698 534 4754; x_wconf 88' lang='lat' dir='ltr'><strong>pore</strong></span> <span class='ocrx_word' id='word_1_392' title='bbox 565 4680 772 4735; x_wconf 90' lang='lat' dir='ltr'><strong>melior</strong></span> <span class='ocrx_word' id='word_1_393' title='bbox 803 4686 859 4735; x_wconf 90' lang='lat' dir='ltr'><strong>et</strong></span> <span class='ocrx_word' id='word_1_394' title='bbox 887 4681 1156 4744; x_wconf 83' lang='lat' dir='ltr'><strong>vivacior,</strong></span> <span class='ocrx_word' id='word_1_395' title='bbox 1186 4697 1216 4733; x_wconf 90' lang='lat' dir='ltr'><strong>a</strong></span> <span class='ocrx_word' id='word_1_396' title='bbox 1245 4696 1358 4750; x_wconf 90' lang='lat' dir='ltr'><strong>quo</strong></span> <span class='ocrx_word' id='word_1_397' title='bbox 1388 4679 1521 4733; x_wconf 90' lang='lat' dir='ltr'><strong>huic</strong></span> <span class='ocrx_word' id='word_1_398' title='bbox 1551 4679 1664 4732; x_wconf 88' lang='lat' dir='ltr'><strong>vita</strong></span> <span class='ocrx_word' id='word_1_399' title='bbox 1693 4679 1980 4735; x_wconf 90' lang='lat' dir='ltr'><strong>tribuitur.</strong></span> 
     </span>
    </p>
   </div>
   <div class='ocr_carea' id='block_1_51' title="bbox 401 4770 2092 4838">
    <p class='ocr_par' dir='ltr' id='par_1_51' title="bbox 401 4770 2092 4838">
     <span class='ocr_line' id='line_1_51' title="bbox 401 4770 2092 4838; baseline 0 -13"><span class='ocrx_word' id='word_1_400' title='bbox 401 4770 625 4825; x_wconf 83' lang='lat' dir='ltr'><strong>CAPUT</strong></span> <span class='ocrx_word' id='word_1_401' title='bbox 673 4771 814 4823; x_wconf 84' lang='lat' dir='ltr'><strong>VIII.</strong></span> <span class='ocrx_word' id='word_1_402' title='bbox 859 4800 927 4810; x_wconf 93' lang='lat'><strong>—</strong></span> <span class='ocrx_word' id='word_1_403' title='bbox 974 4772 1041 4824; x_wconf 88' lang='lat' dir='ltr'><strong>Ut</strong></span> <span class='ocrx_word' id='word_1_404' title='bbox 1079 4770 1294 4838; x_wconf 79' lang='lat' dir='ltr'><strong>corpori</strong></span> <span class='ocrx_word' id='word_1_405' title='bbox 1340 4784 1445 4823; x_wconf 83' lang='lat' dir='ltr'><strong>non</strong></span> <span class='ocrx_word' id='word_1_406' title='bbox 1493 4773 1669 4838; x_wconf 80' lang='lat' dir='ltr'><strong>potest</strong></span> <span class='ocrx_word' id='word_1_407' title='bbox 1723 4771 1937 4834; x_wconf 74' lang='lat' dir='ltr'><strong>auferri</strong></span> <span class='ocrx_word' id='word_1_408' title='bbox 1989 4786 2092 4838; x_wconf 87' lang='lat' dir='ltr'><strong>quo</strong></span> 
     </span>
    </p>
   </div>
   <div class='ocr_carea' id='block_1_52' title="bbox 597 4843 1882 4910">
    <p class='ocr_par' dir='ltr' id='par_1_52' title="bbox 597 4843 1882 4910">
     <span class='ocr_line' id='line_1_52' title="bbox 597 4843 1882 4910; baseline -0.001 -16"><span class='ocrx_word' id='word_1_409' title='bbox 597 4856 792 4910; x_wconf 76' lang='lat' dir='ltr'><strong>corpus</strong></span> <span class='ocrx_word' id='word_1_410' title='bbox 817 4846 913 4907; x_wconf 77' lang='lat' dir='ltr'><strong>est,</strong></span> <span class='ocrx_word' id='word_1_411' title='bbox 945 4843 1028 4894; x_wconf 87' lang='lat' dir='ltr'><strong>ita</strong></span> <span class='ocrx_word' id='word_1_412' title='bbox 1054 4856 1148 4894; x_wconf 77' lang='lat' dir='ltr'><strong>nec</strong></span> <span class='ocrx_word' id='word_1_413' title='bbox 1179 4843 1360 4893; x_wconf 85' lang='lat' dir='ltr'><strong>animo</strong></span> <span class='ocrx_word' id='word_1_414' title='bbox 1397 4855 1499 4907; x_wconf 84' lang='lat' dir='ltr'><strong>quo</strong></span> <span class='ocrx_word' id='word_1_415' title='bbox 1538 4843 1751 4894; x_wconf 87' lang='lat' dir='ltr'><strong>animus</strong></span> <span class='ocrx_word' id='word_1_416' title='bbox 1781 4845 1882 4894; x_wconf 86' lang='lat' dir='ltr'><strong>est.</strong></span> 
     </span>
    </p>
   </div>
   <div class='ocr_carea' id='block_1_53' title="bbox 470 4928 2089 5000">
    <p class='ocr_par' dir='ltr' id='par_1_53' title="bbox 470 4928 2089 5000">
     <span class='ocr_line' id='line_1_53' title="bbox 470 4928 2089 5000; baseline -0.001 -15"><span class='ocrx_word' id='word_1_417' title='bbox 470 4933 559 4985; x_wconf 81' lang='grc'><strong>13.</strong></span> <span class='ocrx_word' id='word_1_418' title='bbox 595 4929 756 4993; x_wconf 91' lang='lat' dir='ltr'><strong>Quod</strong></span> <span class='ocrx_word' id='word_1_419' title='bbox 809 4928 854 4981; x_wconf 88' lang='lat' dir='ltr'><strong>si</strong></span> <span class='ocrx_word' id='word_1_420' title='bbox 902 4944 1017 4982; x_wconf 89' lang='lat' dir='ltr'><strong>non</strong></span> <span class='ocrx_word' id='word_1_421' title='bbox 1072 4929 1129 4983; x_wconf 89' lang='lat' dir='ltr'><strong>id</strong></span> <span class='ocrx_word' id='word_1_422' title='bbox 1186 4929 1340 4998; x_wconf 92' lang='lat' dir='ltr'><strong>quod</strong></span> <span class='ocrx_word' id='word_1_423' title='bbox 1395 4932 1480 4982; x_wconf 89' lang='lat' dir='ltr'><strong>est</strong></span> <span class='ocrx_word' id='word_1_424' title='bbox 1528 4928 1588 4982; x_wconf 92' lang='lat' dir='ltr'><strong>in</strong></span> <span class='ocrx_word' id='word_1_425' title='bbox 1640 4930 1790 4983; x_wconf 91' lang='lat' dir='ltr'><strong>mole</strong></span> <span class='ocrx_word' id='word_1_426' title='bbox 1847 4929 2089 5000; x_wconf 88' lang='lat' dir='ltr'><strong>coporis,</strong></span> 
     </span>
    </p>
   </div>
   <div class='ocr_carea' id='block_1_54' title="bbox 397 5016 2091 5089">
    <p class='ocr_par' dir='ltr' id='par_1_54' title="bbox 397 5016 2091 5089">
     <span class='ocr_line' id='line_1_54' title="bbox 397 5016 2091 5089; baseline -0.001 -15"><span class='ocrx_word' id='word_1_427' title='bbox 397 5020 497 5074; x_wconf 91' lang='lat' dir='ltr'><strong>sed</strong></span> <span class='ocrx_word' id='word_1_428' title='bbox 535 5019 593 5073; x_wconf 90' lang='lat' dir='ltr'><strong>id</strong></span> <span class='ocrx_word' id='word_1_429' title='bbox 639 5017 796 5089; x_wconf 91' lang='lat' dir='ltr'><strong>quod</strong></span> <span class='ocrx_word' id='word_1_430' title='bbox 844 5016 905 5070; x_wconf 93' lang='lat' dir='ltr'><strong>in</strong></span> <span class='ocrx_word' id='word_1_431' title='bbox 951 5017 1137 5087; x_wconf 90' lang='lat' dir='ltr'><strong>specie</strong></span> <span class='ocrx_word' id='word_1_432' title='bbox 1181 5017 1315 5070; x_wconf 87' lang='lat' dir='ltr'><strong>facit</strong></span> <span class='ocrx_word' id='word_1_433' title='bbox 1363 5033 1565 5087; x_wconf 90' lang='lat' dir='ltr'><strong>corpus</strong></span> <span class='ocrx_word' id='word_1_434' title='bbox 1615 5034 1756 5080; x_wconf 89' lang='lat' dir='ltr'><strong>esse,</strong></span> <span class='ocrx_word' id='word_1_435' title='bbox 1792 5035 1918 5088; x_wconf 75' lang='lat' dir='ltr'><strong>quae</strong></span> <span class='ocrx_word' id='word_1_436' title='bbox 1963 5035 2091 5073; x_wconf 90' lang='lat' dir='ltr'><strong>sen-</strong></span> 
     </span>
    </p>
   </div>
   <div class='ocr_carea' id='block_1_55' title="bbox 397 5105 2094 5174">
    <p class='ocr_par' dir='ltr' id='par_1_55' title="bbox 397 5105 2094 5174">
     <span class='ocr_line' id='line_1_55' title="bbox 397 5105 2094 5174; baseline -0.002 -10"><span class='ocrx_word' id='word_1_437' title='bbox 397 5108 576 5164; x_wconf 87' lang='lat' dir='ltr'><strong>tentia</strong></span> <span class='ocrx_word' id='word_1_438' title='bbox 607 5105 905 5161; x_wconf 87' lang='lat' dir='ltr'><strong>invictiore</strong></span> <span class='ocrx_word' id='word_1_439' title='bbox 934 5105 1152 5158; x_wconf 86' lang='lat' dir='ltr'><strong>ratione</strong></span> <span class='ocrx_word' id='word_1_440' title='bbox 1184 5105 1534 5174; x_wconf 88' lang='lat' dir='ltr'><strong>approbatur</strong></span> <span class='ocrx_word' id='word_1_441' title='bbox 1563 5123 1575 5160; x_wconf 94' lang='lat'><strong>:</strong></span> <span class='ocrx_word' id='word_1_442' title='bbox 1606 5110 1764 5160; x_wconf 91' lang='lat' dir='ltr'><strong>tanto</strong></span> <span class='ocrx_word' id='word_1_443' title='bbox 1797 5107 1946 5160; x_wconf 91' lang='lat' dir='ltr'><strong>enim</strong></span> <span class='ocrx_word' id='word_1_444' title='bbox 1979 5125 2094 5162; x_wconf 89' lang='lat' dir='ltr'><strong>ma-</strong></span> 
     </span>
    </p>
   </div>
   <div class='ocr_carea' id='block_1_56' title="bbox 393 5192 2091 5270">
    <p class='ocr_par' dir='ltr' id='par_1_56' title="bbox 393 5192 2091 5270">
     <span class='ocr_line' id='line_1_56' title="bbox 393 5192 2091 5270; baseline -0.001 -18"><span class='ocrx_word' id='word_1_445' title='bbox 393 5199 480 5270; x_wconf 87' lang='lat' dir='ltr'><strong>gis</strong></span> <span class='ocrx_word' id='word_1_446' title='bbox 512 5201 596 5252; x_wconf 87' lang='lat' dir='ltr'><strong>est</strong></span> <span class='ocrx_word' id='word_1_447' title='bbox 626 5211 855 5267; x_wconf 88' lang='lat' dir='ltr'><strong>corpus,</strong></span> <span class='ocrx_word' id='word_1_448' title='bbox 888 5197 1104 5266; x_wconf 88' lang='lat' dir='ltr'><strong>quanto</strong></span> <span class='ocrx_word' id='word_1_449' title='bbox 1134 5192 1440 5264; x_wconf 89' lang='lat' dir='ltr'><strong>speciosius</strong></span> <span class='ocrx_word' id='word_1_450' title='bbox 1471 5198 1554 5248; x_wconf 88' lang='lat' dir='ltr'><strong>est</strong></span> <span class='ocrx_word' id='word_1_451' title='bbox 1582 5198 1751 5266; x_wconf 89' lang='lat' dir='ltr'><strong>atque</strong></span> <span class='ocrx_word' id='word_1_452' title='bbox 1775 5197 2091 5266; x_wconf 86' lang='lat' dir='ltr'><strong>pulchrius;</strong></span> 
     </span>
    </p>
   </div>
   <div class='ocr_carea' id='block_1_57' title="bbox 443 5368 2094 5436">
    <p class='ocr_par' dir='ltr' id='par_1_57' title="bbox 443 5368 2094 5436">
     <span class='ocr_line' id='line_1_57' title="bbox 443 5368 2094 5436; baseline 0.004 -16"><span class='ocrx_word' id='word_1_453' title='bbox 443 5374 458 5407; x_wconf 80' lang='grc'>¹</span> <span class='ocrx_word' id='word_1_454' title='bbox 487 5372 790 5436; x_wconf 17' lang='lat' dir='ltr'><strong>Itaiin‘Mss.</strong></span> <span class='ocrx_word' id='word_1_455' title='bbox 817 5370 881 5419; x_wconf 86' lang='lat' dir='ltr'><strong>At</strong></span> <span class='ocrx_word' id='word_1_456' title='bbox 899 5369 1113 5436; x_wconf 85' lang='lat' dir='ltr'><strong>_in_Edd.</strong></span> <span class='ocrx_word' id='word_1_457' title='bbox 1132 5384 1144 5416; x_wconf 89' lang='lat'><strong>:</strong></span> <span class='ocrx_word' id='word_1_458' title='bbox 1162 5368 1241 5436; x_wconf 74' lang='lat' dir='ltr'><strong>Ila</strong></span> <span class='ocrx_word' id='word_1_459' title='bbox 1266 5382 1597 5434; x_wconf 66' lang='lat' dir='ltr'><strong>qumcumque</strong></span> <span class='ocrx_word' id='word_1_460' title='bbox 1625 5386 1690 5423; x_wconf 77' lang='lat' dir='ltr'><strong>ea:</strong></span> <span class='ocrx_word' id='word_1_461' title='bbox 1709 5386 1758 5421; x_wconf 86' lang='lat' dir='ltr'><strong>se</strong></span> <span class='ocrx_word' id='word_1_462' title='bbox 1779 5375 1972 5436; x_wconf 71' lang='lat' dir='ltr'><strong>afficit;</strong></span> <span class='ocrx_word' id='word_1_463' title='bbox 2004 5392 2094 5427; x_wconf 83' lang='lat' dir='ltr'><strong>ex-</strong></span> 
     </span>
    </p>
   </div>
   <div class='ocr_carea' id='block_1_58' title="bbox 385 5433 2093 5530">
    <p class='ocr_par' dir='ltr' id='par_1_58' title="bbox 385 5433 2093 5530">
     <span class='ocr_line' id='line_1_58' title="bbox 385 5433 2093 5530; baseline 0.003 -47"><span class='ocrx_word' id='word_1_464' title='bbox 385 5439 538 5530; x_wconf 80' lang='lat' dir='ltr'><strong>cepto</strong></span> <span class='ocrx_word' id='word_1_465' title='bbox 562 5434 684 5481; x_wconf 85' lang='lat' dir='ltr'><strong>Bad.</strong></span> <span class='ocrx_word' id='word_1_466' title='bbox 697 5434 767 5489; x_wconf 85' lang='lat' dir='ltr'><strong>,in</strong></span> <span class='ocrx_word' id='word_1_467' title='bbox 783 5447 886 5495; x_wconf 90' lang='lat' dir='ltr'><strong>quo</strong></span> <span class='ocrx_word' id='word_1_468' title='bbox 899 5433 1232 5504; x_wconf 79' lang='lat' dir='ltr'><strong>habeturzlla</strong></span> <span class='ocrx_word' id='word_1_469' title='bbox 1249 5437 1781 5503; x_wconf 57' lang='lat' dir='ltr'><strong>quocumque—Par.</strong></span> <span class='ocrx_word' id='word_1_470' title='bbox 1800 5438 1875 5487; x_wconf 88' lang='lat' dir='ltr'><strong>uti</strong></span> <span class='ocrx_word' id='word_1_471' title='bbox 1893 5433 2093 5488; x_wconf 82' lang='lat' dir='ltr'><strong>Bad.M.</strong></span> 
     </span>
     <span class='ocr_line' id='line_1_59' title="bbox 504 5497 2093 5530; baseline 0 0"><span class='ocrx_word' id='word_1_472' title='bbox 504 5497 612 5530; x_wconf 65' lang='lat' dir='ltr'><strong>Flld</strong></span> <span class='ocrx_word' id='word_1_473' title='bbox 688 5499 840 5530; x_wconf 74' lang='lat' dir='ltr'><strong>tnmln</strong></span> <span class='ocrx_word' id='word_1_474' title='bbox 867 5508 1043 5530; x_wconf 73' lang='lat' dir='ltr'><strong>mnquc</strong></span> <span class='ocrx_word' id='word_1_475' title='bbox 1071 5499 1155 5530; x_wconf 70' lang='lat' dir='ltr'><strong>ac!</strong></span> <span class='ocrx_word' id='word_1_476' title='bbox 1194 5499 1372 5530; x_wconf 58' lang='lat' dir='ltr'><strong>Mam;</strong></span> <span class='ocrx_word' id='word_1_477' title='bbox 1391 5499 1620 5530; x_wconf 66' lang='lat' dir='ltr'><strong>pstnnim</strong></span> <span class='ocrx_word' id='word_1_478' title='bbox 1662 5497 1757 5530; x_wconf 71' lang='lat' dir='ltr'><strong>Qad</strong></span> <span class='ocrx_word' id='word_1_479' title='bbox 1782 5502 2093 5530; x_wconf 73' lang='grc' dir='ltr'><strong>ηητ-ιηςηηῖη-</strong></span> 
     </span>
    </p>
   </div>
   <div class='ocr_carea' id='block_1_59' title="bbox 503 5496 2095 5556">
    <p class='ocr_par' dir='ltr' id='par_1_59' title="bbox 503 5496 2095 5556">
     <span class='ocr_line' id='line_1_60' title="bbox 503 5496 2095 5556; baseline 0.004 -12"><span class='ocrx_word' id='word_1_480' title='bbox 503 5497 656 5556; x_wconf 85' lang='lat' dir='ltr'><strong>Edd.,</strong></span> <span class='ocrx_word' id='word_1_481' title='bbox 687 5499 840 5546; x_wconf 80' lang='lat' dir='ltr'><strong>tanto</strong></span> <span class='ocrx_word' id='word_1_482' title='bbox 867 5496 1043 5556; x_wconf 84' lang='lat' dir='ltr'><strong>majus</strong></span> <span class='ocrx_word' id='word_1_483' title='bbox 1071 5507 1123 5543; x_wconf 82' lang='lat' dir='ltr'><strong>es</strong></span> <span class='ocrx_word' id='word_1_484' title='bbox 1135 5499 1169 5542; x_wconf 87' lang='lat' dir='ltr'><strong>t.</strong></span> <span class='ocrx_word' id='word_1_485' title='bbox 1188 5497 1372 5554; x_wconf 67' lang='lat' dir='ltr'><strong>Maius</strong></span> <span class='ocrx_word' id='word_1_486' title='bbox 1391 5499 1642 5547; x_wconf 79' lang='lat' dir='ltr'><strong>estenim.</strong></span> <span class='ocrx_word' id='word_1_487' title='bbox 1662 5497 1759 5548; x_wconf 92' lang='lat' dir='ltr'><strong>Sed</strong></span> <span class='ocrx_word' id='word_1_488' title='bbox 1782 5502 2095 5551; x_wconf 89' lang='lat' dir='ltr'><strong>concinnior</strong></span> 
     </span>
    </p>
   </div>
   <div class='ocr_carea' id='block_1_60' title="bbox 383 5555 1255 5620">
    <p class='ocr_par' dir='ltr' id='par_1_60' title="bbox 383 5555 1255 5620">
     <span class='ocr_line' id='line_1_61' title="bbox 383 5555 1255 5620; baseline -0.002 -14"><span class='ocrx_word' id='word_1_489' title='bbox 383 5557 511 5606; x_wconf 81' lang='lat' dir='ltr'><strong>Mss.</strong></span> <span class='ocrx_word' id='word_1_490' title='bbox 540 5555 694 5607; x_wconf 90' lang='lat' dir='ltr'><strong>lectio</strong></span> <span class='ocrx_word' id='word_1_491' title='bbox 723 5570 882 5620; x_wconf 85' lang='lat' dir='ltr'><strong>quam</strong></span> <span class='ocrx_word' id='word_1_492' title='bbox 910 5555 1255 5608; x_wconf 84' lang='lat' dir='ltr'><strong>restituimus.</strong></span> 
     </span>
    </p>
   </div>
   <div class='ocr_carea' id='block_1_61' title="bbox 1371 321 2914 400">
    <p class='ocr_par' dir='ltr' id='par_1_61' title="bbox 1371 321 2914 400">
     <span class='ocr_line' id='line_1_62' title="bbox 1371 321 2914 400; baseline 0 -22"><span class='ocrx_word' id='word_1_493' title='bbox 1371 325 1463 378; x_wconf 90' lang='lat' dir='ltr'><strong>DE</strong></span> <span class='ocrx_word' id='word_1_494' title='bbox 1501 323 2085 400; x_wconf 80' lang='lat' dir='ltr'><strong>IMMORTALITATE</strong></span> <span class='ocrx_word' id='word_1_495' title='bbox 2123 323 2392 389; x_wconf 59' lang='lat' dir='ltr'><strong>ANIMJE,</strong></span> <span class='ocrx_word' id='word_1_496' title='bbox 2437 323 2489 378; x_wconf 90' lang='lat' dir='ltr'><strong>S.</strong></span> <span class='ocrx_word' id='word_1_497' title='bbox 2534 321 2914 378; x_wconf 86' lang='lat' dir='ltr'><strong>AUGUSTINI</strong></span> 
     </span>
    </p>
   </div>
   <div class='ocr_carea' id='block_1_62' title="bbox 3783 328 3922 379">
    <p class='ocr_par' dir='ltr' id='par_1_62' title="bbox 3783 328 3922 379">
     <span class='ocr_line' id='line_1_63' title="bbox 3783 328 3922 379; baseline 0 -1"><span class='ocrx_word' id='word_1_498' title='bbox 3783 328 3922 379; x_wconf 74' lang='lat'><strong>1028</strong></span> 
     </span>
    </p>
   </div>
   <div class='ocr_carea' id='block_1_63' title="bbox 2197 447 3912 520">
    <p class='ocr_par' dir='ltr' id='par_1_63' title="bbox 2197 447 3912 520">
     <span class='ocr_line' id='line_1_64' title="bbox 2197 447 3912 520; baseline 0.001 -19"><span class='ocrx_word' id='word_1_499' title='bbox 2197 451 2467 518; x_wconf 90' lang='lat' dir='ltr'><strong>tantoque</strong></span> <span class='ocrx_word' id='word_1_500' title='bbox 2497 447 2686 501; x_wconf 90' lang='lat' dir='ltr'><strong>minus</strong></span> <span class='ocrx_word' id='word_1_501' title='bbox 2713 450 2816 512; x_wconf 91' lang='lat' dir='ltr'><strong>est,</strong></span> <span class='ocrx_word' id='word_1_502' title='bbox 2850 449 3061 518; x_wconf 87' lang='lat' dir='ltr'><strong>quanto</strong></span> <span class='ocrx_word' id='word_1_503' title='bbox 3083 447 3364 502; x_wconf 86' lang='lat' dir='ltr'><strong>foediusac</strong></span> <span class='ocrx_word' id='word_1_504' title='bbox 3395 448 3745 516; x_wconf 84' lang='lat' dir='ltr'><strong>deformius;</strong></span> <span class='ocrx_word' id='word_1_505' title='bbox 3776 466 3912 520; x_wconf 65' lang='lat' dir='ltr'><strong>quae</strong></span> 
     </span>
    </p>
   </div>
   <div class='ocr_carea' id='block_1_64' title="bbox 2196 535 3915 608">
    <p class='ocr_par' dir='ltr' id='par_1_64' title="bbox 2196 535 3915 608">
     <span class='ocr_line' id='line_1_65' title="bbox 2196 535 3915 608; baseline 0.001 -18"><span class='ocrx_word' id='word_1_506' title='bbox 2196 537 2433 590; x_wconf 88' lang='lat' dir='ltr'><strong>defectio</strong></span> <span class='ocrx_word' id='word_1_507' title='bbox 2465 553 2578 589; x_wconf 92' lang='lat' dir='ltr'><strong>non</strong></span> <span class='ocrx_word' id='word_1_508' title='bbox 2608 535 2940 606; x_wconf 63' lang='lat' dir='ltr'><strong>prmcisione</strong></span> <span class='ocrx_word' id='word_1_509' title='bbox 2969 537 3156 600; x_wconf 88' lang='lat' dir='ltr'><strong>molis,</strong></span> <span class='ocrx_word' id='word_1_510' title='bbox 3185 539 3253 590; x_wconf 90' lang='lat' dir='ltr'><strong>de</strong></span> <span class='ocrx_word' id='word_1_511' title='bbox 3277 553 3391 608; x_wconf 88' lang='lat' dir='ltr'><strong>qua</strong></span> <span class='ocrx_word' id='word_1_512' title='bbox 3411 537 3532 607; x_wconf 83' lang='lat' dir='ltr'><strong>jam</strong></span> <span class='ocrx_word' id='word_1_513' title='bbox 3558 537 3696 591; x_wconf 87' lang='lat' dir='ltr'><strong>satis</strong></span> <span class='ocrx_word' id='word_1_514' title='bbox 3715 544 3915 592; x_wconf 86' lang='lat' dir='ltr'><strong>actum</strong></span> 
     </span>
    </p>
   </div>
   <div class='ocr_carea' id='block_1_65' title="bbox 2197 623 3916 696">
    <p class='ocr_par' dir='ltr' id='par_1_65' title="bbox 2197 623 3916 696">
     <span class='ocr_line' id='line_1_66' title="bbox 2197 623 3916 696; baseline 0.002 -19"><span class='ocrx_word' id='word_1_515' title='bbox 2197 629 2301 689; x_wconf 86' lang='lat' dir='ltr'><strong>est,</strong></span> <span class='ocrx_word' id='word_1_516' title='bbox 2336 625 2434 678; x_wconf 85' lang='lat' dir='ltr'><strong>sed</strong></span> <span class='ocrx_word' id='word_1_517' title='bbox 2464 623 2669 693; x_wconf 89' lang='lat' dir='ltr'><strong>speciei</strong></span> <span class='ocrx_word' id='word_1_518' title='bbox 2693 623 3040 694; x_wconf 76' lang='lat' dir='ltr'><strong>privatione‘</strong></span> <span class='ocrx_word' id='word_1_519' title='bbox 3073 625 3354 695; x_wconf 85' lang='lat' dir='ltr'><strong>contingit</strong></span> <span class='ocrx_word' id='word_1_520' title='bbox 3384 643 3396 679; x_wconf 93' lang='lat'><strong>:</strong></span> <span class='ocrx_word' id='word_1_521' title='bbox 3432 627 3821 696; x_wconf 74' lang='lat' dir='ltr'><strong>quaerendum</strong></span> <span class='ocrx_word' id='word_1_522' title='bbox 3845 627 3916 680; x_wconf 87' lang='lat' dir='ltr'><strong>de</strong></span> 
     </span>
    </p>
   </div>
   <div class='ocr_carea' id='block_1_66' title="bbox 2195 713 3916 784">
    <p class='ocr_par' dir='ltr' id='par_1_66' title="bbox 2195 713 3916 784">
     <span class='ocr_line' id='line_1_67' title="bbox 2195 713 3916 784; baseline 0.001 -18"><span class='ocrx_word' id='word_1_523' title='bbox 2195 714 2298 767; x_wconf 89' lang='lat' dir='ltr'><strong>hac</strong></span> <span class='ocrx_word' id='word_1_524' title='bbox 2329 730 2387 766; x_wconf 88' lang='lat' dir='ltr'><strong>re</strong></span> <span class='ocrx_word' id='word_1_525' title='bbox 2418 713 2723 780; x_wconf 83' lang='lat' dir='ltr'><strong>diligenter</strong></span> <span class='ocrx_word' id='word_1_526' title='bbox 2754 731 2816 766; x_wconf 87' lang='lat' dir='ltr'><strong>ac</strong></span> <span class='ocrx_word' id='word_1_527' title='bbox 2847 713 3266 767; x_wconf 89' lang='lat' dir='ltr'><strong>discutiendum</strong></span> <span class='ocrx_word' id='word_1_528' title='bbox 3285 718 3476 782; x_wconf 87' lang='lat' dir='ltr'><strong>est,ne</strong></span> <span class='ocrx_word' id='word_1_529' title='bbox 3497 714 3628 784; x_wconf 89' lang='lat' dir='ltr'><strong>quis</strong></span> <span class='ocrx_word' id='word_1_530' title='bbox 3653 715 3916 769; x_wconf 71' lang='lat' dir='ltr'><strong>afiirmet</strong></span> 
     </span>
    </p>
   </div>
   <div class='ocr_carea' id='block_1_67' title="bbox 2195 800 3914 873">
    <p class='ocr_par' dir='ltr' id='par_1_67' title="bbox 2195 800 3914 873">
     <span class='ocr_line' id='line_1_68' title="bbox 2195 800 3914 873; baseline 0.002 -20"><span class='ocrx_word' id='word_1_531' title='bbox 2195 800 2451 854; x_wconf 90' lang='lat' dir='ltr'><strong>animum</strong></span> <span class='ocrx_word' id='word_1_532' title='bbox 2482 800 2582 854; x_wconf 91' lang='lat' dir='ltr'><strong>tali</strong></span> <span class='ocrx_word' id='word_1_533' title='bbox 2609 800 2831 854; x_wconf 86' lang='lat' dir='ltr'><strong>defectu</strong></span> <span class='ocrx_word' id='word_1_534' title='bbox 2852 801 3086 854; x_wconf 89' lang='lat' dir='ltr'><strong>interire</strong></span> <span class='ocrx_word' id='word_1_535' title='bbox 3104 818 3116 867; x_wconf 92' lang='lat'><strong>;</strong></span> <span class='ocrx_word' id='word_1_536' title='bbox 3132 806 3196 855; x_wconf 91' lang='lat' dir='ltr'><strong>ut</strong></span> <span class='ocrx_word' id='word_1_537' title='bbox 3211 801 3485 870; x_wconf 90' lang='lat' dir='ltr'><strong>quoniam</strong></span> <span class='ocrx_word' id='word_1_538' title='bbox 3507 802 3694 873; x_wconf 90' lang='lat' dir='ltr'><strong>specie</strong></span> <span class='ocrx_word' id='word_1_539' title='bbox 3708 803 3914 873; x_wconf 88' lang='lat' dir='ltr'><strong>aliqua</strong></span> 
     </span>
    </p>
   </div>
   <div class='ocr_carea' id='block_1_68' title="bbox 2197 888 3911 962">
    <p class='ocr_par' dir='ltr' id='par_1_68' title="bbox 2197 888 3911 962">
     <span class='ocr_line' id='line_1_69' title="bbox 2197 888 3911 962; baseline 0.003 -21"><span class='ocrx_word' id='word_1_540' title='bbox 2197 905 2295 941; x_wconf 92' lang='lat' dir='ltr'><strong>sua</strong></span> <span class='ocrx_word' id='word_1_541' title='bbox 2325 888 2580 959; x_wconf 87' lang='lat' dir='ltr'><strong>privatur</strong></span> <span class='ocrx_word' id='word_1_542' title='bbox 2597 890 2733 943; x_wconf 91' lang='lat' dir='ltr'><strong>dum</strong></span> <span class='ocrx_word' id='word_1_543' title='bbox 2747 889 2951 942; x_wconf 90' lang='lat' dir='ltr'><strong>stultus</strong></span> <span class='ocrx_word' id='word_1_544' title='bbox 2965 894 3068 952; x_wconf 87' lang='lat' dir='ltr'><strong>est,</strong></span> <span class='ocrx_word' id='word_1_545' title='bbox 3087 890 3351 943; x_wconf 87' lang='lat' dir='ltr'><strong>credatur</strong></span> <span class='ocrx_word' id='word_1_546' title='bbox 3370 889 3433 943; x_wconf 91' lang='lat' dir='ltr'><strong>in</strong></span> <span class='ocrx_word' id='word_1_547' title='bbox 3454 894 3680 944; x_wconf 88' lang='lat' dir='ltr'><strong>tantum</strong></span> <span class='ocrx_word' id='word_1_548' title='bbox 3703 891 3911 962; x_wconf 87' lang='lat' dir='ltr'><strong>augeri</strong></span> 
     </span>
    </p>
   </div>
   <div class='ocr_carea' id='block_1_69' title="bbox 2195 977 3906 1049">
    <p class='ocr_par' dir='ltr' id='par_1_69' title="bbox 2195 977 3906 1049">
     <span class='ocr_line' id='line_1_70' title="bbox 2195 977 3906 1049; baseline 0.001 -19"><span class='ocrx_word' id='word_1_549' title='bbox 2195 993 2356 1047; x_wconf 88' lang='lat' dir='ltr'><strong>posse</strong></span> <span class='ocrx_word' id='word_1_550' title='bbox 2386 977 2530 1030; x_wconf 91' lang='lat' dir='ltr'><strong>hanc</strong></span> <span class='ocrx_word' id='word_1_551' title='bbox 2561 977 2958 1047; x_wconf 85' lang='lat' dir='ltr'><strong>privationem,</strong></span> <span class='ocrx_word' id='word_1_552' title='bbox 2989 977 3222 1031; x_wconf 90' lang='lat' dir='ltr'><strong>utomni</strong></span> <span class='ocrx_word' id='word_1_553' title='bbox 3246 978 3419 1031; x_wconf 90' lang='lat' dir='ltr'><strong>modo</strong></span> <span class='ocrx_word' id='word_1_554' title='bbox 3453 979 3640 1049; x_wconf 88' lang='lat' dir='ltr'><strong>specie</strong></span> <span class='ocrx_word' id='word_1_555' title='bbox 3689 981 3906 1048; x_wconf 90' lang='lat' dir='ltr'><strong>spoliet</strong></span> 
     </span>
    </p>
   </div>
   <div class='ocr_carea' id='block_1_70' title="bbox 2196 1065 3904 1137">
    <p class='ocr_par' dir='ltr' id='par_1_70' title="bbox 2196 1065 3904 1137">
     <span class='ocr_line' id='line_1_71' title="bbox 2196 1065 3904 1137; baseline 0.002 -19"><span class='ocrx_word' id='word_1_556' title='bbox 2196 1065 2475 1130; x_wconf 89' lang='lat' dir='ltr'><strong>animum,</strong></span> <span class='ocrx_word' id='word_1_557' title='bbox 2504 1070 2560 1119; x_wconf 91' lang='lat' dir='ltr'><strong>et</strong></span> <span class='ocrx_word' id='word_1_558' title='bbox 2580 1082 2646 1118; x_wconf 90' lang='lat' dir='ltr'><strong>ea</strong></span> <span class='ocrx_word' id='word_1_559' title='bbox 2675 1065 2800 1119; x_wconf 85' lang='lat' dir='ltr'><strong>labe</strong></span> <span class='ocrx_word' id='word_1_560' title='bbox 2828 1065 2898 1119; x_wconf 90' lang='lat' dir='ltr'><strong>ad</strong></span> <span class='ocrx_word' id='word_1_561' title='bbox 2930 1065 3176 1118; x_wconf 90' lang='lat' dir='ltr'><strong>nihilum</strong></span> <span class='ocrx_word' id='word_1_562' title='bbox 3225 1067 3449 1136; x_wconf 86' lang='lat' dir='ltr'><strong>redigat</strong></span> <span class='ocrx_word' id='word_1_563' title='bbox 3496 1073 3781 1137; x_wconf 89' lang='lat' dir='ltr'><strong>cogatque</strong></span> <span class='ocrx_word' id='word_1_564' title='bbox 3814 1067 3904 1120; x_wconf 88' lang='lat' dir='ltr'><strong>in-</strong></span> 
     </span>
    </p>
   </div>
   <div class='ocr_carea' id='block_1_71' title="bbox 2197 1153 3908 1223">
    <p class='ocr_par' dir='ltr' id='par_1_71' title="bbox 2197 1153 3908 1223">
     <span class='ocr_line' id='line_1_72' title="bbox 2197 1153 3908 1223; baseline 0.001 -17"><span class='ocrx_word' id='word_1_565' title='bbox 2197 1153 2394 1207; x_wconf 88' lang='lat' dir='ltr'><strong>terire.</strong></span> <span class='ocrx_word' id='word_1_566' title='bbox 2434 1153 2816 1216; x_wconf 87' lang='lat' dir='ltr'><strong>Quamobrem</strong></span> <span class='ocrx_word' id='word_1_567' title='bbox 2843 1153 2888 1205; x_wconf 90' lang='lat' dir='ltr'><strong>si</strong></span> <span class='ocrx_word' id='word_1_568' title='bbox 2918 1153 3274 1222; x_wconf 89' lang='lat' dir='ltr'><strong>potuerimus</strong></span> <span class='ocrx_word' id='word_1_569' title='bbox 3289 1154 3678 1223; x_wconf 85' lang='lat' dir='ltr'><strong>impetrarent</strong></span> <span class='ocrx_word' id='word_1_570' title='bbox 3709 1158 3908 1208; x_wconf 88' lang='lat' dir='ltr'><strong>osten-</strong></span> 
     </span>
    </p>
   </div>
   <div class='ocr_carea' id='block_1_72' title="bbox 2197 1240 3909 1311">
    <p class='ocr_par' dir='ltr' id='par_1_72' title="bbox 2197 1240 3909 1311">
     <span class='ocr_line' id='line_1_73' title="bbox 2197 1240 3909 1311; baseline 0.002 -18"><span class='ocrx_word' id='word_1_571' title='bbox 2197 1240 2385 1306; x_wconf 90' lang='lat' dir='ltr'><strong>datur,</strong></span> <span class='ocrx_word' id='word_1_572' title='bbox 2419 1256 2489 1294; x_wconf 90' lang='lat' dir='ltr'><strong>ne</strong></span> <span class='ocrx_word' id='word_1_573' title='bbox 2514 1241 2989 1311; x_wconf 87' lang='lat' dir='ltr'><strong>corporiquidem</strong></span> <span class='ocrx_word' id='word_1_574' title='bbox 3015 1242 3299 1310; x_wconf 90' lang='lat' dir='ltr'><strong>hocposse</strong></span> <span class='ocrx_word' id='word_1_575' title='bbox 3321 1241 3596 1309; x_wconf 85' lang='lat' dir='ltr'><strong>accidere,</strong></span> <span class='ocrx_word' id='word_1_576' title='bbox 3631 1247 3697 1296; x_wconf 91' lang='lat' dir='ltr'><strong>ut</strong></span> <span class='ocrx_word' id='word_1_577' title='bbox 3726 1242 3909 1296; x_wconf 88' lang='lat' dir='ltr'><strong>etiam</strong></span> 
     </span>
    </p>
   </div>
   <div class='ocr_carea' id='block_1_73' title="bbox 2195 1327 3905 1400">
    <p class='ocr_par' dir='ltr' id='par_1_73' title="bbox 2195 1327 3905 1400">
     <span class='ocr_line' id='line_1_74' title="bbox 2195 1327 3905 1400; baseline 0.001 -19"><span class='ocrx_word' id='word_1_578' title='bbox 2195 1345 2262 1381; x_wconf 92' lang='lat' dir='ltr'><strong>ea</strong></span> <span class='ocrx_word' id='word_1_579' title='bbox 2290 1327 2476 1397; x_wconf 85' lang='lat' dir='ltr'><strong>specie</strong></span> <span class='ocrx_word' id='word_1_580' title='bbox 2507 1329 2761 1399; x_wconf 87' lang='lat' dir='ltr'><strong>privetur</strong></span> <span class='ocrx_word' id='word_1_581' title='bbox 2793 1345 2906 1399; x_wconf 89' lang='lat' dir='ltr'><strong>qua</strong></span> <span class='ocrx_word' id='word_1_582' title='bbox 2931 1345 3138 1398; x_wconf 88' lang='lat' dir='ltr'><strong>corpus</strong></span> <span class='ocrx_word' id='word_1_583' title='bbox 3181 1334 3301 1395; x_wconf 89' lang='lat' dir='ltr'><strong>est;</strong></span> <span class='ocrx_word' id='word_1_584' title='bbox 3327 1330 3462 1400; x_wconf 87' lang='lat' dir='ltr'><strong>jure</strong></span> <span class='ocrx_word' id='word_1_585' title='bbox 3477 1329 3716 1382; x_wconf 86' lang='lat' dir='ltr'><strong>fortasse</strong></span> <span class='ocrx_word' id='word_1_586' title='bbox 3745 1329 3905 1383; x_wconf 88' lang='lat' dir='ltr'><strong>obti-</strong></span> 
     </span>
    </p>
   </div>
   <div class='ocr_carea' id='block_1_74' title="bbox 2195 1415 3911 1488">
    <p class='ocr_par' dir='ltr' id='par_1_74' title="bbox 2195 1415 3911 1488">
     <span class='ocr_line' id='line_1_75' title="bbox 2195 1415 3911 1488; baseline 0.001 -18"><span class='ocrx_word' id='word_1_587' title='bbox 2195 1415 2459 1470; x_wconf 91' lang='lat' dir='ltr'><strong>nebimus</strong></span> <span class='ocrx_word' id='word_1_588' title='bbox 2490 1417 2668 1470; x_wconf 91' lang='lat' dir='ltr'><strong>multo</strong></span> <span class='ocrx_word' id='word_1_589' title='bbox 2699 1417 2891 1470; x_wconf 90' lang='lat' dir='ltr'><strong>minus</strong></span> <span class='ocrx_word' id='word_1_590' title='bbox 2910 1417 3120 1470; x_wconf 87' lang='lat' dir='ltr'><strong>auferri</strong></span> <span class='ocrx_word' id='word_1_591' title='bbox 3146 1433 3313 1486; x_wconf 88' lang='lat' dir='ltr'><strong>posse</strong></span> <span class='ocrx_word' id='word_1_592' title='bbox 3329 1417 3521 1471; x_wconf 90' lang='lat' dir='ltr'><strong>animo</strong></span> <span class='ocrx_word' id='word_1_593' title='bbox 3535 1434 3648 1488; x_wconf 91' lang='lat' dir='ltr'><strong>quo</strong></span> <span class='ocrx_word' id='word_1_594' title='bbox 3669 1418 3911 1472; x_wconf 89' lang='lat' dir='ltr'><strong>animus</strong></span> 
     </span>
    </p>
   </div>
   <div class='ocr_carea' id='block_1_75' title="bbox 2197 1504 3911 1576">
    <p class='ocr_par' dir='ltr' id='par_1_75' title="bbox 2197 1504 3911 1576">
     <span class='ocr_line' id='line_1_76' title="bbox 2197 1504 3911 1576; baseline 0.001 -18"><span class='ocrx_word' id='word_1_595' title='bbox 2197 1509 2298 1558; x_wconf 89' lang='lat' dir='ltr'><strong>est.</strong></span> <span class='ocrx_word' id='word_1_596' title='bbox 2333 1504 2623 1574; x_wconf 86' lang='lat' dir='ltr'><strong>Siquidem</strong></span> <span class='ocrx_word' id='word_1_597' title='bbox 2651 1520 2821 1558; x_wconf 90' lang='lat' dir='ltr'><strong>nemo</strong></span> <span class='ocrx_word' id='word_1_598' title='bbox 2853 1521 2911 1558; x_wconf 91' lang='lat' dir='ltr'><strong>se</strong></span> <span class='ocrx_word' id='word_1_599' title='bbox 2942 1505 3087 1558; x_wconf 89' lang='lat' dir='ltr'><strong>bene</strong></span> <span class='ocrx_word' id='word_1_600' title='bbox 3143 1504 3415 1575; x_wconf 80' lang='lat' dir='ltr'><strong>inspexit,</strong></span> <span class='ocrx_word' id='word_1_601' title='bbox 3460 1505 3559 1576; x_wconf 89' lang='lat' dir='ltr'><strong>qui</strong></span> <span class='ocrx_word' id='word_1_602' title='bbox 3592 1523 3708 1560; x_wconf 89' lang='lat' dir='ltr'><strong>non</strong></span> <span class='ocrx_word' id='word_1_603' title='bbox 3737 1507 3911 1560; x_wconf 88' lang='lat' dir='ltr'><strong>omni</strong></span> 
     </span>
    </p>
   </div>
   <div class='ocr_carea' id='block_1_76' title="bbox 2196 1592 3912 1663">
    <p class='ocr_par' dir='ltr' id='par_1_76' title="bbox 2196 1592 3912 1663">
     <span class='ocr_line' id='line_1_77' title="bbox 2196 1592 3912 1663; baseline 0.001 -17"><span class='ocrx_word' id='word_1_604' title='bbox 2196 1592 2420 1663; x_wconf 90' lang='lat' dir='ltr'><strong>corpori</strong></span> <span class='ocrx_word' id='word_1_605' title='bbox 2461 1593 2835 1662; x_wconf 86' lang='lat' dir='ltr'><strong>qualemlibet</strong></span> <span class='ocrx_word' id='word_1_606' title='bbox 2867 1592 3124 1646; x_wconf 91' lang='lat' dir='ltr'><strong>animum</strong></span> <span class='ocrx_word' id='word_1_607' title='bbox 3173 1594 3633 1663; x_wconf 86' lang='lat' dir='ltr'><strong>praeponendum</strong></span> <span class='ocrx_word' id='word_1_608' title='bbox 3665 1611 3788 1648; x_wconf 89' lang='lat' dir='ltr'><strong>esse</strong></span> <span class='ocrx_word' id='word_1_609' title='bbox 3820 1595 3912 1648; x_wconf 89' lang='lat' dir='ltr'><strong>fa-</strong></span> 
     </span>
    </p>
   </div>
   <div class='ocr_carea' id='block_1_77' title="bbox 2196 1685 2402 1735">
    <p class='ocr_par' dir='ltr' id='par_1_77' title="bbox 2196 1685 2402 1735">
     <span class='ocr_line' id='line_1_78' title="bbox 2196 1685 2402 1735; baseline 0.01 -2"><span class='ocrx_word' id='word_1_610' title='bbox 2196 1685 2402 1735; x_wconf 89' lang='lat' dir='ltr'><strong>teatur.</strong></span> 
     </span>
    </p>
   </div>
   <div class='ocr_carea' id='block_1_78' title="bbox 2271 1767 4012 1840">
    <p class='ocr_par' dir='ltr' id='par_1_78' title="bbox 2271 1767 4012 1840">
     <span class='ocr_line' id='line_1_79' title="bbox 2271 1767 4012 1840; baseline 0.001 -17"><span class='ocrx_word' id='word_1_611' title='bbox 2271 1771 2354 1823; x_wconf 78' lang='grc'><strong>14.</strong></span> <span class='ocrx_word' id='word_1_612' title='bbox 2387 1767 2662 1838; x_wconf 89' lang='lat' dir='ltr'><strong>Sitigitur</strong></span> <span class='ocrx_word' id='word_1_613' title='bbox 2685 1773 2892 1822; x_wconf 63' lang='lat' dir='ltr'><strong>nostra?</strong></span> <span class='ocrx_word' id='word_1_614' title='bbox 2909 1768 3359 1823; x_wconf 89' lang='lat' dir='ltr'><strong>ratiocinationis</strong></span> <span class='ocrx_word' id='word_1_615' title='bbox 3392 1770 3712 1837; x_wconf 81' lang='lat' dir='ltr'><strong>exordium,</strong></span> <span class='ocrx_word' id='word_1_616' title='bbox 3737 1772 3903 1840; x_wconf 90' lang='lat' dir='ltr'><strong>quod</strong></span> <span class='ocrx_word' id='word_1_617' title='bbox 4001 1833 4012 1836; x_wconf 99' lang='lat'>_</span> 
     </span>
    </p>
   </div>
   <div class='ocr_carea' id='block_1_79' title="bbox 2198 1856 3903 1928">
    <p class='ocr_par' dir='ltr' id='par_1_79' title="bbox 2198 1856 3903 1928">
     <span class='ocr_line' id='line_1_80' title="bbox 2198 1856 3903 1928; baseline 0.001 -18"><span class='ocrx_word' id='word_1_618' title='bbox 2198 1858 2355 1911; x_wconf 89' lang='lat' dir='ltr'><strong>nulla</strong></span> <span class='ocrx_word' id='word_1_619' title='bbox 2402 1873 2490 1910; x_wconf 89' lang='lat' dir='ltr'><strong>res</strong></span> <span class='ocrx_word' id='word_1_620' title='bbox 2517 1873 2573 1910; x_wconf 92' lang='lat' dir='ltr'><strong>se</strong></span> <span class='ocrx_word' id='word_1_621' title='bbox 2604 1856 2737 1910; x_wconf 86' lang='lat' dir='ltr'><strong>facit</strong></span> <span class='ocrx_word' id='word_1_622' title='bbox 2765 1862 2865 1910; x_wconf 89' lang='lat' dir='ltr'><strong>aut</strong></span> <span class='ocrx_word' id='word_1_623' title='bbox 2893 1857 3100 1927; x_wconf 89' lang='lat' dir='ltr'><strong>gignit,</strong></span> <span class='ocrx_word' id='word_1_624' title='bbox 3134 1857 3389 1927; x_wconf 90' lang='lat' dir='ltr'><strong>alioquin</strong></span> <span class='ocrx_word' id='word_1_625' title='bbox 3421 1863 3543 1911; x_wconf 89' lang='lat' dir='ltr'><strong>erat</strong></span> <span class='ocrx_word' id='word_1_626' title='bbox 3586 1864 3903 1928; x_wconf 88' lang='lat' dir='ltr'><strong>antequam</strong></span> 
     </span>
    </p>
   </div>
   <div class='ocr_carea' id='block_1_80' title="bbox 2197 1944 3904 2016">
    <p class='ocr_par' dir='ltr' id='par_1_80' title="bbox 2197 1944 3904 2016">
     <span class='ocr_line' id='line_1_81' title="bbox 2197 1944 3904 2016; baseline 0 -18"><span class='ocrx_word' id='word_1_627' title='bbox 2197 1951 2342 2000; x_wconf 85' lang='lat' dir='ltr'><strong>esset</strong></span> <span class='ocrx_word' id='word_1_628' title='bbox 2374 1961 2384 1996; x_wconf 91' lang='lat'>:</span> <span class='ocrx_word' id='word_1_629' title='bbox 2419 1945 2570 2016; x_wconf 92' lang='lat' dir='ltr'><strong>quod</strong></span> <span class='ocrx_word' id='word_1_630' title='bbox 2598 1944 2644 1998; x_wconf 87' lang='lat' dir='ltr'><strong>si</strong></span> <span class='ocrx_word' id='word_1_631' title='bbox 2675 1945 2878 1998; x_wconf 77' lang='lat' dir='ltr'><strong>falsum</strong></span> <span class='ocrx_word' id='word_1_632' title='bbox 2910 1950 3014 2011; x_wconf 90' lang='lat' dir='ltr'><strong>est,</strong></span> <span class='ocrx_word' id='word_1_633' title='bbox 3039 1945 3178 1999; x_wconf 90' lang='lat' dir='ltr'><strong>illud</strong></span> <span class='ocrx_word' id='word_1_634' title='bbox 3209 1950 3291 1998; x_wconf 88' lang='lat' dir='ltr'><strong>est</strong></span> <span class='ocrx_word' id='word_1_635' title='bbox 3321 1961 3536 1999; x_wconf 87' lang='lat' dir='ltr'><strong>verum.</strong></span> <span class='ocrx_word' id='word_1_636' title='bbox 3576 1947 3714 1999; x_wconf 87' lang='lat' dir='ltr'><strong>Item</strong></span> <span class='ocrx_word' id='word_1_637' title='bbox 3744 1946 3904 2015; x_wconf 92' lang='lat' dir='ltr'><strong>quod</strong></span> 
     </span>
    </p>
   </div>
   <div class='ocr_carea' id='block_1_81' title="bbox 2196 2035 3901 2104">
    <p class='ocr_par' dir='ltr' id='par_1_81' title="bbox 2196 2035 3901 2104">
     <span class='ocr_line' id='line_1_82' title="bbox 2196 2035 3901 2104; baseline 0 -16"><span class='ocrx_word' id='word_1_638' title='bbox 2196 2036 2404 2088; x_wconf 88' lang='lat' dir='ltr'><strong>factum</strong></span> <span class='ocrx_word' id='word_1_639' title='bbox 2438 2039 2694 2087; x_wconf 90' lang='lat' dir='ltr'><strong>ortumve</strong></span> <span class='ocrx_word' id='word_1_640' title='bbox 2725 2049 2839 2087; x_wconf 92' lang='lat' dir='ltr'><strong>non</strong></span> <span class='ocrx_word' id='word_1_641' title='bbox 2864 2039 2968 2102; x_wconf 90' lang='lat' dir='ltr'><strong>est,</strong></span> <span class='ocrx_word' id='word_1_642' title='bbox 3001 2037 3056 2087; x_wconf 87' lang='lat' dir='ltr'><strong>et</strong></span> <span class='ocrx_word' id='word_1_643' title='bbox 3093 2039 3286 2087; x_wconf 89' lang='lat' dir='ltr'><strong>tamen</strong></span> <span class='ocrx_word' id='word_1_644' title='bbox 3335 2038 3438 2097; x_wconf 89' lang='lat' dir='ltr'><strong>est,</strong></span> <span class='ocrx_word' id='word_1_645' title='bbox 3475 2035 3901 2104; x_wconf 87' lang='lat' dir='ltr'><strong>sempiternum</strong></span> 
     </span>
    </p>
   </div>
   <div class='ocr_carea' id='block_1_82' title="bbox 2197 2122 3902 2193">
    <p class='ocr_par' dir='ltr' id='par_1_82' title="bbox 2197 2122 3902 2193">
     <span class='ocr_line' id='line_1_83' title="bbox 2197 2122 3902 2193; baseline -0.001 -18"><span class='ocrx_word' id='word_1_646' title='bbox 2197 2122 2268 2175; x_wconf 89' lang='lat' dir='ltr'><strong>sit</strong></span> <span class='ocrx_word' id='word_1_647' title='bbox 2290 2139 2516 2176; x_wconf 87' lang='lat' dir='ltr'><strong>necesse</strong></span> <span class='ocrx_word' id='word_1_648' title='bbox 2539 2127 2639 2176; x_wconf 91' lang='lat' dir='ltr'><strong>est.</strong></span> <span class='ocrx_word' id='word_1_649' title='bbox 2669 2124 2850 2186; x_wconf 89' lang='lat' dir='ltr'><strong>Quam</strong></span> <span class='ocrx_word' id='word_1_650' title='bbox 2864 2127 3124 2176; x_wconf 87' lang='lat' dir='ltr'><strong>naturam</strong></span> <span class='ocrx_word' id='word_1_651' title='bbox 3141 2127 3195 2175; x_wconf 92' lang='lat' dir='ltr'><strong>et</strong></span> <span class='ocrx_word' id='word_1_652' title='bbox 3217 2122 3608 2176; x_wconf 86' lang='lat' dir='ltr'><strong>excellentiam</strong></span> <span class='ocrx_word' id='word_1_653' title='bbox 3632 2122 3902 2193; x_wconf 89' lang='lat' dir='ltr'><strong>quisquis</strong></span> 
     </span>
    </p>
   </div>
   <div class='ocr_carea' id='block_1_83' title="bbox 2197 2209 3904 2282">
    <p class='ocr_par' dir='ltr' id='par_1_83' title="bbox 2197 2209 3904 2282">
     <span class='ocr_line' id='line_1_84' title="bbox 2197 2209 3904 2282; baseline 0.001 -19"><span class='ocrx_word' id='word_1_654' title='bbox 2197 2210 2300 2264; x_wconf 90' lang='lat' dir='ltr'><strong>ulli</strong></span> <span class='ocrx_word' id='word_1_655' title='bbox 2328 2212 2549 2282; x_wconf 91' lang='lat' dir='ltr'><strong>corpori</strong></span> <span class='ocrx_word' id='word_1_656' title='bbox 2579 2211 2693 2276; x_wconf 82' lang='lat' dir='ltr'><strong>dat,</strong></span> <span class='ocrx_word' id='word_1_657' title='bbox 2727 2215 2878 2264; x_wconf 90' lang='lat' dir='ltr'><strong>errat</strong></span> <span class='ocrx_word' id='word_1_658' title='bbox 2907 2211 3274 2264; x_wconf 82' lang='lat' dir='ltr'><strong>vehementer</strong></span> <span class='ocrx_word' id='word_1_659' title='bbox 3315 2209 3566 2280; x_wconf 90' lang='lat' dir='ltr'><strong>quidem.</strong></span> <span class='ocrx_word' id='word_1_660' title='bbox 3619 2210 3728 2264; x_wconf 89' lang='lat' dir='ltr'><strong>Sed</strong></span> <span class='ocrx_word' id='word_1_661' title='bbox 3757 2211 3904 2281; x_wconf 84' lang='lat' dir='ltr'><strong>quid</strong></span> 
     </span>
    </p>
   </div>
   <div class='ocr_carea' id='block_1_84' title="bbox 2196 2299 3905 2369">
    <p class='ocr_par' dir='ltr' id='par_1_84' title="bbox 2196 2299 3905 2369">
     <span class='ocr_line' id='line_1_85' title="bbox 2196 2299 3905 2369; baseline 0 -17"><span class='ocrx_word' id='word_1_662' title='bbox 2196 2315 2520 2369; x_wconf 88' lang='lat' dir='ltr'><strong>pugnamus</strong></span> <span class='ocrx_word' id='word_1_663' title='bbox 2547 2302 2576 2354; x_wconf 88' lang='lat'><strong><em>?</em></strong></span> <span class='ocrx_word' id='word_1_664' title='bbox 2604 2301 2781 2352; x_wconf 92' lang='lat' dir='ltr'><strong>multo</strong></span> <span class='ocrx_word' id='word_1_665' title='bbox 2811 2299 2963 2353; x_wconf 92' lang='lat' dir='ltr'><strong>enim</strong></span> <span class='ocrx_word' id='word_1_666' title='bbox 2995 2299 3177 2369; x_wconf 82' lang='lat' dir='ltr'><strong>magis</strong></span> <span class='ocrx_word' id='word_1_667' title='bbox 3200 2315 3325 2352; x_wconf 88' lang='lat' dir='ltr'><strong>eam</strong></span> <span class='ocrx_word' id='word_1_668' title='bbox 3356 2299 3489 2353; x_wconf 87' lang='lat' dir='ltr'><strong>dare</strong></span> <span class='ocrx_word' id='word_1_669' title='bbox 3519 2299 3715 2352; x_wconf 89' lang='lat' dir='ltr'><strong>animo</strong></span> <span class='ocrx_word' id='word_1_670' title='bbox 3740 2299 3905 2369; x_wconf 87' lang='lat' dir='ltr'><strong>cogi-</strong></span> 
     </span>
    </p>
   </div>
   <div class='ocr_carea' id='block_1_85' title="bbox 2198 2387 3905 2458">
    <p class='ocr_par' dir='ltr' id='par_1_85' title="bbox 2198 2387 3905 2458">
     <span class='ocr_line' id='line_1_86' title="bbox 2198 2387 3905 2458; baseline 0.001 -18"><span class='ocrx_word' id='word_1_671' title='bbox 2198 2404 2346 2442; x_wconf 88' lang='lat' dir='ltr'><strong>mur.</strong></span> <span class='ocrx_word' id='word_1_672' title='bbox 2381 2389 2466 2441; x_wconf 91' lang='lat' dir='ltr'><strong>Ita</strong></span> <span class='ocrx_word' id='word_1_673' title='bbox 2503 2387 2549 2440; x_wconf 89' lang='lat' dir='ltr'><strong>si</strong></span> <span class='ocrx_word' id='word_1_674' title='bbox 2599 2404 2803 2458; x_wconf 90' lang='lat' dir='ltr'><strong>corpus</strong></span> <span class='ocrx_word' id='word_1_675' title='bbox 2857 2388 3040 2441; x_wconf 90' lang='lat' dir='ltr'><strong>ullum</strong></span> <span class='ocrx_word' id='word_1_676' title='bbox 3097 2392 3181 2440; x_wconf 89' lang='lat' dir='ltr'><strong>est</strong></span> <span class='ocrx_word' id='word_1_677' title='bbox 3220 2387 3654 2458; x_wconf 89' lang='lat' dir='ltr'><strong>sempiternum,</strong></span> <span class='ocrx_word' id='word_1_678' title='bbox 3701 2388 3905 2441; x_wconf 88' lang='lat' dir='ltr'><strong>nullus</strong></span> 
     </span>
    </p>
   </div>
   <div class='ocr_carea' id='block_1_86' title="bbox 2198 2463 3903 2558">
    <p class='ocr_par' dir='ltr' id='par_1_86' title="bbox 2198 2463 3903 2558">
     <span class='ocr_line' id='line_1_87' title="bbox 2198 2463 3903 2558; baseline 0 -30"><span class='ocrx_word' id='word_1_679' title='bbox 2198 2475 2422 2528; x_wconf 89' lang='lat' dir='ltr'><strong>animus</strong></span> <span class='ocrx_word' id='word_1_680' title='bbox 2453 2492 2566 2529; x_wconf 91' lang='lat' dir='ltr'><strong>non</strong></span> <span class='ocrx_word' id='word_1_681' title='bbox 2595 2475 2974 2544; x_wconf 87' lang='lat' dir='ltr'><strong>sempiternus</strong></span> <span class='ocrx_word' id='word_1_682' title='bbox 3007 2478 3107 2528; x_wconf 92' lang='lat' dir='ltr'><strong>est.</strong></span> <span class='ocrx_word' id='word_1_683' title='bbox 3162 2463 3738 2558; x_wconf 57' lang='lat' dir='ltr'><strong>Quoniam’guilibet</strong></span> <span class='ocrx_word' id='word_1_684' title='bbox 3777 2476 3903 2528; x_wconf 88' lang='lat' dir='ltr'><strong>ani-</strong></span> 
     </span>
    </p>
   </div>
   <div class='ocr_carea' id='block_1_87' title="bbox 2197 2561 3901 2633">
    <p class='ocr_par' dir='ltr' id='par_1_87' title="bbox 2197 2561 3901 2633">
     <span class='ocr_line' id='line_1_88' title="bbox 2197 2561 3901 2633; baseline 0 -17"><span class='ocrx_word' id='word_1_685' title='bbox 2197 2579 2324 2616; x_wconf 89' lang='lat' dir='ltr'><strong>mus</strong></span> <span class='ocrx_word' id='word_1_686' title='bbox 2356 2561 2588 2616; x_wconf 87' lang='lat' dir='ltr'><strong>cuilibet</strong></span> <span class='ocrx_word' id='word_1_687' title='bbox 2618 2563 2840 2632; x_wconf 90' lang='lat' dir='ltr'><strong>corpori</strong></span> <span class='ocrx_word' id='word_1_688' title='bbox 2868 2563 3258 2633; x_wconf 65' lang='lat' dir='ltr'><strong>praeferendus</strong></span> <span class='ocrx_word' id='word_1_689' title='bbox 3284 2567 3390 2632; x_wconf 87' lang='lat' dir='ltr'><strong>est,</strong></span> <span class='ocrx_word' id='word_1_690' title='bbox 3419 2567 3473 2617; x_wconf 88' lang='lat' dir='ltr'><strong>et</strong></span> <span class='ocrx_word' id='word_1_691' title='bbox 3503 2563 3698 2616; x_wconf 89' lang='lat' dir='ltr'><strong>omnia</strong></span> <span class='ocrx_word' id='word_1_692' title='bbox 3737 2580 3901 2617; x_wconf 87' lang='lat' dir='ltr'><strong>sem-</strong></span> 
     </span>
    </p>
   </div>
   <div class='ocr_carea' id='block_1_88' title="bbox 2196 2650 3900 2721">
    <p class='ocr_par' dir='ltr' id='par_1_88' title="bbox 2196 2650 3900 2721">
     <span class='ocr_line' id='line_1_89' title="bbox 2196 2650 3900 2721; baseline 0.001 -17"><span class='ocrx_word' id='word_1_693' title='bbox 2196 2651 2421 2721; x_wconf 88' lang='lat' dir='ltr'><strong>piterna</strong></span> <span class='ocrx_word' id='word_1_694' title='bbox 2449 2667 2566 2704; x_wconf 90' lang='lat' dir='ltr'><strong>non</strong></span> <span class='ocrx_word' id='word_1_695' title='bbox 2595 2651 2979 2721; x_wconf 86' lang='lat' dir='ltr'><strong>sempiternis.</strong></span> <span class='ocrx_word' id='word_1_696' title='bbox 3013 2652 3086 2704; x_wconf 82' lang='lat' dir='ltr'><strong>At</strong></span> <span class='ocrx_word' id='word_1_697' title='bbox 3136 2651 3182 2704; x_wconf 90' lang='lat' dir='ltr'><strong>si</strong></span> <span class='ocrx_word' id='word_1_698' title='bbox 3208 2651 3360 2720; x_wconf 89' lang='lat' dir='ltr'><strong>quod</strong></span> <span class='ocrx_word' id='word_1_699' title='bbox 3391 2667 3519 2704; x_wconf 90' lang='lat' dir='ltr'><strong>vere</strong></span> <span class='ocrx_word' id='word_1_700' title='bbox 3547 2650 3775 2714; x_wconf 86' lang='lat' dir='ltr'><strong>dicitur,</strong></span> <span class='ocrx_word' id='word_1_701' title='bbox 3809 2651 3900 2705; x_wconf 89' lang='lat' dir='ltr'><strong>fa-</strong></span> 
     </span>
    </p>
   </div>
   <div class='ocr_carea' id='block_1_89' title="bbox 2196 2738 3902 2809">
    <p class='ocr_par' dir='ltr' id='par_1_89' title="bbox 2196 2738 3902 2809">
     <span class='ocr_line' id='line_1_90' title="bbox 2196 2738 3902 2809; baseline 0.001 -17"><span class='ocrx_word' id='word_1_702' title='bbox 2196 2743 2350 2792; x_wconf 87' lang='lat' dir='ltr'><strong>ctum</strong></span> <span class='ocrx_word' id='word_1_703' title='bbox 2378 2743 2462 2793; x_wconf 90' lang='lat' dir='ltr'><strong>est</strong></span> <span class='ocrx_word' id='word_1_704' title='bbox 2490 2755 2696 2808; x_wconf 88' lang='lat' dir='ltr'><strong>corpus</strong></span> <span class='ocrx_word' id='word_1_705' title='bbox 2723 2755 2736 2805; x_wconf 91' lang='lat'><strong>;</strong></span> <span class='ocrx_word' id='word_1_706' title='bbox 2772 2739 2961 2809; x_wconf 90' lang='lat' dir='ltr'><strong>aliquo</strong></span> <span class='ocrx_word' id='word_1_707' title='bbox 3018 2738 3259 2792; x_wconf 86' lang='lat' dir='ltr'><strong>faciente</strong></span> <span class='ocrx_word' id='word_1_708' title='bbox 3302 2738 3514 2792; x_wconf 83' lang='lat' dir='ltr'><strong>factum</strong></span> <span class='ocrx_word' id='word_1_709' title='bbox 3545 2743 3648 2805; x_wconf 88' lang='lat' dir='ltr'><strong>est,</strong></span> <span class='ocrx_word' id='word_1_710' title='bbox 3693 2755 3800 2793; x_wconf 89' lang='lat' dir='ltr'><strong>nec</strong></span> <span class='ocrx_word' id='word_1_711' title='bbox 3833 2756 3902 2793; x_wconf 90' lang='lat' dir='ltr'><strong>eo</strong></span> 
     </span>
    </p>
   </div>
   <div class='ocr_carea' id='block_1_90' title="bbox 2195 2826 3900 2898">
    <p class='ocr_par' dir='ltr' id='par_1_90' title="bbox 2195 2826 3900 2898">
     <span class='ocr_line' id='line_1_91' title="bbox 2195 2826 3900 2898; baseline 0.001 -18"><span class='ocrx_word' id='word_1_712' title='bbox 2195 2827 2482 2881; x_wconf 90' lang='lat' dir='ltr'><strong>inferiore.</strong></span> <span class='ocrx_word' id='word_1_713' title='bbox 2518 2829 2712 2897; x_wconf 83' lang='lat' dir='ltr'><strong>Neque</strong></span> <span class='ocrx_word' id='word_1_714' title='bbox 2745 2826 2898 2880; x_wconf 90' lang='lat' dir='ltr'><strong>enim</strong></span> <span class='ocrx_word' id='word_1_715' title='bbox 2927 2843 3046 2880; x_wconf 89' lang='lat' dir='ltr'><strong>esse</strong></span> <span class='ocrx_word' id='word_1_716' title='bbox 3068 2831 3271 2896; x_wconf 88' lang='lat' dir='ltr'><strong>potens</strong></span> <span class='ocrx_word' id='word_1_717' title='bbox 3285 2827 3350 2880; x_wconf 90' lang='lat' dir='ltr'><strong>ad</strong></span> <span class='ocrx_word' id='word_1_718' title='bbox 3381 2827 3636 2880; x_wconf 89' lang='lat' dir='ltr'><strong>dandum</strong></span> <span class='ocrx_word' id='word_1_719' title='bbox 3664 2827 3716 2880; x_wconf 86' lang='lat' dir='ltr'><strong>ei</strong></span> <span class='ocrx_word' id='word_1_720' title='bbox 3738 2828 3900 2898; x_wconf 90' lang='lat' dir='ltr'><strong>quod</strong></span> 
     </span>
    </p>
   </div>
   <div class='ocr_carea' id='block_1_91' title="bbox 2195 2913 3897 2986">
    <p class='ocr_par' dir='ltr' id='par_1_91' title="bbox 2195 2913 3897 2986">
     <span class='ocr_line' id='line_1_92' title="bbox 2195 2913 3897 2986; baseline 0.001 -18"><span class='ocrx_word' id='word_1_721' title='bbox 2195 2915 2421 2981; x_wconf 91' lang='lat' dir='ltr'><strong>faceret,</strong></span> <span class='ocrx_word' id='word_1_722' title='bbox 2455 2913 2735 2986; x_wconf 91' lang='lat' dir='ltr'><strong>quidquid</strong></span> <span class='ocrx_word' id='word_1_723' title='bbox 2770 2914 2906 2968; x_wconf 91' lang='lat' dir='ltr'><strong>illud</strong></span> <span class='ocrx_word' id='word_1_724' title='bbox 2940 2919 3022 2968; x_wconf 84' lang='lat' dir='ltr'><strong>est</strong></span> <span class='ocrx_word' id='word_1_725' title='bbox 3048 2915 3199 2985; x_wconf 88' lang='lat' dir='ltr'><strong>quod</strong></span> <span class='ocrx_word' id='word_1_726' title='bbox 3231 2919 3330 2979; x_wconf 89' lang='lat' dir='ltr'><strong>est,</strong></span> <span class='ocrx_word' id='word_1_727' title='bbox 3364 2914 3420 2967; x_wconf 89' lang='lat' dir='ltr'><strong>id</strong></span> <span class='ocrx_word' id='word_1_728' title='bbox 3444 2915 3597 2985; x_wconf 90' lang='lat' dir='ltr'><strong>quod</strong></span> <span class='ocrx_word' id='word_1_729' title='bbox 3628 2914 3897 2970; x_wconf 86' lang='lat' dir='ltr'><strong>faciebat.</strong></span> 
     </span>
    </p>
   </div>
   <div class='ocr_carea' id='block_1_92' title="bbox 2197 3002 3900 3073">
    <p class='ocr_par' dir='ltr' id='par_1_92' title="bbox 2197 3002 3900 3073">
     <span class='ocr_line' id='line_1_93' title="bbox 2197 3002 3900 3073; baseline 0 -16"><span class='ocrx_word' id='word_1_730' title='bbox 2197 3003 2301 3058; x_wconf 92' lang='lat' dir='ltr'><strong>Sed</strong></span> <span class='ocrx_word' id='word_1_731' title='bbox 2333 3020 2402 3056; x_wconf 91' lang='lat' dir='ltr'><strong>ne</strong></span> <span class='ocrx_word' id='word_1_732' title='bbox 2432 3003 2557 3072; x_wconf 89' lang='lat' dir='ltr'><strong>pari</strong></span> <span class='ocrx_word' id='word_1_733' title='bbox 2586 3002 2816 3073; x_wconf 92' lang='lat' dir='ltr'><strong>quidem</strong></span> <span class='ocrx_word' id='word_1_734' title='bbox 2854 3019 2868 3056; x_wconf 89' lang='lat'><strong>:</strong></span> <span class='ocrx_word' id='word_1_735' title='bbox 2897 3007 3122 3072; x_wconf 89' lang='lat' dir='ltr'><strong>oportet</strong></span> <span class='ocrx_word' id='word_1_736' title='bbox 3150 3002 3302 3056; x_wconf 91' lang='lat' dir='ltr'><strong>enim</strong></span> <span class='ocrx_word' id='word_1_737' title='bbox 3332 3002 3635 3056; x_wconf 90' lang='lat' dir='ltr'><strong>facientem</strong></span> <span class='ocrx_word' id='word_1_738' title='bbox 3685 3004 3900 3057; x_wconf 90' lang='lat' dir='ltr'><strong>melius</strong></span> 
     </span>
    </p>
   </div>
   <div class='ocr_carea' id='block_1_93' title="bbox 2197 3091 3894 3162">
    <p class='ocr_par' dir='ltr' id='par_1_93' title="bbox 2197 3091 3894 3162">
     <span class='ocr_line' id='line_1_94' title="bbox 2197 3091 3894 3162; baseline 0.001 -17"><span class='ocrx_word' id='word_1_739' title='bbox 2197 3091 2409 3162; x_wconf 88' lang='lat' dir='ltr'><strong>aliquid</strong></span> <span class='ocrx_word' id='word_1_740' title='bbox 2441 3091 2650 3144; x_wconf 90' lang='lat' dir='ltr'><strong>habere</strong></span> <span class='ocrx_word' id='word_1_741' title='bbox 2680 3091 2748 3144; x_wconf 88' lang='lat' dir='ltr'><strong>ad</strong></span> <span class='ocrx_word' id='word_1_742' title='bbox 2779 3091 3127 3159; x_wconf 85' lang='lat' dir='ltr'><strong>faciendum,</strong></span> <span class='ocrx_word' id='word_1_743' title='bbox 3159 3107 3331 3161; x_wconf 92' lang='lat' dir='ltr'><strong>quam</strong></span> <span class='ocrx_word' id='word_1_744' title='bbox 3359 3095 3442 3145; x_wconf 90' lang='lat' dir='ltr'><strong>est</strong></span> <span class='ocrx_word' id='word_1_745' title='bbox 3467 3091 3522 3145; x_wconf 90' lang='lat' dir='ltr'><strong>id</strong></span> <span class='ocrx_word' id='word_1_746' title='bbox 3557 3093 3715 3162; x_wconf 90' lang='lat' dir='ltr'><strong>quod</strong></span> <span class='ocrx_word' id='word_1_747' title='bbox 3735 3092 3894 3147; x_wconf 90' lang='lat' dir='ltr'><strong>facit.</strong></span> 
     </span>
    </p>
   </div>
   <div class='ocr_carea' id='block_1_94' title="bbox 2198 3179 3896 3248">
    <p class='ocr_par' dir='ltr' id='par_1_94' title="bbox 2198 3179 3896 3248">
     <span class='ocr_line' id='line_1_95' title="bbox 2198 3179 3896 3248; baseline -0.001 -14"><span class='ocrx_word' id='word_1_748' title='bbox 2198 3183 2339 3234; x_wconf 75' lang='lat' dir='ltr'><strong>Nam</strong></span> <span class='ocrx_word' id='word_1_749' title='bbox 2369 3181 2436 3233; x_wconf 91' lang='lat' dir='ltr'><strong>de</strong></span> <span class='ocrx_word' id='word_1_750' title='bbox 2467 3179 2735 3248; x_wconf 86' lang='lat' dir='ltr'><strong>gignente</strong></span> <span class='ocrx_word' id='word_1_751' title='bbox 2763 3196 2875 3232; x_wconf 91' lang='lat' dir='ltr'><strong>non</strong></span> <span class='ocrx_word' id='word_1_752' title='bbox 2903 3179 3144 3234; x_wconf 90' lang='lat' dir='ltr'><strong>absurde</strong></span> <span class='ocrx_word' id='word_1_753' title='bbox 3185 3179 3406 3243; x_wconf 90' lang='lat' dir='ltr'><strong>dicitur,</strong></span> <span class='ocrx_word' id='word_1_754' title='bbox 3441 3180 3551 3232; x_wconf 91' lang='lat' dir='ltr'><strong>hoc</strong></span> <span class='ocrx_word' id='word_1_755' title='bbox 3583 3195 3716 3233; x_wconf 91' lang='lat' dir='ltr'><strong>eum</strong></span> <span class='ocrx_word' id='word_1_756' title='bbox 3749 3196 3896 3246; x_wconf 88' lang='lat' dir='ltr'><strong>esse,</strong></span> 
     </span>
    </p>
   </div>
   <div class='ocr_carea' id='block_1_95' title="bbox 2196 3267 3903 3338">
    <p class='ocr_par' dir='ltr' id='par_1_95' title="bbox 2196 3267 3903 3338">
     <span class='ocr_line' id='line_1_96' title="bbox 2196 3267 3903 3338; baseline 0.001 -18"><span class='ocrx_word' id='word_1_757' title='bbox 2196 3267 2349 3337; x_wconf 74' lang='lat' dir='ltr'><strong>quod</strong></span> <span class='ocrx_word' id='word_1_758' title='bbox 2377 3272 2462 3321; x_wconf 88' lang='lat' dir='ltr'><strong>est</strong></span> <span class='ocrx_word' id='word_1_759' title='bbox 2492 3267 2628 3321; x_wconf 88' lang='lat' dir='ltr'><strong>illud</strong></span> <span class='ocrx_word' id='word_1_760' title='bbox 2660 3269 2813 3337; x_wconf 90' lang='lat' dir='ltr'><strong>quod</strong></span> <span class='ocrx_word' id='word_1_761' title='bbox 2845 3268 2912 3321; x_wconf 92' lang='lat' dir='ltr'><strong>ab</strong></span> <span class='ocrx_word' id='word_1_762' title='bbox 2936 3284 3001 3322; x_wconf 93' lang='lat' dir='ltr'><strong>eo</strong></span> <span class='ocrx_word' id='word_1_763' title='bbox 3030 3267 3302 3338; x_wconf 88' lang='lat' dir='ltr'><strong>gignitur.</strong></span> <span class='ocrx_word' id='word_1_764' title='bbox 3336 3267 3674 3322; x_wconf 89' lang='lat' dir='ltr'><strong>Universum</strong></span> <span class='ocrx_word' id='word_1_765' title='bbox 3715 3267 3903 3338; x_wconf 87' lang='lat' dir='ltr'><strong>igitur</strong></span> 
     </span>
    </p>
   </div>
   <div class='ocr_carea' id='block_1_96' title="bbox 2195 3355 3902 3426">
    <p class='ocr_par' dir='ltr' id='par_1_96' title="bbox 2195 3355 3902 3426">
     <span class='ocr_line' id='line_1_97' title="bbox 2195 3355 3902 3426; baseline 0.001 -18"><span class='ocrx_word' id='word_1_766' title='bbox 2195 3371 2402 3424; x_wconf 91' lang='lat' dir='ltr'><strong>corpus</strong></span> <span class='ocrx_word' id='word_1_767' title='bbox 2433 3355 2503 3409; x_wconf 90' lang='lat' dir='ltr'><strong>ab</strong></span> <span class='ocrx_word' id='word_1_768' title='bbox 2527 3357 2717 3425; x_wconf 90' lang='lat' dir='ltr'><strong>aliqua</strong></span> <span class='ocrx_word' id='word_1_769' title='bbox 2736 3356 2789 3409; x_wconf 88' lang='lat' dir='ltr'><strong>vi</strong></span> <span class='ocrx_word' id='word_1_770' title='bbox 2821 3361 2875 3410; x_wconf 91' lang='lat' dir='ltr'><strong>et</strong></span> <span class='ocrx_word' id='word_1_771' title='bbox 2896 3361 3098 3410; x_wconf 89' lang='lat' dir='ltr'><strong>natura</strong></span> <span class='ocrx_word' id='word_1_772' title='bbox 3115 3356 3433 3426; x_wconf 87' lang='lat' dir='ltr'><strong>potentiore</strong></span> <span class='ocrx_word' id='word_1_773' title='bbox 3464 3361 3635 3426; x_wconf 89' lang='lat' dir='ltr'><strong>atque</strong></span> <span class='ocrx_word' id='word_1_774' title='bbox 3656 3356 3902 3411; x_wconf 90' lang='lat' dir='ltr'><strong>meliore</strong></span> 
     </span>
    </p>
   </div>
   <div class='ocr_carea' id='block_1_97' title="bbox 2195 3444 3897 3514">
    <p class='ocr_par' dir='ltr' id='par_1_97' title="bbox 2195 3444 3897 3514">
     <span class='ocr_line' id='line_1_98' title="bbox 2195 3444 3897 3514; baseline 0.001 -17"><span class='ocrx_word' id='word_1_775' title='bbox 2195 3445 2406 3497; x_wconf 89' lang='lat' dir='ltr'><strong>factum</strong></span> <span class='ocrx_word' id='word_1_776' title='bbox 2442 3449 2544 3510; x_wconf 90' lang='lat' dir='ltr'><strong>est,</strong></span> <span class='ocrx_word' id='word_1_777' title='bbox 2576 3461 2693 3497; x_wconf 91' lang='lat' dir='ltr'><strong>non</strong></span> <span class='ocrx_word' id='word_1_778' title='bbox 2723 3444 2922 3514; x_wconf 87' lang='lat' dir='ltr'><strong>utique</strong></span> <span class='ocrx_word' id='word_1_779' title='bbox 2975 3460 3266 3513; x_wconf 87' lang='lat' dir='ltr'><strong>corporea.</strong></span> <span class='ocrx_word' id='word_1_780' title='bbox 3326 3445 3465 3498; x_wconf 85' lang='lat' dir='ltr'><strong>Nam</strong></span> <span class='ocrx_word' id='word_1_781' title='bbox 3520 3445 3565 3497; x_wconf 91' lang='lat' dir='ltr'><strong>si</strong></span> <span class='ocrx_word' id='word_1_782' title='bbox 3613 3461 3822 3514; x_wconf 89' lang='lat' dir='ltr'><strong>corpus</strong></span> <span class='ocrx_word' id='word_1_783' title='bbox 3863 3463 3897 3499; x_wconf 87' lang='lat' dir='ltr'><strong>a</strong></span> 
     </span>
    </p>
   </div>
   <div class='ocr_carea' id='block_1_98' title="bbox 2196 3532 3894 3603">
    <p class='ocr_par' dir='ltr' id='par_1_98' title="bbox 2196 3532 3894 3603">
     <span class='ocr_line' id='line_1_99' title="bbox 2196 3532 3894 3603; baseline 0.001 -16"><span class='ocrx_word' id='word_1_784' title='bbox 2196 3549 2428 3603; x_wconf 90' lang='lat' dir='ltr'><strong>corpore</strong></span> <span class='ocrx_word' id='word_1_785' title='bbox 2458 3533 2668 3586; x_wconf 85' lang='lat' dir='ltr'><strong>factum</strong></span> <span class='ocrx_word' id='word_1_786' title='bbox 2700 3538 2803 3597; x_wconf 88' lang='lat' dir='ltr'><strong>est,</strong></span> <span class='ocrx_word' id='word_1_787' title='bbox 2849 3549 2966 3586; x_wconf 91' lang='lat' dir='ltr'><strong>non</strong></span> <span class='ocrx_word' id='word_1_788' title='bbox 2999 3533 3188 3603; x_wconf 90' lang='lat' dir='ltr'><strong>potuit</strong></span> <span class='ocrx_word' id='word_1_789' title='bbox 3234 3532 3564 3586; x_wconf 85' lang='lat' dir='ltr'><strong>universum</strong></span> <span class='ocrx_word' id='word_1_790' title='bbox 3596 3532 3740 3587; x_wconf 86' lang='lat' dir='ltr'><strong>ﬁeri.</strong></span> <span class='ocrx_word' id='word_1_791' title='bbox 3779 3535 3894 3588; x_wconf 89' lang='lat' dir='ltr'><strong>Ve-</strong></span> 
     </span>
    </p>
   </div>
   <div class='ocr_carea' id='block_1_99' title="bbox 2196 3620 3900 3691">
    <p class='ocr_par' dir='ltr' id='par_1_99' title="bbox 2196 3620 3900 3691">
     <span class='ocr_line' id='line_1_100' title="bbox 2196 3620 3900 3691; baseline 0 -17"><span class='ocrx_word' id='word_1_792' title='bbox 2196 3621 2484 3675; x_wconf 85' lang='lat' dir='ltr'><strong>rissimum</strong></span> <span class='ocrx_word' id='word_1_793' title='bbox 2536 3626 2620 3675; x_wconf 87' lang='lat' dir='ltr'><strong>est</strong></span> <span class='ocrx_word' id='word_1_794' title='bbox 2669 3621 2823 3675; x_wconf 91' lang='lat' dir='ltr'><strong>enim</strong></span> <span class='ocrx_word' id='word_1_795' title='bbox 2865 3621 3017 3691; x_wconf 88' lang='lat' dir='ltr'><strong>quod</strong></span> <span class='ocrx_word' id='word_1_796' title='bbox 3068 3620 3126 3674; x_wconf 93' lang='lat' dir='ltr'><strong>in</strong></span> <span class='ocrx_word' id='word_1_797' title='bbox 3184 3621 3410 3675; x_wconf 80' lang='lat' dir='ltr'><strong>exordio</strong></span> <span class='ocrx_word' id='word_1_798' title='bbox 3440 3620 3900 3675; x_wconf 86' lang='lat' dir='ltr'><strong>ratiocinationis</strong></span> 
     </span>
    </p>
   </div>
   <div class='ocr_carea' id='block_1_100' title="bbox 2197 3709 3906 3781">
    <p class='ocr_par' dir='ltr' id='par_1_100' title="bbox 2197 3709 3906 3781">
     <span class='ocr_line' id='line_1_101' title="bbox 2197 3709 3906 3781; baseline 0.001 -19"><span class='ocrx_word' id='word_1_799' title='bbox 2197 3710 2365 3781; x_wconf 89' lang='lat' dir='ltr'><strong>hujus</strong></span> <span class='ocrx_word' id='word_1_800' title='bbox 2395 3709 2715 3780; x_wconf 91' lang='lat' dir='ltr'><strong>posuimus,</strong></span> <span class='ocrx_word' id='word_1_801' title='bbox 2748 3710 2967 3763; x_wconf 89' lang='lat' dir='ltr'><strong>nullam</strong></span> <span class='ocrx_word' id='word_1_802' title='bbox 3010 3725 3130 3762; x_wconf 91' lang='lat' dir='ltr'><strong>rem</strong></span> <span class='ocrx_word' id='word_1_803' title='bbox 3178 3727 3210 3763; x_wconf 92' lang='lat' dir='ltr'><strong>a</strong></span> <span class='ocrx_word' id='word_1_804' title='bbox 3262 3726 3320 3762; x_wconf 92' lang='lat' dir='ltr'><strong>se</strong></span> <span class='ocrx_word' id='word_1_805' title='bbox 3351 3725 3516 3780; x_wconf 90' lang='lat' dir='ltr'><strong>posse</strong></span> <span class='ocrx_word' id='word_1_806' title='bbox 3567 3709 3713 3763; x_wconf 87' lang='lat' dir='ltr'><strong>ﬁeri.</strong></span> <span class='ocrx_word' id='word_1_807' title='bbox 3770 3711 3906 3764; x_wconf 72' lang='lat' dir='ltr'><strong>Haec</strong></span> 
     </span>
    </p>
   </div>
   <div class='ocr_carea' id='block_1_101' title="bbox 2195 3795 3899 3867">
    <p class='ocr_par' dir='ltr' id='par_1_101' title="bbox 2195 3795 3899 3867">
     <span class='ocr_line' id='line_1_102' title="bbox 2195 3795 3899 3867; baseline 0.002 -19"><span class='ocrx_word' id='word_1_808' title='bbox 2195 3800 2388 3849; x_wconf 90' lang='lat' dir='ltr'><strong>autem</strong></span> <span class='ocrx_word' id='word_1_809' title='bbox 2417 3795 2500 3849; x_wconf 86' lang='lat' dir='ltr'><strong>vis</strong></span> <span class='ocrx_word' id='word_1_810' title='bbox 2533 3800 2587 3850; x_wconf 91' lang='lat' dir='ltr'><strong>et</strong></span> <span class='ocrx_word' id='word_1_811' title='bbox 2611 3801 2814 3850; x_wconf 90' lang='lat' dir='ltr'><strong>natura</strong></span> <span class='ocrx_word' id='word_1_812' title='bbox 2845 3796 3183 3867; x_wconf 91' lang='lat' dir='ltr'><strong>incorporea</strong></span> <span class='ocrx_word' id='word_1_813' title='bbox 3203 3796 3448 3851; x_wconf 76' lang='lat' dir='ltr'><strong>effectrix</strong></span> <span class='ocrx_word' id='word_1_814' title='bbox 3481 3796 3742 3866; x_wconf 86' lang='lat' dir='ltr'><strong>corporis</strong></span> <span class='ocrx_word' id='word_1_815' title='bbox 3773 3797 3899 3851; x_wconf 90' lang='lat' dir='ltr'><strong>uni-</strong></span> 
     </span>
    </p>
   </div>
   <div class='ocr_carea' id='block_1_102' title="bbox 2194 3883 3900 3955">
    <p class='ocr_par' dir='ltr' id='par_1_102' title="bbox 2194 3883 3900 3955">
     <span class='ocr_line' id='line_1_103' title="bbox 2194 3883 3900 3955; baseline 0.002 -19"><span class='ocrx_word' id='word_1_816' title='bbox 2194 3883 2342 3937; x_wconf 87' lang='lat' dir='ltr'><strong>versi</strong></span> <span class='ocrx_word' id='word_1_817' title='bbox 2367 3889 2648 3955; x_wconf 74' lang='lat' dir='ltr'><strong>prmsente</strong></span> <span class='ocrx_word' id='word_1_818' title='bbox 2689 3885 2947 3954; x_wconf 89' lang='lat' dir='ltr'><strong>potentia</strong></span> <span class='ocrx_word' id='word_1_819' title='bbox 2971 3889 3128 3939; x_wconf 90' lang='lat' dir='ltr'><strong>tenet</strong></span> <span class='ocrx_word' id='word_1_820' title='bbox 3158 3885 3508 3940; x_wconf 86' lang='lat' dir='ltr'><strong>universum.</strong></span> <span class='ocrx_word' id='word_1_821' title='bbox 3554 3886 3680 3939; x_wconf 89' lang='lat' dir='ltr'><strong>Non</strong></span> <span class='ocrx_word' id='word_1_822' title='bbox 3738 3886 3900 3940; x_wconf 87' lang='lat' dir='ltr'><strong>enim</strong></span> 
     </span>
    </p>
   </div>
   <div class='ocr_carea' id='block_1_103' title="bbox 2196 3971 3947 4045">
    <p class='ocr_par' dir='ltr' id='par_1_103' title="bbox 2196 3971 3947 4045">
     <span class='ocr_line' id='line_1_104' title="bbox 2196 3971 3947 4045; baseline 0.002 -20"><span class='ocrx_word' id='word_1_823' title='bbox 2196 3971 2347 4034; x_wconf 89' lang='lat' dir='ltr'><strong>fecit,</strong></span> <span class='ocrx_word' id='word_1_824' title='bbox 2378 3977 2546 4043; x_wconf 90' lang='lat' dir='ltr'><strong>atque</strong></span> <span class='ocrx_word' id='word_1_825' title='bbox 2573 3972 2826 4027; x_wconf 88' lang='lat' dir='ltr'><strong>discessit</strong></span> <span class='ocrx_word' id='word_1_826' title='bbox 2859 3973 3237 4045; x_wconf 77' lang='lat' dir='ltr'><strong>effectumque</strong></span> <span class='ocrx_word' id='word_1_827' title='bbox 3262 3973 3532 4028; x_wconf 89' lang='lat' dir='ltr'><strong>deseruit.</strong></span> <span class='ocrx_word' id='word_1_828' title='bbox 3574 3975 3650 4028; x_wconf 88' lang='lat' dir='ltr'><strong>Ea</strong></span> <span class='ocrx_word' id='word_1_829' title='bbox 3682 3973 3904 4045; x_wconf 88' lang='lat' dir='ltr'><strong>quippe</strong></span> <span class='ocrx_word' id='word_1_830' title='bbox 3933 3976 3947 3982; x_wconf 77' lang='grc'><em>“</em></span> 
     </span>
    </p>
   </div>
   <div class='ocr_carea' id='block_1_104' title="bbox 2196 4061 3900 4133">
    <p class='ocr_par' dir='ltr' id='par_1_104' title="bbox 2196 4061 3900 4133">
     <span class='ocr_line' id='line_1_105' title="bbox 2196 4061 3900 4133; baseline 0.002 -21"><span class='ocrx_word' id='word_1_831' title='bbox 2196 4061 2511 4114; x_wconf 87' lang='lat' dir='ltr'><strong>substantia</strong></span> <span class='ocrx_word' id='word_1_832' title='bbox 2542 4078 2669 4131; x_wconf 61' lang='lat' dir='ltr'><strong>quae</strong></span> <span class='ocrx_word' id='word_1_833' title='bbox 2700 4078 2906 4132; x_wconf 91' lang='lat' dir='ltr'><strong>corpus</strong></span> <span class='ocrx_word' id='word_1_834' title='bbox 2935 4079 3048 4116; x_wconf 91' lang='lat' dir='ltr'><strong>non</strong></span> <span class='ocrx_word' id='word_1_835' title='bbox 3090 4067 3192 4130; x_wconf 88' lang='lat' dir='ltr'><strong>est,</strong></span> <span class='ocrx_word' id='word_1_836' title='bbox 3220 4079 3429 4133; x_wconf 90' lang='lat' dir='ltr'><strong>neque,</strong></span> <span class='ocrx_word' id='word_1_837' title='bbox 3465 4067 3528 4117; x_wconf 90' lang='lat' dir='ltr'><strong>ut</strong></span> <span class='ocrx_word' id='word_1_838' title='bbox 3575 4062 3655 4116; x_wconf 90' lang='lat' dir='ltr'><strong>ita</strong></span> <span class='ocrx_word' id='word_1_839' title='bbox 3684 4062 3900 4124; x_wconf 84' lang='lat' dir='ltr'><strong>dicam,</strong></span> 
     </span>
    </p>
   </div>
   <div class='ocr_carea' id='block_1_105' title="bbox 2197 4147 3900 4222">
    <p class='ocr_par' dir='ltr' id='par_1_105' title="bbox 2197 4147 3900 4222">
     <span class='ocr_line' id='line_1_106' title="bbox 2197 4147 3900 4222; baseline 0.003 -22"><span class='ocrx_word' id='word_1_840' title='bbox 2197 4147 2453 4201; x_wconf 87' lang='lat' dir='ltr'><strong>localiter</strong></span> <span class='ocrx_word' id='word_1_841' title='bbox 2508 4155 2786 4216; x_wconf 88' lang='lat' dir='ltr'><strong>movetur,</strong></span> <span class='ocrx_word' id='word_1_842' title='bbox 2835 4154 2900 4204; x_wconf 92' lang='lat' dir='ltr'><strong>ut</strong></span> <span class='ocrx_word' id='word_1_843' title='bbox 2936 4151 3006 4205; x_wconf 91' lang='lat' dir='ltr'><strong>ab</strong></span> <span class='ocrx_word' id='word_1_844' title='bbox 3055 4167 3122 4204; x_wconf 91' lang='lat' dir='ltr'><strong>ea</strong></span> <span class='ocrx_word' id='word_1_845' title='bbox 3161 4151 3480 4205; x_wconf 88' lang='lat' dir='ltr'><strong>substantia</strong></span> <span class='ocrx_word' id='word_1_846' title='bbox 3523 4167 3652 4222; x_wconf 60' lang='lat' dir='ltr'><strong>qua:</strong></span> <span class='ocrx_word' id='word_1_847' title='bbox 3701 4152 3900 4205; x_wconf 89' lang='lat' dir='ltr'><strong>locum</strong></span> 
     </span>
    </p>
   </div>
   <div class='ocr_carea' id='block_1_106' title="bbox 2199 4236 3897 4308">
    <p class='ocr_par' dir='ltr' id='par_1_106' title="bbox 2199 4236 3897 4308">
     <span class='ocr_line' id='line_1_107' title="bbox 2199 4236 3897 4308; baseline 0.002 -19"><span class='ocrx_word' id='word_1_848' title='bbox 2199 4236 2438 4302; x_wconf 89' lang='lat' dir='ltr'><strong>obtinet,</strong></span> <span class='ocrx_word' id='word_1_849' title='bbox 2470 4237 2720 4307; x_wconf 89' lang='lat' dir='ltr'><strong>separari</strong></span> <span class='ocrx_word' id='word_1_850' title='bbox 2751 4243 2960 4308; x_wconf 86' lang='lat' dir='ltr'><strong>queat;</strong></span> <span class='ocrx_word' id='word_1_851' title='bbox 3004 4243 3061 4293; x_wconf 90' lang='lat' dir='ltr'><strong>et</strong></span> <span class='ocrx_word' id='word_1_852' title='bbox 3104 4239 3202 4292; x_wconf 91' lang='lat' dir='ltr'><strong>illa</strong></span> <span class='ocrx_word' id='word_1_853' title='bbox 3247 4238 3533 4293; x_wconf 83' lang='lat' dir='ltr'><strong>effectoria</strong></span> <span class='ocrx_word' id='word_1_854' title='bbox 3574 4239 3656 4292; x_wconf 89' lang='lat' dir='ltr'><strong>vis</strong></span> <span class='ocrx_word' id='word_1_855' title='bbox 3695 4255 3897 4294; x_wconf 87' lang='lat' dir='ltr'><strong>vacare</strong></span> 
     </span>
    </p>
   </div>
   <div class='ocr_carea' id='block_1_107' title="bbox 2196 4325 3903 4397">
    <p class='ocr_par' dir='ltr' id='par_1_107' title="bbox 2196 4325 3903 4397">
     <span class='ocr_line' id='line_1_108' title="bbox 2196 4325 3903 4397; baseline 0.002 -20"><span class='ocrx_word' id='word_1_856' title='bbox 2196 4341 2312 4378; x_wconf 91' lang='lat' dir='ltr'><strong>non</strong></span> <span class='ocrx_word' id='word_1_857' title='bbox 2343 4329 2548 4394; x_wconf 91' lang='lat' dir='ltr'><strong>potest,</strong></span> <span class='ocrx_word' id='word_1_858' title='bbox 2583 4325 2723 4396; x_wconf 87' lang='lat' dir='ltr'><strong>quin</strong></span> <span class='ocrx_word' id='word_1_859' title='bbox 2757 4326 2813 4380; x_wconf 94' lang='lat' dir='ltr'><strong>id</strong></span> <span class='ocrx_word' id='word_1_860' title='bbox 2845 4327 2996 4396; x_wconf 85' lang='lat' dir='ltr'><strong>quod</strong></span> <span class='ocrx_word' id='word_1_861' title='bbox 3027 4326 3097 4381; x_wconf 89' lang='lat' dir='ltr'><strong>ab</strong></span> <span class='ocrx_word' id='word_1_862' title='bbox 3143 4343 3210 4380; x_wconf 91' lang='lat' dir='ltr'><strong>ea</strong></span> <span class='ocrx_word' id='word_1_863' title='bbox 3246 4327 3458 4381; x_wconf 88' lang='lat' dir='ltr'><strong>factum</strong></span> <span class='ocrx_word' id='word_1_864' title='bbox 3511 4330 3614 4392; x_wconf 89' lang='lat' dir='ltr'><strong>est,</strong></span> <span class='ocrx_word' id='word_1_865' title='bbox 3647 4331 3903 4397; x_wconf 88' lang='lat' dir='ltr'><strong>tueatur,</strong></span> 
     </span>
    </p>
   </div>
   <div class='ocr_carea' id='block_1_108' title="bbox 2199 4413 3905 4486">
    <p class='ocr_par' dir='ltr' id='par_1_108' title="bbox 2199 4413 3905 4486">
     <span class='ocr_line' id='line_1_109' title="bbox 2199 4413 3905 4486; baseline 0.002 -20"><span class='ocrx_word' id='word_1_866' title='bbox 2199 4418 2254 4466; x_wconf 89' lang='lat' dir='ltr'><strong>et</strong></span> <span class='ocrx_word' id='word_1_867' title='bbox 2283 4413 2469 4483; x_wconf 85' lang='lat' dir='ltr'><strong>specie</strong></span> <span class='ocrx_word' id='word_1_868' title='bbox 2498 4430 2689 4468; x_wconf 91' lang='lat' dir='ltr'><strong>carere</strong></span> <span class='ocrx_word' id='word_1_869' title='bbox 2717 4431 2832 4468; x_wconf 90' lang='lat' dir='ltr'><strong>non</strong></span> <span class='ocrx_word' id='word_1_870' title='bbox 2863 4415 3030 4482; x_wconf 90' lang='lat' dir='ltr'><strong>sinat,</strong></span> <span class='ocrx_word' id='word_1_871' title='bbox 3049 4432 3161 4486; x_wconf 88' lang='lat' dir='ltr'><strong>qua</strong></span> <span class='ocrx_word' id='word_1_872' title='bbox 3182 4418 3265 4469; x_wconf 88' lang='lat' dir='ltr'><strong>est</strong></span> <span class='ocrx_word' id='word_1_873' title='bbox 3291 4415 3351 4468; x_wconf 91' lang='lat' dir='ltr'><strong>in</strong></span> <span class='ocrx_word' id='word_1_874' title='bbox 3367 4419 3905 4486; x_wconf 89' lang='lat' dir='ltr'><strong>quantumcumque</strong></span> 
     </span>
    </p>
   </div>
   <div class='ocr_carea' id='block_1_109' title="bbox 2199 4501 3903 4572">
    <p class='ocr_par' dir='ltr' id='par_1_109' title="bbox 2199 4501 3903 4572">
     <span class='ocr_line' id='line_1_110' title="bbox 2199 4501 3903 4572; baseline 0.002 -17"><span class='ocrx_word' id='word_1_875' title='bbox 2199 4505 2302 4555; x_wconf 89' lang='lat' dir='ltr'><strong>est.</strong></span> <span class='ocrx_word' id='word_1_876' title='bbox 2335 4501 2493 4564; x_wconf 89' lang='lat' dir='ltr'><strong>Quod</strong></span> <span class='ocrx_word' id='word_1_877' title='bbox 2527 4502 2680 4556; x_wconf 91' lang='lat' dir='ltr'><strong>enim</strong></span> <span class='ocrx_word' id='word_1_878' title='bbox 2706 4519 2811 4572; x_wconf 92' lang='lat' dir='ltr'><strong>per</strong></span> <span class='ocrx_word' id='word_1_879' title='bbox 2841 4520 2897 4557; x_wconf 90' lang='lat' dir='ltr'><strong>se</strong></span> <span class='ocrx_word' id='word_1_880' title='bbox 2928 4519 3045 4557; x_wconf 92' lang='lat' dir='ltr'><strong>non</strong></span> <span class='ocrx_word' id='word_1_881' title='bbox 3077 4507 3180 4572; x_wconf 90' lang='lat' dir='ltr'><strong>est,</strong></span> <span class='ocrx_word' id='word_1_882' title='bbox 3239 4503 3287 4557; x_wconf 91' lang='lat' dir='ltr'><strong>si</strong></span> <span class='ocrx_word' id='word_1_883' title='bbox 3335 4503 3681 4559; x_wconf 90' lang='lat' dir='ltr'><strong>destituatur</strong></span> <span class='ocrx_word' id='word_1_884' title='bbox 3721 4503 3793 4558; x_wconf 89' lang='lat' dir='ltr'><strong>ab</strong></span> <span class='ocrx_word' id='word_1_885' title='bbox 3833 4520 3903 4558; x_wconf 89' lang='lat' dir='ltr'><strong>eo</strong></span> 
     </span>
    </p>
   </div>
   <div class='ocr_carea' id='block_1_110' title="bbox 2196 4589 3901 4663">
    <p class='ocr_par' dir='ltr' id='par_1_110' title="bbox 2196 4589 3901 4663">
     <span class='ocr_line' id='line_1_111' title="bbox 2196 4589 3901 4663; baseline 0.003 -21"><span class='ocrx_word' id='word_1_886' title='bbox 2196 4605 2301 4660; x_wconf 90' lang='lat' dir='ltr'><strong>per</strong></span> <span class='ocrx_word' id='word_1_887' title='bbox 2329 4589 2482 4659; x_wconf 89' lang='lat' dir='ltr'><strong>quod</strong></span> <span class='ocrx_word' id='word_1_888' title='bbox 2535 4594 2636 4656; x_wconf 90' lang='lat' dir='ltr'><strong>est,</strong></span> <span class='ocrx_word' id='word_1_889' title='bbox 2687 4591 2942 4661; x_wconf 90' lang='lat' dir='ltr'><strong>profecto</strong></span> <span class='ocrx_word' id='word_1_890' title='bbox 2986 4608 3100 4646; x_wconf 90' lang='lat' dir='ltr'><strong>non</strong></span> <span class='ocrx_word' id='word_1_891' title='bbox 3131 4591 3275 4646; x_wconf 88' lang='lat' dir='ltr'><strong>erit:</strong></span> <span class='ocrx_word' id='word_1_892' title='bbox 3309 4595 3364 4646; x_wconf 89' lang='lat' dir='ltr'><strong>et</strong></span> <span class='ocrx_word' id='word_1_893' title='bbox 3413 4608 3531 4646; x_wconf 92' lang='lat' dir='ltr'><strong>non</strong></span> <span class='ocrx_word' id='word_1_894' title='bbox 3589 4607 3901 4663; x_wconf 90' lang='lat' dir='ltr'><strong>possumus</strong></span> 
     </span>
    </p>
   </div>
   <div class='ocr_carea' id='block_1_111' title="bbox 2199 4677 3903 4751">
    <p class='ocr_par' dir='ltr' id='par_1_111' title="bbox 2199 4677 3903 4751">
     <span class='ocr_line' id='line_1_112' title="bbox 2199 4677 3903 4751; baseline 0.004 -21"><span class='ocrx_word' id='word_1_895' title='bbox 2199 4677 2384 4731; x_wconf 92' lang='lat' dir='ltr'><strong>dicere</strong></span> <span class='ocrx_word' id='word_1_896' title='bbox 2435 4677 2491 4732; x_wconf 91' lang='lat' dir='ltr'><strong>id</strong></span> <span class='ocrx_word' id='word_1_897' title='bbox 2550 4678 2828 4749; x_wconf 89' lang='lat' dir='ltr'><strong>accepisse</strong></span> <span class='ocrx_word' id='word_1_898' title='bbox 2879 4696 3082 4751; x_wconf 90' lang='lat' dir='ltr'><strong>corpus</strong></span> <span class='ocrx_word' id='word_1_899' title='bbox 3121 4695 3251 4734; x_wconf 90' lang='lat' dir='ltr'><strong>cum</strong></span> <span class='ocrx_word' id='word_1_900' title='bbox 3297 4680 3511 4735; x_wconf 89' lang='lat' dir='ltr'><strong>factum</strong></span> <span class='ocrx_word' id='word_1_901' title='bbox 3551 4684 3655 4746; x_wconf 90' lang='lat' dir='ltr'><strong>est,</strong></span> <span class='ocrx_word' id='word_1_902' title='bbox 3711 4679 3903 4751; x_wconf 90' lang='lat' dir='ltr'><strong>seipso</strong></span> 
     </span>
    </p>
   </div>
   <div class='ocr_carea' id='block_1_112' title="bbox 2191 4765 3903 4840">
    <p class='ocr_par' dir='ltr' id='par_1_112' title="bbox 2191 4765 3903 4840">
     <span class='ocr_line' id='line_1_113' title="bbox 2191 4765 3903 4840; baseline 0.003 -21"><span class='ocrx_word' id='word_1_903' title='bbox 2191 4765 2314 4836; x_wconf 87' lang='lat' dir='ltr'><strong>jam</strong></span> <span class='ocrx_word' id='word_1_904' title='bbox 2348 4771 2680 4822; x_wconf 89' lang='lat' dir='ltr'><strong>contentum</strong></span> <span class='ocrx_word' id='word_1_905' title='bbox 2712 4784 2832 4823; x_wconf 90' lang='lat' dir='ltr'><strong>esse</strong></span> <span class='ocrx_word' id='word_1_906' title='bbox 2861 4773 3068 4840; x_wconf 92' lang='lat' dir='ltr'><strong>posset,</strong></span> <span class='ocrx_word' id='word_1_907' title='bbox 3104 4767 3325 4824; x_wconf 90' lang='lat' dir='ltr'><strong>etiamsi</strong></span> <span class='ocrx_word' id='word_1_908' title='bbox 3356 4785 3389 4823; x_wconf 88' lang='lat' dir='ltr'><strong>a</strong></span> <span class='ocrx_word' id='word_1_909' title='bbox 3418 4769 3709 4824; x_wconf 90' lang='lat' dir='ltr'><strong>conditore</strong></span> <span class='ocrx_word' id='word_1_910' title='bbox 3739 4768 3903 4824; x_wconf 90' lang='lat' dir='ltr'><strong>dese-</strong></span> 
     </span>
    </p>
   </div>
   <div class='ocr_carea' id='block_1_113' title="bbox 2199 4859 2440 4910">
    <p class='ocr_par' dir='ltr' id='par_1_113' title="bbox 2199 4859 2440 4910">
     <span class='ocr_line' id='line_1_114' title="bbox 2199 4859 2440 4910; baseline 0.004 -2"><span class='ocrx_word' id='word_1_911' title='bbox 2199 4859 2440 4910; x_wconf 90' lang='lat' dir='ltr'><strong>reretur.</strong></span> 
     </span>
    </p>
   </div>
   <div class='ocr_carea' id='block_1_114' title="bbox 2276 4944 3902 5017">
    <p class='ocr_par' dir='ltr' id='par_1_114' title="bbox 2276 4944 3902 5017">
     <span class='ocr_line' id='line_1_115' title="bbox 2276 4944 3902 5017; baseline 0.001 -19"><span class='ocrx_word' id='word_1_912' title='bbox 2276 4948 2356 4998; x_wconf 69' lang='lat'><strong>15.</strong></span> <span class='ocrx_word' id='word_1_913' title='bbox 2393 4944 2732 5016; x_wconf 88' lang='lat' dir='ltr'><strong>Quanquam</strong></span> <span class='ocrx_word' id='word_1_914' title='bbox 2780 4945 2853 5000; x_wconf 89' lang='lat' dir='ltr'><strong>sit</strong></span> <span class='ocrx_word' id='word_1_915' title='bbox 2883 4945 2962 4999; x_wconf 91' lang='lat' dir='ltr'><strong>ita</strong></span> <span class='ocrx_word' id='word_1_916' title='bbox 2989 4948 3090 5010; x_wconf 89' lang='lat' dir='ltr'><strong>est,</strong></span> <span class='ocrx_word' id='word_1_917' title='bbox 3123 4945 3306 5017; x_wconf 89' lang='lat' dir='ltr'><strong>magis</strong></span> <span class='ocrx_word' id='word_1_918' title='bbox 3337 4945 3395 5001; x_wconf 92' lang='lat' dir='ltr'><strong>id</strong></span> <span class='ocrx_word' id='word_1_919' title='bbox 3427 4944 3598 5000; x_wconf 89' lang='lat' dir='ltr'><strong>habet</strong></span> <span class='ocrx_word' id='word_1_920' title='bbox 3647 4944 3902 5013; x_wconf 86' lang='lat' dir='ltr'><strong>animus,</strong></span> 
     </span>
    </p>
   </div>
   <div class='ocr_carea' id='block_1_115' title="bbox 2200 5032 3903 5104">
    <p class='ocr_par' dir='ltr' id='par_1_115' title="bbox 2200 5032 3903 5104">
     <span class='ocr_line' id='line_1_116' title="bbox 2200 5032 3903 5104; baseline 0.002 -19"><span class='ocrx_word' id='word_1_921' title='bbox 2200 5047 2370 5101; x_wconf 90' lang='lat' dir='ltr'><strong>quem</strong></span> <span class='ocrx_word' id='word_1_922' title='bbox 2405 5032 2630 5102; x_wconf 92' lang='lat' dir='ltr'><strong>corpori</strong></span> <span class='ocrx_word' id='word_1_923' title='bbox 2660 5037 2935 5103; x_wconf 62' lang='lat' dir='ltr'><strong>praastare</strong></span> <span class='ocrx_word' id='word_1_924' title='bbox 2968 5033 3333 5088; x_wconf 88' lang='lat' dir='ltr'><strong>manifestum</strong></span> <span class='ocrx_word' id='word_1_925' title='bbox 3365 5037 3466 5087; x_wconf 89' lang='lat' dir='ltr'><strong>est.</strong></span> <span class='ocrx_word' id='word_1_926' title='bbox 3500 5036 3688 5104; x_wconf 85' lang='lat' dir='ltr'><strong>Atque</strong></span> <span class='ocrx_word' id='word_1_927' title='bbox 3714 5032 3799 5087; x_wconf 86' lang='lat' dir='ltr'><strong>ita</strong></span> <span class='ocrx_word' id='word_1_928' title='bbox 3830 5035 3903 5089; x_wconf 85' lang='lat' dir='ltr'><strong>de</strong></span> 
     </span>
    </p>
   </div>
   <div class='ocr_carea' id='block_1_116' title="bbox 2198 5119 3907 5193">
    <p class='ocr_par' dir='ltr' id='par_1_116' title="bbox 2198 5119 3907 5193">
     <span class='ocr_line' id='line_1_117' title="bbox 2198 5119 3907 5193; baseline 0.002 -21"><span class='ocrx_word' id='word_1_929' title='bbox 2198 5119 2458 5191; x_wconf 88' lang='lat' dir='ltr'><strong>proximo</strong></span> <span class='ocrx_word' id='word_1_930' title='bbox 2517 5120 2859 5174; x_wconf 89' lang='lat' dir='ltr'><strong>immortalis</strong></span> <span class='ocrx_word' id='word_1_931' title='bbox 2915 5122 3210 5192; x_wconf 88' lang='lat' dir='ltr'><strong>probatur,</strong></span> <span class='ocrx_word' id='word_1_932' title='bbox 3272 5121 3317 5176; x_wconf 90' lang='lat' dir='ltr'><strong>si</strong></span> <span class='ocrx_word' id='word_1_933' title='bbox 3374 5126 3561 5193; x_wconf 91' lang='lat' dir='ltr'><strong>potest</strong></span> <span class='ocrx_word' id='word_1_934' title='bbox 3616 5138 3737 5176; x_wconf 87' lang='lat' dir='ltr'><strong>esse</strong></span> <span class='ocrx_word' id='word_1_935' title='bbox 3797 5138 3907 5193; x_wconf 85' lang='lat' dir='ltr'><strong>per</strong></span> 
     </span>
    </p>
   </div>
   <div class='ocr_carea' id='block_1_117' title="bbox 2202 5208 3909 5281">
    <p class='ocr_par' dir='ltr' id='par_1_117' title="bbox 2202 5208 3909 5281">
     <span class='ocr_line' id='line_1_118' title="bbox 2202 5208 3909 5281; baseline 0.004 -20"><span class='ocrx_word' id='word_1_936' title='bbox 2202 5208 2469 5278; x_wconf 90' lang='lat' dir='ltr'><strong>seipsum.</strong></span> <span class='ocrx_word' id='word_1_937' title='bbox 2501 5208 2793 5277; x_wconf 90' lang='lat' dir='ltr'><strong>Quidquid</strong></span> <span class='ocrx_word' id='word_1_938' title='bbox 2830 5209 2982 5264; x_wconf 91' lang='lat' dir='ltr'><strong>enim</strong></span> <span class='ocrx_word' id='word_1_939' title='bbox 3037 5212 3150 5265; x_wconf 88' lang='lat' dir='ltr'><strong>tale</strong></span> <span class='ocrx_word' id='word_1_940' title='bbox 3203 5215 3304 5278; x_wconf 86' lang='lat' dir='ltr'><strong>est,</strong></span> <span class='ocrx_word' id='word_1_941' title='bbox 3347 5210 3781 5281; x_wconf 89' lang='lat' dir='ltr'><strong>incorruptibile</strong></span> <span class='ocrx_word' id='word_1_942' title='bbox 3832 5212 3909 5267; x_wconf 87' lang='lat' dir='ltr'><strong>sit</strong></span> 
     </span>
    </p>
   </div>
   <div class='ocr_carea' id='block_1_118' title="bbox 2201 5297 3906 5369">
    <p class='ocr_par' dir='ltr' id='par_1_118' title="bbox 2201 5297 3906 5369">
     <span class='ocr_line' id='line_1_119' title="bbox 2201 5297 3906 5369; baseline 0.004 -21"><span class='ocrx_word' id='word_1_943' title='bbox 2201 5312 2428 5349; x_wconf 88' lang='lat' dir='ltr'><strong>necesse</strong></span> <span class='ocrx_word' id='word_1_944' title='bbox 2456 5300 2558 5361; x_wconf 90' lang='lat' dir='ltr'><strong>est,</strong></span> <span class='ocrx_word' id='word_1_945' title='bbox 2593 5313 2656 5349; x_wconf 91' lang='lat' dir='ltr'><strong>ac</strong></span> <span class='ocrx_word' id='word_1_946' title='bbox 2685 5314 2788 5367; x_wconf 89' lang='lat' dir='ltr'><strong>per</strong></span> <span class='ocrx_word' id='word_1_947' title='bbox 2818 5299 2926 5352; x_wconf 92' lang='lat' dir='ltr'><strong>hoc</strong></span> <span class='ocrx_word' id='word_1_948' title='bbox 2975 5297 3211 5354; x_wconf 91' lang='lat' dir='ltr'><strong>interire</strong></span> <span class='ocrx_word' id='word_1_949' title='bbox 3245 5316 3358 5353; x_wconf 91' lang='lat' dir='ltr'><strong>non</strong></span> <span class='ocrx_word' id='word_1_950' title='bbox 3416 5299 3611 5369; x_wconf 90' lang='lat' dir='ltr'><strong>possit,</strong></span> <span class='ocrx_word' id='word_1_951' title='bbox 3644 5298 3781 5369; x_wconf 87' lang='lat' dir='ltr'><strong>quia</strong></span> <span class='ocrx_word' id='word_1_952' title='bbox 3813 5300 3906 5354; x_wconf 87' lang='lat' dir='ltr'><strong>ni—</strong></span> 
     </span>
    </p>
   </div>
   <div class='ocr_carea' id='block_1_119' title="bbox 2201 5383 3905 5460">
    <p class='ocr_par' dir='ltr' id='par_1_119' title="bbox 2201 5383 3905 5460">
     <span class='ocr_line' id='line_1_120' title="bbox 2201 5383 3905 5460; baseline 0.004 -23"><span class='ocrx_word' id='word_1_953' title='bbox 2201 5384 2285 5438; x_wconf 91' lang='lat' dir='ltr'><strong>hil</strong></span> <span class='ocrx_word' id='word_1_954' title='bbox 2317 5400 2376 5437; x_wconf 90' lang='lat' dir='ltr'><strong>se</strong></span> <span class='ocrx_word' id='word_1_955' title='bbox 2427 5383 2657 5439; x_wconf 91' lang='lat' dir='ltr'><strong>deserit.</strong></span> <span class='ocrx_word' id='word_1_956' title='bbox 2711 5385 2822 5440; x_wconf 91' lang='lat' dir='ltr'><strong>Sed</strong></span> <span class='ocrx_word' id='word_1_957' title='bbox 2877 5388 3130 5457; x_wconf 88' lang='lat' dir='ltr'><strong>corporis</strong></span> <span class='ocrx_word' id='word_1_958' title='bbox 3161 5387 3506 5443; x_wconf 87' lang='lat' dir='ltr'><strong>mutabilitas</strong></span> <span class='ocrx_word' id='word_1_959' title='bbox 3535 5387 3593 5441; x_wconf 90' lang='lat' dir='ltr'><strong>in</strong></span> <span class='ocrx_word' id='word_1_960' title='bbox 3625 5391 3905 5460; x_wconf 88' lang='lat' dir='ltr'><strong>promptu</strong></span> 
     </span>
    </p>
   </div>
   <div class='ocr_carea' id='block_1_120' title="bbox 2267 5565 3903 5633">
    <p class='ocr_par' dir='ltr' id='par_1_120' title="bbox 2267 5565 3903 5633">
     <span class='ocr_line' id='line_1_121' title="bbox 2267 5565 3903 5633; baseline 0.004 -16"><span class='ocrx_word' id='word_1_961' title='bbox 2267 5566 2283 5600; x_wconf 81' lang='grc'>¹</span> <span class='ocrx_word' id='word_1_962' title='bbox 2318 5565 2404 5620; x_wconf 90' lang='lat' dir='ltr'><strong>Sic</strong></span> <span class='ocrx_word' id='word_1_963' title='bbox 2419 5567 2543 5618; x_wconf 84' lang='lat' dir='ltr'><strong>Mss.</strong></span> <span class='ocrx_word' id='word_1_964' title='bbox 2557 5581 2677 5618; x_wconf 91' lang='lat' dir='ltr'><strong>cum</strong></span> <span class='ocrx_word' id='word_1_965' title='bbox 2702 5568 2909 5620; x_wconf 83' lang='lat' dir='ltr'><strong>Bad.At</strong></span> <span class='ocrx_word' id='word_1_966' title='bbox 2929 5570 3136 5621; x_wconf 79' lang='lat' dir='ltr'><strong>Am.Er.</strong></span> <span class='ocrx_word' id='word_1_967' title='bbox 3151 5573 3205 5621; x_wconf 91' lang='lat' dir='ltr'><strong>et</strong></span> <span class='ocrx_word' id='word_1_968' title='bbox 3233 5571 3355 5621; x_wconf 85' lang='lat' dir='ltr'><strong>Lov.</strong></span> <span class='ocrx_word' id='word_1_969' title='bbox 3374 5570 3591 5632; x_wconf 87' lang='lat' dir='ltr'><strong>habent,</strong></span> <span class='ocrx_word' id='word_1_970' title='bbox 3605 5572 3903 5633; x_wconf 74' lang='lat' dir='ltr'><strong>putatione.</strong></span> 
     </span>
    </p>
   </div>
  </div>
