4064 6348
119 267 264 322 1029

113 395 226 458 est,
259 392 416 463 quod
459 392 640 462 ipsius
686 389 938 445 universi
984 390 1240 460 corporis
1287 391 1584 446 universus
1630 397 1822 447 motus

113 480 256 533 satis
284 480 518 534 indicat.
561 480 713 534 Unde
742 479 1046 549 diligenter
1085 480 1515 548 inspicientibus
1543 487 1824 552 quantum

113 569 247 621 talis
273 576 479 622 natura
529 569 731 638 inspici
777 573 981 638 potest,
1034 568 1295 621 ordinata
1341 570 1718 622 mutabilitate
1763 570 1823 624 id

112 657 272 726 quod
303 657 662 711 immutabile
694 663 778 710 est
817 656 1030 710 imitari
1070 656 1353 725 reperitur
1371 659 1409 710 ί.
1436 658 1598 721 Quod
1628 663 1820 712 autem

110 761 222 814 per
251 761 311 799 se
342 751 445 812 est,
480 761 552 800 ne
603 749 765 799 motu
809 745 1038 816 quidem
1071 761 1215 814 opus
1260 745 1434 799 habet
1480 747 1616 811 ullo,
1663 746 1820 799 omni

112 833 281 903 copia
331 834 441 886 sibi
484 834 668 903 seipso
724 833 1031 899 existente;
1079 833 1214 902 quia
1264 837 1452 887 motus
1507 833 1694 886 omnis
1747 834 1814 887 ad

111 921 274 975 aliud
315 926 416 988 est,
458 923 619 992 cujus
658 921 877 992 indiget
923 921 1076 992 quod
1113 926 1394 975 movetur.
1429 922 1601 975 Adest
1644 921 1819 991 igitur

110 1009 334 1079 species
377 1009 640 1064 universo
689 1009 939 1079 corpori,
988 1009 1222 1063 meliore
1261 1013 1464 1062 natura
1505 1010 1816 1064 sufﬁciente

111 1101 288 1166 atque
309 1096 601 1150 obtinente
633 1112 761 1166 quze
792 1096 956 1148 fecit:
991 1112 1166 1165 quare
1195 1095 1292 1149 illa
1323 1097 1670 1151 mutabilitas
1701 1114 1816 1151 non

110 1184 321 1238 adimit
349 1185 577 1254 corpori
605 1200 811 1254 corpus
841 1198 985 1250 esse,
1019 1184 1110 1237 sed
1155 1183 1222 1237 de
1255 1185 1440 1253 specie
1479 1185 1538 1238 in
1569 1185 1815 1255 speciem

111 1273 359 1326 transire
388 1272 520 1326 facit
547 1277 707 1326 motu
728 1271 1172 1326 ordinatissimo.
1199 1272 1321 1324 Non
1346 1273 1501 1326 enim
1528 1274 1814 1344 quaepiam

111 1361 239 1431 ejus
268 1378 401 1432 pars
429 1362 496 1415 ad
520 1361 766 1415 nihilum
785 1359 971 1430 redigi
1001 1361 1227 1423 sinitur,
1257 1376 1387 1414 cum
1413 1366 1598 1414 totum
1627 1378 1816 1432 capes-

111 1455 200 1503 sat
228 1451 314 1503 vis
343 1450 442 1503 illa
484 1450 772 1504 eifectoria
803 1464 909 1502 nec
941 1449 1232 1502 laborante
1262 1465 1365 1502 nec
1394 1449 1584 1503 deside
1612 1457 1814 1520 poten-

109 1538 210 1602 tia,
239 1538 382 1591 dans
411 1543 476 1591 ut
505 1539 576 1591 sit
604 1553 773 1591 omne
813 1537 965 1608 quod
997 1553 1099 1606 per
1128 1537 1285 1590 illam
1313 1542 1410 1598 est,
1445 1538 1504 1590 in
1534 1545 1813 1609 quantum

111 1632 228 1680 est:
283 1626 660 1698 quamobrem
703 1643 871 1680 nemo
916 1631 1035 1679 tam
1083 1625 1278 1679 devius
1309 1642 1340 1678 a
1389 1626 1610 1680 ratione
1649 1627 1814 1682 debet

111 1731 255 1778 esse,
310 1716 402 1768 cui
450 1721 550 1770 aut
593 1731 706 1769 non
752 1715 825 1768 sit
870 1718 1092 1768 certum
1133 1730 1368 1784 corpore
1403 1713 1663 1768 animum
1692 1731 1812 1770 esse

108 1803 432 1868 meliorem,
478 1808 575 1858 aut
625 1803 724 1875 qui
770 1804 876 1857 hoc
923 1819 1186 1857 concesso
1239 1803 1546 1857 arbitretur
1592 1804 1812 1875 corpori

108 1908 228 1945 non
251 1893 504 1946 accidere
526 1898 590 1947 ut
609 1909 809 1962 corpus
831 1908 949 1945 non
979 1892 1070 1956 sit,
1101 1891 1291 1944 animo
1323 1892 1575 1945 accidere
1596 1896 1660 1946 ut
1688 1893 1810 1946 ani-

109 1996 237 2034 mus
266 1997 386 2034 non
413 1981 504 2036 sit.
535 1981 692 2045 Quod
725 1981 773 2033 si
802 1997 918 2033 non
954 1980 1174 2045 accidit,
1217 1995 1402 2049 neque
1434 1979 1660 2033 animus
1690 1997 1810 2034 esse

110 2069 219 2122 nisi
249 2069 420 2129 vivat.
446 2073 650 2140 potest,
683 2084 981 2139 nunquam
1013 2068 1263 2138 profecto
1295 2067 1518 2121 animus
1546 2068 1805 2123 moritur.

179 2159 407 2212 CAPUT
439 2159 526 2212 1Χ.
559 2188 627 2196 -
654 2158 886 2212 Animus
915 2172 1022 2210 non
1048 2161 1142 2221 est,
1177 2159 1254 2210 sic
1283 2158 1399 2210 vita
1429 2172 1609 2211 carere
1635 2173 1740 2212 non

865 2249 1056 2316 potest.

183 2337 268 2388 16.
293 2333 457 2398 Quod
486 2333 532 2387 si
562 2332 867 2404 quisquam
901 2349 1014 2386 non
1044 2349 1176 2386 eum
1205 2332 1503 2387 interitum
1539 2334 1672 2389 dicit
1699 2335 1810 2388 for-

111 2423 452 2477 midandum
488 2423 701 2488 animo,
739 2439 852 2492 quo
883 2421 1128 2475 efﬁcitur
1157 2427 1219 2475 ut
1249 2422 1391 2476 nihil
1419 2422 1491 2476 sit
1519 2423 1674 2493 quod
1705 2425 1806 2477 ali-

105 2511 241 2581 quid
284 2511 413 2573 fuit,
449 2510 547 2564 sed
578 2526 710 2564 eum
743 2526 856 2580 quo
890 2509 1132 2564 dicimus
1172 2526 1234 2563 ea
1277 2514 1506 2564 mortua
1535 2527 1664 2581 quae
1695 2512 1807 2566 vita

105 2603 331 2662 carent;
367 2599 625 2652 attendat
668 2598 821 2668 quod
852 2598 1009 2650 nulla
1040 2613 1127 2650 res
1157 2597 1341 2666 seipsa
1370 2603 1541 2652 caret.
1579 2600 1672 2652 Est
1698 2616 1806 2653 au—

103 2691 218 2740 tem
249 2686 478 2740 animus
511 2686 621 2739 vita
661 2685 964 2756 quaedam:
998 2685 1148 2738 unde
1191 2701 1362 2739 omne
1403 2687 1555 2756 quod
1585 2687 1803 2742 anima-

103 2778 222 2828 tum
256 2779 364 2840 est,
396 2774 615 2842 vivere;
658 2789 828 2826 omne
859 2779 1051 2827 autem
1083 2773 1336 2826 inanime
1376 2775 1531 2844 quod
1560 2776 1804 2830 animari

101 2867 309 2932 potest,
356 2867 669 2925 mortuum,
721 2862 779 2916 id
826 2867 912 2915 est
950 2861 1063 2915 vita
1110 2861 1392 2931 privatum
1438 2862 1798 2933 intelligitur.

105 2953 228 3005 Non
277 2967 412 3020 ergo
459 2955 645 3021 potest
688 2950 914 3004 animus
957 2949 1125 3003 mori.
1166 2951 1305 3003 Nam
1341 2950 1388 3002 si
1429 2967 1620 3004 carere
1670 2958 1800 3022 pot-

99 3039 206 3092 erit
258 3039 392 3105 vita,
445 3056 560 3092 non
610 3040 836 3094 animus
887 3039 986 3093 sed
1045 3039 1362 3093 animatum
1421 3040 1638 3110 aliquid
1695 3047 1796 3096 est.

97 3127 261 3192 Quod
287 3127 333 3180 si
364 3127 675 3181 absurdum
707 3133 809 3194 est,
835 3129 1014 3181 multo
1047 3127 1237 3180 minus
1260 3128 1366 3181 hoc
1389 3144 1570 3197 genus
1599 3129 1798 3183 interi-

93 3220 186 3269 tus
232 3216 559 3269 timendum
605 3221 688 3270 est
721 3215 932 3280 animo,
993 3217 1147 3286 quod
1193 3215 1323 3269 vitae
1376 3221 1524 3270 certe
1567 3233 1685 3271 non
1717 3223 1801 3272 est

95 3304 438 3358 timendum.
466 3305 605 3358 Nam
627 3320 860 3374 prorsus
890 3304 937 3357 si
957 3309 1093 3357 tunc
1119 3304 1360 3358 moritur
1389 3306 1636 3374 animus,
1668 3323 1798 3361 cum

94 3408 227 3446 eum
281 3392 494 3446 deserit
543 3393 655 3446 vita
701 3393 829 3459 illa;
877 3392 1000 3462 ipsa
1045 3393 1159 3446 vita
1205 3409 1330 3462 quae
1383 3394 1536 3447 hunc
1591 3395 1799 3450 d'eserit

94 3482 276 3535 multo
308 3481 511 3535 melius
542 3480 883 3550 intelligitur
911 3481 1157 3547 animus,
1190 3487 1254 3535 ut
1274 3481 1395 3552 jam
1423 3498 1540 3535 non
1571 3483 1643 3536 sit
1673 3485 1795 3538 ani-

92 3585 222 3623 mus
255 3568 535 3639 quidquid
567 3585 600 3621 a
629 3569 745 3622 vita
785 3569 1084 3633 deseritur,
1130 3570 1227 3624 sed
1261 3586 1328 3623 ea
1360 3571 1484 3640 ipsa
1513 3572 1630 3626 vita
1668 3589 1796 3643 quae

90 3657 323 3711 deserit.
359 3656 643 3725 Quidquid
685 3657 839 3710 enim
868 3656 983 3710 vita
1013 3657 1299 3711 desertum
1333 3665 1626 3714 mortuum
1656 3661 1794 3715 dici-

88 3750 206 3813 tur,
251 3744 312 3798 id
351 3745 422 3798 ab
471 3744 662 3798 anima
697 3745 986 3799 desertum
1029 3746 1400 3816 intelligitur:
1441 3749 1560 3802 haec
1601 3755 1794 3804 autem

88 3835 226 3899 vita,
261 3849 392 3903 qua:
441 3833 649 3887 deserit
696 3849 762 3888 ea
795 3850 923 3905 quae
967 3835 1313 3904 moriuntur,
1364 3837 1498 3906 quia
1541 3837 1665 3906 ipsa
1713 3844 1796 3892 est

90 3921 340 3987 animus,
382 3925 439 3975 et
489 3921 736 3992 seipsam
773 3939 889 3976 non
939 3923 1175 3990 deserit;
1221 3941 1338 3978 non
1379 3925 1623 3979 moritur
1670 3927 1792 3980 ani-

88 4025 241 4064 mus.

158 4097 390 4152 CAPUT
419 4098 478 4152 X.
513 4127 582 4139 —
610 4098 844 4154 Animus
872 4115 978 4154 non
1010 4104 1087 4155 est
1113 4103 1428 4170 temperatio
1457 4105 1715 4171 corporis.

161 4188 246 4238 Π.
281 4185 398 4239 Nisi
428 4185 573 4240 forte
605 4187 780 4240 vitam
809 4188 1282 4258 temperationem
1309 4189 1561 4260 aliquam
1591 4206 1790 4260 corpo-

88 4271 186 4339 ris,
206 4277 268 4326 ut
296 4273 563 4327 nonnulli
584 4273 802 4343 opinati
831 4279 982 4340 sunt,
1007 4275 1278 4329 debemus
1303 4276 1550 4329 credere.
1577 4277 1792 4340 Quibus

86 4361 342 4432 profecto
392 4377 689 4432 nunquam
739 4363 844 4416 hoc
892 4364 1076 4416 visum
1128 4368 1293 4429 esset,
1328 4364 1374 4416 si
1405 4381 1471 4418 ea
1501 4381 1630 4436 qua:
1661 4383 1791 4420 vere

86 4453 218 4503 sunt
247 4454 306 4503 et
345 4449 839 4504 incommutabilia
880 4457 1240 4520 permanent,
1292 4453 1493 4507 eodem
1539 4455 1731 4508 animo
1759 4473 1790 4509 a

85 4555 393 4610 corporum
422 4541 833 4594 consuetudine
856 4542 1104 4595 alienato
1126 4545 1298 4612 atque
1327 4548 1568 4613 purgato
1599 4543 1788 4598 videre

83 4629 407 4682 valuissent.
443 4627 578 4692 Quis
618 4629 772 4683 enim
803 4629 949 4684 bene
987 4645 1044 4682 se
1076 4629 1404 4700 inspiciens,
1441 4647 1555 4684 non
1586 4648 1786 4702 exper-

81 4720 172 4770 tus
199 4720 286 4771 est
312 4720 468 4771 tanto
508 4733 566 4770 se
598 4717 813 4788 aliquid
853 4718 1193 4772 intellexisse
1234 4718 1526 4786 sincerius,
1571 4725 1784 4790 quanto

80 4821 375 4860 removere
406 4809 575 4876 atque
608 4807 925 4861 subducere
952 4806 1333 4861 intentionem
1364 4807 1571 4861 mentis
1600 4825 1633 4862 a
1661 4825 1784 4863 cor-

78 4892 234 4963 poris
286 4893 547 4947 sensibus
591 4893 822 4964 potuit?
867 4894 1030 4958 Quod
1059 4894 1106 4948 si
1142 4895 1483 4964 temperatio
1531 4898 1784 4968 corporis

77 4987 229 5036 esset
273 4982 522 5048 animus,
572 4997 688 5036 non
737 4983 932 5054 utique
983 4983 1040 5037 id
1085 4989 1278 5054 posset
1324 4984 1599 5040 accidere.
1660 4987 1782 5040 Non

75 5071 232 5124 enim
263 5087 330 5124 ea
361 5087 450 5124 res
475 5087 605 5141 quae
635 5075 898 5126 naturam
927 5073 1220 5144 propriam
1250 5089 1365 5126 non
1393 5073 1648 5139 haberet,
1681 5090 1780 5129 ne-

76 5175 188 5231 que
239 5159 559 5214 substantia
603 5165 768 5227 esset,
815 5161 914 5215 sed
964 5162 1022 5215 in
1073 5162 1326 5233 subjecto
1375 5179 1612 5233 corpore
1652 5167 1780 5218 tan-

137 5267 153 5299 1
185 5263 301 5332 A_m.
330 5263 430 5332 Er_._
447 5267 498 5313 et
526 5264 670 5332 Lo_v.,
697 5263 753 5332 id
780 5265 920 5332 quod
949 5265 1210 5332 mutabile
1236 5268 1316 5316 est
1344 5269 1544 5332 muta-ri
1574 5271 1776 5332 reperi-

77 5330 198 5391 tur._
217 5325 554 5391 Praetulimus
596 5327 682 5391 hic
713 5325 990 5391 l_e<_:t_ionem
1030 5329 1174 5386 Mss.,
1201 5342 1319 5391 quae
1351 5334 1429 5378 est
1463 5331 1617 5379 etiam
1637 5325 1774 5380 'Bad.

74 5387 604 5452 Paulo‘postglegitur
628 5389 681 5436 in
713 5388 864 5443 ΕΔΑ..
896 5387 1234 5452 ηρςριηοειιηὶ
1270 5391 1476 5452 quidem
1504 5391 1655 5444 habet
1690 5395 1776 5443 ul-

73 5451 204 5499 lum.
235 5449 301 5517 At
324 5451 382 5498 in
403 5449 546 5517 Mss.
576 5463 644 5500 ne
663 5450 1096 5517 motu_m_qu_i_dem
1118 5464 1251 5515 opus
1271 5449 1423 5505 itabat
1441 5454 1650 5517 ultum;
1670 5455 1775 5514 vel,

73 5526 139 5562 ne
165 5516 308 5565 motu
335 5511 555 5575 quidem
574 5525 704 5574 opus
722 5510 876 5563 habet
892 5510 1030 5568 _ullo.

1647 269 1858 327 LIBER
1900 271 1994 328 UN
2002 272 2103 328 US.

3495 287 3634 340 1030

1935 410 2109 465 quam
2157 395 2314 450 color
2375 401 2433 451 et
2479 397 2663 452 forma
2708 398 3168 468 inseparabiliter
3224 401 3459 474 inesset,
3510 408 3626 462 ullo

1934 484 2101 538 modo
2132 499 2189 538 se
2233 485 2302 538 ab
2347 486 2549 539 eodem
2599 503 2836 556 corpore
2886 488 2954 540 ad
3001 488 3389 560 intelligibilia
3447 497 3622 564 perci-

1931 571 2142 640 pienda
2181 578 2483 626 conaretur
2521 579 2792 641 avertere,
2833 579 2888 628 et
2921 575 2981 628 in
3012 583 3291 646 quantum
3320 580 3375 633 id
3409 590 3622 652 posset,

1930 660 1990 713 in
2018 665 2243 715 tantum
2273 661 2370 714 illa
2399 668 2588 731 poeset
2617 663 2845 731 intueri,
2880 681 3058 735 eaque
3089 667 3304 720 visione
3336 672 3538 725 melior
3569 680 3627 728 et

1929 749 2292 818 praestantior
2322 749 2467 802 ﬁeri.
2503 751 2666 803 Nullo
2713 753 2924 822 quippe
2967 754 3139 807 modo
3183 756 3370 811 forma
3409 762 3494 814 vel
3529 779 3622 816 co-

1929 837 2034 900 lor,
2075 837 2162 889 vel
2219 837 2342 906 ipsa
2388 838 2558 891 etiam
2604 844 2855 908 corporis
2894 844 3250 911 temperatio,
3291 863 3419 916 qua:
3470 858 3623 908 certa

1928 925 2254 977 commixtio
2284 929 2369 979 est
2397 941 2593 979 earum
2615 931 2856 995 quatuor
2878 935 3211 986 naturarum
3237 935 3444 1004 quibus
3469 939 3619 996 idem

1927 1028 2132 1081 corpus
2180 1013 2451 1080 subsistit,
2501 1020 2755 1068 avertere
2801 1031 2859 1068 se
2915 1016 2982 1069 ab
3027 1034 3092 1070 eo
3137 1027 3345 1090 potest,
3396 1025 3454 1079 in
3504 1045 3618 1098 quo

1926 1100 2176 1170 subjecto
2215 1107 2300 1154 est
2347 1102 2818 1171 inseparabiliter.
2851 1103 2937 1156 Ah
2967 1104 3108 1171 haec,
3141 1123 3207 1160 ea
3236 1126 3364 1180 quae
3405 1114 3614 1170 intelli-

1925 1187 2008 1257 git
2051 1188 2275 1242 animus
2314 1205 2444 1243 cum
2476 1207 2532 1243 se
2577 1191 2780 1244 avertit
2809 1207 2841 1244 a
2870 1208 3118 1262 corpore,
3165 1210 3280 1250 non
3318 1207 3451 1256 sunt
3479 1221 3612 1273 pro-

1923 1277 2068 1330 fecto
2113 1293 2426 1348 corporea;
2478 1284 2534 1332 et
2581 1285 2774 1332 tamen
2830 1285 2982 1347 sunt,
3034 1284 3395 1355 maximeque
3463 1299 3612 1359 sunt,

1925 1381 2059 1418 nam
2092 1366 2290 1419 eodem
2343 1367 2515 1420 modo
2569 1384 2796 1436 semper
2833 1385 2953 1422 sese
3000 1370 3233 1427 habent.
3285 1375 3425 1431 Nam
3472 1381 3617 1437 nihil

1923 1453 2224 1507 absurdius
2254 1453 2365 1507 dici
2402 1459 2591 1524 potest
2619 1471 2792 1525 quam
2825 1473 2890 1509 ea
2928 1473 3049 1510 esse
3085 1475 3213 1529 quae
3246 1464 3422 1517 oculis
3460 1468 3616 1523 vide-

1923 1556 2071 1606 mus,
2105 1558 2170 1594 ea
2213 1558 2332 1595 non
2371 1559 2490 1596 esse
2529 1559 2657 1613 quae
2697 1543 3075 1614 intelligentia
3112 1549 3436 1618 cernimus;
3487 1573 3613 1612 cum

1923 1629 2180 1683 dubitare
2200 1631 2481 1684 dementis
2512 1631 2600 1692 sit.
2629 1631 3066 1702 intelligentiam
3090 1635 3619 1708 incomparabiliter

1923 1717 2099 1770 oculis
2128 1719 2420 1773 anteferri.
2455 1720 2582 1772 Haec
2611 1724 2802 1772 autem
2834 1736 2961 1790 quae
2992 1721 3391 1794 intelliguntur
3413 1733 3612 1788 eodem

1921 1805 2094 1859 modo
2125 1822 2248 1860 sese
2298 1806 2588 1872 habentia,
2631 1823 2760 1860 cum
2799 1823 2865 1861 ea
2904 1808 3158 1863 intuetur
3186 1813 3433 1881 animus,
3480 1823 3615 1875 satis

1921 1893 2169 1947 ostendit
2203 1909 2261 1947 se
2303 1894 2414 1947 illis
2453 1911 2572 1947 esse
2614 1895 3001 1963 conjunctum,
3048 1897 3193 1953 miro
3237 1904 3485 1971 quodam
3518 1925 3612 1964 eo-

1920 1980 2166 2052 demque
2228 1982 2574 2047 incorporali
2641 1984 2833 2052 modo,
2902 1984 3112 2040 scilicet
3168 2005 3281 2042 non
3337 1992 3612 2052 localiter.

1920 2068 2175 2138 Namque
2204 2073 2302 2122 aut
2345 2069 2405 2122 in
2435 2069 2533 2123 illo
2569 2074 2721 2138 sunt,
2753 2075 2849 2124 aut
2878 2070 2998 2140 ipse
3033 2071 3092 2124 in
3121 2073 3251 2128 illis.
3289 2078 3353 2130 Et
3381 2087 3610 2138 utrum-

1919 2156 2057 2211 libet
2083 2158 2290 2211 horum
2321 2159 2408 2226 sit,
2445 2165 2542 2213 aut
2561 2160 2622 2212 in
2648 2161 2902 2229 subjecto
2933 2162 3177 2217 alterum
3208 2164 3267 2218 in
3296 2168 3474 2224 altero
3503 2178 3610 2243 est,

1918 2252 2016 2298 aut
2047 2251 2352 2314 utrumque
2385 2247 2700 2301 substantia
2731 2253 2830 2302 est.
2856 2249 2964 2302 Sed
2995 2250 3041 2302 si
3059 2251 3200 2306 illud
3216 2255 3468 2322 primum
3495 2263 3609 2325 est,

1917 2349 2034 2386 non
2063 2338 2146 2386 est
2182 2333 2240 2387 in
2281 2334 2534 2404 subjecto
2563 2351 2805 2404 corpore
2834 2336 3080 2402 animus,
3116 2344 3179 2392 ut
3220 2343 3381 2398 color
3411 2351 3466 2400 et
3496 2350 3608 2402 for-

1917 2431 2042 2469 ma:
2077 2416 2213 2485 quia
2251 2417 2336 2469 vel
2368 2417 2490 2485 ipse
2522 2417 2838 2470 substantia
2875 2423 2978 2485 est,
3020 2421 3108 2473 vel
3151 2423 3313 2476 alteri
3345 2428 3612 2485 substan-

1915 2502 2011 2557 tize
2041 2520 2170 2574 quas
2200 2521 2406 2574 corpus
2443 2521 2560 2558 non
2604 2510 2707 2571 est,
2750 2506 2808 2558 in
2846 2507 3097 2577 subjecto
3127 2510 3292 2566 inest.
3330 2514 3385 2568 Si
3418 2523 3612 2573 autem

1915 2591 2020 2646 hoc
2063 2594 2378 2647 secundum
2408 2610 2604 2647 verum
2651 2599 2756 2660 est,
2797 2611 2912 2648 non
2952 2602 3035 2650 est
3080 2598 3140 2650 in
3179 2600 3449 2672 {subjecto
3488 2623 3611 2660 cor-

1914 2696 2050 2751 pore
2093 2686 2366 2752 tanquam
2427 2683 2582 2736 color
2635 2683 2881 2749 animus,
2940 2685 3082 2754 quia
3129 2688 3441 2745 substantia
3501 2700 3607 2751 est.

1913 2770 2271 2838 Temperatio
2305 2774 2496 2824 autem
2540 2770 2794 2840 corporis
2833 2771 2892 2824 in
2941 2774 3194 2843 subjecto
3239 2793 3474 2849 corpore
3523 2789 3610 2837 est

1913 2860 2186 2926 tanquam
2239 2859 2430 2911 color:
2481 2875 2597 2911 non
2653 2865 2737 2911 est
2778 2874 2913 2929 ergo
2968 2864 3304 2931 temperatio
3355 2871 3608 2938 'torpnris

1912 2945 2157 3012 animus,
2188 2946 2286 2999 sed
2316 2946 2432 3000 vita
2461 2952 2545 3000 est
2572 2947 2835 3000 animus:
2869 2953 2924 3001 et
2951 2965 3010 3002 se
3049 2952 3207 3004 nulla
3238 2970 3326 3006 res
3361 2956 3601 3026 deserit;

1914 3037 1971 3087 et
2011 3034 2070 3088 id
2115 3035 2359 3088 moritur
2400 3035 2550 3104 quod
2590 3035 2705 3090 vita
2747 3037 2990 3092 deserit:
3022 3054 3138 3092 non
3172 3039 3348 3110 igitur
3376 3046 3605 3101 animus

1911 3123 2056 3176 mori
2082 3126 2284 3191 potest.

1909 3211 2133 3266 CAPUT
2163 3212 2250 3265 XI.
2273 3242 2345 3251 —
2373 3212 2605 3267 Animus
2633 3229 2724 3268 nec
2750 3231 2848 3283 per
2874 3217 3176 3282 falsitatem
3214 3224 3357 3289 perit
3380 3227 3604 3282 veritati

2136 3302 2487 3364 contrariam,
2516 3302 2616 3354 etsi
2644 3303 2815 3354 animi
2843 3307 2920 3355 est
2948 3319 3113 3357 causa
3141 3310 3370 3363 veritas.

1982 3389 2066 3440 l8.
2103 3387 2319 3441 Rursus
2351 3387 2530 3458 igitur
2579 3390 2624 3441 si
2669 3391 2804 3460 quid
2855 3394 3227 3448 metuendum
3268 3403 3370 3465 est,
3413 3399 3469 3454 id
3523 3409 3607 3457 est

1907 3473 2279 3527 metuendum
2343 3491 2414 3529 ne
2469 3475 2784 3530 deiiciendo
2823 3477 3048 3532 animus
3098 3479 3361 3553 intereat,
3414 3487 3474 3541 id
3523 3496 3602 3545 est

1908 3562 2045 3614 dum
2081 3562 2204 3631 ipsa
2233 3563 2509 3617 existendi
2539 3565 2723 3634 specie
2751 3566 3034 3635 privatur.
3074 3570 3152 3623 De
3183 3587 3296 3641 qua
3329 3589 3388 3626 re
3418 3591 3602 3644 quan-

1904 3666 2076 3720 quam
2100 3651 2236 3703 satis
2257 3667 2377 3704 esse
2407 3652 2623 3705 dictum
2647 3655 2906 3720 arbitrer,
2940 3661 2994 3707 et
3014 3673 3187 3726 quam
3209 3661 3314 3713 hoc
3333 3661 3457 3715 ﬁeri
3483 3681 3599 3718 non

1904 3738 2082 3808 possit
2133 3743 2284 3791 certa
2329 3739 2550 3793 ratione
2608 3747 2987 3796 monstratum
3035 3744 3143 3810 sit;
3192 3750 3383 3801 tamen
3426 3751 3600 3806 etiam

1901 3827 2010 3880 hoc
2057 3827 2462 3881 attendendum
2507 3833 2607 3892 est,
2641 3845 2756 3882 non
2789 3846 2909 3883 esse
2948 3832 3116 3884 aliam
3158 3849 3385 3889 causam
3424 3837 3598 3908 hujus

1901 3913 2243 3979 formidinis,
2276 3915 2389 3967 nisi
2419 3915 2554 3984 quia
2583 3916 2874 3970 fatendum
2907 3923 2992 3972 est
3017 3919 3076 3972 in
3104 3919 3327 3976 defectu
3349 3927 3598 3993 quodam

1901 4019 2022 4055 esse
2073 4002 2328 4056 animum
2375 4006 2632 4069 stultum,
2673 4010 2730 4059 et
2778 4005 2837 4059 in
2871 4007 3116 4061 essentia
3157 4011 3395 4064 certiore
3425 4018 3595 4084 atque

1899 4091 2153 4161 pleniore
2185 4091 2522 4162 sapientem.
2556 4092 2663 4147 Sed
2695 4093 2762 4162 si,
2787 4096 2939 4165 quod
2969 4096 3185 4151 nemini
3215 4099 3452 4156 dubium
3484 4110 3593 4175 cst,

1898 4184 2032 4232 tunc
2063 4184 2147 4234 est
2180 4180 2405 4235 animus
2436 4181 2914 4251 sapientissimus,
2949 4201 3078 4238 cum
3107 4188 3428 4256 veritatem,
3463 4209 3594 4263 quae

1899 4284 2126 4339 semper
2165 4269 2366 4323 eodem
2415 4271 2589 4324 modo
2629 4275 2731 4339 est,
2774 4272 3050 4340 intuetur,
3084 4275 3251 4346 eique
3280 4277 3594 4335 immobilis

1898 4355 2141 4411 inhaeret
2169 4357 2360 4411 divino
2403 4375 2595 4413 amore
2626 4361 2998 4430 conjunctus;
3025 4367 3079 4416 et
3106 4363 3204 4417 illa
3243 4369 3435 4422 omnia
3465 4387 3594 4441 qua:

1897 4462 2128 4517 quoquo
2163 4447 2333 4501 modo
2372 4453 2506 4502 sunt
2533 4449 2604 4502 ab
2636 4465 2702 4502 ea
2729 4451 2973 4504 essentia
3011 4457 3164 4518 sunt,
3197 4471 3325 4524 quas
3372 4474 3594 4514 summe

1896 4535 2259 4606 maximeque
2293 4540 2375 4590 est
2404 4538 2456 4590 ¹;
2492 4542 2591 4590 aut
2629 4536 2698 4590 ab
2728 4538 2824 4592 illa
2851 4543 2935 4592 est
2963 4540 3188 4594 animus
3217 4544 3276 4596 in
3311 4553 3592 4614 quantum

1895 4628 1998 4690 est,
2031 4629 2130 4679 aut
2154 4641 2258 4695 per
2286 4625 2537 4696 seipsam
2565 4630 2665 4680 est.
2697 4627 2802 4681 Sed
2835 4627 2879 4679 si
2908 4643 3010 4697 per
3029 4629 3282 4700 seipsum
3313 4639 3415 4702 est,
3452 4653 3592 4707 quo—

1891 4713 2048 4767 niam
2080 4714 2198 4784 ipse
2228 4713 2336 4767 sibi
2357 4731 2525 4769 causa
2554 4714 2830 4771 existendi
2859 4721 2960 4783 est,
2993 4722 3048 4771 et
3073 4735 3372 4791 nunquam
3405 4741 3464 4779 se
3497 4727 3593 4783 dc-

1891 4801 2061 4869 serit;
2088 4818 2402 4872 numquam
2421 4802 2634 4869 interit,
2661 4808 2723 4857 ut
2750 4821 2923 4874 supra
2953 4806 3124 4861 etiam
3150 4809 3586 4880 disputavimus.

1890 4889 1947 4944 Si
1979 4906 2111 4944 vero
2141 4907 2206 4944 ex
2249 4891 2369 4958 illa,
2401 4891 2706 4960 diligenter
2747 4909 2890 4963 opus
2938 4900 3021 4949 est
3052 4912 3309 4966 quaerere
3341 4918 3469 4972 quae
3497 4921 3588 4960 res

1890 4978 1941 5032 ei
1973 4978 2150 5048 possit
2195 4995 2314 5032 esse
2353 4979 2652 5044 contraria,
2698 4997 2827 5050 quae
2859 4982 3052 5038 animo
3079 4985 3298 5042 auferat
3327 4990 3584 5047 animum

1889 5083 2008 5120 esse
2052 5066 2209 5137 quod
2236 5066 2334 5119 illa
2366 5067 2600 5136 praebet.
2633 5067 2775 5131 Quid
2807 5074 2890 5124 est
2917 5070 3142 5140 igitur?
3168 5077 3255 5130 An
3301 5078 3448 5132 forte
3476 5080 3581 5134 fal-

1888 5154 2041 5220 sitas,
2076 5154 2210 5225 quia
2241 5154 2340 5208 illa
2370 5155 2574 5208 veritas
2598 5156 2625 5211 ?
2655 5157 2763 5211 Sed
2796 5161 3157 5217 manifestum
3189 5169 3292 5230 est,
3324 5171 3495 5236 atque
3519 5166 3581 5221 in

1886 5248 2157 5314 promptu
2187 5243 2378 5309 situm,
2422 5249 2704 5314 quantum
2749 5262 2954 5302 nocere
2983 5251 3175 5305 animo
3205 5251 3417 5305 falsitas
3447 5271 3578 5324 pos-

1886 5333 1977 5386 sit.
2014 5333 2162 5386 Num
2195 5333 2350 5386 enim
2399 5334 2645 5404 amplius
2691 5339 2878 5406 potest
2905 5353 3076 5408 quam
3107 5338 3301 5393 fallere
3321 5341 3350 5393 ?
3378 5347 3437 5396 at
3468 5343 3579 5398 nisi

1947 5456 1984 5502 ι.
2024 5455 2110 5504 Er.
2154 5459 2206 5504 et
2239 5457 2389 5523 _Lov.,
2431 5458 2479 5505 ct
2509 5457 2610 5507 illa
2643 5460 2884 5510 omnium
2911 5471 3026 5522 quae
3065 5463 3421 5523 quoquomodo
3457 5469 3580 5517 sunt

1882 5529 2082 5567 summe
2098 5520 2427 5583 maximeque
2453 5523 2553 5570 est.
