4064 6354
423 299 546 350 1031

419 416 518 488 qui
545 413 697 477 vivit,
725 411 941 465 fallitur
972 425 1160 463 nemo.
1196 408 1316 461 Non
1339 406 1515 477 igitur
1545 405 1756 460 falsitas
1785 403 2038 458 interim'
2081 420 2111 456 e

340 528 352 541 ι
420 504 675 558 animum
704 504 910 570 potest.
943 498 1105 561 Quod
1148 496 1193 549 si
1219 497 1340 549 hinc
1367 511 1482 548 non
1508 499 1694 564 potest
1723 509 1850 564 quae
1882 497 2112 546 contra-

415 591 501 646 ria
545 587 764 643 veritati
801 591 903 651 est,
955 585 1175 638 auferre
1229 583 1419 636 animo
1465 582 1721 635 animum
1770 597 1910 646 esse,
1955 581 2107 649 quod

419 680 469 733 ei
499 677 703 730 veritas
744 674 901 728 dedit
940 673 1034 739 (ita
1091 671 1245 724 enim
1304 675 1386 722 est
1437 668 1803 721 invictissima
1836 667 2061 727 veritas)
2093 681 2106 729 ;

420 766 553 837 quid
578 765 734 817 aliud
758 761 1099 823 invenietur,
1128 759 1281 828 quod
1308 758 1527 811 auferat
1552 756 1744 809 animo
1775 755 1826 808 id
1851 754 2001 824 quod
2024 745 2036 754 ’
2061 757 2112 806 st

421 854 682 908 animus?
738 849 887 904 Nihil
943 847 1232 919 profecto:
1287 861 1417 897 nam
1477 843 1620 897 nihil
1679 847 1764 895 est
1819 840 2104 895 contrario

423 941 700 995 valentius
725 939 791 992 ad
815 938 869 991 id
895 935 1294 1000 auferendum,
1318 933 1469 1002 quod
1495 931 1558 985 ﬁt
1578 931 1648 985 ab
1662 931 1783 1000 ejus
1803 927 2106 982 contrario.

421 1031 644 1086 CAPUT
676 1029 796 1082 XII.
837 1057 906 1064 —
954 1023 1189 1079 Vcritati
1233 1037 1267 1074 a
1315 1037 1422 1089 qua
1452 1025 1528 1073 est
1576 1021 1789 1072 animus
1837 1017 1979 1085 quod
2008 1021 2104 1078 est,

717 1120 980 1184 quatenus
1013 1114 1136 1180 ipsa
1165 1115 1242 1163 est
1274 1111 1413 1164 nihil
1450 1109 1800 1162 contrarium.

495 1209 579 1260 19.
612 1207 681 1258 At
710 1204 756 1256 si
789 1200 1007 1255 veritati
1035 1198 1385 1252 contrarium
1415 1197 1490 1249 ita
1522 1210 1864 1266 quaeramus,
1900 1209 2017 1246 non
2049 1192 2111 1245 in

391 1299 700 1366 -quantum
725 1289 934 1343 veritas
955 1291 1057 1351 est,
1087 1287 1185 1340 sed
1206 1286 1265 1339 in
1288 1289 1564 1354 quantum
1594 1298 1814 1336 summe
1838 1280 2110 1334 maxime-

423 1397 533 1450 que
551 1383 654 1442 cst,
681 1390 1009 1448 quanquam
1033 1372 1087 1425 in
1112 1377 1331 1425 tantum
1355 1375 1436 1424 est
1463 1369 1712 1439 idipsum
1745 1369 1802 1421 in
1833 1373 2110 1438 quantum

426 1472 510 1522 est
535 1465 739 1520 veritas
769 1479 781 1517 :
810 1461 1090 1532 siquidem
1116 1459 1406 1512 veritatem
1437 1474 1562 1512 eam
1584 1457 1823 1511 dicimus
1845 1472 1956 1526 qua
1981 1469 2114 1508 vera

425 1560 556 1609 sunt
583 1552 776 1607 omnia
804 1552 863 1604 in
885 1555 1411 1620 quantumcumque
1433 1549 1583 1611 sunt,
1604 1545 1661 1598 in
1678 1549 1902 1597 tantum
1921 1546 2112 1595 autem

426 1647 560 1698 sunt
590 1643 648 1694 in
679 1644 956 1711 quantum
977 1653 1110 1690 vera
1137 1640 1296 1688 sunt:
1329 1640 1518 1687 tamen
1552 1634 1707 1686 nullo
1740 1632 1908 1684 modo
1934 1630 1991 1684 id
2015 1630 2110 1683 de-

426 1729 694 1800 fugerim,
745 1727 895 1798 quod
943 1724 1087 1778 mihi
1127 1723 1446 1777 evidentius
1487 1721 1849 1790 suffragatur.
1898 1719 2034 1771 Nam
2065 1717 2115 1770 si

427 1818 585 1873 nulla
617 1814 858 1870 essentia
889 1814 946 1866 in
973 1816 1250 1882 quantum
1282 1809 1526 1863 essentia
1555 1813 1657 1872 est,
1689 1806 1905 1877 aliquid
1935 1806 2118 1874 :habet

425 1905 793 1966 contrarium,
837 1902 1019 1955 multo
1073 1899 1260 1952 minus
1310 1898 1480 1951 habet
1528 1894 1872 1950 contrarium
1929 1893 2117 1963 prima

425 1993 525 2045 illa
553 1988 813 2052 essentia,
838 2003 966 2058 quae
997 1984 1206 2039 dicitur
1233 1984 1456 2047 veritas,
1481 1981 1538 2035 in
1563 1985 1842 2052 quantum
1875 1978 2117 2032 essentia

429 2085 534 2134 est.
575 2077 830 2132 Primum
861 2079 1050 2128 autem
1079 2088 1278 2126 verum
1318 2076 1420 2124 est.
1460 2068 1656 2123 Omnis
1685 2067 1836 2121 enim
1871 2065 2118 2120 essentia

425 2184 544 2222 non
585 2167 656 2220 ob
703 2165 858 2220 aliud
900 2161 1142 2216 essentia
1181 2164 1282 2225 est,
1316 2158 1422 2212 nisi
1454 2157 1588 2228 quia
1627 2162 1728 2210 est.
1769 2156 1895 2208 Esse
1925 2159 2117 2206 autem

428 2274 543 2311 non
584 2255 756 2308 habet
787 2250 1154 2314 contrarium,
1189 2247 1301 2300 nisi
1339 2263 1453 2299 non
1486 2261 1642 2297 esse:
1678 2243 1830 2296 unde
1861 2243 2002 2296 nihil
2034 2245 2119 2294 est

428 2343 687 2399 essentia:
751 2338 1115 2394 contrarium.
1179 2335 1344 2388 Nullo
1411 2332 1580 2386 modo
1636 2330 1811 2400 igitur
1867 2345 1954 2382 res
2007 2330 2118 2381 ulla

428 2449 549 2486 esse
581 2433 766 2500 potest
794 2425 1078 2480 contraria
1117 2421 1199 2476 illi
1233 2420 1582 2486 substantia,
1626 2434 1754 2488 quae
1786 2418 2026 2470 maxime
2055 2432 2119 2469 ac

430 2519 696 2590 primitus
725 2520 826 2569 est.
861 2516 934 2567 Ex
967 2528 1079 2582 qua
1123 2511 1168 2563 si
1209 2509 1378 2562 habet
1425 2507 1652 2561 animus
1681 2505 1932 2575 idipsum
1965 2503 2118 2574 quod

429 2612 513 2662 est
541 2609 679 2673 (non
711 2603 863 2657 enim
913 2599 1143 2654 aliunde
1191 2599 1294 2651 hoc
1339 2595 1547 2650 habere
1577 2599 1778 2665 potest,
1816 2593 1913 2664 qui
1954 2609 2018 2645 ex
2060 2607 2118 2646 se

429 2713 546 2750 non
577 2695 765 2759 habet,
788 2691 900 2746 nisi
930 2690 1012 2743 alr
1032 2689 1126 2741 illa
1157 2703 1214 2740 re
1237 2701 1365 2756 quae
1387 2685 1483 2737 illo
1511 2684 1633 2753 ipso
1655 2687 1737 2735 est
1756 2682 1948 2734 animo
1968 2697 2121 2751 prae—

433 2783 717 2848 stantior),
743 2780 899 2834 nulla
927 2793 1015 2830 res
1046 2781 1131 2830 est
1175 2791 1289 2845 qua
1318 2773 1370 2827 id
1403 2772 1646 2837 amittat,
1673 2770 1806 2841 quia
1839 2768 1996 2822 nulla
2031 2783 2118 2819 res

429 2873 481 2926 ei
511 2871 593 2925 rei
625 2873 706 2924 est
735 2867 1012 2922 contraria
1065 2880 1177 2935 qua
1216 2864 1270 2916 id
1304 2862 1511 2926 habet;
1558 2864 1613 2914 et
1653 2863 1956 2929 propterea
1999 2872 2118 2909 esse

428 2976 544 3014 non
572 2957 796 3013 desinit.
829 2953 1175 3025 Sapientiam
1209 2967 1362 3013 vero,
1395 2949 1530 3020 quia
1556 2947 1918 3002 conversione
1948 2945 2121 2998 habet

425 3049 492 3102 ad
527 3047 582 3101 id
627 3063 693 3100 ex
749 3061 861 3116 quo
910 3047 1012 3109 est,
1062 3041 1350 3095 aversione
1395 3039 1552 3092 illam
1602 3040 1790 3107 potest
1835 3034 2116 3087 amittere.

426 3134 790 3192 Conversioni
822 3147 1071 3201 namque
1115 3128 1332 3183 aversio
1367 3126 1645 3180 contraria
1678 3129 1775 3177 est.
1812 3123 1958 3176 Illud
1985 3136 2118 3175 vero

427 3225 575 3294 quod
608 3240 674 3276 ex
707 3239 772 3276 eo
804 3221 972 3274 habet
1003 3218 1094 3271 cui
1135 3217 1292 3270 nulla
1324 3233 1410 3268 res
1441 3218 1523 3269 est
1551 3211 1857 3275 contraria,
1891 3226 2005 3263 non
2037 3226 2120 3277 est

428 3313 576 3366 unde
611 3310 786 3382 possit
815 3307 1096 3361 amittere.
1124 3307 1246 3358 Non
1277 3303 1452 3374 igitur
1482 3305 1663 3372 potest
1695 3297 1948 3353 interire.

499 3399 725 3454 CAPUT
757 3397 896 3450 XIII.
924 3425 992 3435 —
1024 3395 1258 3446 Animus
1284 3408 1375 3444 nec
1405 3392 1461 3442 in
1485 3404 1675 3457 corpus
1700 3387 2044 3440 convertitur.

496 3489 584 3541 20.
620 3486 719 3540 IIic
757 3485 900 3538 forte
961 3481 1254 3535 oboriatur
1301 3478 1577 3533 nonnulla
1618 3475 1874 3546 quaestio,
1924 3477 2120 3526 utrum

427 3575 572 3628 sicut
609 3590 723 3628 non
756 3570 951 3625 interit
979 3569 1225 3632 animus,
1259 3568 1336 3621 ita
1367 3582 1470 3620 nec
1505 3566 1562 3618 in
1591 3563 1934 3618 deteriorem
1964 3575 2120 3614 com-

425 3665 679 3716 mutetur
709 3659 1034 3715 essentiam.
1066 3656 1255 3709 Videri
1291 3655 1443 3709 enim
1491 3652 1737 3723 cuipiam
1779 3654 1986 3720 potest,
2020 3665 2119 3701 ne-

425 3768 536 3822 que
570 3749 801 3819 injuria,
848 3748 900 3802 id
945 3747 1208 3801 effectum
1254 3761 1373 3798 esse
1421 3740 1853 3796 ratiocinatione
1891 3739 2009 3799 hac,
2058 3743 2122 3791 ut

424 3841 653 3894 animus
679 3839 749 3893 ad
780 3837 1026 3890 nihilum
1058 3850 1175 3889 non
1205 3833 1384 3904 possit
1410 3831 1724 3902 pervenire,
1754 3828 2004 3882 converti
2025 3842 2121 3880 au-

425 3934 541 3983 tem
571 3927 630 3982 in
661 3943 869 3997 corpus
903 3924 1138 3978 forsitan
1166 3922 1360 3993 possit.
1390 3920 1444 3975 Si
1477 3921 1631 3974 enim
1663 3919 1813 3990 quod
1841 3921 1962 3970 erat
1988 3921 2118 3970 ante

426 4017 678 4082 animus,
709 4030 914 4085 corpus
951 4012 1121 4066 fuerit
1152 4011 1434 4075 effectum,
1478 4025 1598 4063 non
1643 4007 1838 4077 utique
1885 4005 2119 4059 omnino

424 4122 538 4160 non
571 4104 695 4158 erit.
744 4103 849 4158 Sed
899 4103 1007 4154 hoc
1045 4099 1168 4153 ﬁeri
1207 4115 1323 4152 non
1362 4101 1566 4167 potest,
1608 4096 1715 4149 nisi
1765 4100 1862 4148 aut
1900 4094 2021 4162 ipse
2061 4092 2120 4145 id

421 4194 576 4258 velit,
602 4196 698 4246 aut
720 4192 787 4245 ab
810 4189 919 4244 alio
942 4192 1196 4258 cogatur.
1228 4187 1337 4239 Nec
1367 4184 1635 4237 continuo
1656 4187 1848 4236 tamen
1873 4181 2118 4240 animus,

424 4281 542 4334 sive
590 4281 710 4348 ipse
754 4278 812 4331 id
865 4273 1188 4345 appetierit,
1233 4273 1348 4326 sive
1393 4277 1617 4325 coactus
1668 4269 1860 4333 fuerit,
1914 4267 2122 4338 poterit

427 4383 631 4438 corpus
682 4381 822 4419 esse.
882 4363 1023 4416 Illud
1072 4361 1225 4415 enim
1281 4359 1540 4428 sequitur
1596 4363 1679 4423 ut,
1731 4357 1778 4409 si
1835 4357 1927 4420 sit,
1985 4355 2123 4408 velit

429 4460 525 4509 aut
557 4457 809 4523 cogatur.
861 4454 932 4504 At
974 4450 1115 4503 illud
1161 4464 1276 4501 non
1325 4446 1582 4516 sequitur
1625 4449 1708 4509 ut,
1762 4443 1810 4497 si
1853 4443 1988 4496 velit
2023 4445 2122 4495 aut

431 4547 684 4614 cogatur,
719 4541 811 4595 sit.
847 4541 1153 4608 Nunquam
1181 4541 1371 4590 autem
1391 4535 1579 4588 volet:
1610 4549 1744 4587 nam
1775 4531 1962 4586 omnis
1999 4531 2122 4600 ejus

436 4632 723 4704 appetitus
753 4630 822 4683 ad
870 4644 1092 4698 corpus,
1136 4630 1233 4680 aut
1257 4631 1322 4679 ut
1364 4624 1418 4678 id
1457 4623 1763 4694 possideat,
1797 4624 1899 4686 est,
1933 4623 2032 4672 aut
2062 4622 2124 4672 ut

433 4720 680 4773 viviticet
709 4721 807 4771 aut
835 4722 898 4770 ut
927 4713 1352 4786 quodammodo
1384 4711 1708 4773 fabricetur,
1742 4714 1840 4762 aut
1869 4707 2124 4778 quolibet

432 4812 598 4880 pacto
631 4805 682 4860 ei
714 4804 988 4859 consulat.
1027 4802 1173 4856 Nihil
1208 4806 1396 4854 autem
1442 4799 1647 4852 horum
1675 4795 1800 4851 ﬁeri
1838 4799 2039 4866 potest,
2075 4793 2123 4847 si

432 4913 551 4952 non
580 4895 651 4949 sit
681 4909 917 4963 corpore
947 4891 1166 4945 melior.
1200 4893 1272 4944 At
1301 4889 1344 4942 si
1375 4888 1489 4942 erit
1515 4903 1738 4957 corpus,
1774 4885 1979 4938 melior
2004 4898 2122 4936 cor-

432 4999 573 5054 pore
603 4981 854 5052 profecto
887 4995 1004 5033 non
1034 4978 1158 5032 erit.
1202 4979 1325 5031 Non
1363 4977 1540 5048 igitur
1569 4992 1773 5045 corpus
1803 4990 1922 5028 esse
1951 4972 2120 5025 volet.

436 5072 632 5142 Neque
652 5070 827 5124 ullam
849 5067 933 5122 rei
954 5067 1127 5137 hujus
1157 5066 1362 5120 certius
1392 5068 1793 5135 argumentum
1821 5065 1924 5127 est,
1951 5073 2124 5130 quam

431 5174 564 5213 cum
599 5157 851 5227 seipsum
881 5154 1014 5209 hinc
1053 5155 1367 5222 interrogat
1396 5153 1637 5206 animus.
1672 5153 1752 5204 Ita
1780 5150 1931 5204 enim
1963 5147 2124 5202 facile

429 5246 709 5316 comperit
739 5243 1057 5315 appetitum
1097 5259 1154 5295 se
1201 5258 1317 5295 non
1364 5240 1592 5306 habere,
1635 5239 1742 5293 nisi
1781 5237 1984 5308 agendi
2022 5236 2128 5290 ali-

433 5335 592 5404 quid,
646 5338 745 5387 aut
791 5331 1026 5398 sciendi,
1075 5333 1173 5384 aut
1229 5329 1526 5394 sentiendi,
1573 5332 1670 5382 aut
1728 5325 2125 5382 tantummodo

436 5422 662 5476 vivendi
694 5421 753 5475 in
781 5425 1060 5492 quantum
1092 5434 1195 5472 sua
1219 5417 1301 5471 illi
1331 5421 1579 5487 potestas
1609 5419 1705 5470 est.

502 5512 592 5564 2t.
638 5510 697 5564 Si
748 5515 942 5566 autem
989 5507 1213 5580 cogitur
1252 5522 1459 5577 corpus
1488 5521 1628 5574 esse,
1678 5521 1711 5559 a
1753 5521 1867 5576 quo
1895 5504 2127 5560 tandem

1379 285 1474 338 DE
1514 281 2108 340 IMMORTALITATE
2148 280 2420 346 ANIMJE,
2465 279 2519 334 S.
2563 276 2944 334 AUGUSTINI

3782 279 3925 332 1032

2221 401 2484 473 cogitur?
2516 404 2558 456 A
2593 400 2864 472 quolibet,
2905 403 3055 454 certe
3085 417 3117 454 a
3143 398 3487 470 potentiore.
3522 399 3646 453 Non
3679 415 3818 470 ergo
3849 399 3928 453 ab

2219 491 2347 561 ipso
2377 505 2612 560 corpore
2635 489 2760 558 cogi
2785 492 2992 559 potest.
3019 489 3185 542 Nullo
3205 490 3362 542 enim
3389 487 3560 542 modo
3582 489 3702 542 ullo
3728 489 3928 541 animo

2219 581 2400 633 ullum
2433 595 2636 648 corpus
2665 577 2968 647 potentius.
3005 577 3294 630 Potentior
3319 582 3508 629 autem
3543 576 3770 629 animus
3802 591 3923 628 non

2219 667 2368 736 cogit
2397 667 2452 719 in
2477 666 2712 736 aliquid,
2738 665 2846 718 nisi
2867 665 3021 735 quod
3043 681 3158 718 sum
3192 664 3454 734 potestati
3487 664 3781 717 subditum
3801 669 3914 716 est.

2221 758 2331 809 Nec
2363 755 2478 808 ullo
2519 754 2688 807 modo
2739 753 2960 806 animus
2995 753 3261 822 potestati
3303 752 3534 806 alterius
3577 752 3774 816 animi,
3809 751 3929 804 nisi

2219 843 2334 896 suis
2382 841 2780 912 cupiditatibus
2825 841 3106 894 subditur.
3157 840 3320 910 Cogit
3366 857 3502 910 ergo
3543 841 3638 894 ille
3687 841 3924 894 animus

2219 947 2334 983 non
2357 930 2601 998 amplius
2621 944 2793 998 quam
2816 934 3093 998 quantum
3122 929 3244 998 ejus
3270 945 3439 999 quem
3464 929 3617 997 cogit
3638 928 3926 999 cupidita-

2219 1023 2301 1072 tes
2332 1018 2542 1071 sinunt.
2605 1016 2825 1070 Dictum
2857 1020 2940 1069 est
2969 1021 3158 1070 autem
3198 1017 3572 1086 cupiditatem
3607 1033 3720 1069 non
3753 1032 3924 1086 posse

2220 1107 2473 1161 animum
2522 1105 2753 1172 habere,
2787 1109 2848 1159 ut
2889 1121 3094 1174 corpus
3141 1105 3271 1158 sit‘.
3324 1106 3466 1159 Illud
3517 1105 3687 1159 etiam
3731 1105 3926 1159 mani-

2220 1196 2426 1249 festum
2472 1198 2555 1247 est
2603 1193 2671 1247 ad
2719 1193 2937 1246 nullam
2988 1210 3103 1246 suae
3156 1193 3482 1262 cupiditatis
3531 1193 3926 1264 expletionem

2220 1283 2534 1354 pervenire,
2565 1282 2702 1336 dum
2734 1281 2944 1335 amittit
2969 1297 3198 1335 omnem
3226 1281 3596 1352 cupiditatem
3623 1299 3635 1336 :
3673 1289 3729 1337 et
3760 1283 3930 1336 amit-

2219 1373 2289 1426 tit
2319 1373 2453 1426 dum
2477 1387 2679 1440 corpus
2703 1370 2781 1423 fit.
2812 1372 2934 1423 Non
2957 1369 3133 1439 igitur
3162 1374 3349 1440 potest
3371 1371 3440 1424 ab
3462 1388 3528 1424 eo
3552 1371 3675 1440 cogi
3709 1375 3772 1423 ut
3801 1371 3926 1437 ﬁat,

2220 1461 2319 1532 qui
2348 1459 2585 1530 cogendi
2604 1459 2696 1528 jus
2718 1457 2825 1510 nisi
2849 1474 2952 1527 per
2971 1458 3184 1512 subditi
3214 1458 3553 1529 cupiditates
3582 1475 3697 1512 non
3728 1459 3925 1512 habet.

2225 1550 2440 1604 Deinde
2481 1547 2740 1618 quisquis
2789 1546 3016 1600 animus
3063 1548 3309 1601 alterum
3353 1547 3612 1602 animum
3648 1547 3822 1601 habet
3868 1548 3931 1601 in

2224 1639 2518 1706 potestate,
2571 1633 2752 1703 magis
2804 1650 2936 1688 eum
2991 1651 3216 1688 necesse
3248 1640 3332 1689 est
3375 1635 3510 1689 velit
3557 1637 3614 1689 in
3643 1639 3930 1705 potestate

2225 1723 2434 1777 habere
2481 1737 2652 1792 quam
2700 1737 2924 1792 corpus,
2957 1724 3013 1774 et
3041 1722 3094 1774 ei
3122 1722 3261 1776 velit
3300 1722 3553 1776 bonitate
3600 1723 3930 1786 consulere,

2225 1811 2309 1864 vel
2339 1809 2556 1863 malitia
2598 1809 2942 1879 imperitare.
2989 1811 3112 1863 Non
3149 1825 3284 1880 ergo
3311 1811 3462 1864 volet
3492 1814 3554 1863 ut
3592 1826 3794 1880 corpus
3825 1811 3924 1865 sit.

2296 1903 2380 1952 ‘22.
2411 1900 2700 1952 Postremo
2726 1898 2829 1950 iste
2851 1897 3074 1950 animus
3098 1915 3304 1968 cogens
3334 1903 3432 1951 aut
3461 1899 3670 1952 animal
3696 1904 3800 1964 est,
3827 1904 3932 1953 aut

2226 1991 2377 2040 caret
2415 2001 2647 2055 corpore
2682 1986 2718 2053 (l
2750 1988 3007 2051 Retract.,
3039 2001 3084 2039 c.
3118 1989 3169 2048 5,
3203 2002 3258 2039 η.
3291 1987 3367 2054 3).
3401 1986 3508 2040 Sed
3540 1987 3585 2040 si
3617 1992 3771 2040 caret
3799 2003 3929 2040 cor-

2226 2089 2383 2144 pore,
2407 2073 2461 2126 in
2486 2074 2592 2126 hoc
2621 2072 2837 2126 mundo
2869 2088 2986 2126 non
3015 2077 3114 2126 est.
3157 2075 3218 2126 Et
3245 2073 3292 2126 si
3321 2073 3397 2126 ita
3427 2078 3532 2141 est,
3562 2089 3787 2128 summe
3817 2075 3927 2128 bo-

2226 2178 2334 2215 nus
2352 2165 2456 2227 est,
2479 2176 2580 2214 nec
2599 2164 2788 2230 potest
2809 2160 2949 2213 velle
2963 2160 3125 2213 alteri
3146 2165 3262 2213 tam
3285 2166 3508 2232 turpem
3533 2162 3934 2216 commutatio-

2226 2265 2380 2303 nem.
2409 2249 2464 2303 Si
2498 2253 2688 2302 autem
2729 2247 2938 2302 animal
2972 2252 3072 2312 est,
3118 2253 3217 2302 aut
3254 2249 3463 2303 animal
3505 2255 3589 2303 est
3627 2249 3800 2303 etiam
3828 2250 3930 2303 ille

2229 2353 2398 2408 quem
2421 2336 2592 2406 cogit,
2615 2342 2713 2390 aut
2734 2352 2847 2390 non
2867 2341 2968 2389 est.
2992 2336 3100 2391 Sed
3128 2337 3173 2390 si
3195 2353 3307 2390 non
3335 2341 3438 2398 est,
3459 2337 3528 2391 ad
3547 2337 3688 2390 nihil
3711 2337 3837 2407 cogi
3855 2338 3930 2391 ab

2229 2426 2338 2478 alio
2355 2429 2543 2495 potest
2589 2426 2710 2477 Non
2733 2425 2886 2477 enim
2908 2424 3080 2478 habet
3101 2423 3479 2494 potentiorem
3499 2425 3594 2495 qui
3620 2424 3676 2478 in
3696 2441 3930 2478 summo

2229 2518 2328 2567 est.
2357 2513 2414 2567 Si
2444 2517 2631 2566 autem
2666 2513 2721 2565 in
2751 2528 2988 2582 corpore
3019 2519 3119 2574 est,
3155 2513 3226 2566 ab
3255 2529 3322 2566 eo
3354 2529 3549 2566 rursus
3579 2513 3678 2583 qui
3709 2513 3768 2566 in
3800 2530 3932 2567 cor-

2229 2617 2366 2672 pore
2399 2606 2482 2653 est
2513 2617 2611 2671 per
2634 2617 2840 2670 corpus
2868 2601 3110 2670 cogitur,
3145 2601 3216 2654 ad
3247 2601 3649 2672 quodcumque
3678 2601 3928 2671 cogitur.

2229 2689 2566 2752 Quisautem
2591 2687 2811 2741 dubitet
2830 2689 2986 2740 nullo
3011 2688 3182 2741 modo
3205 2705 3308 2758 per
3323 2705 3548 2758 corpus.
3566 2689 3690 2742 fieri
3707 2693 3930 2742 tantam

2228 2775 2732 2830 commutationem
2760 2775 2990 2829 animo?
3021 2776 3204 2829 Fieret
3230 2775 3383 2829 enim
3414 2775 3458 2828 si
3491 2779 3636 2828 esset
3667 2775 3767 2829 illo
3800 2791 3932 2828 cor-

2227 2881 2336 2934 pus
2364 2864 2686 2934 potentius:
2725 2863 2982 2933 quamvis
3023 2863 3298 2933 quidquid
3340 2863 3482 2916 illud
3526 2867 3629 2927 est,
3665 2862 3735 2915 ad
3770 2863 3930 2932 quod

2229 2969 2332 3022 per
2369 2967 2574 3022 corpus
2613 2951 2856 3021 cogitur,
2897 2967 3127 3021 prorsus
3158 2966 3272 3004 non
3303 2967 3404 3020 per
3433 2967 3660 3020 corpus,
3692 2950 3788 3003 sed
3821 2967 3932 3020 per

2229 3040 2564 3110 cupiditates
2595 3055 2722 3092 suas
2764 3039 3003 3109 cogitur,
3034 3039 3104 3093 de
3152 3038 3356 3109 quibus
3405 3038 3539 3092 satis
3576 3038 3791 3092 dictum
3821 3043 3928 3092 est.

2231 3129 2390 3194 Quod
2414 3134 2603 3182 autem
2633 3128 2899 3181 rationali
2925 3127 3116 3180 anima
3137 3128 3338 3180 melius
3367 3131 3469 3186 est,
3499 3126 3764 3181 omnibus
3791 3144 3931 3182 con-

2229 3216 2623 3280 sentientibus,
2673 3216 2818 3269 Deus
2848 3219 2948 3268 est.
2983 3215 3090 3279 Qui
3119 3215 3371 3285 profecto
3407 3215 3653 3268 consulit
3692 3215 3933 3280 animae,

2229 3309 2286 3359 et
2317 3305 2442 3358 ideo
2465 3319 2582 3358 non
2604 3303 2672 3357 ab
2694 3320 2760 3357 eo
2782 3305 2908 3374 cogi
2937 3303 3129 3358 anima
3158 3309 3357 3374 potest,
3393 3309 3458 3358 ut
3485 3309 3850 3358 convertatur
3870 3305 3932 3358 in

2229 3409 2456 3462 corpus.

2231 3481 2453 3536 CAPUT
2495 3480 2627 3534 XIV.
2677 3509 2746 3552 σέ-
2794 3482 2897 3534 Nec
2943 3495 3144 3545 somno,
3193 3497 3285 3534 nec
3336 3481 3647 3549 hujusmodi
3689 3485 3933 3552 corporis

2643 3551 2922 3619 a/fectione
2951 3554 3146 3605 animae
3176 3555 3284 3605 vim
3312 3555 3502 3607 minui.

2299 3641 2387 3694 23.
2417 3639 2474 3693 Si
2524 3639 2700 3710 igitur
2745 3655 2848 3693 nec
2894 3639 3130 3709 propria
3176 3641 3488 3706 voluntate,
3531 3657 3633 3695 nec
3672 3641 3785 3695 alio
3832 3657 3935 3695 co-

2230 3733 2396 3798 gente
2425 3728 2480 3782 id
2505 3728 2732 3782 animus
2757 3728 2998 3798 patitur;
3025 3728 3172 3782 unde
3201 3728 3257 3782 id
3282 3729 3398 3799 pati
3420 3731 3652 3799 potest?
3670 3732 3757 3782 An
3792 3728 3936 3798 quia

2229 3816 2434 3870 invitos
2465 3834 2570 3871 nos
2600 3818 2938 3888 plerumque
2961 3816 3237 3888 opprimit
3266 3833 3521 3886 somnus,
3551 3816 3934 3871 metuendum

2230 3911 2314 3959 est
2338 3923 2410 3960 ne
2441 3923 2554 3977 quo
2583 3905 2680 3959 tali
2707 3907 2928 3960 defectu
2949 3906 3174 3959 animus
3204 3910 3569 3961 convertatur
3597 3905 3656 3959 in
3685 3905 3936 3974 corpus?

2230 3993 2400 4058 Quasi
2448 4012 2579 4049 vero
2627 3995 2897 4065 quoniam
2949 4011 3148 4048 somno
3184 3995 3441 4048 membra
3475 3999 3670 4048 nostra
3698 4009 3934 4047 marce-

2229 4087 2413 4150 scunt,
2445 4083 2652 4136 idcirco
2685 4083 2909 4138 animus
2935 4082 3034 4136 fiat
3063 4083 3180 4136 ulla
3208 4098 3274 4136 ex
3307 4087 3464 4152 parte
3493 4081 3750 4136 debilior.
3784 4081 3932 4135 Sen-

2229 4169 2417 4224 sibilia
2444 4176 2668 4224 tantum
2691 4187 2805 4224 non
2826 4170 3014 4236 sentit,
3043 4170 3178 4240 quia
3208 4170 3484 4240 quidquid
3509 4170 3651 4224 illud
3673 4173 3757 4222 est
3773 4170 3935 4239 quod

2229 4275 2494 4312 somnum
2539 4257 2695 4324 facit,
2731 4274 2761 4312 e
2792 4274 3027 4327 corpore
3054 4262 3139 4310 est
3169 4263 3342 4326 atque
3374 4259 3433 4311 in
3463 4274 3696 4328 corpore
3724 4273 3934 4327 opera-

2215 4341 2342 4399 tur.
2381 4346 2697 4414 Corporeos
2727 4346 2879 4398 enim
2923 4361 3118 4398 sensus
3148 4345 3297 4413 sopit
3325 4350 3382 4398 et
3407 4346 3622 4399 claudit
3652 4346 3937 4414 quodam-

2230 4433 2420 4495 modo,
2457 4433 2534 4486 ita
2578 4449 2710 4485 sane
2759 4437 2819 4486 ut
2863 4432 2962 4485 tali
3014 4431 3450 4485 commutationi
3482 4432 3734 4500 corporis
3765 4434 3939 4490 cedat

2232 4520 2423 4574 anima
2451 4536 2580 4573 cum
2612 4520 2942 4589 voluptate:
2995 4519 3129 4589 quia
3175 4519 3489 4572 secundum
3527 4522 3793 4573 naturam
3846 4528 3938 4577 est

2230 4606 2358 4661 talis
2388 4606 2761 4660 commutatio
2793 4623 2923 4675 quae
2953 4606 3134 4660 reficit
3161 4621 3368 4673 corpus
3388 4621 3421 4658 a
3452 4604 3776 4659 laboribus:
3809 4623 3936 4664 non

2230 4700 2421 4750 tamen
2457 4696 2577 4749 haec
2617 4695 2819 4749 adimit
2848 4695 3042 4748 animo
3071 4695 3158 4747 vel
3195 4693 3474 4747 sentiendi
3498 4693 3609 4746 vim
3641 4694 3728 4747 vel
3767 4693 3938 4750 intel—

2233 4782 2466 4852 ligendi.
2518 4783 2660 4836 Nam
2704 4787 2760 4836 et
2795 4781 3075 4852 imagines
3117 4781 3472 4835 sensibilium
3499 4786 3707 4851 praesto
3736 4782 3932 4850 habet,

2231 4875 2390 4925 tanta
2420 4888 2482 4925 ex
2492 4871 2780 4942 pressione
2801 4869 3210 4938 similitudinis,
3233 4873 3297 4923 ut
3314 4886 3378 4923 eo
3395 4869 3518 4940 ipso
3539 4874 3796 4940 tempore
3815 4871 3933 4926 dis-

2233 4959 2382 5013 cerni
2418 4965 2705 5030 nequeant
2745 4959 2815 5013 ab
2857 4959 2945 5013 his
2974 4959 3143 5012 rebus
3179 4974 3421 5028 quarum
3453 4959 3726 5030 imagines
3756 4965 3929 5026 sunt;

2235 5052 2292 5102 et
2330 5049 2377 5102 si
2419 5048 2556 5118 quid
2600 5047 2892 5117 intelligit,
2932 5063 3095 5118 asque
3125 5047 3430 5100 dormienti
3459 5064 3520 5102 ac
3548 5046 3806 5117 vigilanti
3831 5063 3930 5102 ve-

2234 5152 2363 5190 rum
2395 5141 2498 5193 est.
2535 5137 2674 5190 Nam
2705 5135 2862 5190 verbi
2900 5135 3083 5207 gratia
3113 5135 3160 5188 si
3191 5151 3292 5204 per
3323 5135 3608 5189 somnium
3641 5135 3930 5205 disputare

2241 5225 2349 5278 sibi
2378 5225 2530 5277 visus
2557 5224 2747 5290 fuerit,
2788 5240 3064 5295 verasque
3100 5223 3350 5278 rationes
3381 5228 3604 5278 secutus
3642 5223 3703 5276 in
3733 5223 3928 5293 dispu-

2239 5313 2410 5368 tando
2431 5313 2690 5367 didicerit
2717 5313 2931 5384 aliquid
2954 5330 2966 5379 ;
2991 5313 3164 5366 etiam
3195 5313 3583 5383 expergefacta
3609 5311 3819 5365 eaedem
3848 5312 3933 5366 in-

2301 5405 2316 5437 ί
2339 5402 2422 5451 Sic
2443 5403 2498 5450 in
2525 5401 2648 5450 Mss.
2670 5401 2741 5449 At
2761 5401 2814 5449 in
2842 5401 2988 5464 prius
3008 5401 3160 5449 editis
3177 5401 3369 5462 legitur
3396 5402 3642 5464 :_D¢'cl_um
3667 5401 3736 5464 est
3753 5403 3929 5449 (lu/rm

2241 5465 2362 5528 cogi
2382 5477 2495 5575 {non
2520 5476 2682 5528 posse
2709 5460 2946 5515 animum
2974 5466 3041 5513 ut
3074 5460 3274 5526 corpus
3300 5466 3398 5522 sit;
3426 5461 3565 5512 haud
3598 5460 3722 5509 satis
3753 5474 3931 5510 consc-

2241 5541 2375 5577 uuen
2402 5541 2475 5577 er.

2235 5541 2475 5591 quenter.
