4064 6378
110 324 244 376 1033

111 444 542 498 commutabiles
568 450 822 513 manent,
859 448 1116 517 quamvis
1141 449 1281 504 falsa
1308 451 1668 521 reperiantur
1691 469 1798 505 ca:-

111 538 252 600 tera,
296 533 472 586 veluti
518 535 674 587 locus
719 535 820 588 ubi
879 536 1208 606 disputatio,
1272 543 1329 592 et
1376 556 1619 610 persona
1674 556 1804 594 cum

113 637 224 690 qua
248 621 557 690 disputatio
581 622 751 675 fuisse
781 624 899 676 visa
925 628 1065 690 erat,
1095 630 1150 679 et
1183 627 1356 680 verba
1375 627 1518 696 ipsa,
1552 629 1704 698 quod
1735 630 1804 682 ad

109 727 313 764 sonum
362 711 584 775 attinet,
634 712 845 782 quibus
896 714 1172 785 disputari
1225 717 1541 784 videbatur,
1595 723 1650 772 et
1697 718 1808 772 alia

106 798 532 868 hujuscemodi;
553 816 681 870 quas
702 800 875 854 etiam
896 818 1025 855 cum
1046 802 1182 873 ipsis
1205 805 1463 859 sensibus
1486 806 1810 860 sentiuntur

109 891 478 958 agunturque
527 905 560 941 a
607 888 993 958 vigilantibus,
1050 896 1399 961 praetereunt
1443 898 1656 961 tamen,
1708 911 1810 948 nec

114 975 232 1028 ulla
267 991 330 1028 ex
367 980 531 1044 parte
571 977 980 1046 sempiternam
1016 981 1382 1049 praesentiam
1411 998 1674 1036 verarum
1719 999 1808 1035 ra-

110 1061 340 1116 tionum
363 1070 764 1134 assequuntur.
792 1067 868 1119 Ex
895 1082 1008 1136 quo
1031 1068 1339 1138 colligitur,
1370 1070 1473 1123 tali
1502 1076 1790 1124 commuta

109 1149 270 1204 tione
321 1152 598 1221 corporis,
659 1152 844 1223 qualis
895 1170 1131 1208 somnus
1180 1160 1278 1220 est,
1329 1173 1497 1210 usum
1555 1158 1812 1227 ejusdem

107 1239 368 1308 corporis
406 1240 631 1307 animae,
665 1257 781 1294 non
810 1240 984 1295 vitam
1007 1245 1023 1278 ¹
1053 1243 1363 1313 pr0priam,
1395 1261 1557 1314 posse
1596 1245 1801 1300 minui.

108 1326 340 1381 CAPUT
368 1329 474 1382 XV.
507 1359 576 1369 —
620 1336 858 1384 Rursum
899 1333 1137 1384 animam
1176 1347 1282 1385 non
1319 1349 1474 1401 posse
1515 1336 1574 1387 in
1621 1350 1812 1402 corpus

850 1421 1072 1472 mutari.

179 1507 269 1559 ‘24.
304 1507 598 1558 Postremo
627 1505 674 1558 si
716 1508 976 1576 quamvis
1013 1508 1204 1560 locum
1245 1507 1545 1578 occupanti
1586 1509 1815 1578 corpori

109 1593 308 1645 anima
328 1597 525 1646 tamen
547 1609 665 1646 non
683 1594 937 1648 localiter
950 1594 1237 1664 jungitur,
1259 1596 1498 1649 summis
1524 1595 1637 1649 illis
1658 1600 1818 1649 aeter-

107 1681 316 1752 nisque
345 1681 680 1744 rationibus,
707 1698 836 1752 quas
865 1682 1413 1736 incommutabiliter
1437 1687 1690 1749 manent,
1715 1699 1816 1736 nec

110 1770 315 1840 utique
347 1770 471 1823 loco
517 1770 905 1838 continentur,
945 1770 1105 1839 prior
1133 1770 1379 1824 afﬁcitur
1421 1771 1612 1824 anima
1643 1787 1817 1840 quam

109 1874 350 1928 corpus;
370 1874 474 1911 nec
489 1857 648 1928 prior
667 1863 912 1922 tantum,
934 1859 1032 1912 sed
1051 1858 1220 1912 etiam
1244 1858 1444 1929 magis.
1463 1861 1641 1912 Tanto
1664 1859 1814 1912 enim

109 1937 297 2017 prier,
323 1951 537 2016 quanto
562 1946 974 2017 propinquior;
998 1952 1055 2000 et
1071 1947 1269 2001 eadem
1283 1964 1451 2000 causa
1466 1951 1622 2000 tanto
1645 1947 1818 2000 etiam

112 2033 325 2103 magis,
345 2038 559 2103 quanto
581 2034 751 2087 etiam
785 2050 1020 2104 corpore
1052 2034 1270 2089 melior.
1305 2037 1418 2088 Nec
1445 2034 1552 2088 ista
1580 2034 1820 2104 propin-

111 2121 309 2192 quitas
361 2122 505 2186 loco,
537 2122 633 2175 sed
681 2129 904 2176 naturae
951 2122 1148 2176 ordine
1179 2123 1328 2177 dicta
1357 2123 1446 2177 sit.
1481 2124 1595 2176 Hoc
1627 2128 1819 2176 autem

113 2210 323 2266 ordine
367 2210 710 2279 intelligitur
755 2229 786 2264 a
833 2227 1056 2264 summa
1107 2211 1349 2264 essentia
1394 2210 1639 2281 speciem
1696 2226 1817 2263 cor-

110 2299 248 2368 pori
267 2315 372 2367 per
387 2299 640 2352 animam
655 2298 850 2364 tribui,
867 2316 979 2370 qua
992 2303 1075 2352 est
1087 2299 1145 2352 in
1169 2303 1697 2370 quantumcumque
1713 2303 1815 2352 est.

115 2389 229 2439 Per
259 2386 510 2440 animam
543 2403 678 2457 ergo
709 2403 912 2456 corpus
943 2386 1214 2453 subsistit,
1251 2392 1307 2440 et
1335 2404 1402 2440 eo
1441 2386 1564 2456 ipso
1596 2391 1681 2439 est
1708 2402 1820 2456 quo

114 2474 432 2541 animatur,
474 2474 590 2528 sive
631 2474 1046 2544 universaliter,
1076 2479 1139 2528 ut
1179 2475 1463 2540 mundus;
1494 2475 1608 2527 sive
1637 2474 1821 2544 parti-

115 2563 409 2629 culariter,
445 2568 508 2616 ut
563 2563 1014 2633 unumquodque
1060 2563 1271 2617 animal
1319 2563 1470 2616 intra
1517 2562 1817 2615 mundum.

114 2653 483 2722 Quapropter
527 2667 880 2720 consequens
923 2655 1044 2705 erat
1088 2657 1151 2705 ut
1190 2650 1382 2704 anima
1425 2667 1528 2720 per
1570 2650 1821 2703 animam

117 2756 333 2808 corpus
383 2738 566 2804 ﬁeret,
615 2754 717 2791 nec
765 2738 1000 2792 omnino
1051 2739 1215 2792 aliter
1256 2744 1468 2807 posset.
1503 2738 1664 2801 Quod
1689 2738 1823 2807 quia

123 2844 240 2880 non
275 2826 362 2892 ﬁt,
393 2830 662 2879 manente
699 2825 912 2895 quippe
954 2825 1145 2878 anima
1174 2826 1233 2878 in
1264 2841 1329 2878 eo
1355 2842 1468 2895 quo
1497 2825 1689 2878 anima
1717 2828 1815 2889 est,

123 2931 335 2985 corpus
363 2930 466 2983 per
504 2914 663 2968 illam
694 2912 964 2979 subsistit,
999 2914 1229 2967 dantem
1260 2913 1526 2982 speciem,
1556 2929 1672 2965 non
1701 2911 1820 2964 adi-

123 3008 412 3067 mentem;
445 3002 785 3055 commutari
827 3001 884 3054 in
915 3017 1118 3070 corpus
1149 3002 1338 3054 anima
1367 3017 1482 3054 non
1512 3005 1725 3070 potest.
1764 2998 1821 3053 Si

125 3093 284 3145 enim
313 3107 428 3144 non
460 3090 631 3144 tradit
660 3089 904 3160 speciem
933 3105 1104 3159 quam
1132 3089 1304 3142 sumit
1333 3105 1366 3141 a
1396 3104 1620 3141 summo
1648 3088 1820 3147 bono,

123 3197 239 3234 non
289 3195 395 3250 per
432 3179 592 3232 illam
641 3178 705 3231 ﬁt
748 3193 986 3247 corpus:
1035 3181 1092 3230 et
1138 3177 1185 3230 si
1228 3193 1346 3230 non
1396 3193 1499 3247 per
1544 3175 1703 3228 illam
1739 3175 1820 3240 ﬁt,

124 3271 226 3320 aut
255 3281 377 3319 non
407 3265 474 3318 ﬁt
514 3265 770 3332 omnino,
812 3269 910 3318 aut
947 3271 1060 3318 tam
1101 3265 1424 3336 prOpinque
1455 3264 1700 3333 speciem
1730 3279 1824 3316 su-

128 3355 232 3409 mit
279 3369 454 3424 quam
501 3353 730 3406 anima:
765 3354 858 3407 sed
891 3359 948 3407 et
997 3355 1063 3406 ﬁt
1109 3370 1334 3423 corpus,
1368 3357 1424 3406 et
1461 3352 1651 3405 sitam
1692 3367 1824 3421 pro—

126 3444 348 3513 pinque
383 3447 634 3495 sumeret
673 3442 939 3512 speciem,
971 3441 1031 3495 id
1071 3446 1215 3495 esset
1244 3441 1396 3511 quod
1435 3439 1660 3493 anima:
1693 3454 1827 3491 nam

127 3533 237 3585 hoc
269 3532 535 3597 interest;
564 3547 747 3600 eoque
779 3531 968 3583 anima
988 3530 1212 3594 melior,
1245 3545 1358 3599 quo
1390 3527 1563 3582 sumit
1590 3527 1827 3597 propin-

129 3621 326 3692 quius.
359 3620 497 3673 Tam
529 3619 852 3689 propinque
894 3623 1085 3672 autem
1126 3618 1299 3672 etiam
1331 3633 1536 3688 corpus
1558 3619 1826 3683 sumeret,

127 3710 174 3762 si
203 3725 328 3762 non
366 3724 470 3778 per
513 3707 766 3761 animam
800 3713 1070 3761 sumeret.
1108 3707 1331 3761 Etenim
1370 3707 1530 3759 nullo
1571 3704 1827 3773 interpo-

128 3798 238 3850 sito
283 3801 402 3850 tam
449 3796 771 3866 propinque
813 3796 1012 3865 utique
1058 3798 1329 3849 sumeret.
1385 3795 1496 3846 Nec
1544 3792 1832 3845 invenitur

131 3884 356 3957 aliquid
389 3885 541 3955 quod
573 3884 646 3937 sit
677 3884 826 3937 inter
855 3899 1136 3936 summam
1166 3882 1360 3948 vitam,
1394 3897 1522 3952 qua:
1552 3878 1833 3949 sapientia

125 3979 184 4028 et
210 3973 427 4026 veritas
459 3977 544 4025 est
573 3972 1080 4035 incommutabilis,
1112 3975 1168 4024 et
1190 3970 1248 4024 id
1279 3970 1429 4040 quod
1455 3968 1723 4021 ultimum
1751 3966 1832 4018 vi-

123 4062 415 4127 viﬁcatur,
447 4060 504 4113 id
534 4065 618 4114 est
645 4076 870 4130 corpus,
902 4059 1013 4112 nisi
1037 4058 1325 4112 viviﬁcans
1355 4057 1562 4110 anima.
1597 4056 1757 4120 Quod
1787 4055 1834 4108 si

122 4150 312 4203 tradit
335 4148 583 4218 speciem
610 4148 805 4201 anima
836 4146 1080 4216 corpori.
1118 4151 1180 4199 ut
1211 4145 1281 4199 sit
1319 4161 1523 4214 corpus
1561 4145 1621 4197 in
1650 4159 1836 4214 quan-

123 4244 255 4292 tum
294 4241 400 4304 est,
431 4252 549 4290 non
582 4235 781 4306 utique
813 4234 1058 4305 speciem
1080 4233 1357 4288 tradendo
1378 4231 1599 4287 adimit.
1624 4231 1839 4285 Adimit

126 4332 331 4379 autem
363 4325 425 4378 in
468 4341 675 4395 corpus
714 4323 968 4378 animam
1011 4322 1469 4377 transmutando.
1510 4322 1633 4374 Non
1663 4320 1839 4391 igitur

129 4416 332 4470 anima
379 4413 497 4466 sive
545 4429 649 4483 per
692 4412 939 4482 seipsam
989 4427 1195 4482 corpus
1241 4411 1327 4476 ﬁt,
1377 4409 1513 4480 quia
1562 4426 1680 4463 non
1727 4409 1839 4463 nisi

130 4504 333 4558 anima
373 4504 645 4554 manente
684 4516 892 4570 corpus
929 4515 1034 4569 per
1074 4515 1200 4553 eam
1235 4498 1336 4565 ﬁt;
1369 4498 1483 4552 sive
1514 4513 1617 4568 per
1647 4496 1837 4562 aliam,

129 4593 272 4663 quia
298 4605 420 4643 non
441 4589 549 4642 nisi
570 4588 873 4642 traditione
891 4586 1101 4657 speciei
1129 4585 1195 4640 ﬁt
1221 4602 1422 4657 corpus
1441 4601 1544 4655 per
1565 4584 1837 4648 animam,

127 4685 184 4733 et
213 4677 590 4747 ademptione
623 4675 831 4747 speciei
861 4675 1055 4729 anima
1074 4673 1136 4728 in
1165 4689 1369 4744 corpus
1395 4676 1838 4737 converteretur,

130 4767 179 4822 si
207 4769 668 4823 converteretur.

193 4930 209 4962 ι
244 4926 360 4985 En,
391 4927 512 4974 vim.

790 323 1185 382 ADMONITIO
1225 326 1319 380 DE
1359 325 1735 394 SEQUENTE
1775 329 1987 385 LIBRQ
2025 332 2120 386 DE
2146 288 2618 398 .QUANTITATE
2657 336 2928 393 ΑΝΙΜίΕ.

3471 344 3608 397 1034

1921 445 1956 508 C
1991 457 2144 509 .PUT
2183 456 2314 510 XVI.
2348 487 2416 497 ——
2463 460 2536 512 Ne
2582 461 2642 512 in
2689 462 2928 513 animam
2973 460 3191 529 quidem
3235 464 3607 520 irrationalem

1987 545 2272 597 rationalis
2304 547 2486 609 anima
2523 549 2870 602 convertitur.
2911 550 3115 603 Anima
3157 554 3269 603 tota
3310 555 3471 605 estin
3501 558 3608 606 toto

1985 646 2201 699 corpore
2229 636 2277 684 et
2305 634 2535 698 singulis
2553 636 2824 702 partibus.

1947 763 1950 767 .
1996 720 2070 770 ἶὸ.
2104 719 2215 771 Hoc
2243 723 2298 770 et
2332 719 2399 772 de
2437 719 2751 775 irrationali
2791 723 2982 778 anima
3017 725 3105 778 vel
3144 725 3276 790 vita,
3319 727 3471 796 quod
3503 743 3608 782 nec

1915 803 1977 856 in
2001 821 2126 858 eam
2173 805 2465 858 rationalis
2514 808 2705 862 anima
2747 811 3110 878 convertitur,
3154 813 3265 866 dici
3306 818 3512 883 potest.
3545 817 3610 868 Et

1915 892 2038 962 ipsa
2066 892 2218 946 enim
2249 893 2361 946 nisi
2390 893 2658 948 inferiore
2688 898 2885 951 ordine
2916 901 3179 954 rationali
3211 902 3605 971 subjiceretur,

1919 997 2081 1049 teque
2131 987 2380 1035 sumeret
2412 983 2659 1052 speciem
2689 989 2745 1037 et
2773 985 2901 1038 talis
2955 993 3117 1041 esset.
3170 990 3424 1044 Tradunt
3470 1007 3607 1061 ergo

1917 1069 2163 1138 speciem
2203 1087 2234 1122 a
2265 1086 2489 1124 summa
2517 1072 2943 1140 pulchritudine
2974 1081 3261 1145 acceptam
3290 1079 3611 1148 potentiora

1917 1157 2330 1210 inﬁrmioribus
2362 1159 2608 1211 naturali
2631 1159 2845 1213 ordine.
2882 1161 2948 1214 Et
2973 1162 3170 1231 utique
3202 1180 3330 1218 cum
3357 1167 3608 1228 tradunt,

1921 1261 2035 1297 non
2080 1245 2360 1298 adimunt.
2418 1247 2611 1316 quue
2660 1253 2793 1300 sunt
2835 1264 2962 1317 quae
3005 1247 3321 1304 inﬁrmiora
3369 1258 3521 1322 sunt,
3552 1254 3614 1307 in

1921 1337 2196 1402 quantum
2233 1337 2386 1396 sunt,
2420 1335 2572 1403 quod
2619 1334 2833 1404 species
2860 1335 2960 1401 eis,
3003 1352 3116 1406 qua
3142 1337 3294 1390 sint1
3333 1356 3366 1391 a
3412 1346 3610 1409 poten-

1920 1420 2162 1473 tioribus
2191 1421 2473 1474 traditur:
2508 1439 2635 1491 quce
2678 1423 2906 1491 quidem
2936 1425 3260 1493 potentiora
3294 1426 3466 1479 etiam
3497 1444 3613 1481 me-

1919 1508 2062 1561 liora
2080 1513 2228 1562 sunt.
2252 1509 2410 1572 Quod
2438 1509 2524 1562 his
2546 1510 2766 1563 naturis
2795 1511 2989 1564 datum
3025 1518 3128 1580 est,
3158 1530 3285 1583 quae
3318 1531 3435 1568 non
3465 1517 3615 1569 mole

1921 1596 2140 1666 majore
2173 1597 2302 1666 plus
2331 1603 2572 1666 possunt
2604 1599 2922 1652 minoribus
2952 1601 3218 1666 molibus,
3253 1603 3347 1655 sed
3380 1593 3500 1656 sine
3527 1608 3616 1656 tu-

1923 1700 2082 1737 more
2101 1684 2426 1737 ullolocalis
2439 1686 2851 1754 magnitudinis
2867 1687 3066 1740 eadem
3087 1689 3271 1757 specie
3295 1693 3620 1759 potentiora

1924 1777 2055 1825 sunt
2096 1788 2209 1842 qua
2250 1773 2504 1827 meliora.
2551 1774 2614 1826 In
2648 1790 2762 1843 quo
2801 1789 3006 1842 genere
3039 1780 3121 1828 est
3158 1778 3348 1830 anima
3379 1794 3617 1847 corpore

1924 1861 2128 1913 melior
2171 1865 2227 1914 et
2267 1861 2572 1930 potentior.
2623 1861 2981 1932 Quapropter
3027 1879 3156 1915 cum
3195 1880 3298 1932 per
3344 1864 3521 1932 illam,
3556 1869 3620 1919 ut

1925 1947 2142 2000 dictum
2189 1952 2289 2010 est,
2345 1962 2548 2016 corpus
2599 1948 2885 2013 subsistat,
2927 1948 3051 2018 ipsa
3103 1950 3163 2002 in
3212 1967 3418 2020 corpus
3459 1953 3617 2006 nullo

1925 2036 2095 2089 modo
2126 2035 2266 2088 verti
2291 2041 2493 2105 potest.
2526 2037 2736 2106 Corpus
2777 2036 2931 2089 enim
2961 2038 3185 2091 nullum
3216 2039 3299 2105 ﬁt,
3328 2039 3436 2092 nisi
3468 2041 3620 2092 acci-

1924 2121 2134 2192 piendo
2183 2138 2287 2191 per
2333 2122 2585 2175 animam
2634 2124 2899 2192 speciem.
2947 2128 3018 2178 At
3061 2125 3253 2178 anima
3297 2131 3363 2179 ut
3417 2143 3619 2198 corpus

1925 2211 2106 2277 ﬁeret,
2149 2226 2265 2263 non
2305 2209 2630 2280 accipiendo
2672 2211 2940 2280 speciem,
2983 2213 3078 2266 sed
3114 2213 3447 2279 amittendo,
3494 2216 3621 2269 ﬁeri

1926 2304 2154 2368 posset:
2188 2303 2242 2351 et
2273 2305 2576 2368 propterea
2614 2299 2738 2352 ﬁeri
2773 2316 2887 2352 non
2918 2305 3134 2370 potest;
3174 2301 3283 2354 nisi
3323 2302 3464 2356 forte
3495 2305 3618 2358 loco

1928 2387 2120 2440 anima
2149 2387 2492 2453 continetur,
2538 2391 2594 2440 et
2618 2388 2872 2440 localiter
2902 2389 3126 2458 corpori
3158 2390 3443 2460 jungitur.
3481 2393 3621 2445 Nam

1931 2474 1976 2527 si
1999 2475 2079 2526 ita
2107 2479 2208 2539 est,
2241 2478 2424 2543 potest
2443 2491 2567 2526 eam
2591 2474 2826 2527 fortasse
2851 2475 3034 2544 major
3062 2477 3259 2543 moles,
3293 2493 3622 2548 quanquam

1931 2563 2354 2633 speciosiorem,
2397 2563 2457 2616 in
2505 2579 2664 2615 suam
2712 2563 3053 2616 deteriorem
3087 2569 3306 2618 vertere
3353 2567 3622 2636 speciem,

1929 2658 1995 2705 ut
2024 2668 2122 2706 aer
2149 2652 2334 2720 major
2362 2651 2554 2720 ignem
2589 2651 2890 2704 minorem.
2925 2652 3032 2706 Sed
3064 2669 3179 2706 non
3209 2659 3294 2706 est
3323 2654 3420 2708 ita.
3453 2656 3626 2709 Moles

1930 2739 2141 2809 quippe
2164 2739 2351 2791 omnis
2373 2754 2502 2808 quae
2528 2743 2766 2808 occupat
2792 2740 3002 2807 locum,
3034 2755 3151 2792 non
3183 2745 3265 2793 est
3294 2741 3355 2794 in
3384 2741 3626 2811 singulis

1930 2827 2045 2879 suis
2091 2825 2348 2894 partibus
2393 2831 2533 2890 tota,
2567 2825 2664 2878 sed
2696 2826 2756 2878 in
2803 2827 3087 2880 omnibus.
3140 2827 3323 2890 Quare
3354 2829 3465 2882 alia
3493 2847 3626 2899 pars

1931 2915 2052 2983 ejus
2072 2913 2207 2966 alibi
2236 2920 2340 2978 est,
2364 2917 2420 2965 et
2449 2913 2585 2966 alibi
2615 2913 2741 2967 alia.
2767 2913 2972 2966 Anima
2995 2930 3126 2966 vero
3160 2931 3273 2967 non
3302 2917 3472 2969 modo
3493 2919 3627 2970 uni-

1935 3016 2104 3053 vcrsm
2135 3000 2271 3052 moli
2302 2999 2553 3069 corporis
2602 3001 2707 3064 sui,
2741 3000 2836 3052 scd
2882 3001 3052 3053 etiam
3095 3001 3405 3072 unicuique
3445 3005 3623 3073 parti-

1931 3089 2072 3142 culas
2100 3087 2251 3140 illius
2280 3091 2398 3140 tota
2427 3087 2595 3139 simul
2623 3087 2794 3140 adest.
2832 3087 3012 3141 Partis
3041 3089 3192 3141 enim
3224 3091 3479 3160 corporis
3501 3109 3624 3160 pas-

1932 3177 2150 3230 sionem
2180 3180 2299 3228 tota
2336 3175 2523 3238 sentit,
2571 3191 2675 3228 nec
2704 3175 2763 3227 in
2795 3179 2912 3228 toto
2956 3180 3148 3228 tamen
3188 3192 3445 3246 corpore.
3485 3180 3626 3233 Cum

1934 3265 2088 3318 enim
2110 3263 2242 3334 quid
2271 3263 2423 3316 dolet
2445 3262 2504 3315 in
2533 3263 2698 3331 pede,
2730 3263 2968 3316 advertit
2985 3263 3201 3332 oculus,
3233 3265 3489 3334 loquitur
3516 3267 3626 3320 lin-

1935 3369 2066 3422 gua,
2099 3337 2435 3405 admovetur
2461 3367 2686 3404 manus.
2711 3350 2866 3414 Quod
2895 3367 3008 3404 non
3035 3351 3217 3418 ﬁeret,
3248 3351 3359 3404 nisi
3388 3352 3443 3406 id
3472 3352 3628 3423 quod

1935 3441 2143 3494 anima:
2185 3439 2246 3492 in
2279 3439 2359 3492 eis
2405 3438 2664 3509 partibus
2711 3444 2814 3504 est,
2848 3443 2902 3491 et
2931 3437 2991 3491 in
3028 3439 3175 3508 pede
3222 3438 3494 3506 sentiret;
3525 3455 3628 3492 nec

1937 3529 2144 3582 sentire
2175 3528 2327 3598 quod
2367 3527 2445 3580 ibi
2475 3528 2686 3581 factum
2717 3532 2798 3580 est
2844 3528 3046 3580 absens
3073 3531 3282 3596 posset.
3317 3527 3440 3580 Non
3475 3526 3630 3580 enim

1938 3618 2143 3670 nuntio
2167 3615 2357 3685 aliquo
2371 3615 2639 3669 credibile
2654 3615 2872 3668 estﬁeri
2890 3631 3006 3667 non
3023 3615 3301 3668 sentiente
3315 3615 3466 3684 quod
3483 3631 3628 3667 nun-

1936 3705 2070 3757 tiat:
2097 3702 2228 3773 quia
2254 3701 2439 3772 passio
2459 3718 2584 3771 qua:
2609 3702 2671 3755 lit
2690 3718 2805 3754 non
2827 3717 2930 3770 per
2951 3701 3438 3754 continuationem
3466 3700 3631 3754 molis

1939 3789 2134 3857 currit,
2160 3794 2226 3842 ut
2255 3793 2484 3841 caeteras
2524 3789 2731 3841 animae
2758 3793 2946 3858 partes
2976 3804 3102 3858 quae
3133 3789 3268 3842 alibi
3298 3793 3430 3842 sunt
3457 3790 3632 3841 latere

1940 3895 2053 3931 non
2084 3877 2270 3942 sinat;
2312 3876 2409 3929 sed
2440 3876 2583 3929 illud
2611 3880 2732 3929 tota
2773 3876 2948 3930 sentit
2976 3877 3166 3929 anima
3197 3878 3350 3946 quod
3376 3877 3434 3930 in
3464 3877 3635 3947 parti-

1941 3965 2067 4019 cula
2096 3965 2161 4017 ﬁt
2185 3963 2364 4034 pedis,
2395 3963 2556 4017 et-ibi
2578 3968 2801 4017 tantum
2845 3963 3013 4017 sentit
3047 3963 3145 4017 ubi
3174 3964 3256 4018 ﬁt.
3291 3965 3431 4018 Tota
3461 3964 3634 4034 igitur

1942 4052 2180 4122 singulis
2202 4051 2456 4122 partibus
2480 4051 2649 4104 simul
2670 4051 2847 4118 adest,
2882 4067 3009 4120 quae
3041 4055 3157 4104 tota
3185 4051 3354 4104 simul
3382 4051 3550 4105 sentit
3577 4052 3638 4104 in

1945 4140 2208 4211 singulis.
2242 4141 2355 4193 Nec
2385 4144 2577 4192 tamen
2614 4139 2720 4192 hoc
2750 4140 2917 4192 modo
2949 4139 3105 4192 adest
3146 4143 3282 4208 tota,
3326 4143 3390 4192 ut
3429 4139 3640 4192 candor

1944 4227 2033 4280 vel
2066 4225 2177 4279 alia
2205 4225 2535 4295 hujusmodi
2571 4225 2813 4295 qualitas
2851 4225 2911 4278 in
2940 4241 3286 4294 unaquaque
3328 4231 3490 4294 parte
3516 4241 3640 4278 cor-

1945 4314 2101 4386 poris
2131 4319 2254 4367 tota
2285 4317 2386 4367 est.
2423 4315 2565 4367 Nam
2595 4313 2747 4383 quod
2778 4313 2838 4366 in
2874 4312 2981 4366 alia
3011 4319 3171 4382 parte
3199 4329 3402 4382 corpus
3428 4312 3646 4383 patitur

1949 4402 2212 4456 candoris
2243 4402 2668 4468 immutatione,
2695 4406 2884 4471 potest
2909 4401 2979 4454 ad
3007 4401 3310 4454 candorem
3344 4401 3443 4471 qui
3475 4404 3558 4454 est
3587 4399 3647 4453 in

1951 4491 2062 4545 alia
2084 4495 2245 4560 parte
2271 4506 2385 4543 non
2407 4490 2713 4558 pertinere.
2739 4489 3094 4558 Quapropter
3114 4489 3428 4542 secundum
3457 4492 3648 4558 partes

1948 4579 2114 4632 molis
2144 4596 2177 4632 a
2204 4594 2261 4631 se
2292 4578 2584 4646 distantes,
2625 4582 2682 4630 et
2713 4577 2833 4646 ipse
2871 4594 2901 4629 a
2930 4592 2988 4629 se
3025 4575 3232 4630 distare
3270 4575 3648 4630 convincitur.

1953 4669 2078 4721 Non
2108 4671 2297 4720 autem
2330 4666 2410 4719 ita
2439 4681 2559 4719 esse
2598 4665 2658 4718 in
2689 4664 2881 4718 anima
2912 4679 3018 4733 per
3056 4679 3286 4716 sensum
3315 4663 3382 4717 de
3417 4679 3528 4734 quo
3562 4662 3649 4716 di-

1953 4761 2109 4810 ctum
2136 4759 2239 4822 est,
2264 4755 2555 4824 probatur.

2019 4854 2031 4885 ε
2066 4851 2211 4909 Lov.,
2243 4849 2381 4912 quod
2413 4852 2613 4912 Species
2635 4851 2711 4897 eis
2733 4849 2951 4912 quasia
2977 4831 3362 4912 potentioribus
3387 4845 3650 4897 traditur.

1958 4914 2024 4962 At
2047 4914 2169 4962 Mss.
2199 4909 2453 4970 veriores,
2468 4909 2614 4974 quod
2633 4909 2830 4973 spade:
2859 4909 2952 4967 eis,
2980 4920 3091 4971 qua
3115 4911 3249 4958 sint.

142 5035 3651 5067 Μ

1436 5137 2353 5246 ADMONITIO

966 5321 1072 5385 DE
1123 5317 1538 5396 SEQUENTE
1587 5315 1820 5380 LIBRO
1867 5316 1972 5380 DE
2022 5313 2524 5392 QUANTITATE
2575 5313 2845 5380 ΑΝΙΜέΕ

212 5467 536 5536 Dialogum
568 5464 636 5519 de
665 5462 888 5517 Animae
926 5460 1252 5525 Quantitate
1282 5475 1412 5514 cum
1451 5456 1661 5513 Evodio
1700 5456 1904 5512 habuit
1927 5456 2302 5526 Augustinus,
2336 5455 2423 5510 uti
2451 5456 2641 5526 prodit
2670 5457 2794 5527 ipse
2821 5455 3058 5525 epistola
3095 5451 3401 5506 centesima
3429 5467 3660 5522 sexage-

146 5559 301 5613 sima
336 5552 612 5617 secunda,
641 5550 832 5606 eidem
858 5548 1071 5604 Evodio
1099 5548 1407 5603 nonnullas
1435 5561 1664 5601 rursum
1695 5545 1764 5599 de
1808 5544 2000 5600 anima
2028 5543 2371 5614 quaestiones
2398 5543 2746 5614 proponenti
2775 5541 3086 5595 rescribens
3116 5537 3204 5591 his
3233 5536 3414 5592 verbis
3441 5552 3454 5589 :
3485 5538 3584 5591 Illa
3616 5539 3668 5591 si

527 5651 802 5714 PATROL.
852 5646 1102 5713 XXXII.
2810 5632 3331 5717 (TrcnIe-Irois.)
