4064 6348
455 302 590 355 1035
1477 284 1572 340 DE
1610 279 2060 349 QUANTITATE

2349 279 2394 346 ε,
2438 278 2492 331 s.
2536 272 2918 332 AUGUSTINI
3260 346 3265 351 _
3817 273 3954 325 1036

448 427 770 488 retegas.....
802 429 920 485 quae
948 417 998 467 te
1025 412 1325 478 conferente
1351 423 1555 481 mecum
1582 421 1644 459 ac
1671 404 2059 458 sermocinante
2080 401 2376 469 conscripsi
2403 401 2515 453 sive
2543 398 2609 451 de
2639 393 3207 488 Quentauic-Animae,
3237 394 3350 488 sipo
3377 390 3443 445 de
3472 390 3947 488 LiberooArooitrio

449 476 685 563 invebies
714 476 855 558 unde
893 476 1179 567 dissolvas,
1209 500 1370 552 etiam
1399 476 1514 550 sine
1542 509 1660 547 mea
1692 506 1875 561 opera,
1905 489 2267 543 dubitationes
2306 490 2426 540 tuas
2466 487 2663 555 (Epist.
2710 485 2830 547 162,
2859 497 2916 535 n.
2947 483 3023 549 2).
3064 479 3335 551 Iuspectis
3371 494 3543 550 porro
3573 476 3714 532 locis
3743 477 3859 531 illis
3892 476 3955 529 in

452 597 658 669 quibus
686 591 962 647 editiones
988 604 1116 643 cum
1140 588 1266 642 Mss.
1300 585 1518 655 aliquot
1542 598 1657 637 non
1688 579 1996 669 admodum
2025 575 2261 631 vetustis
2288 574 2599 669 praeterunt
2635 569 2941 669 Augustini
2966 568 3334 669 et‘Adeodat‘i
3364 567 3540 669 veluti
3567 567 3956 669 interlocuto-

451 654 579 737 rum
609 679 877 743 nomina;
909 677 1054 731 nihil
1084 675 1143 729 in
1174 654 1425 744 antiquis
1455 669 1740 725 codicibus
1778 666 2200 738 deprehensum
2231 681 2262 717 a
2291 663 2456 717 nobis
2488 666 2593 730 est,
2635 665 2842 731 praeter
2873 658 3118 712 incertos
3151 656 3425 727 quosdam
3465 655 3822 744 characteres
3859 654 3956 744 in-

447 741 928 841 terrogationibus
961 769 1016 819 et
1045 741 1513 834 responsionibus
1541 756 1914 830 indigitandis
1942 752 2359 841 interscriptos.
2408 750 2769 841 Quapropter
2799 745 3073 841 Adeodati
3104 758 3318 841 nomen
3351 743 3615 841 expungi.
3646 741 3910 841 oportuit
3936 757 3951 794 :

449 831 738 914 enimvero
770 871 883 928 quo
912 831 1174 924 tempore
1205 850 1464 919 dialogus
1492 847 1647 903 hicce
1676 844 2012 906 habebatur,
2042 841 2137 895 vix
2175 837 2612 894 adolescentiam
2661 835 2925 906 attigerat
2967 833 3323 901 Adeodatus;
3359 837 3417 887 at
3442 832 3492 886 is
3520 831 3621 903 qui
3650 847 3783 886 cum
3827 833 3952 885 Au-

447 946 675 1019 gustino
705 941 1072 1012 colloquitur,
1100 940 1375 1010 juvenem
1405 952 1463 989 se
1493 951 1613 990 esse
1644 932 1796 996 dicit,
1833 947 1960 1001 cap.
1999 931 2052 984 24

516 1035 712 1088 Visum
742 1007 933 1085 autem
969 1029 1051 1082 est
1079 1007 1138 1080 id
1172 1025 1360 1095 operis
1387 1039 1506 1078 non
1539 1035 1765 1076 movere
1798 1020 1922 1073 loco
1954 1034 2125 1088 quem
2164 1016 2358 1070 habita
2387 1012 2707 1084 argumenti
2738 1011 2958 1066 ratione
2987 1008 3232 1064 obtinuit
3258 1007 3538 1095 hactenus
3570 1007 3631 1062 in
3664 1007 3853 1095 editis,
3889 1007 3951 1060 in

407 1182 413 1188 _
447 1122 654 1195 quibus
681 1118 940 1190 proxime
965 1118 1093 1186 post
1122 1093 1333 1167 librum
1364 1112 1433 1166 de
1464 1110 1683 1166 Animae
1703 1106 2135 1162 Immortalitate
2165 1102 2553 1173 subsequitur.
2575 1094 3418 1195 Testatur_porro_Augustinus
3434 1094 3582 1195 libro
3611 1093 3951 1195 primo‘lle-

445 1184 871 1272 tractationum,
903 1184 1082 1274 capite
1113 1202 1382 1272 septimo,
1413 1215 1468 1254 se
1489 1200 1609 1267 jam
1641 1198 1979 1266 baptizatum
2006 1210 2123 1248 cum
2150 1196 2326 1248 Romae
2345 1194 2499 1259 esset,
2526 1191 2805 1259 scripsisse
2834 1189 2998 1242 libros
3023 1186 3088 1240 de
3114 1185 3349 1239 moribus
3371 1185 3619 1274 Ecclesia
3637 1184 3951 1274 catholicas,

445 1303 495 1352 et
525 1297 589 1350 de
617 1271 864 1350 Moribus
885 1271 1329 1355 illa—nichworum;
1361 1274 1486 1341 tum
1517 1285 1581 1339 in
1608 1291 1881 1356 sequente
1912 1281 2094 1353 capite
2122 1279 2296 1334 istum
2325 1295 2439 1349 quo
2470 1278 2538 1333 de
2569 1277 2793 1348 agimus
2821 1276 3109 1346 dialogum
3150 1274 3348 1327 eadem
3373 1272 3436 1326 in
3467 1273 3606 1326 urbe
3635 1271 3906 1326 habuisse
3937 1292 3951 1337 ;

444 1388 640 1456 postea
669 1397 798 1434 vero
829 1379 999 1433 libros
1030 1378 1100 1431 de
1131 1377 1333 1431 Libero
1359 1373 1613 1429 Arbitrio
1642 1372 1857 1426 ibidem
1880 1370 2159 1440 inccnptos
2176 1370 2468 1422 recenset:
2501 1369 2671 1435 atque
2698 1364 2908 1419 idcirco
2930 1363 3218 1434 dialogum
3246 1361 3461 1414 huncce
3489 1375 3688 1456 versus
3709 1358 3945 1456 initium

446 1446 583 1526 anni
630 1468 835 1524 Christi
878 1464 1263 1521 trecentesimi
1310 1461 1643 1534 octogesimi
1689 1459 1871 1515 octavi
1917 1459 2278 1513 collocamus.
2330 1455 2473 1510 Cum
2521 1453 2675 1509 enim
2717 1452 3007 1523 superiore
3046 1466 3196 1505 anno
3244 1450 3484 1504 Romam
3535 1446 3784 1502 venisset
3830 1448 3948 1501 An-

446 1558 737 1629 gustinus,
779 1568 1046 1624 magnam
1096 1568 1325 1623 quoque
1382 1548 1670 1621 sequentis
1716 1546 1854 1602 anni
1908 1548 2130 1617 partem
2182 1545 2264 1600 ibi
2301 1542 2597 1615 transegit,
2648 1544 2819 1613 atque
2867 1540 3085 1595 interea
3123 1537 3398 1609 temporis
3445 1537 3619 1591 libros
3669 1534 3947 1607 praefatos

446 1646 973 1799 coni/ciggsiiorum
1016 1735 1078 1807 1,
1111 1747 1259 1814 cap.
1298 1734 1362 1805 8,
1410 1726 2046 1814 Rectractationum,
2090 1720 2212 1787 col.
2258 1727 2411 1803 594,
2459 1742 2502 1786 a
2532 1718 2767 1801 verbis,
2802 1721 2877 1784 In
2916 1720 3154 1784 eadem
3181 1720 3374 1797 urbe,
3407 1738 3475 1782 η.
3515 1723 3579 1796 1,
3609 1734 3818 1802 usque
3859 1711 3957 1779 ad

444 1819 644 1887 verba
678 1840 744 1883 η.
783 1823 847 1896 3,
886 1813 1251 1880 Abundare
1291 1818 1454 1880 otio.
1685 1813 1772 1876 M.

1322 2006 1428 2110 S.
1507 2004 2159 2109 AURELII
2228 2001 3063 2106 AUGUSTINI

1748 2147 2263 2199 HIPPONENSIS
2298 2148 2652 2198 EPISCOPI

698 2282 705 2295 ’
809 2262 1102 2421 DE
1215 2257 2303 2437 QUANTITJ

1981 2257 2689 2414 'ITATE
2800 2254 3586 2413 ΑΝΙΜᾹΞ]

1676 2456 2107 2541 LIBER
2198 2452 2723 2541 UNUS‘“).

508 2596 569 2643 In
589 2594 750 2642 hocce
781 2590 990 2653 dialogo
1025 2601 1116 2635 sex
1145 2586 1207 2635 de
1238 2586 1415 2653 anima
1439 2585 1757 2653 quaestiones
1777 2599 1817 2653 ⁸ει
1845 2583 2165 2653 collocutore
2195 2587 2563 2653 proponuntur
2576 2583 2870 2644 Augustino
2889 2596 3144 2653 ;‘quar_um_
3164 2584 3390 2653 tertiam,
3416 2585 3633 2653 scilicet,
3656 2585 3866 2653 Quanta
3886 2587 3954 2653 sit

448 2658 642 2713 anima,
674 2653 900 2717 penitius
920 2644 1536 2717 tractaturusdistinguit
1565 2645 1822 2717 imprimis
1844 2646 2037 2717 duplex
2056 2644 2361 2717 quantitatis
2382 2659 2564 2708 genus,
2590 2657 2801 2715 unuma
2820 2644 2956 2692 mole
2980 2644 3146 2717 etloci
3170 2647 3374 2717 spatio;
3407 2647 3628 2717 alterum
3655 2644 3689 2695 a
3713 2650 3954 2717 potentia

448 2723 501 2767 et
528 2706 719 2765 virtute
745 2716 970 2762 dictum:
1004 2710 1133 2775 illud
1159 2710 1370 2775 quidem
1395 2706 2005 2775 corporisproprium—ab
2030 2706 2220 2775 anima,
2250 2721 2368 2775 quas
2388 2706 2603 2769 prorsus
2626 2706 2942 2775 incorporea
2965 2706 3049 2775 sit,
3073 2706 3300 2775 excludi,
3331 2707 3432 2756 hoc
3448 2713 3631 2775 autem
3647 2706 3868 2772 reperiri
3897 2710 3952 2757 in

449 2779 538 2827 illa
567 2780 718 2826 docet
742 2776 932 2824 deinde
953 2767 1331 2835 magnitudinis
1354 2767 1504 2835 istius
1526 2767 1943 2835 gradusseptem
1965 2770 2212 2833 assignat,
2238 2767 2302 2818 ad
2328 2767 2460 2831 quos
2489 2771 2701 2816 revocat
2727 2767 2983 2830 quidquid
3003 2767 3181 2816 anima
3209 2768 3445 2819 humana
3471 2771 3583 2819 sive
3620 2772 3673 2820 in
3702 2767 3946 2834 corpore,

451 1934 3921 1960 ___________________________.___________________________

450 2841 559 2889 sive
590 2841 646 2888 in
679 2839 868 2900 seipse,
899 2838 1008 2885 sive
1044 2830 1268 2897 denique
1298 2833 1437 2895 apud
1462 2830 1630 2880 Deum
1654 2830 1809 2880 valet.

448 2965 671 3020 CAPUT
700 2961 993 3016 PRIMUM.
1026 2988 1087 2999 —
1124 2959 1230 3013 Sea:
1258 2957 1323 3011 de
1360 2958 1547 3011 anima
1582 2957 1898 3026 quaestiones
1931 2971 2138 3025 propo—

517 3054 600 3105 nit
620 3051 877 3105 Evodius.
909 3048 1057 3102 Unde
1074 3048 1145 3102 sit
1161 3047 1366 3099 anima.
1383 3046 1596 3099 Animae
1615 3046 1808 3113 patria
1829 3046 1987 3098 Deus.
2005 3044 2141 3098 Ani-

518 3157 616 3195 ma?
640 3140 946 3194 substantia
970 3138 1200 3206 propria
1227 3139 1277 3189 ct
1303 3135 1555 3203 simplex.

527 3233 574 3283 1.
614 3231 675 3283 E.
721 3226 1004 3290 Quoniam
1040 3224 1204 3278 video
1238 3227 1292 3277 te
1331 3221 1619 3276 abundare
1658 3219 1798 3287 otio,
1844 3233 2037 3289 quaeso
2078 3220 2141 3271 ut

452 3316 597 3370 mihi
627 3314 970 3384 respondeas
1000 3313 1068 3367 de
1099 3311 1169 3365 iis
1207 3327 1335 3381 quae
1365 3325 1455 3363 me
1485 3312 1735 3376 movent,
1773 3323 1892 3361 non
1921 3310 1984 3360 ut
2011 3304 2139 3376 opi-

452 3420 576 3470 nor,
611 3403 937 3473 importune
969 3405 1138 3470 atque
1169 3398 1508 3468 incongrue.
1538 3397 1696 3466 Saepe
1722 3394 1877 3449 enim
1897 3409 2025 3449 cum
2046 3394 2142 3448 abs

453 3498 508 3546 te
535 3492 715 3545 multa
757 3489 1108 3561 quaesissem,
1140 3485 1330 3540 nescio
1382 3501 1495 3555 qua
1522 3484 1621 3538 illa
1650 3499 1835 3554 graeca
1863 3482 2142 3536 sententia

450 3596 542 3634 me
573 3578 975 3634 deterrendum
1003 3573 1235 3646 putasti,
1270 3589 1382 3644 qua
1408 3572 1784 3643 prohibemur
1803 3587 1866 3624 ea
1887 3587 2017 3642 quas
2047 3587 2141 3624 su-

452 3683 555 3739 pra
583 3683 686 3721 nos
707 3670 839 3720 sunt
866 3663 1158 3735 requirere
1183 3672 1199 3714 t
1224 3676 1375 3715 nunc
1392 3675 1524 3714 vero
1544 3675 1662 3712 non
1691 3662 1829 3729 puto
1859 3674 1962 3712 nos
1989 3657 2142 3728 ipsos

451 3772 622 3826 supra
665 3770 772 3809 nos
797 3768 951 3807 .esse.
1001 3748 1381 3814 Quamobrem
1430 3763 1559 3800 cum
1590 3747 1661 3801 de
1689 3746 1882 3800 anima
1919 3761 2137 3815 quaero,

450 3860 564 3897 non
591 3858 717 3896 sum
736 3841 949 3910 dignus
972 3837 1074 3909 qui
1094 3835 1355 3890 audiam:
1390 3835 1544 3899 Quod
1569 3851 1740 3905 supra
1765 3851 1888 3899 nos,
1916 3834 2051 3904 quid
2071 3835 2142 3888 ad

451 3948 552 3986 nos
576 3932 692 4000 (b)?
725 3928 824 3982 sed
860 3928 1094 3981 fortasse
1124 3923 1331 3993 dignus
1360 3922 1457 3993 qui
1493 3922 1743 3997 audiam,
1787 3921 1926 3991 quid
1961 3921 2139 3974 simus

448 4036 572 4073 nos.
606 4020 678 4072 A.
708 4014 991 4070 Enumera
1017 4012 1263 4065 breviter
1289 4027 1417 4081 quae
1443 4011 1511 4065 de
1533 4011 1723 4064 anima
1750 4009 1946 4064 audire
1976 4010 2137 4064 velis.

447 4111 513 4163 Ε.
549 4105 771 4160 Faciam
801 4119 813 4155 :
849 4116 980 4155 nam
1025 4103 1156 4152 sunt
1183 4098 1326 4152 mihi
1356 4099 1464 4153 ista
1500 4098 1773 4153 diuturna
1799 4098 2140 4168 cogitatione

446 4196 787 4263 praeparata.
817 4191 1016 4253 Quaero
1046 4186 1221 4256 igitur
1251 4186 1404 4240 unde
1449 4186 1521 4240 sit
1550 4187 1759 4254 anima,
1808 4186 1993 4257 qualis
2045 4187 2137 4256 sit,

448 4284 662 4351 quanta
687 4278 778 4337 sit,
810 4292 911 4329 cur
946 4274 1173 4345 corpori
1200 4274 1371 4328 fuerit
1407 4274 1558 4343 data,
1589 4279 1645 4329 et
1673 4291 1803 4328 cum
1834 4274 1905 4329 ad
1934 4290 2140 4346 corpus

446 4366 667 4421 venerit
696 4363 880 4435 qualis
911 4361 1209 4429 efﬁciatur,
1243 4362 1430 4432 qualis
1457 4379 1588 4417 cum
1618 4362 1990 4417 abscesserit?

516 4457 568 4507 2.
601 4453 670 4506 Α.
705 4451 842 4505 Cum
870 4449 1079 4520 quaeris
1095 4449 1244 4504 unde
1274 4449 1347 4503 sit
1367 4450 1582 4519 anima,
1615 4450 1727 4504 duo
1751 4451 2016 4521 quaedam
2050 4450 2136 4506 in-

443 4540 701 4609 telligere
730 4554 920 4608 cogor.
955 4537 1135 4592 Aliter
1168 4537 1321 4591 enim
1370 4538 1611 4592 dicimus
1641 4538 1794 4592 unde
1831 4539 1904 4592 sit
1938 4539 2134 4606 homo,

445 4644 574 4697 quae
605 4626 677 4680 sit
706 4626 827 4697 ejus
854 4625 1041 4696 patria
1069 4624 1213 4679 scire
1261 4624 1588 4695 cupientes;
1646 4625 1812 4681 aliter
1859 4626 2011 4680 unde
2042 4628 2135 4694 sit,

443 4730 573 4767 cum
604 4713 913 4784 quaerimus
959 4712 1110 4767 unde
1151 4717 1392 4782 constet,
1425 4713 1484 4767 id
1514 4717 1618 4782 est,
1669 4729 1735 4768 ex
1765 4714 1974 4785 quibus
2021 4715 2135 4769 ele-

442 4802 650 4855 mentis
696 4800 980 4866 rebusquc
1028 4800 1398 4871 compositus.
1448 4800 1591 4864 Quid
1619 4801 1828 4855 horum
1859 4802 1998 4855 scire
2028 4802 2133 4869 vis,

442 4905 571 4943 cum
598 4889 915 4958 interrogas
940 4888 1091 4941 unde
1122 4888 1196 4941 sit
1226 4887 1458 4941 anima?
1486 4890 1821 4942 Utrumnam
1850 4888 2013 4960 quasi
2041 4904 2132 4942 re-

440 4980 673 5051 gionem
700 4980 823 5048 ejus
852 4983 908 5031 et
933 4977 1196 5047 patriam,
1224 4977 1377 5031 unde
1404 4977 1517 5032 huc
1538 4979 1772 5041 venerit,
1798 4996 1964 5033 nosse
1993 4979 2136 5032 desi-

441 5069 639 5134 deras;
689 5081 763 5119 an
813 5080 946 5120 vero
1003 5080 1133 5134 quae
1190 5064 1262 5118 sit
1314 5064 1437 5134 ejus
1489 5065 1821 5136 substantia,
1866 5066 2130 5137 requiris.

438 5160 503 5212 E.
554 5155 827 5227 Equidem
872 5158 1181 5223 utrumque
1224 5153 1367 5206 scire
1411 5153 1634 5220 vellem,
1686 5154 1781 5208 sed
1833 5153 1974 5223 quid
2029 5151 2134 5205 scit

438 5245 732 5298 sciendum
752 5242 934 5313 prius,
966 5246 1064 5295 tuo
1079 5240 1294 5311 judicio
1315 5241 1464 5294 malo
1494 5241 1863 5295 committere.
1886 5241 1959 5293 A.
1991 5240 2130 5293 Pro-

435 5333 620 5403 priam
669 5333 978 5404 quamdam
1024 5329 1438 5385 habitationem
1486 5330 1692 5384 animae
1743 5345 1806 5382 ac
1863 5326 2126 5399 patriam,

493 5456 568 5517 (α)
596 5457 831 5519 Scriptus
855 5456 995 5504 circa
1023 5453 1235 5502 initium
1264 5453 1391 5502 anni
1420 5455 1529 5501 388.

497 5512 565 5581 (ὁ)
593 5512 817 5567 Socratis
836 5519 1033 5567 dictum
1058 5531 1069 5565 :
1098 5530 1161 5565 HA
1192 5529 1349 5565 auena
1378 5518 1555 5573 namss,
1585 5526 1631 5561 τι
1659 5524 1780 5561 raos
1809 5512 2007 5563 usus?

2256 2954 2438 3009 Deum
2468 2952 2656 3024 ipsum
2678 2954 2843 3009 credo
2864 2970 2983 3010 esse
3003 2971 3038 3008 a
3066 2970 3181 3025 quo
3200 2960 3392 3010 creata
3420 2961 3523 3010 est.
3558 2956 3949 3012 Substantiam

2250 3057 2384 3096 vero
2416 3042 2536 3112 ejus
2564 3042 2864 3098 nominare
2884 3058 3001 3096 non
3019 3059 3254 3113 possum
3278 3059 3291 3096 :
3325 3059 3443 3097 non
3466 3044 3622 3099 enim
3649 3061 3777 3098 eam
3807 3052 3952 3115 puto

2255 3146 2373 3184 esse
2404 3147 2471 3184 ex
2501 3130 2570 3184 iis
2600 3131 2823 3185 usitatis
2852 3131 3116 3201 notisque
3144 3132 3387 3200 naturis,
3416 3148 3558 3202 quas
3591 3132 3714 3186 istis
3742 3150 3951 3204 corpo-

2252 3216 2332 3271 ris
2360 3218 2617 3272 sensibus
2642 3217 2953 3287 tangimus.
2986 3219 3128 3272 Nam
3156 3235 3343 3289 neque
3368 3234 3434 3272 ex
3463 3223 3635 3286 terra,
3669 3236 3858 3291 neque
3886 3239 3955 3276 ex
4032 3224 4035 3227 ’

2254 3320 2422 3375 aqua,
2470 3321 2657 3377 neque
2701 3322 2771 3360 ex
2817 3322 2967 3371 aere,
3014 3322 3200 3375 neque
3251 3323 3319 3361 ex
3358 3306 3500 3377 igni,
3547 3323 3736 3379 neque
3765 3326 3833 3364 ex
3863 3311 3959 3364 his

2253 3393 2541 3459 omnibus,
2572 3409 2758 3463 neque
2788 3409 2856 3447 ex
2885 3393 3171 3464 aliquibus
3212 3395 3418 3449 horum
3468 3395 3785 3466 conjunctis
3815 3413 3957 3453 con-

2254 3484 2401 3534 stare
2424 3480 2676 3534 animam
2697 3486 2857 3551 puto.
2882 3482 2985 3535 Sed
3008 3483 3498 3551 quemadmodum
3518 3484 3565 3537 si
3594 3500 3661 3538 ex
3680 3500 3775 3539 me
3805 3503 3964 3556 quae-

2253 3584 2429 3637 reres,
2483 3568 2650 3623 arbor
2693 3569 2803 3623 ista
2846 3585 2915 3622 ex
2962 3569 3169 3640 quibus
3212 3575 3450 3640 constet,
3504 3572 3799 3628 notissima
3846 3574 3963 3630 ista

2254 3656 2536 3710 elementa
2563 3660 2810 3726 quatuor
2837 3658 3217 3726 nominarem,
3251 3675 3320 3713 ex
3352 3660 3558 3731 quibus
3587 3662 3783 3716 omnia
3813 3665 3960 3719 talia

2252 3747 2510 3798 constare
2550 3746 2895 3800 credendum
2926 3752 3034 3814 est;
3080 3764 3255 3818 porro
3283 3748 3333 3803 si
3368 3766 3635 3821 pergeres
3668 3767 3956 3822 qumrere,

2252 3832 2404 3886 unde
2432 3833 2557 3903 ipsa
2585 3838 2757 3901 terra,
2789 3836 2879 3889 vel
2904 3852 3073 3907 aqua,
3106 3837 3193 3891 vel
3222 3853 3339 3905 aer,
3370 3838 3457 3893 vel
3486 3839 3637 3910 ignis
3665 3846 3955 3909 constent,

2251 3920 2397 3975 nihil
2423 3920 2545 3991 jam
2573 3923 2728 3993 quod
2757 3923 3003 3978 dicerem
3032 3925 3343 3996 reperirem
3367 3943 3380 3993 ;
3413 3927 3491 3981 sic
3510 3943 3640 3981 cum
3670 3931 3958 3999 quaeritur

2251 4024 2317 4061 ex
2342 4009 2551 4079 quibus
2580 4011 2653 4065 sit
2679 4011 2852 4066 homo
2895 4015 3264 4083 compositus,
3305 4015 3648 4085 respondere
3688 4032 3951 4086 possum,

2249 4112 2314 4149 ex
2348 4097 2540 4151 anima
2567 4102 2624 4153 et
2651 4115 2916 4170 corpore;
2965 4117 3195 4157 rursum
3240 4102 3310 4157 de
3347 4118 3585 4174 corpore
3615 4103 3662 4157 si
3700 4120 3952 4174 quaeras,

2249 4184 2319 4238 ad
2348 4184 2447 4239 illa
2477 4186 2759 4242 elementa
2803 4193 3051 4259 quatuor
3096 4206 3426 4257 recurram;
3464 4192 3533 4245 de
3581 4192 3774 4247 anima
3811 4210 3954 4250 vero

2248 4275 2530 4344 quaerenti
2557 4275 2685 4339 tibi,
2717 4293 2850 4331 cum
2875 4277 3115 4349 simplex
3140 4278 3415 4348 quiddam
3446 4283 3502 4333 et
3527 4281 3778 4350 proprias
3808 4284 3952 4338 sub-

2248 4361 2470 4417 stantia:
2499 4362 2756 4419 videatur
2774 4381 2916 4432 esse,
2945 4382 3059 4419 non
3080 4366 3246 4420 aliter
3262 4367 3510 4420 haeream
3534 4382 3598 4421 ac
3625 4369 3673 4421 si
3698 4384 3953 4443 quaeras,

2246 4454 2312 4503 ut
2341 4450 2556 4505 dictum
2586 4456 2687 4516 est,
2720 4453 2875 4507 unde
2904 4453 2979 4507 sit
3014 4458 3184 4507 terra.
3214 4455 3279 4508 E.
3312 4454 3608 4517 Quomodo
3650 4472 3778 4511 eam
3808 4475 3954 4528 pro-

2247 4537 2432 4607 priam
2470 4539 2607 4593 velis
2648 4539 2859 4595 habere
2906 4541 3299 4607 substantiam,
3349 4557 3479 4595 cum
3520 4543 3730 4596 dixeris
3758 4561 3793 4598 a
3825 4549 3949 4604 Deo

2245 4625 2473 4693 factam,
2496 4642 2617 4680 non
2643 4626 2922 4697 intelligo.
2953 4629 3024 4682 Α.
3058 4628 3354 4692 Quomodo
3374 4634 3444 4682 'et
3462 4634 3672 4685 terram
3694 4632 3882 4703 ipsam
3915 4656 3950 4691 a

2247 4713 2362 4767 Deo
2390 4713 2618 4781 factam,
2650 4730 2858 4785 negare
2888 4731 3007 4769 non
3032 4731 3301 4785 possum;
3336 4721 3391 4770 et
3418 4721 3612 4773 tamen
3646 4737 3766 4776 non
3808 4740 3948 4794 pos-

2246 4815 2374 4854 sum
2415 4800 2618 4867 dicere,
2668 4818 2737 4856 cx
2783 4802 2988 4873 quibus
3032 4803 3194 4872 quasi
3238 4804 3365 4858 aliis
3407 4808 3742 4878 corporibus
3788 4815 3943 4867 terra

2244 4892 2480 4942 constet.
2516 4888 2767 4958 Simplex
2797 4888 2950 4942 enim
2991 4904 3197 4958 corpus
3238 4896 3323 4944 est
3351 4896 3523 4961 terra,
3558 4912 3625 4948 eo
3664 4896 3790 4967 ipso
3821 4915 3940 4968 quo

2243 4978 2396 5029 terra
2422 4980 2541 5043 est;
2574 4980 2629 5028 et
2656 4974 2785 5028 ideo
2812 4976 3156 5030 elementum
3186 4978 3394 5034 dicitur
3417 4983 3675 5037 omnium
3697 4985 3938 5040 istorum

2243 5079 2566 5133 corporum,
2598 5079 2725 5133 quae
2755 5063 2904 5117 ﬁunt
2935 5080 3002 5118 ex
3032 5070 3281 5136 quatuor
3307 5069 3624 5124 elementis.
3653 5073 3778 5125 Non
3799 5089 3936 5143 ergo

2243 5150 2349 5203 sibi
2390 5149 2721 5205 adversatur
2760 5152 3045 5208 sententia
3083 5171 3197 5225 qua
3234 5156 3497 5224 dicimus,
3525 5164 3579 5212 et
3609 5176 3641 5213 a
3670 5161 3783 5215 Deo
3811 5162 3933 5215 ani-
4024 5186 4035 5201 ο

2240 5252 2396 5291 mam
2422 5238 2650 5304 factam,
2682 5244 2739 5293 et
2759 5242 3054 5311 propriam
3076 5245 3383 5314 quamdam
3404 5245 3614 5302 habere
3645 5254 3931 5306 naturam.

2241 5326 2396 5379 Hanc
2426 5325 2580 5380 enim
2601 5327 2724 5397 ejus
2741 5331 3031 5400 propriam
3057 5334 3366 5403 quamdam
3386 5339 3649 5390 naturam
3670 5341 3725 5390 ct
3746 5354 3932 5410 suam,

2239 5414 2389 5468 Deus
2416 5414 2538 5484 ipse
2563 5415 2716 5484 fecit,
2748 5422 2812 5471 ut
2838 5418 3009 5489 ignis,
3040 5425 3106 5474 ut
3144 5422 3311 5491 aeris,
3343 5427 3409 5477 ut
3437 5439 3616 5494 aquae,
3649 5429 3710 5479 ut
3738 5429 3932 5496 terrae,

2238 5518 2353 5574 quo
2383 5506 2590 5560 catera
2612 5521 2681 5561 ex
2708 5504 2797 5561 his
2826 5508 3094 5564 omnibus
3122 5517 3622 5582 componerentur.
