4064 6362
150 298 284 350 1037

503 417 730 473 CAPUT
756 420 827 473 Il.
858 448 929 459 —
956 420 1161 474 Anima
1185 422 1365 489 qualis
1393 423 1484 476 sit.

210 510 263 562 3.
315 509 380 561 E.
435 507 672 561 Interim
711 507 927 578 accipio
960 509 1110 562 unde
1159 509 1231 562 sit
1274 508 1485 573 anima,
1535 511 1590 564 id
1637 516 1740 576 est,
1774 529 1842 567 ex

145 597 280 661 Deo,
316 611 446 666 quae
490 611 713 649 mecum
763 596 959 650 sedulo
1007 597 1343 665 retractabo,
1396 602 1452 652 et
1494 597 1541 651 si
1579 600 1717 670 quid
1748 617 1842 656 me

145 685 408 752 moverit,
441 688 571 754 post
598 684 908 754 requiram.
946 685 1103 739 Unde
1129 701 1346 755 quaeso,
1381 687 1626 757 explices
1655 690 1840 759 qualis

141 772 233 826 sit.
258 774 330 826 A.
360 772 596 826 Videtur
623 772 768 826 mihi
797 789 916 825 esse
947 773 1149 826 similis
1176 776 1312 828 Deo.
1341 776 1417 828 De
1440 776 1634 830 anima
1662 778 1837 843 enim,

140 860 249 914 nisi
279 861 465 927 fallor,
501 861 748 932 requiris
769 861 1042 914 humana.
1072 864 1139 916 E.
1173 863 1428 933 ldipsum
1460 869 1543 918 est
1563 867 1716 935 quod
1743 867 1840 919 abs

141 954 194 1003 te
237 950 506 1020 explicari
542 951 766 1019 vellem,
799 950 1284 1020 quemadmodum
1317 952 1387 1005 sit
1416 952 1608 1006 anima
1639 953 1840 1007 similis

142 1040 257 1093 Deo
285 1055 298 1104 ;
332 1055 458 1092 cum
503 1040 680 1092 Deum
711 1055 744 1091 a
781 1039 941 1092 nullo
979 1039 1191 1092 factum
1213 1055 1332 1092 esse
1363 1041 1683 1109 credamus,
1715 1042 1835 1095 ani-

140 1143 295 1181 mam
325 1144 461 1181 vero
487 1128 556 1181 ab
577 1127 700 1197 ipso
722 1129 836 1180 Deo
867 1128 1072 1181 factam
1095 1144 1268 1197 supra
1284 1128 1513 1182 dixeris.
1544 1131 1614 1184 A.
1646 1130 1791 1193 Quid
1811 1133 1840 1184 ‘P

140 1219 199 1268 tu
231 1215 466 1270 difficile
493 1220 660 1286 putas
694 1216 807 1270 Deo
850 1214 1044 1284 fuisse,
1076 1220 1139 1269 ut
1167 1216 1382 1287 aliquid
1414 1217 1520 1270 sibi
1549 1217 1732 1271 simile
1761 1219 1840 1271 fa-

140 1314 314 1370 ceret,
342 1320 471 1357 cum
495 1306 602 1357 hoc
626 1304 688 1356 in
711 1307 869 1357 tanta
888 1304 1162 1357 varietate
1185 1304 1545 1374 imaginuum
1567 1306 1736 1360 etiam
1766 1306 1840 1358 vi-

138 1392 276 1445 deas
307 1392 470 1445 nobis
495 1407 619 1445 esse
647 1407 977 1444 concessum
995 1394 1024 1444 ‘2
1047 1394 1108 1444 E.
1135 1392 1245 1445 Sed
1273 1409 1376 1445 nos
1399 1392 1661 1446 videmur
1689 1409 1840 1447 mor-

138 1479 276 1533 talia
299 1479 512 1547 faeere,
537 1481 686 1533 Deus
707 1483 897 1534 autem
920 1478 1304 1533 immortalem
1326 1479 1579 1533 animam
1602 1481 1754 1544 fecit,
1775 1486 1840 1535 ut

136 1569 356 1638 opinor,
397 1567 507 1621 nisi
537 1568 682 1621 forte
712 1567 817 1620 tibi
847 1568 1012 1620 aliter
1036 1567 1280 1621 videtur.
1313 1569 1384 1621 A.
1419 1569 1562 1638 Ergo
1584 1574 1648 1622 tu
1667 1570 1839 1622 velles

136 1657 275 1709 talia
305 1656 432 1710 fieri
477 1657 546 1710 ab
579 1656 926 1722 hominibus,
959 1656 1172 1726 qualia.
1190 1657 1338 1709 Deus
1365 1656 1494 1710 fecit
1515 1659 1578 1710 *‘2
1615 1660 1680 1710 E.
1715 1659 1839 1710 Non

136 1745 406 1814 equidem
455 1745 560 1798 hoc
591 1744 854 1798 dixerim.
901 1745 1010 1799 Sed
1046 1745 1535 1814 quemadmodum
1568 1744 1689 1814 ipse
1728 1745 1838 1798 im-

138 1833 398 1886 mortalis
443 1833 766 1886 immortale
797 1831 1068 1902 quiddam
1111 1832 1244 1886 fecit
1289 1832 1362 1885 ad
1402 1832 1835 1886 similitudinem

135 1937 298 1975 suam
324 1938 337 1986 ;
371 1921 453 1974 sic
479 1925 533 1974 et
559 1938 664 1974 nos
695 1921 1048 1974 immortales
1077 1937 1110 1973 a
1140 1922 1254 1973 Deo
1286 1920 1437 1985 facti,
1469 1921 1541 1975 ad
1571 1921 1836 1975 similitu-

137 2010 332 2064 dinem
353 2014 610 2064 nostram
632 2009 787 2080 quod
809 2010 1064 2074 facimus,
1088 2009 1413 2062 immortale
1441 2024 1560 2062 esse
1583 2009 1835 2063 deberet.

137 2107 207 2153 A.
242 2099 409 2152 Recte
442 2098 676 2160 diceres,
710 2098 756 2150 si
785 2099 856 2152 ad
892 2097 1014 2167 ejus
1039 2097 1354 2167 imaginem
1384 2097 1650 2167 pingeres
1676 2097 1838 2151 tabu-

137 2187 274 2253 lam,
307 2187 461 2257 quod
492 2187 551 2240 in
581 2191 636 2239 te
663 2185 987 2240 immortale
1018 2202 1138 2240 esse
1169 2186 1390 2240 credis:
1420 2202 1575 2239 nunc
1612 2201 1745 2239 vero
1775 2185 1837 2238 in

139 2292 205 2328 ea
257 2276 532 2345 exprimis
576 2275 1015 2328 similitudinem
1063 2275 1341 2344 corporis,
1397 2276 1546 2344 quod
1585 2275 1837 2344 profecto

139 2365 383 2417 mortale
415 2368 517 2417 est.
550 2365 612 2417 E.
657 2363 958 2426 Quomodo
989 2378 1124 2432 ergo
1154 2379 1282 2415 sum
1309 2362 1511 2415 similis
1542 2364 1678 2429 Deo,
1707 2379 1837 2416 cum

143 2452 488 2504 immortalia
515 2451 673 2504 nulla
700 2467 929 2519 possum
953 2451 1135 2504 facere
1167 2455 1231 2504 ut
1263 2450 1358 2503 ille
1379 2451 1406 2504 ‘?
1435 2451 1507 2504 A.
1536 2452 1836 2514 Quomodo

142 2557 245 2593 nec
278 2541 469 2610 imago
497 2539 752 2609 corporis
785 2538 868 2591 tui
904 2543 1089 2608 potest
1127 2539 1232 2592 hoc
1270 2539 1455 2592 valere
1487 2539 1642 2608 quod
1671 2543 1837 2592 tuum

137 2645 345 2698 corpus
382 2628 532 2682 valet
556 2645 570 2693 ;
614 2628 691 2680 sic
717 2627 910 2680 anima
944 2643 1058 2680 non
1087 2626 1416 2680 mirandum
1447 2631 1530 2680 est
1559 2627 1606 2680 si
1635 2631 1836 2696 poten-

138 2717 282 2770 tiam
313 2719 531 2769 tantam
557 2731 671 2768 non
697 2714 890 2781 habet,
923 2717 1197 2784 quantam
1226 2714 1320 2767 ille
1349 2714 1422 2768 ad
1445 2714 1606 2784 cujus
1631 2714 1834 2769 simili-

134 2804 397 2858 tudinem
425 2804 572 2857 facta
603 2807 707 2856 est.

454 2891 679 2944 CAPUT
719 2891 815 2944 III.
851 2919 921 2930 —
947 2891 1152 2944 Anima
1183 2894 1392 2957 quanta
1423 2892 1517 2943 sit.

201 2981 255 3032 4.
300 2981 366 3033 Ε.
420 2980 487 3032 Et
515 2979 623 3031 hoc
651 2978 881 3031 interim
909 2978 1046 3030 satis
1077 2982 1192 3030 est:
1227 2977 1315 3030 dic
1347 2993 1498 3030 nunc
1524 2980 1736 3046 quanta
1766 2977 1840 3030 sit

134 3067 350 3120 anima.
380 3067 451 3120 A.
477 3065 776 3130 Quomodo
808 3064 1018 3135 quaris
1047 3069 1264 3135 quanta
1284 3064 1393 3118 sit?
1418 3066 1540 3117 Non
1569 3063 1723 3117 enim
1753 3064 1837 3116 in-

132 3155 335 3224 telligo
360 3160 557 3208 utrum
581 3155 702 3224 ejus
731 3154 892 3225 quasi
923 3153 1172 3222 spatium
1200 3152 1516 3206 latitudinis
1536 3153 1624 3206 vel
1655 3152 1837 3222 longi-

135 3243 373 3309 tudinis,
405 3243 493 3296 vel
524 3243 766 3308 roboris,
789 3243 877 3295 vel
905 3243 1113 3296 horum
1143 3241 1313 3295 simul
1351 3241 1612 3295 omnium
1639 3241 1834 3312 requi-

134 3348 258 3397 ras;
306 3347 381 3384 an
431 3335 710 3401 quantum
748 3332 931 3384 valeat
975 3346 1140 3384 nosse
1179 3329 1335 3384 velis.
1379 3330 1640 3384 Solemus
1681 3330 1836 3384 enim

138 3436 398 3491 quaerere
423 3424 672 3490 quantus
693 3419 864 3472 fuerit
894 3420 1180 3486 Hercules,
1201 3418 1260 3472 id
1287 3423 1390 3483 est,
1418 3419 1477 3472 in
1501 3423 1642 3488 quot
1663 3419 1837 3488 pedes

140 3513 360 3563 statura
386 3508 508 3578 ejus
536 3512 800 3578 porrecta
825 3507 1016 3561 fuerit.
1055 3509 1120 3560 Et
1144 3507 1280 3560 item
1312 3511 1560 3577 quantus
1597 3506 1683 3560 vir
1710 3507 1837 3560 fue-

138 3599 228 3663 rit,
259 3597 319 3651 id
341 3604 448 3666 est,
479 3601 706 3668 quantae
735 3597 1008 3666 potentia:
1039 3601 1209 3667 atque
1237 3596 1482 3649 virtutis.
1507 3600 1570 3650 E.
1607 3597 1835 3649 Utrum-

139 3702 252 3757 que
283 3686 354 3740 de
384 3685 576 3739 anima
597 3685 737 3738 scire
756 3685 942 3755 cupio.
975 3685 1045 3739 A.
1078 3684 1252 3754 Atqui
1273 3684 1414 3738 illud
1436 3683 1698 3753 superius
1727 3682 1838 3737 dici

139 3792 255 3829 non
285 3777 494 3844 potest,
525 3789 630 3827 nec
656 3773 892 3827 omnino
921 3772 1167 3842 intelligi
1197 3773 1265 3826 de
1288 3771 1500 3824 anima.
1537 3773 1660 3825 Non
1683 3771 1836 3824 enim

137 3864 258 3918 ullo
289 3863 485 3928 modo,
510 3863 820 3931 autlonga,
853 3865 951 3914 aut
979 3861 1113 3923 lata,
1145 3864 1243 3914 aut
1266 3859 1428 3930 quasi
1449 3859 1633 3912 valida
1658 3858 1838 3928 suspi-

137 3952 323 4006 canda
351 3955 436 4005 est
454 3950 646 4007 anima
672 3964 684 4005 :
710 3965 985 4018 corporea
1003 3948 1110 4002 ista
1132 3952 1283 4013 sunt,
1315 3952 1382 4001 ut
1410 3947 1553 4001 mihi
1570 3947 1796 4000 videtur
1818 3963 1832 4012 ;

141 4046 196 4095 et
224 4041 296 4094 de
326 4038 740 4094 consuetudine
771 4052 1077 4106 corporum
1108 4037 1186 4090 sic
1213 4036 1466 4089 animam
1499 4034 1833 4105 quaerimus.

138 4131 391 4198 Ideoque
411 4129 556 4182 bene
584 4126 916 4203 praecipitur
936 4125 1109 4179 etiam
1134 4125 1194 4178 in
1224 4122 1527 4190 mysteriis,
1555 4126 1618 4176 ut
1644 4121 1840 4176 omnia

137 4232 422 4287 corporea
450 4219 797 4280 contemnat,
823 4213 1204 4277 universaque
1224 4211 1358 4278 huic
1376 4211 1591 4265 mundo
1619 4226 1837 4264 renun-

141 4308 266 4372 tiet,
297 4304 419 4376 qui,
442 4309 506 4358 ut
533 4303 809 4371 videmus,
833 4317 1136 4372 corporeus
1165 4303 1270 4368 est,
1298 4299 1559 4370 quisquis
1587 4315 1646 4352 se
1665 4299 1839 4352 talem

147 4394 313 4450 reddi
345 4392 650 4459 desiderat,
687 4391 872 4462 qualis
899 4407 931 4443 a
961 4391 1074 4443 Deo
1105 4389 1284 4443 factus
1314 4392 1418 4454 est,
1452 4388 1512 4442 id
1541 4391 1644 4451 est,
1678 4386 1839 4440 simi-

139 4486 256 4538 lem
291 4484 445 4547 Deo;
476 4497 594 4534 non
631 4480 786 4532 enim
816 4478 928 4532 alia
951 4479 1102 4531 salus
1147 4476 1354 4530 anima:
1393 4480 1495 4544 est,
1538 4479 1635 4530 aut
1672 4491 1838 4529 reno-

141 4571 319 4634 vatio,
347 4574 446 4623 aut
466 4567 848 4622 reconciliatio
869 4566 1084 4620 auctori
1104 4582 1224 4620 suo.
1251 4565 1632 4628 Quamobrem
1656 4580 1840 4634 quan-

139 4665 201 4714 ta
225 4660 300 4712 sit
321 4658 508 4712 an'ima
530 4657 842 4710 secundum
867 4654 1301 4725 inquisitionem
1322 4654 1469 4707 hanc
1488 4652 1592 4706 tibi
1611 4668 1842 4720 respon-

139 4750 280 4804 dere
311 4764 429 4802 non
457 4761 691 4816 possum
716 4765 730 4812 ;
761 4745 854 4798 sed
878 4759 1113 4814 possum
1146 4743 1451 4807 affirmare,
1475 4757 1658 4811 neque
1683 4742 1842 4794 illam

139 4839 379 4907 longam
411 4851 551 4901 esse,
583 4849 688 4887 nec
717 4834 908 4898 latam,
937 4848 1040 4886 nec
1069 4831 1380 4892 robustam,
1409 4845 1596 4899 neque
1626 4827 1844 4898 aliquid

144 4927 359 4980 horum
391 4939 521 4993 quae
564 4921 625 4975 in
653 4920 938 4974 mensuris
981 4934 1284 4990 corporum
1324 4917 1504 4988 quaeri
1533 4915 1742 4969 solent.
1782 4916 1848 4968 Et

145 5016 260 5069 hoc
293 5028 396 5067 cur
428 5011 770 5077 existimem,
819 5009 1106 5064 rationem
1134 5007 1240 5063 tibi
1267 5006 1522 5073 reddam,
1563 5004 1610 5058 si
1638 5004 1842 5073 placet.

1670 301 1883 358 LIBER
1926 303 2128 360 UNUS.

3511 325 3646 378 1038

1949 429 2015 480 Ε.
2071 428 2260 482 Placet
2306 445 2462 499 vero,
2521 447 2585 485 ac
2651 433 3020 490 vehementer
3064 445 3366 508 exspecto:
3423 444 3648 500 videtur

1951 515 2104 568 enim
2135 517 2279 570 mihi
2309 519 2474 589 quasi
2496 521 2636 574 nihil
2668 538 2788 575 esse
2820 523 3029 591 anima,
3054 526 3099 578 si
3130 527 3271 580 nihil
3303 535 3385 582 est
3414 532 3642 588 horum.

1948 605 2021 656 Α.
2059 604 2220 656 Prius
2268 621 2402 676 ergo
2432 608 2476 660 si
2514 609 2763 677 videtur,
2795 613 3090 666 ostendam
3130 615 3235 668 tibi
3266 619 3472 671 multas
3503 636 3642 687 esse,

1949 707 2039 745 res
2069 709 2209 763 quas
2255 709 2372 748 non
2414 695 2596 764 possis
2637 698 2824 752 dicere
2861 699 3004 754 nihil
3043 718 3185 767 esse,
3218 720 3320 757 nec
3356 711 3546 761 tamen
3585 709 3646 763 in

1949 779 2027 832 eis
2056 781 2313 835 invenire
2345 783 2537 853 aliqua
2557 785 2888 854 hujusmodi
2920 791 3122 858 spatia,
3157 793 3348 861 qualia
3369 795 3429 847 in
3456 795 3647 850 anima

1945 868 2234 937 requiris:
2267 874 2332 924 ut
2379 886 2498 924 non
2547 873 2732 926 solum
2779 891 2895 928 non
2927 877 3030 931 tibi
3068 895 3132 932 ex
3173 895 3239 933 eo
3279 882 3469 935 anima
3499 884 3644 938 nihil

1948 972 2068 1009 esse
2098 957 2375 1024 videatur,
2410 959 2565 1028 quod
2596 959 2656 1012 in
2687 977 2753 1014 ea
2794 978 2912 1016 non
2945 963 3165 1019 invenis
3200 968 3641 1038 longitudinem,

1947 1044 2059 1097 sive
2076 1045 2288 1116 aliquid
2306 1047 2417 1100 tale
2444 1063 2456 1111 ;
2491 1048 2590 1102 sed
2617 1065 2683 1102 eo
2706 1050 3008 1118 pretiosior
3034 1057 3088 1106 et
3111 1056 3290 1122 pluris
3311 1057 3646 1113 azstimanda

1948 1133 2037 1198 sit,
2071 1150 2185 1203 quo
2216 1134 2361 1188 nihil
2399 1135 2606 1189 horum
2636 1137 2826 1190 habet.
2869 1139 3082 1193 Deinde
3117 1147 3306 1196 utrum
3338 1162 3467 1200 vere
3498 1147 3643 1202 nihil

1947 1221 2153 1274 horum
2187 1223 2412 1289 habeat,
2444 1224 2780 1279 videbimus.
2919 1228 3081 1281 Utere
3105 1246 3218 1299 quo
3249 1232 3331 1284 vis
3354 1235 3555 1288 ordine
3579 1253 3643 1290 ac

1945 1309 2135 1374 modo,
2167 1325 2271 1377 ego
2303 1310 2500 1364 audire
2527 1319 2582 1365 et
2609 1313 2822 1366 discere
2851 1320 3081 1384 paratus
3113 1333 3261 1371 sum.

2018 1396 2240 1450 CAPUT
2271 1399 2356 1451 IV.
2389 1427 2459 1438 —
2498 1399 2757 1454 Animam
2795 1404 3049 1457 nonnihil
3076 1419 3207 1473 esse,
3238 1408 3452 1461 tametsi
3479 1424 3573 1462 nec

2526 1489 2686 1555 longa
2713 1505 2805 1542 nec
2832 1491 2947 1543 lata
2969 1494 3054 1543 sit.

2018 1574 2068 1624 5.
2101 1571 2175 1624 Α.
2224 1572 2393 1627 Recte
2436 1574 2610 1629 facis:
2645 1576 2745 1629 sed
2783 1577 2912 1630 volo
2941 1577 3320 1648 interroganti
3360 1580 3504 1634 mihi
3551 1598 3644 1635 re-

1947 1659 2252 1728 spondeas:
2304 1661 2539 1715 fortasse
2586 1663 2740 1716 enim
2795 1679 2862 1718 ea
2910 1681 3037 1735 quas
3088 1670 3143 1719 te
3201 1667 3406 1722 docere
3447 1685 3640 1736 conor,

1944 1747 2065 1816 ipse
2087 1748 2209 1816 jam
2239 1749 2421 1802 nosti:
2456 1751 2622 1804 credo
2655 1751 2810 1804 enim
2850 1768 2970 1805 non
2999 1757 3053 1805 te
3085 1753 3344 1806 dubitare
3375 1755 3518 1809 hanc
3548 1773 3640 1809 ar-

1945 1833 2142 1887 borem
2171 1851 2290 1889 non
2331 1853 2451 1889 esse
2482 1837 2718 1890 omnino
2748 1838 2910 1892 nihil.
2959 1842 3022 1892 E.
3069 1839 3204 1902 Quis
3253 1841 3645 1896 dubitaverit?

1945 1923 2011 1975 A.
2039 1922 2185 1985 Quid
2210 1923 2352 1977 illud
2373 1925 2401 1977 ?
2431 1940 2570 1977 num
2602 1925 2822 1978 dubitas
2849 1926 3133 1995 justitiam
3175 1930 3358 1983 multo
3387 1947 3506 1983 esse
3538 1931 3644 1984 hac

1946 2010 2148 2063 arbore
2195 2010 2539 2065 meliorem?
2577 2016 2645 2067 E.
2690 2013 3015 2068 Ridiculum
3059 2015 3211 2069 istud
3254 2016 3488 2086 quidem
3536 2023 3640 2084 est,

1946 2098 2109 2168 quasi
2136 2115 2270 2152 vero
2302 2100 2419 2153 ulla
2452 2101 2524 2154 sit
2553 2103 2928 2171 comparatio.
2957 2103 3030 2156 Α.
3064 2103 3397 2158 Liberaliter
3418 2121 3642 2160 mecum

1945 2187 2105 2256 agis;
2138 2187 2234 2240 sed
2274 2187 2411 2241 illud
2454 2205 2608 2242 nunc
2645 2190 2910 2243 attende:
2946 2206 3077 2243 cum
3120 2196 3336 2246 constet
3377 2189 3458 2246 ita
3495 2195 3642 2247 hanc

1947 2277 2209 2329 arborem
2228 2290 2348 2330 esse
2370 2276 2716 2330 deteriorem
2738 2293 2911 2346 quam
2933 2283 3019 2332 est
3027 2279 3265 2348 justitia,
3287 2284 3352 2333 ut
3373 2297 3478 2335 nec
3493 2297 3643 2335 com-

1944 2364 2199 2434 paranda
2218 2364 2452 2434 quidem
2467 2366 2580 2436 tibi
2604 2365 2880 2432 videatur,
2915 2369 2971 2418 et
2998 2366 3106 2420 hoc
3135 2367 3360 2437 lignum
3387 2385 3502 2422 non
3523 2385 3641 2423 esse

1947 2451 2088 2505 nihil
2133 2453 2421 2506 confessus
2451 2453 2560 2519 sis;
2592 2454 2849 2522 plaeetne
2895 2454 2999 2508 tibi
3049 2460 3112 2509 ut
3140 2456 3323 2526 ipsam
3357 2457 3642 2525 justitiam

1947 2541 2091 2593 nihil
2121 2557 2243 2595 esse
2272 2541 2569 2595 credamus
2588 2541 2615 2594 ?
2637 2545 2702 2595 E.
2731 2541 2865 2604 Quis
2893 2541 3002 2595 hoc
3032 2543 3267 2597 demens
3297 2544 3600 2598 crediderit
3616 2547 3644 2599 ‘I

1945 2631 2018 2682 A.
2061 2629 2228 2682 Recte
2259 2628 2493 2682 omnino
2521 2645 2535 2682 :
2565 2630 2663 2683 sed
2712 2629 2947 2684 fortasse
2985 2631 3156 2686 arbor
3192 2632 3315 2685 hanc
3342 2636 3646 2702 propterea

1946 2716 2050 2770 tibi
2071 2717 2295 2770 videtur
2315 2732 2435 2770 esse
2453 2717 2690 2786 aliquid,
2715 2717 2868 2787 quod
2894 2718 3068 2785 longa
3088 2730 3173 2771 est
3194 2734 3298 2787 pro
3321 2735 3423 2771 suo
3447 2719 3638 2781 modo,

1946 2809 2002 2858 et
2029 2806 2163 2864 lata,
2209 2808 2267 2858 et
2308 2803 2580 2873 robusta;
2613 2820 2741 2874 quas
2786 2804 2832 2857 si
2865 2805 3201 2871 detraxeris,
3234 2805 3377 2858 nihil
3407 2806 3533 2859 erit.
3568 2808 3634 2860 E.

1946 2894 2026 2946 lta
2059 2892 2300 2945 videtur.
2333 2892 2406 2946 Λ.
2445 2891 2590 2955 Quid
2635 2895 2814 2961 ergo?
2851 2891 3095 2960 justitia,
3129 2909 3299 2962 quam
3343 2909 3460 2946 non
3497 2893 3642 2946 nihil

1945 2996 2066 3034 esse
2105 2980 2395 3033 confessus
2443 2996 2519 3047 es,
2574 2979 2690 3032 imo
2734 2979 3005 3049 quiddam
3037 2980 3208 3050 longe
3248 2980 3495 3034 divinius
3538 2982 3642 3035 hac

1945 3069 2229 3138 longeque
2249 3068 2634 3136 praestantius,
2654 3067 2876 3121 videtur
2887 3067 2991 3120 tibi
3008 3068 3176 3137 longa
3197 3084 3316 3121 esse
3337 3069 3365 3120 ?
3388 3071 3450 3122 E.
3472 3069 3640 3122 Nullo

1944 3157 2115 3210 modo
2143 3155 2285 3209 mihi
2323 3155 2546 3225 justitia
2575 3162 2669 3209 aut
2706 3155 2898 3224 longa,
2945 3158 3042 3207 aut
3070 3155 3208 3222 lata,
3259 3159 3359 3208 aut
3389 3156 3500 3208 tale
3530 3155 3640 3208 ali-

1945 3243 2081 3313 quid
2112 3243 2382 3312 cogitanti
2413 3246 2600 3312 potest
2628 3257 2944 3295 occurrere.
2976 3243 3042 3296 A.
3076 3241 3133 3295 Si
3163 3241 3344 3312 igitur
3373 3241 3514 3295 nihil
3542 3243 3644 3295 ho-

1943 3347 2074 3384 rum
2095 3335 2179 3384 est
2201 3330 2441 3400 justitia,
2467 3333 2522 3383 et
2549 3335 2744 3384 tamen
2772 3330 2895 3400 ipsa
2926 3330 3065 3383 nihil
3096 3346 3215 3383 non
3245 3333 3330 3383 est
3353 3346 3367 3396 ;
3402 3345 3505 3382 cur
3534 3329 3639 3383 tibi

1946 3420 2138 3474 anima
2161 3419 2305 3472 nihil
2336 3418 2580 3482 videtur,
2605 3418 2716 3471 nisi
2745 3419 2867 3488 ejus
2888 3418 3081 3488 aliqua
3101 3417 3400 3487 longitudo
3430 3417 3549 3471 sit?
3570 3421 3635 3471 E.

1943 3511 2093 3578 Age;
2139 3508 2261 3578 jam
2291 3524 2408 3561 non
2445 3507 2589 3561 mihi
2613 3507 2842 3561 videtur
2882 3523 2949 3561 ex
2995 3523 3062 3560 eo
3099 3506 3242 3560 nihil
3275 3523 3394 3559 esse
3424 3506 3640 3571 anima,

1946 3597 2097 3667 quod
2126 3613 2230 3650 nec
2259 3596 2453 3665 longa,
2485 3611 2589 3648 nec
2628 3596 2759 3657 lata,
2791 3611 2897 3648 nec
2926 3595 3164 3647 robusta
3191 3593 3283 3658 sit,
3317 3594 3415 3647 sed
3443 3599 3641 3647 utrum

1944 3700 2075 3737 vere
2102 3683 2183 3736 ita
2207 3683 2300 3748 sit,
2331 3682 2590 3736 nondum
2621 3685 2727 3734 ate
2759 3680 2974 3734 dictum
3002 3696 3122 3733 esse
3151 3679 3276 3734 scis.
3315 3680 3460 3732 Fieri
3485 3679 3640 3732 enim

1944 3773 2151 3840 potest,
2182 3775 2248 3822 ut
2273 3769 2454 3821 multa
2482 3768 2595 3821 sint
2629 3767 2825 3837 magni
2854 3764 3206 3830 aestimanda,
3241 3782 3369 3835 quas
3400 3766 3522 3819 istis
3549 3781 3642 3819 ca-

1945 3861 2140 3922 reant;
2174 3856 2272 3909 sed
2309 3871 2425 3908 non
2454 3854 2726 3908 continuo
2757 3870 2824 3908 ex
2855 3854 2965 3908 hoc
2992 3869 3203 3921 genere
3232 3853 3486 3907 animam
3517 3870 3637 3907 esse

1946 3943 2295 3998 credendum
2325 3947 2485 4012 puto.

2015 4036 2067 4088 6.
2104 4033 2175 4086 A.
2221 4031 2346 4085 Scio
2383 4030 2536 4084 istud
2573 4028 2742 4083 nobis
2782 4029 3145 4083 enodandum
3173 4031 3404 4096 restare,
3439 4033 3494 4083 et
3533 4029 3640 4083 hoc

1947 4138 2038 4176 me
2076 4120 2342 4189 deinceps
2381 4118 2796 4189 explicaturum
2820 4117 3239 4188 promiseram:
3273 4133 3472 4171 verum
3502 4118 3636 4187 quia

1945 4227 2037 4264 res
2079 4207 2452 4263 subtilissima
2506 4201 2612 4273 est,
2671 4211 2729 4259 et
2781 4207 2952 4276 longe
3000 4205 3138 4259 alios
3189 4204 3399 4258 mentis
3446 4206 3641 4259 oculos

1946 4298 2175 4370 quaerit,
2200 4312 2374 4368 quam
2393 4296 2646 4350 humana
2667 4295 3012 4348 consuetudo
3041 4292 3101 4347 in
3132 4293 3479 4364 quotidiana:
3509 4292 3640 4347 vita:

1948 4387 2168 4443 actibus
2196 4385 2408 4439 habere
2440 4383 2602 4437 solita
2631 4387 2746 4449 est;
2777 4383 3059 4436 admoneo
3089 4385 3164 4447 te,
3196 4384 3261 4434 ut
3287 4397 3392 4450 per
3420 4398 3506 4447 ea,
3536 4397 3642 4451 per

1949 4494 2076 4550 qua:
2104 4481 2160 4530 te
2192 4474 2513 4529 ducendum
2545 4472 2829 4538 existimo,
2856 4471 3041 4525 libens
3070 4486 3292 4541 pergas,
3319 4486 3425 4524 nec
3446 4475 3642 4524 nostro

1950 4563 2198 4635 quodam
2235 4561 2555 4616 necessario
2585 4560 2825 4614 circuitu
2869 4559 3230 4629 defatigatus,
3265 4574 3414 4628 aegre
3446 4558 3644 4613 tuleris

1949 4649 2256 4722 aliquando
2283 4652 2338 4703 te
2364 4648 2585 4702 tardius
2609 4648 2675 4702 ad
2701 4647 2757 4700 id
2791 4646 2942 4716 quod
2967 4646 3128 4715 cupis
3149 4646 3465 4715 pervenire.
3499 4647 3642 4700 Nam

1949 4740 2108 4810 prius
2147 4737 2243 4790 abs
2279 4740 2334 4789 te
2377 4752 2596 4806 quaero,
2627 4739 2822 4788 utrum
2852 4750 3056 4803 corpus
3088 4734 3268 4787 ullum
3297 4738 3464 4804 putes
3499 4751 3642 4801 esse,

1951 4827 2107 4899 quod
2133 4842 2253 4879 non
2281 4841 2383 4894 pro
2436 4823 2606 4877 modo
2641 4838 2744 4877 suo
2789 4822 2996 4875 habeat
3039 4821 3286 4892 aliquam
3325 4821 3644 4891 longitudi-

1949 4930 2104 4979 nem,
2137 4918 2193 4966 et
2237 4911 2616 4976 latitudinem,
2660 4915 2716 4965 et
2746 4909 3108 4964 altitudinem
3128 4911 3156 4964 ?
3187 4913 3252 4965 E.
3285 4910 3466 4974 Quam
3493 4910 3646 4963 dicas

1951 4999 2334 5064 altitudinem,
2363 5014 2482 5052 non
2506 4997 2785 5068 intelligo.
2811 4998 2882 5051 A.
2917 4997 3080 5051 Illam
3111 4997 3237 5052 dico
3267 5014 3380 5068 qua
3403 4996 3648 5051 efﬁcitur

1457 5104 1738 5142 ADHONITIO
1770 5104 1845 5138 PP.
1876 5101 2330 5137 BENBDICTINORUH.

211 5181 345 5230 Huic
362 5178 695 5228 emendando
721 5177 853 5226 libro
875 5175 1095 5225 adhibiti
1116 5178 1242 5224 sunt
1260 5175 1382 5222 Mss.
1407 5171 1681 5221 Sorbonici
1703 5169 1827 5228 duo,
1848 5167 2104 5217 Victorini
2125 5170 2250 5225 tres,
2272 5165 2484 5227 Regius,
2503 5164 2879 5230 Cisterciensis,
2902 5165 3263 5230 Floriacensis,
3282 5162 3647 5230 Michaelinus.

147 5227 519 5303 Re’ﬁﬁ’g’iénsis’
544 5239 895 5303 corbeiensis1
914 5237 1337 5303 Vindgcinensis,
1358 5232 1752 5303 Ebrulphegnsis,
1776 5230 2080 5303 Sqrgiensis,
2100 5230 2401 5303 \fa'ticanus,
2423 5233 2477 5277 et
2502 5228 2836 5290 Vedastinus,
2857 5231 3047 5290 printer
3066 5228 3314 5276 lectiones
3334 5239 3396 5274 ex
3421 5227 3650 5286 quatuor

146 5291 377 5369 belgicis
399 5291 732 5366 depromptas
757 5314 848 5364 per
879 5299 1257 5359 Levanienses;
1288 5291 1499 5347 necnon
1525 5291 1787 5345 editiones
1819 5291 1942 5341 Bad.
1970 5292 2056 5339 Er.
2087 5295 2138 5340 et
2169 5291 2292 5339 Lov.

243 5367 803 5472 Comparavimus
840 5391 1166 5470 prata-ea
1213 5400 1323 5444 eas
1362 5398 1584 5444 omnes
1627 5373 1936 5441 editiones
1982 5369 2170 5436 initio
2223 5372 2798 5437 Betractationum
2848 5375 2916 5435 et
2957 5367 3474 5433 Confessionum
3515 5383 3647 5429 me-

151 5469 476 5542 moratas.
844 5469 848 5470 ⁷
1234 5469 1320 5532 Μ.

209 5567 226 5599 ¹
253 5560 406 5614 Facit
425 5559 582 5623 juxta
609 5558 741 5609 Ven.
764 5557 880 5606 Par.
945 5556 1013 5605 M.
