4064 6392
430 308 562 360 1039

348 459 363 473 ι
423 432 488 500 ut
512 425 786 480 interiora
805 423 1057 494 corporis
1084 423 1423 493 cogitentur,
1445 428 1543 476 aut
1572 423 1744 478 etiam
1766 424 2106 490 sentiantur,

422 515 469 568 si
498 515 753 583 perlucet
781 517 844 566 ut
887 513 1134 577 vitrum;
1163 526 1493 581 quanquam
1523 510 1570 563 si
1612 512 1718 564 hoc
1757 513 1951 565 demas
1979 528 2108 565 cor-

423 602 658 671 poribus
697 597 739 665 ί,
785 605 1064 668 quantum
1112 615 1239 651 mea
1285 598 1479 666 opinio
1520 603 1626 666 est,
1671 615 1856 668 neque
1911 599 2112 652 sentiri

424 692 685 758 possunt,
710 703 895 756 neque
919 686 1151 739 omnino
1173 701 1415 754 corpora
1443 702 1562 738 esse
1592 691 1742 740 recte
1773 686 2105 740 existimari.

427 775 568 828 Hinc
596 774 738 828 mihi
783 775 906 827 volo
949 771 1168 842 aperias
1212 771 1351 842 quid
1393 777 1456 826 tu
1500 774 1726 827 sentias.
1775 777 1838 828 E.
1873 775 2110 827 Prorsus

425 879 541 916 non
589 862 786 916 dubito
826 877 1067 930 corpora
1098 860 1292 914 omnia
1319 861 1408 914 his
1443 877 1634 914 carere
1673 877 1788 914 non
1813 877 1997 931 posse.
2034 863 2106 915 Α.

425 949 572 1014 Quid
605 949 746 1003 illud
766 950 794 1001 ‘?
839 953 998 1018 potes
1027 948 1276 1017 cogitare
1307 947 1412 1002 ista
1451 948 1559 1002 tria
1589 965 1703 1002 non
1733 965 1854 1002 esse
1897 949 2009 1002 nisi
2049 949 2110 1002 in

426 1037 760 1107 corporibus
779 1038 808 1090 ?
838 1039 900 1090 E.
930 1038 1053 1090 Non
1082 1036 1340 1106 intelligo
1362 1037 1648 1106 quomodo
1678 1037 1813 1090 alibi
1843 1053 1962 1090 esse
1985 1053 2112 1106 pos-

424 1124 557 1180 sint.
598 1125 671 1178 A.
722 1125 865 1194 Ergo
911 1124 1163 1177 animam
1193 1140 1309 1178 non
1353 1130 1521 1194 putas
1567 1141 1686 1177 esse
1735 1125 1888 1179 aliud
1936 1141 2110 1195 quam

425 1214 677 1283 corpus?
708 1215 774 1266 E.
807 1212 865 1266 Si
893 1212 1065 1265 etiam
1094 1217 1327 1266 ventum
1357 1229 1564 1282 corpus
1593 1229 1714 1266 esse
1742 1212 2107 1279 conﬁtemur,

427 1316 635 1370 negare
664 1315 782 1353 non
805 1315 1035 1368 possum
1064 1315 1268 1368 corpus
1292 1300 1434 1354 mihi
1464 1300 1717 1353 animam
1742 1300 1947 1355 videri:
1978 1317 2110 1354 nam

425 1389 536 1442 tale
573 1387 785 1458 aliquid
814 1404 940 1440 eam
969 1404 1086 1440 esse
1125 1387 1332 1456 cogito.
1371 1389 1442 1442 A.
1476 1389 1689 1458 Corpus
1718 1388 1948 1458 quidem
1976 1405 2110 1442 ven-

425 1481 549 1530 tum
573 1492 694 1529 esse
723 1481 839 1529 tam
868 1475 1140 1540 concedo,
1173 1491 1347 1544 quam
1375 1475 1422 1528 si
1447 1492 1539 1528 me
1570 1476 1637 1529 de
1659 1476 1838 1529 ﬂuctu
1865 1476 2109 1529 interro-

425 1579 606 1633 gares.
631 1563 773 1616 Nam
795 1561 936 1615 nihil
965 1562 1120 1616 aliud
1149 1578 1322 1632 quam
1343 1563 1514 1616 istum
1544 1579 1733 1616 aerem
1763 1568 2111 1616 commotum

424 1667 488 1704 ac
527 1650 805 1720 agitatum
854 1655 1087 1703 ventum
1140 1667 1261 1704 esse
1313 1651 1628 1718 sentimus;
1678 1652 1830 1722 quod
1880 1651 1941 1704 in
1985 1652 2109 1704 loco

424 1737 913 1807 tranquillissimo,
947 1743 1004 1791 et
1033 1737 1101 1790 ab
1133 1737 1400 1792 omnibus
1427 1739 1604 1792 ventis
1633 1739 1989 1808 quietissimo
2025 1739 2108 1792 vel

423 1825 580 1879 brevi
622 1824 846 1877 ﬂabello
895 1825 1199 1894 approbari
1241 1829 1447 1895 potest,
1499 1842 1612 1895 quo
1666 1825 1838 1879 etiam
1888 1842 2111 1880 muscas

422 1913 714 1983 abigentes
759 1927 952 1965 aerem
988 1927 1429 1975 commovemus,
1468 1912 1782 1982 ﬂatumque
1811 1913 2106 1967 sentimus.

423 2001 583 2063 Quod
625 2015 754 2053 cum
797 1999 1050 2052 evenerit
1088 1999 1391 2053 occultiore
1435 2000 1682 2069 quodam
1738 2005 1901 2054 motu
1946 2002 2108 2055 cccle-

423 2088 596 2141 stium
615 2088 702 2141 vel
723 2091 1086 2140 terrenorum
1108 2102 1414 2156 corporum
1435 2104 1538 2157 per
1569 2103 1841 2157 magnum
1862 2089 2111 2158 spatium

420 2175 640 2240 mundi,
674 2178 876 2228 ventus
916 2179 1174 2243 vocatur,
1207 2191 1276 2228 ex
1304 2175 1538 2228 diversis
1568 2176 1824 2244 partibus
1853 2175 1979 2229 coeli
2010 2193 2112 2230 no-

422 2264 577 2317 mina
606 2262 779 2315 etiam
826 2263 1047 2316 diversa
1090 2263 1342 2316 sortitus.
1374 2267 1462 2316 An
1489 2263 1592 2317 tibi
1631 2263 1797 2317 aliter
1840 2264 2113 2319 videtur?

420 2354 486 2404 E.
520 2349 655 2404 Mihi
694 2365 828 2403 vero
876 2349 1043 2416 nihil,
1087 2355 1143 2404 et
1185 2350 1478 2420 probabile
1526 2367 1646 2404 esse
1690 2351 1904 2421 accipio
1956 2353 2110 2422 quod

421 2438 596 2491 dicis:
629 2438 726 2491 sed
771 2453 876 2507 ego
919 2439 1172 2492 animam
1211 2455 1327 2492 non
1355 2439 1546 2507 ipsum
1575 2444 1826 2502 ventum,
1859 2441 1957 2494 sed
1999 2441 2110 2494 tale

423 2525 636 2596 aliquid
682 2541 802 2578 esse
847 2526 982 2579 dixi.
1023 2528 1093 2579 A.
1144 2527 1241 2579 Dic
1283 2525 1425 2579 mihi
1474 2526 1655 2595 prius,
1691 2530 1886 2580 utrum
1918 2527 2110 2596 ipsum

421 2619 653 2668 ventum
683 2615 841 2685 cujus
866 2615 1221 2668 mentionem
1249 2614 1451 2679 fecisti,
1474 2614 1684 2667 habere
1715 2614 1968 2684 aliquam
1990 2617 2111 2669 lon-

422 2702 761 2773 gitudinem,
791 2702 1148 2756 latitudinem
1171 2708 1228 2755 et
1249 2701 1612 2755 altitudinem
1635 2703 1863 2756 sentias.
1897 2705 2110 2758 Deinde

422 2790 743 2843 videbimus
769 2795 962 2842 utrum
986 2791 1097 2843 tale
1127 2789 1347 2858 aliquid
1375 2790 1568 2843 anima
1595 2789 1687 2856 sit,
1718 2795 1782 2843 ut
1806 2791 1911 2844 hoc
1935 2793 2108 2846 modo

423 2876 595 2930 etiam
627 2882 837 2947 quanta
881 2877 971 2939 sit,
1016 2877 1360 2946 investigare
1388 2878 1687 2948 possimus.
1723 2882 1788 2932 E.
1827 2879 1973 2942 Quid
2003 2881 2110 2934 hoc

422 2981 549 3018 aere
581 2965 824 3034 longius,
857 2969 913 3018 et
944 2964 1135 3026 latius,
1161 2969 1218 3017 et
1247 2965 1416 3018 altius
1435 2966 1598 3019 facile
1627 2966 1870 3020 inveniri
1903 2973 2108 3037 potest,

421 3069 593 3123 quem
622 3057 973 3106 commotum
1001 3057 1232 3106 ventum
1253 3069 1372 3107 esse
1403 3071 1557 3108 nunc
1587 3053 1687 3108 abs
1714 3061 1767 3108 te
1799 3055 1943 3108 mihi
1974 3073 2109 3125 per-

421 3156 653 3195 suasum
687 3145 771 3192 est
787 3141 816 3192 ?

755 3226 980 3279 CAPUT
1009 3226 1071 3279 V.
1098 3255 1167 3266 —
1192 3227 1423 3294 Inﬁnita
1451 3230 1644 3283 anim
1665 3232 1768 3282 vis.

487 3321 541 3369 7.
576 3316 648 3369 A.
682 3316 850 3367 Recte
875 3313 1038 3367 dicis:
1090 3315 1188 3368 sed
1217 3315 1632 3386 numquidnam
1671 3317 1921 3370 animam
1949 3321 2109 3371 tuam

420 3407 582 3474 putas
611 3418 730 3455 esse
760 3400 868 3453 nisi
887 3400 948 3454 in
978 3417 1216 3470 corpore
1245 3405 1384 3455 tuo?
1412 3405 1477 3456 E.
1504 3405 1586 3456 Ita
1615 3407 1774 3472 puto.
1808 3406 1878 3458 Α.
1905 3405 2109 3458 Intrin-

417 3507 574 3545 secus
619 3493 862 3554 tantum,
895 3493 957 3541 ut
997 3493 1272 3558 tanquam
1315 3493 1499 3543 utrem
1533 3490 1839 3560 impleat‘:
1872 3509 1945 3546 an
1974 3498 2103 3546 tan-

419 3583 541 3631 tum
570 3577 901 3642 forinsecus,
933 3577 1087 3630 velut
1129 3576 1458 3643 tectorium;
1489 3594 1564 3630 an
1595 3583 1650 3631 et
1676 3578 2020 3634 intrinsecus
2050 3587 2108 3635 et

419 3666 764 3721 extrinsecus
793 3681 917 3718 eam
948 3680 1067 3718 esse
1113 3664 1402 3718 arbitraris
1421 3667 1450 3719 ?
1492 3669 1558 3720 E.
1594 3667 1706 3720 Hoc
1739 3668 1921 3722 sentio
1952 3671 2107 3739 quod

419 3754 686 3807 ultimum
718 3751 1027 3823 requisisti.
1068 3753 1210 3805 Nam
1240 3751 1350 3806 nisi
1390 3759 1536 3807 esset
1565 3754 1926 3825 intrinsecus,
1963 3757 2106 3811 nihil

421 3843 479 3896 in
506 3841 812 3896 visceribus
848 3839 1057 3894 nostris
1102 3840 1268 3894 vitale
1315 3840 1656 3909 haberetur;
1689 3843 1799 3896 nisi
1838 3849 1984 3898 esset
2012 3861 2104 3898 ex-

421 3930 715 3996 trinsecus,
749 3945 868 3982 non
906 3929 1080 3982 etiam
1121 3927 1183 3981 in
1229 3934 1355 3982 cute
1401 3929 1600 3982 leviter
1643 3931 1867 4000 possit’
1896 3933 2104 3986 sentire

415 4024 785 4089 pungentem.
815 4020 890 4070 Α.
921 4015 1070 4079 Quid
1099 4032 1234 4086 ergo
1273 4016 1518 4086 amplius
1547 4019 1754 4088 quaeris
1785 4024 1998 4090 quanta
2035 4021 2107 4075 sit

416 4108 624 4176 anima,
657 4123 787 4161 cum
829 4105 1018 4158 videas
1047 4120 1164 4156 esse
1192 4108 1409 4158 tantam
1439 4110 1715 4174 quantam
1756 4107 1881 4176 ipsa
1923 4110 2106 4179 spatia

419 4195 672 4266 corporis
713 4192 1058 4263 patiuntur?
1084 4193 1151 4244 E.
1185 4190 1242 4243 Si
1283 4191 1392 4244 hoc
1419 4192 1563 4245 ratio
1595 4193 1777 4258 docet,
1810 4194 1952 4249 nihil
1981 4213 2104 4250 am-

416 4285 567 4354 plius
610 4281 861 4351 requiro.
903 4281 976 4333 A.
1023 4280 1194 4332 Recte
1222 4278 1358 4331 facis
1399 4279 1544 4332 nihil
1573 4296 1830 4350 quaerere
1859 4284 2105 4352 amplius

417 4387 591 4441 quam
635 4370 797 4423 docet
823 4367 989 4420 ratio.
1035 4366 1144 4420 Sed
1187 4365 1307 4419 haec
1349 4367 1494 4420 ratio
1541 4368 1834 4422 videturne
1870 4371 1976 4424 tibi
2006 4372 2102 4425 tir-

417 4457 801 4512 missima?E.
829 4454 1066 4518 Quando
1099 4453 1269 4507 aliam
1300 4469 1415 4508 non
1439 4455 1687 4521 invenio,
1723 4457 1956 4513 videtur.
1989 4461 2102 4515 Suo

416 4545 572 4599 enim
601 4546 720 4612 loco
759 4558 1034 4613 quaeram,
1067 4541 1221 4611 quod
1255 4557 1343 4595 me
1381 4543 1628 4595 multum
1657 4549 1864 4611 movet,
1909 4552 2098 4602 utrum

415 4633 535 4685 haec
577 4632 762 4701 figura
791 4629 990 4683 eadem
1036 4633 1265 4682 maneat
1308 4644 1438 4682 cum
1480 4646 1715 4700 corpore
1758 4633 2098 4687 excesserit:

413 4735 547 4772 nam
577 4719 684 4771 hoc
721 4717 868 4770 inter
897 4716 1251 4770 discutienda
1278 4717 1544 4771 ultimum
1573 4735 1665 4772 me
1697 4720 1949 4788 posuisse
1981 4737 2098 4776 mc-

414 4805 575 4860 mini.
608 4805 717 4859 Sed
763 4803 1035 4874 quoniam
1082 4804 1150 4858 de
1180 4819 1420 4858 numero
1464 4806 1788 4861 animarum
1817 4825 2093 4880 quaerere,

413 4895 481 4948 ad
507 4893 882 4964 quantitatem
921 4893 1062 4946 mihi
1093 4893 1314 4946 videtur
1349 4894 1659 4962 pertinere,
1694 4913 1808 4950 non
1839 4914 1958 4951 esse
1991 4899 2097 4952 hoc

409 4984 533 5036 loco
562 4981 1022 5052 praetereundum
1053 4980 1330 5035 existimo.
1359 4985 1428 5036 A.
1472 4983 1595 5037 Non
1624 4983 1939 5055 incongrue
1971 4987 2094 5040 exi-

410 5071 623 5137 stimas,
656 5071 751 5124 sed
789 5069 947 5140 prius
979 5070 1048 5124 de
1085 5069 1269 5139 spatio
1295 5072 1418 5142 ejus
1449 5073 1601 5143 quod
1631 5090 1723 5128 me
1754 5075 1940 5129 adhuc
1969 5093 2097 5130 mo-

407 5165 516 5227 vet,
548 5159 915 5229 explicemus,
957 5159 1003 5212 si
1049 5160 1254 5228 placet,
1296 5165 1358 5214 ut
1402 5161 1574 5215 etiam
1611 5179 1718 5233 ego
1763 5163 1975 5234 aliquid
2006 5164 2091 5218 di-

468 5332 483 5394 _1
502 5330 674 5394 iquta
701 5330 847 5388 Lov.,
883 5341 1048 5391 quam
1076 5331 1118 5378 .ςί
1146 5329 1326 5379 demas
1344 5331 1680 5394 corporibus.
1748 5334 1815 5381 Μ.

459 5391 480 5426 ²
501 5392 651 5450 Edd.,
676 5394 737 5441 ut
762 5395 1034 5454 tamquam
1058 5405 1196 5454 aqua
1223 5398 1397 5443 utrem
1412 5391 1643 5456 iinpleat.
1660 5395 1726 5443 At
1749 5409 1780 5443 θ.
1798 5395 1919 5444 Mss.
1946 5395 2091 5446 abest

402 5467 704 5568 Milug’ossis.
726 5515 878 5577 juxta
907 5515 988 5563 Er.
1023 5516 1151 5564 Ven.
1187 5517 1308 5565 Lov.
1376 5518 1442 5566 Μ.

1477 303 1570 357 DE
1607 302 2065 382 QUANTITATE
2105 301 2375 366 ANIM/E,
2420 300 2471 355 S.
2516 298 2900 356 AUGUSTINI

3783 301 3921 352 1040

2221 437 2394 489 scam,
2439 421 2487 474 si
2533 420 2636 474 tibi
2672 421 2791 489 jam
2835 417 3180 472 satisfactum
3220 422 3324 472 est.
3355 421 3423 474 E.
3457 418 3658 482 Quaere
3697 424 3766 472 ut
3796 419 3922 486 vis;

2220 526 2354 564 nam
2387 514 2486 562 tua
2514 509 2623 562 ista
2649 508 2914 561 simulata
2943 507 3246 570 dubitatio,
3279 507 3539 560 dubitare
3568 523 3659 561 me
3689 506 3923 560 verissi-

2220 615 2312 651 me
2342 598 2476 652 facit
2524 597 2594 650 de
2636 598 2745 650 hoc
2774 597 2898 667 ipso
2939 595 3091 666 quod
3114 596 3238 665 jam
3265 599 3564 665 peractum
3607 611 3731 648 esse
3769 610 3922 664 prae-

2223 699 2602 755 sumpseram.

2291 775 2342 826 8.
2368 773 2442 826 A.
2476 772 2573 826 Dic
2593 771 2755 836 mihi,
2785 786 2978 840 quaeso
3007 775 3083 836 te,
3119 775 3312 824 utrum
3337 786 3404 824 ea
3433 786 3563 839 quae
3594 771 3921 840 appellatur

2220 860 2520 926 memoria,
2547 876 2662 913 non
2692 859 2798 913 tibi
2823 875 3035 912 nomen
3063 859 3233 912 inane
3263 859 3544 912 videatur.
3573 862 3642 913 E.
3677 858 3782 912 Cui
3812 859 3924 912 hoc

2218 948 2399 1003 videri
2423 953 2606 1018 potest
2624 951 2653 1003 ?
2679 948 2751 1002 Α.
2782 947 3002 1002 Animae
3029 947 3176 1000 hanc
3201 963 3322 1002 esse
3351 947 3665 1011 arbitraris,
3698 963 3770 999 an
3795 963 3923 1000 cor-

2219 1037 2372 1107 poris
2389 1038 2418 1090 ‘P
2445 1039 2510 1091 E.
2541 1037 2607 1090 Et
2632 1035 2766 1089 hinc
2792 1036 3051 1090 dubitare
3073 1035 3382 1090 ridiculum
3405 1041 3510 1090 est.
3541 1036 3689 1099 Quid
3708 1035 3868 1088 enim
3889 1037 3918 1088 ?

2219 1124 2475 1178 exanime
2505 1139 2710 1193 corpus
2740 1123 3066 1176 meminisse
3094 1122 3310 1193 aliquid
3335 1123 3509 1189 credi,
3546 1128 3644 1177 aut
3670 1123 3920 1193 intelligi

2217 1213 2454 1282 potest?
2480 1212 2551 1264 A.
2581 1210 2959 1265 Meministine
2991 1211 3220 1264 tandem
3249 1211 3404 1265 urbis
3435 1211 3873 1266 Mediolanensis
3891 1214 3920 1266 ?

2218 1302 2284 1354 E.
2311 1299 2479 1353 Valde
2510 1298 2766 1352 memini.
2801 1300 2873 1352 Α.
2910 1299 3069 1351 Nunc
3098 1314 3234 1368 ergo
3260 1299 3397 1368 quia
3423 1299 3546 1368 ejus
3571 1298 3721 1352 facta
3746 1315 3912 1352 men-

2219 1387 2299 1440 tio
2329 1392 2430 1451 est,
2466 1386 2779 1440 recordaris
2809 1391 3023 1456 quanta
3053 1391 3111 1439 et
3151 1387 3336 1456 qualis
3365 1386 3484 1440 sit?
3529 1390 3594 1441 E.
3631 1388 3923 1442 Recordor

2219 1491 2374 1540 sane,
2402 1489 2465 1527 ac
2485 1473 2628 1527 nihil
2652 1473 2934 1526 recentius
2960 1479 3132 1542 atque
3153 1473 3430 1542 integrius
3451 1474 3478 1526 ?
3497 1474 3570 1528 A.
3601 1475 3760 1528 Nunc
3781 1490 3920 1544 ergo

2221 1578 2351 1616 cum
2381 1561 2557 1614 oculis
2587 1577 2713 1614 eam
2745 1576 2863 1614 non
2909 1560 3120 1622 videas,
3155 1561 3346 1614 animo
3375 1561 3552 1615 vides.
3583 1564 3648 1616 E.
3689 1562 3771 1615 Ita
3800 1568 3910 1615 est.

2221 1653 2294 1705 A.
2329 1648 2652 1714 Meministi,
2702 1649 3108 1715 credo‘etiam,
3150 1655 3365 1718 quanto
3407 1650 3587 1720 spatio
3631 1654 3919 1703 terrarum

2223 1754 2372 1792 nunc
2401 1755 2434 1791 a
2463 1736 2626 1790 nobis
2653 1738 2819 1806 longe
2843 1737 3006 1790 absit.
3033 1739 3096 1790 E.
3133 1738 3214 1790 Ita
3234 1742 3290 1789 et
3310 1739 3419 1791 hoc
3442 1737 3697 1791 memini.
3727 1740 3801 1792 Α.
3835 1737 3922 1792 Vi-

2221 1826 2319 1879 des
2337 1825 2529 1895 itaque
2555 1824 2746 1878 animo
2778 1824 2949 1878 etiam
2973 1825 3156 1893 ipsam
3185 1826 3440 1878 locorum
3462 1825 3812 1879 distantiam.
3848 1828 3916 1879 E.

2221 1912 2416 1966 Video.
2459 1915 2530 1966 A.
2566 1913 2705 1966 Cum
2749 1912 2925 1981 igitur
2965 1912 3158 1965 anima
3197 1917 3295 1965 tua
3324 1913 3415 1965 hic
3461 1912 3534 1965 sit
3561 1912 3661 1966 ubi
3687 1928 3918 1982 corpus,

2220 2016 2325 2054 nec
2353 2002 2501 2054 ultra
2544 2000 2789 2068 spatium
2835 1999 2956 2069 ejus
3001 1999 3344 2069 porrigatur,
3375 2004 3439 2052 ut
3479 2001 3743 2070 superior
3771 2000 3919 2053 ratio

2220 2087 2658 2147 demonstrabat,
2708 2087 2859 2140 unde
2890 2087 2955 2140 tit
2984 2092 3050 2140 ut
3093 2086 3190 2140 illa
3219 2087 3414 2140 omnia
3450 2087 3684 2141 videat?
3711 2090 3776 2142 E.
3812 2089 3922 2141 Per

2221 2175 2560 2228 memoriam
2589 2174 2698 2227 hoc
2729 2173 2852 2227 tieri
2871 2179 3029 2243 puto,
3059 2190 3175 2227 non
3196 2175 3352 2244 quod
3382 2174 3493 2227 illis
3517 2175 3655 2228 locis
3679 2174 3750 2228 sit
3774 2191 3921 2244 prae-

2221 2279 2368 2316 sens.
2417 2265 2486 2316 A.
2537 2262 2821 2331 Imagines
2879 2277 3012 2331 ergo
3057 2262 3287 2315 illorum
3330 2263 3586 2316 locorum
3639 2263 3922 2316 memoria

2222 2350 2604 2404 continentur.
2639 2352 2703 2403 E.
2734 2351 2816 2403 Ita
2843 2350 3024 2404 sentio
3047 2369 3062 2416 ;
3091 2365 3222 2402 nam
3252 2355 3307 2403 et
3333 2350 3474 2420 quid
3499 2350 3579 2402 ibi
3607 2366 3760 2404 nunc
3780 2367 3920 2421 aga—

2221 2441 2315 2489 tur
2351 2437 2586 2505 ignoro;
2620 2437 2774 2506 quod
2820 2437 3017 2506 utique
3065 2453 3182 2490 non
3228 2437 3573 2508 ignorarem,
3607 2439 3654 2492 si
3691 2439 3920 2492 animus

2221 2540 2382 2577 meus
2426 2540 2608 2594 usque
2653 2524 2727 2577 ad
2773 2541 2840 2577 ea
2878 2525 3003 2578 loca
3043 2525 3455 2595 porrigeretur,
3495 2528 3920 2598 praesentiaque

2220 2612 2472 2665 sentiret.
2518 2614 2589 2665 A.
2641 2612 2850 2665 Verum
2898 2612 3039 2666 mihi
3081 2613 3292 2666 videris
3342 2614 3570 2668 dicere:
3621 2615 3722 2669 sed
3766 2622 3918 2669 certe

2219 2699 2342 2752 istae
2381 2699 2663 2769 imagines
2709 2715 3016 2769 corporum
3059 2705 3209 2753 sunt.
3260 2704 3326 2755 E.
3385 2703 3470 2755 Ita
3518 2719 3745 2757 necesse
3785 2710 3914 2759 est:

2218 2804 2337 2840 non
2367 2788 2522 2840 enim
2553 2787 2705 2842 aliud
2734 2793 2865 2842 sunt
2908 2790 3074 2842 urbes
3101 2794 3408 2860 terraeque,
3449 2807 3622 2861 quam
3653 2807 3917 2861 corpora.

2291 2879 2343 2928 9.
2374 2878 2448 2928 Α.
2507 2877 2887 2945 Nunquamne
2934 2876 3175 2930 intuitus
3215 2893 3275 2930 es
3312 2893 3488 2946 parva
3535 2879 3786 2948 specilla,
3818 2886 3921 2934 aut

2219 2979 2514 3033 nunquam
2543 2963 2602 3016 in
2633 2963 2852 3033 pupilla
2884 2965 3033 3018 oculi
3064 2964 3234 3018 alieni
3263 2965 3466 3019 faciem
3495 2971 3652 3019 tuam
3684 2967 3921 3022 vidisti?

2220 3054 2284 3105 E.
2313 3052 2434 3104 Imo
2473 3067 2642 3120 saepe.
2675 3053 2748 3107 A.
2784 3054 2895 3107 Cur
2940 3054 3120 3106 multo
3162 3053 3386 3106 brevior
3416 3070 3588 3123 quam
3623 3061 3708 3108 est
3735 3071 3917 3126 appa-

2219 3141 2350 3192 ret?
2395 3142 2460 3194 E.
2494 3139 2638 3202 Quid
2691 3140 2848 3193 enim
2878 3143 3049 3193 velles
3089 3140 3244 3194 aliud
3274 3157 3446 3212 quam
3487 3147 3548 3196 ut
3589 3159 3695 3212 pro
3745 3147 3920 3199 modo

2217 3226 2433 3295 speculi
2465 3227 2750 3281 videretur
2771 3229 2800 3281 ‘P
2829 3229 2902 3302 A.
2935 3230 3170 3282 Necesse
3201 3234 3286 3283 est
3312 3246 3448 3299 ergo
3480 3231 3761 3301 imagines
3787 3250 3916 3287 cor-

2217 3329 2441 3383 porum,
2475 3314 2520 3366 si
2566 3331 2740 3384 parva
2790 3321 2924 3370 sunt
2971 3333 3210 3387 corpora
3255 3317 3316 3371 in
3353 3318 3561 3388 quibus
3611 3329 3916 3390 apparent,

2216 3417 2417 3470 parvas
2463 3419 2756 3472 apparere.
2789 3406 2854 3458 E.
2901 3406 3137 3458 Necesse
3185 3405 3438 3460 omnino.
3487 3408 3559 3461 A.
3612 3409 3724 3463 Cur
3752 3425 3916 3480 ergo,

2217 3505 2348 3542 cum
2377 3494 2492 3542 tam
2519 3506 2692 3560 parvo
2721 3491 2900 3561 spatio
2929 3493 3000 3546 sit
3027 3494 3219 3547 anima
3239 3511 3412 3564 quam
3433 3511 3636 3566 corpus
3662 3503 3746 3551 cst
3765 3500 3917 3568 ejus,

2217 3582 2335 3630 tam
2364 3593 2586 3642 magnae
2608 3578 2668 3631 in
2695 3596 2762 3632 ea
2790 3585 3031 3649 possunt
3053 3582 3296 3650 exprimi
3320 3582 3617 3654 imagines,
3649 3591 3714 3639 ut
3733 3593 3790 3640 et
3817 3603 3922 3642 ur-

2217 3664 2334 3731 bes,
2383 3671 2440 3719 et
2468 3666 2703 3721 latitudo
2748 3672 3053 3736 terrarum,
3102 3675 3158 3723 et
3207 3688 3452 3742 quaeque
3501 3672 3611 3726 alia
3652 3673 3921 3743 ingentia

2216 3753 2369 3822 apud
2395 3769 2452 3806 se
2495 3755 2669 3824 possit
2706 3756 3052 3826 imaginari?
3105 3759 3242 3812 Volo
3292 3760 3446 3814 enim
3481 3760 3693 3831 cogitas
3736 3765 3919 3832 paulo

2217 3840 2558 3910 diligentius,
2599 3849 2813 3913 quanta
2861 3849 2917 3898 et
2963 3863 3137 3916 quam
3185 3849 3364 3902 multa
3400 3851 3677 3903 memoria
3716 3857 3920 3908 nostra

2216 3928 2519 3995 contineat,
2555 3946 2684 4000 quae
2734 3932 2932 4002 utique
2981 3934 3171 3988 anima
3199 3935 3582 3990 continentur.
3622 3937 3729 4000 Qui
3771 3955 3917 4011 ergo

2215 4015 2424 4069 fundus
2452 4022 2555 4082 est,
2585 4018 2685 4087 qui
2708 4018 2885 4085 sinus,
2910 4037 3038 4090 quae
3058 4022 3414 4076 immensitas
3435 4040 3562 4093 quae
3580 4025 3767 4093 possit
3786 4028 3917 4083 haec

2215 4120 2437 4173 capere,
2479 4121 2609 4158 cum
2637 4111 2694 4160 et
2735 4123 2861 4160 eam
2893 4113 3110 4164 tantam
3134 4117 3414 4181 quantum
3459 4129 3664 4182 corpus
3694 4120 3782 4168 est
3812 4133 3912 4169 su-

2214 4191 2406 4260 perior
2457 4193 2602 4246 ratio
2643 4195 2901 4248 docuisse
2930 4197 3230 4252 videatur?
3257 4202 3321 4253 E.
3357 4201 3479 4254 Non
3507 4201 3734 4254 invenio
3765 4204 3912 4274 quid

2185 4281 2609 4350 .respondeam,
2661 4299 2766 4337 nec
2813 4285 2948 4338 satis
2996 4286 3277 4356 explicare
3321 4304 3573 4357 possum,
3623 4297 3912 4360 quantum

2215 4383 2306 4420 me
2334 4367 2441 4421 ista
2487 4374 2788 4424 moveant:
2829 4375 2887 4425 et
2934 4375 3181 4426 multum
3217 4390 3308 4428 me
3347 4374 3468 4443 ipse
3509 4376 3760 4445 derideo,
3805 4382 3913 4450 qui

2214 4455 2494 4524 superiori
2542 4458 2751 4512 rationi
2794 4464 2913 4512 tam
2958 4460 3068 4514 cito
3108 4478 3524 4529 consenseram,
3575 4469 3638 4516 ut
3682 4481 3748 4520 ex
3795 4469 3912 4523 isto

2211 4544 2463 4612 corporis
2493 4546 2665 4600 modo
2705 4552 2917 4617 quanta
2946 4548 3017 4601 sit
3046 4549 3234 4602 anima
3265 4550 3654 4604 terminarem.
3687 4558 3738 4608 A
3776 4557 3908 4613 Non

2212 4648 2346 4702 ergo
2370 4634 2492 4703 jam
2523 4635 2629 4688 tibi
2654 4636 2764 4688 tale
2797 4636 3012 4705 aliquid
3043 4636 3283 4702 videtur,
3317 4638 3500 4707 qualis
3536 4644 3738 4695 ventus
3771 4647 3910 4700 est?

2210 4723 2274 4774 E.
2325 4722 2490 4775 Nullo
2536 4723 2745 4778 modo:
2791 4740 2923 4777 nam
2955 4723 3176 4776 etiamsi
3222 4741 3319 4778 aer
3369 4726 3476 4780 iste
3524 4729 3688 4798 cujus
3737 4736 3904 4802 quasi

2209 4809 2446 4862 ﬂuctum
2476 4815 2706 4864 ventum
2729 4827 2847 4864 esse
2873 4810 3245 4880 probabiliter
3269 4813 3543 4876 creditur,
3567 4817 3905 4876 universum

2206 4895 2379 4949 istum
2421 4898 2703 4950 mundum
2749 4897 2928 4966 possit
2971 4896 3230 4966 implere,
3273 4900 3719 4959 innumerabiles
3757 4909 3903 4964 tales

2205 4987 2507 5054 tantosque
2561 4985 2810 5038 mundos
2859 5001 3052 5038 secum
3089 4986 3282 5042 anima
3331 4990 3638 5062 imaginari
3688 5002 3896 5068 potest,

2206 5087 2345 5141 quas
2370 5072 2646 5142 imagines
2671 5089 2783 5142 quo
2806 5072 2987 5141 spatio
3017 5076 3305 5131 contineat
3333 5081 3607 5150 suspicari
3633 5100 3746 5136 non
3767 5102 3896 5155 pos—

2204 5175 2350 5213 sum.
2381 5162 2455 5214 A.
2487 5160 2622 5213 Vide
2662 5175 2797 5230 ergo
2830 5177 2900 5214 ne
2930 5163 3133 5217 melius
3162 5165 3236 5220 sit
3264 5183 3388 5220 eam
3418 5171 3670 5236 credere,
3705 5178 3768 5226 ut
3795 5176 3890 5227 su-

2201 5247 2393 5317 perius
2441 5247 2713 5314 dixeram,
2762 5265 2865 5302 nec
2896 5250 3149 5321 longam,
3182 5269 3285 5307 nec
3316 5257 3508 5324 latam,
3558 5275 3660 5312 nec
3691 5260 3887 5330 altam,

2202 5334 2345 5388 sicut
2373 5334 2515 5388 mihi
2559 5336 2627 5390 de
2660 5337 2880 5406 justitia
2910 5355 3284 5397 concesseras.
3329 5346 3394 5398 E.
3431 5347 3613 5401 Facile
3645 5352 3886 5405 assenti-

2201 5438 2342 5489 rem,
2367 5423 2476 5476 nisi
2497 5441 2587 5478 me
2615 5426 2741 5496 plus
2767 5430 3149 5498 conturbaret,
3184 5449 3296 5502 quo
3324 5450 3550 5489 rursum
3576 5442 3740 5507 pacto
3766 5444 3891 5496 tan-

2201 5514 2392 5568 torum
2413 5512 2728 5584 spatiorum
2746 5515 3026 5588 imagines
3053 5519 3497 5598 innumerabiles
3526 5525 3682 5581 nulla
3702 5544 3804 5584 sua
3830 5548 3886 5585 e-
