4064 6348
150 313 286 364 ’1041

147 429 544 502 longitudine,
575 435 632 484 et
657 431 976 497 latitudine,
1009 437 1066 486 et
1092 433 1392 487 altitudine
1413 449 1615 503 capere
1643 434 1844 504 possit.

357 520 583 573 CAPUT
615 520 703 572 IV.
735 545 805 556 —
829 521 1132 586 Longitudo
1161 537 1306 575 mera
1339 526 1387 575 et
1413 524 1664 590 simplex.

230 610 317 660 10.
354 609 426 660 Α.
459 607 819 662 Inveniemus
856 608 964 662 hoc
1005 609 1240 662 fortasse
1284 615 1565 680 quantum
1620 611 1771 677 licet,
1807 609 1855 663 si

150 693 319 763 prius
344 694 649 763 diligenter
677 695 1048 749 discutiamus
1076 697 1198 750 haec
1224 698 1352 762 tria,
1399 697 1455 750 id
1495 703 1579 752 est
1607 699 1854 767 longitu-

151 782 376 860 dinem,
432 783 818 849 latitudinem,
863 788 920 837 et
966 784 1351 840 altitudinem.
1411 787 1607 856 Itaque
1639 786 1854 840 enitere

149 870 408 940 cogitare
437 870 878 940 longitudinem,
895 888 1023 942 qum
1037 873 1218 926 adhuc
1245 873 1462 927 nullam
1488 875 1852 928 latitudinem

148 958 550 1028 assumpserit.
582 958 657 1012 Ε.
688 959 836 1012 Nihil
861 975 1094 1028 possum
1141 961 1251 1014 tale
1297 961 1546 1032 cogitare
1579 978 1591 1015 :
1619 962 1666 1015 si
1698 963 1852 1016 enim

152 1046 323 1099 ﬁlum
353 1062 576 1100 araneas
600 1046 658 1099 in
689 1047 880 1100 animo
911 1047 1278 1113 constituero,
1326 1065 1441 1120 quo
1467 1050 1612 1103 nihil
1651 1050 1854 1104 exilius

153 1135 412 1187 solemus
440 1135 650 1200 videre,
678 1135 923 1188 occurrit
958 1136 1100 1188 mihi
1127 1137 1295 1189 etiam
1342 1137 1402 1190 in
1447 1153 1514 1190 eo
1559 1141 1752 1192 tamen
1799 1142 1854 1191 et

154 1223 462 1292 longitudo
492 1238 597 1292 per
625 1239 701 1286 se,
736 1227 794 1276 et
826 1223 1086 1289 latitudo,
1134 1229 1188 1277 et
1224 1225 1462 1278 altitudo
1497 1241 1509 1278 :
1542 1241 1671 1295 quae
1713 1242 1853 1296 qua-

155 1312 494 1380 lescumque
526 1310 656 1373 sint,
691 1326 810 1364 esse
863 1315 1057 1364 tamen
1103 1327 1316 1382 negare
1348 1329 1464 1366 non
1494 1329 1749 1383 possum.
1779 1315 1850 1367 Α.

157 1401 283 1452 Non
335 1414 750 1468 usquequaque
802 1398 1046 1452 absurda
1110 1405 1194 1453 est
1255 1400 1551 1469 responsio
1604 1405 1700 1454 tua
1758 1400 1852 1453 sed

151 1491 307 1540 certe
337 1503 469 1540 cum
490 1487 792 1540 triaistain
805 1502 1027 1540 aranea:
1056 1487 1153 1540 ﬁlo
1183 1503 1302 1541 esse
1330 1487 1624 1557 intelligis,
1645 1487 1854 1541 discer-

153 1573 244 1625 nis
272 1573 416 1632 haec,
452 1577 508 1626 et
547 1572 686 1642 quid
716 1573 865 1626 inter
912 1589 968 1626 se
1001 1573 1266 1627 differant
1302 1574 1495 1627 nosti?
1523 1577 1595 1628 E.
1642 1573 1851 1637 Quidni

149 1661 290 1731 quid
325 1660 589 1714 differant
628 1663 900 1714 nossem?
928 1663 1015 1714 An
1064 1660 1228 1714 aliter
1272 1661 1433 1731 potui
1471 1661 1661 1715 videre
1707 1661 1853 1716 nihil

149 1748 362 1802 horum
393 1749 585 1802 deesse
613 1748 746 1801 huic
776 1748 870 1802 ﬁlo
889 1749 918 1802 ?
945 1749 1017 1802 Α.
1051 1749 1172 1812 Quo
1208 1747 1383 1818 igitur
1405 1747 1700 1802 intellectu
1729 1748 1852 1801 haec

147 1836 484 1902 discrevisti,
516 1836 622 1889 hoc
651 1841 812 1904 potes
836 1835 1026 1903 etiam,
1060 1835 1331 1905 sejunctis
1361 1835 1492 1901 illis,
1524 1837 1703 1888 solam
1724 1835 1852 1888 lon-

149 1925 473 1994 gitudinem
499 1924 769 1994 cogitare,
801 1923 849 1976 si
878 1939 982 1977 nec
1013 1923 1246 1993 aliquod
1265 1939 1471 1992 corpus
1500 1924 1689 1977 volvas
1719 1923 1850 1976 ani-

150 2030 246 2066 mo
281 2030 293 2066 :
323 2029 456 2066 nam
472 2011 1178 2082 quodcumquefuerit,his
1191 2011 1458 2065 omnibus
1485 2027 1600 2064 non
1613 2011 1844 2066 carebit.

149 2105 560 2171 Incorporeum
581 2105 664 2153 est
696 2100 850 2153 enim
873 2101 1027 2169 quod
1058 2105 1114 2153 te
1143 2115 1296 2153 nunc
1319 2098 1636 2168 intelligere
1657 2099 1845 2169 cupio:

149 2206 286 2244 nam
319 2189 440 2242 sola
464 2188 766 2259 longitudo
785 2203 900 2241 non
928 2187 1038 2240 nisi
1067 2185 1312 2256 intelligi
1338 2187 1531 2240 animo
1553 2192 1758 2256 potest,
1788 2187 1848 2242 in

148 2290 388 2344 corpore
422 2273 667 2327 inveniri
698 2289 815 2326 non
844 2277 1046 2342 potest.
1066 2276 1132 2327 E.
1163 2274 1285 2326 Jam
1309 2273 1586 2344 intelligo.
1607 2276 1675 2329 Α.
1704 2276 1847 2344 Ergo

151 2361 320 2414 istam
353 2361 772 2430 longitudinem
815 2361 862 2414 si
910 2361 1074 2430 quasi
1118 2377 1307 2414 secare
1357 2360 1699 2430 cogitatione
1745 2377 1849 2430 per

151 2450 387 2519 longum
414 2449 744 2510 velis,vides
772 2449 1023 2519 profecto
1053 2464 1170 2501 non
1192 2465 1352 2519 posse
1376 2465 1388 2501 :
1422 2465 1555 2501 nam
1579 2449 1626 2501 si
1642 2455 1846 2519 potest,

149 2535 300 2590 inest
328 2536 501 2590 etiam
526 2537 788 2590 latitudo.
816 2539 879 2590 E.
918 2535 1275 2590 Manifestum
1309 2541 1410 2590 est.
1443 2540 1510 2603 A,
1557 2539 1711 2591 Hanc
1739 2537 1846 2607 igi-

150 2628 244 2677 tur
275 2625 700 2694 longitudinem
729 2640 946 2678 meram
979 2628 1035 2678 et
1062 2623 1398 2694 simplicem,
1433 2625 1480 2678 si
1509 2625 1612 2678 tibi
1641 2627 1844 2695 placet,

148 2713 361 2766 lineam
399 2729 666 2766 vocemus
701 2730 712 2766 :
747 2712 852 2766 hoc
892 2712 1044 2765 enim
1093 2712 1327 2766 nomine
1356 2729 1388 2766 a
1421 2713 1603 2767 doctis
1650 2713 1846 2766 multis

148 2801 424 2872 appellari
453 2803 614 2856 solet.
647 2805 720 2857 E.
758 2803 902 2855 Voca
934 2801 1212 2872 quidquid
1245 2802 1366 2855 vis:
1394 2818 1505 2854 non
1537 2801 1689 2854 enim
1705 2799 1845 2854 mihi

147 2890 216 2943 de
246 2890 577 2944 nominibus
598 2890 974 2944 laborandum
1004 2894 1108 2955 est,
1140 2905 1269 2942 cum
1299 2905 1390 2942 res
1421 2894 1617 2958 aperta
1646 2889 1734 2942 sit.

226 2982 308 3034 11,
338 2981 412 3033 Λ.
444 2979 592 3032 Bene
622 2977 778 3044 facis,
827 2983 882 3031 et
923 2993 1042 3030 non
1085 2977 1270 3030 solum
1317 2978 1596 3046 approbo,
1644 2993 1843 3030 verum

148 3065 319 3118 etiam
347 3081 575 3131 moneo,
607 3070 674 3118 ut
698 3081 924 3135 semper
965 3081 1158 3118 rerum
1211 3081 1406 3118 curam
1459 3065 1640 3134 magis
1671 3081 1840 3134 quam

148 3153 454 3206 verborum
478 3158 531 3206 te
563 3153 773 3207 habere
787 3154 1046 3208 delectet.
1062 3153 1171 3208 Sed
1197 3153 1349 3207 linea
1374 3154 1482 3207 ista
1506 3169 1677 3223 quam
1699 3153 1840 3223 jam,

151 3246 212 3294 ut
239 3240 465 3312 opinor,
503 3241 648 3295 bene
676 3241 969 3312 intelligis,
1002 3241 1048 3294 si
1093 3241 1420 3311 porrigatur
1448 3241 1561 3294 sive
1592 3257 1660 3293 ex
1706 3257 1843 3308 una,

149 3330 262 3383 sive
294 3345 358 3382 ex
391 3334 634 3400 utraque
654 3335 832 3398 parte,
859 3345 1032 3400 quam
1052 3329 1114 3382 in
1135 3330 1368 3399 longum
1395 3327 1610 3398 porrigi
1633 3332 1839 3398 potest,

147 3416 332 3470 cernis
352 3417 576 3470 nullum
607 3433 728 3470 esse
759 3416 952 3470 ﬁnem.
997 3418 1086 3469 An
1110 3417 1179 3469 ad
1201 3417 1306 3470 hoc
1335 3416 1839 3486 contemplandum

148 3505 339 3558 minus
362 3505 507 3556 valet
537 3503 683 3556 acies
695 3504 904 3556 mentis
930 3505 1085 3556 tuae?
1105 3506 1168 3557 E.
1196 3503 1560 3572 Contcmplor
1583 3502 1838 3562 omnino,

146 3609 209 3646 ac
239 3591 384 3646 nihil
412 3591 652 3645 facilius.
684 3593 756 3645 Α.
795 3591 958 3670 Υίάθε
989 3607 1123 3660 ergo
1153 3591 1325 3644 etiam
1348 3591 1568 3644 nullam
1599 3590 1843 3659 ﬁguram

145 3697 310 3751 posse
340 3679 485 3744 ﬁeri,
518 3679 562 3732 si
585 3679 729 3733 nihil
755 3678 1122 3748 agaturaliud
1143 3695 1316 3748 quam
1347 3678 1521 3731 utilla
1545 3677 1839 3747 lineapor-

144 3769 383 3838 rigatur'.
416 3771 482 3822 Ε.
514 3768 696 3831 Quam
731 3766 882 3820 dicas
911 3767 1156 3835 ﬁguram
1187 3766 1444 3819 nondum
1475 3765 1751 3832 intelligo.

149 3857 376 3912 CAPUT
407 3857 522 3910 VII.
556 3885 624 3894 —
652 3855 1087 3923 Compendiosior
1114 3859 1164 3907 et
1199 3854 1541 3907 multitudini
1573 3856 1742 3906 tutior
1769 3854 1842 3907 ad

214 3947 461 3998 veritatis
484 3945 878 4013 perceptionem
906 3945 998 3995 via
1021 3958 1122 4011 per
1150 3944 1720 4010 auctoritatem,quam
1742 3958 1840 4011 per

215 4037 497 4087 rationem.

217 4124 290 4176 A.
327 4121 594 4190 Figuram
647 4117 880 4172 interim
936 4134 1092 4184 voco,
1152 4134 1279 4172 cum
1337 4117 1567 4189 aliquod
1596 4117 1842 4189 spatium

148 4211 300 4265 linea
330 4209 565 4263 lineisve
595 4207 970 4273 concluditur,
1003 4211 1276 4278 tanquam
1305 4207 1352 4260 si
1382 4207 1658 4261 circulum
1688 4206 1840 4260 face-

149 4317 260 4364 res,
294 4303 396 4352 aut
424 4302 673 4369 quatuor
705 4296 883 4349 lineas
916 4296 1126 4350 ﬁnibus
1157 4295 1272 4349 suis
1301 4295 1527 4349 sibimet
1544 4295 1839 4365 jungeres,

507 4429 767 4688 Ο
1200 4407 1488 4693 D

150 4753 226 4802 ita
255 4756 315 4803 ut
348 4747 565 4802 nullius
595 4745 724 4800 ﬁnis
752 4745 825 4798 ab
854 4743 1087 4797 alterius
1118 4743 1479 4812 copulatione
1517 4741 1658 4795 liber
1678 4745 1838 4795 esset.

153 4841 212 4892 Ε.
248 4836 394 4900 Quid
429 4836 583 4889 dicas
613 4833 879 4903 ﬁguram,
898 4832 1019 4901 jam
1066 4847 1157 4884 me
1202 4830 1392 4884 videre
1419 4829 1693 4895 arbitror;
1746 4829 1844 4882 sed

149 4925 369 4978 utinam
391 4923 520 4976 tam
551 4922 804 4975 viderem
837 4936 950 4990 quo
972 4919 1080 4972 ista
1096 4918 1353 4985 tendant,
1383 4920 1481 4969 aut
1509 4915 1645 4985 quid
1673 4931 1736 4967 ex
1755 4914 1845 4968 his

155 5014 465 5066 etfecturus
487 5010 586 5075 sis,
616 5015 680 5062 ut
709 5025 815 5079 ego
845 5009 996 5078 quod
1039 5007 1108 5061 de
1137 5007 1329 5060 anima
1361 5004 1613 5074 requiro,
1647 5004 1841 5059 sciam.

226 5103 312 5154 l2.
352 5101 422 5153 A.
464 5101 575 5152 Hoc
603 5097 771 5151 initio
829 5101 884 5149 te
922 5095 1219 5162 admonui,
1251 5099 1308 5147 et
1351 5092 1630 5163 postulavi
1661 5095 1723 5144 ut
1754 5108 1848 5161 pa-

154 5190 364 5243 tienter
390 5187 568 5240 ferres
611 5185 968 5254 aliquantum
1024 5183 1320 5237 circuitum
1363 5187 1641 5245 nostrum,
1694 5179 1844 5250 quod

155 5279 295 5332 item
325 5292 522 5346 qumso
554 5279 619 5326 ut
643 5273 832 5326 facias.
869 5273 992 5325 Non
1024 5272 1161 5324 levis
1193 5287 1281 5324 res
1311 5270 1606 5340 quaeritur,
1629 5285 1742 5322 non
1765 5268 1846 5321 fa-

153 5367 274 5421 cilis
303 5365 376 5417 ad
406 5362 863 5432 cognoscendum
897 5375 1096 5414 :nosse
1122 5359 1274 5413 enim
1326 5359 1432 5412 hoc
1472 5359 1642 5428 plane
1671 5373 1734 5409 ac
1763 5361 1846 5409 te-

154 5471 288 5509 nere
321 5453 610 5516 volumus,
644 5449 690 5502 si
720 5447 846 5503 ﬁeri
871 5449 1076 5518 potest.
1110 5445 1278 5500 Aliud
1300 5451 1383 5499 est
1411 5446 1566 5499 enim
1590 5460 1719 5498 cum
1751 5459 1845 5496 au-

157 5539 406 5596 ctoritati
439 5537 744 5602 credimus,
774 5536 928 5590 aliud
960 5551 1090 5588 cum
1121 5533 1346 5588 rationi.
1381 5531 1715 5587 Auctoritati
1737 5547 1853 5584 cre-

1670 312 1880 368 LIBER
1925 311 2109 368 UNUS

3521 316 3620 368 lOi

1965 433 2099 488 dere
2128 449 2401 504 magnum
2432 435 2839 506 compendium
2863 440 2966 501 est,
2990 441 3048 490 et
3076 437 3267 490 nullus
3287 438 3449 491 labor
3472 456 3484 492 :
3505 440 3658 508 quod

1964 521 2012 573 si
2043 527 2098 574 te
2129 522 2388 587 delectat,
2423 524 2636 591 poteris
2666 525 2847 578 multa
2877 525 3087 592 legere,
3118 541 3247 594 quae
3280 525 3473 594 magni
3493 532 3547 578 et
3576 527 3660 579 di-

1964 609 2080 661 vini
2107 609 2214 662 viri
2242 610 2310 662 de
2343 610 2432 662 his
2462 613 2629 664 rebus
2658 612 2975 691 necessaria
3001 629 3128 682 qum
3159 612 3519 680 videbantur,
3569 630 3658 666 sa-

1963 698 2201 751 lubriter
2225 698 2675 767 imperitioribus
2691 700 3010 769 quasinutu
3025 701 3276 769 quodam
3299 700 3475 753 locuti
3497 707 3652 764 sunt,

1963 785 2228 854 credique
2259 785 2367 838 sibi
2390 787 2692 838 voluerunt
2717 787 2891 851 abiis,
2925 803 3169 857 quorum
3199 787 3407 842 animis
3432 790 3517 841 vel
3541 794 3654 841 tar-

1964 873 2218 926 dioribus
2246 874 2332 927 vel
2355 872 2830 942 implicatioribus
2856 874 3129 928 aliasalus
3159 892 3279 929 esse
3298 893 3413 930 non
3444 882 3651 946 posset.

1963 962 2123 1014 Tales
2156 961 2310 1014 enim
2341 961 2625 1027 homines,
2660 977 2907 1030 quorum
2953 964 3205 1030 profecto
3237 965 3484 1018 maxima
3513 965 3650 1017 mul-

1965 1048 2146 1101 titudo
2169 1052 2273 1113 est,
2309 1048 2355 1100 si
2405 1048 2621 1101 ratione
2666 1047 2855 1101 velint
2900 1065 3097 1102 verum
3153 1052 3655 1120 comprehendere,

1965 1136 2435 1189 similitudinibus
2466 1136 2758 1188 rationum
2797 1135 3064 1190 facillime
3092 1137 3473 1207 decipiuntur,
3512 1144 3566 1192 et
3595 1140 3655 1193 in

1961 1222 2147 1275 varias
2172 1222 2488 1292 noxiasque
2518 1222 2817 1292 opiniones
2843 1223 2922 1275 ita
2948 1222 3240 1288 labuntur,
3277 1229 3335 1277 ut
3363 1241 3654 1294 emergere

1961 1309 2094 1363 inde
2125 1326 2188 1362 ac
2217 1309 2472 1374 liberari,
2496 1314 2596 1363 aut
2623 1325 2939 1380 nunquam,
2973 1315 3071 1363 aut
3091 1311 3388 1380 mgerrime
3419 1317 3650 1380 queant.

1963 1396 2058 1449 His
2088 1413 2224 1466 ergo
2253 1397 2624 1450 utilissimum
2666 1402 2750 1450 est
2801 1399 3291 1452 excellentissiman
3339 1399 3654 1452 auctoritati

1961 1485 2210 1551 credere,
2227 1488 2282 1537 et
2301 1485 2635 1539 secumdum
2665 1485 2772 1538 hoc
2800 1500 2969 1554 agere
2991 1484 3187 1538 vitam.
3209 1486 3369 1549 Quod
3399 1486 3446 1539 si
3477 1487 3655 1540 tutius

1960 1576 2147 1642 putas,
2180 1587 2297 1624 non
2326 1573 2514 1624 solum
2541 1571 2685 1625 nihil
2716 1572 2937 1639 resisto,
2959 1573 3056 1625 sed
3087 1573 3260 1626 etiam
3291 1575 3536 1627 multum
3560 1590 3656 1643 ap-

1958 1661 2161 1731 probo.
2194 1661 2249 1715 Si
2281 1666 2473 1715 autem
2504 1661 2874 1730 cupiditatem
2897 1663 3064 1716 istam
3098 1663 3385 1716 refrenare
3417 1680 3530 1717 non
3552 1679 3654 1730 po-

1959 1751 2064 1809 tes,
2097 1763 2208 1817 qua
2237 1747 2338 1800 tibi
2385 1747 2715 1816 persuasisti
2758 1746 2976 1800 ratione
3026 1748 3322 1816 pervenire
3353 1749 3422 1802 ad
3451 1749 3656 1802 verita-

1959 1838 2096 1901 tem,
2125 1835 2291 1888 multi
2321 1839 2377 1888 et
2406 1834 2564 1903 longi
2593 1834 2861 1888 circuitus
2907 1834 3013 1888 tibi
3045 1836 3325 1890 tolerandi
3378 1841 3532 1900 sunt,
3587 1841 3654 1890 ut

1958 1938 2074 1976 non
2100 1922 2246 1975 ratio
2277 1926 2332 1975 te
2363 1922 2625 1989 adducat,
2657 1921 2766 1975 nisi
2799 1937 2866 1975 ea
2897 1939 3025 1992 quae
3065 1924 3184 1976 sola
3234 1924 3382 1977 ratio
3413 1924 3654 1978 dicenda

1958 2014 2063 2074 est,
2093 2009 2153 2062 id
2183 2014 2268 2062 est
2288 2025 2420 2062 vera
2451 2008 2625 2075 ratio;
2649 2015 2704 2062 et
2733 2025 2850 2062 non
2867 2010 3054 2063 solum
3079 2026 3228 2076 vera,
3255 2011 3351 2064 sed
3372 2011 3452 2064 ita
3473 2015 3646 2077 certa,

1958 2103 2015 2150 et
2043 2098 2112 2150 ab
2145 2098 2303 2150 omni
2334 2097 2708 2150 similitudine
2736 2097 2996 2150 falsitatis
3026 2097 3229 2163 aliena,
3254 2097 3300 2150 si
3319 2102 3511 2152 tamen
3533 2099 3650 2152 ullo

1957 2186 2126 2239 modo
2159 2186 2280 2239 haec
2310 2185 2379 2237 ab
2410 2186 2645 2238 homine
2666 2185 2912 2238 inveniri
2932 2189 3133 2255 potest,
3166 2191 3231 2239 ut
3260 2186 3432 2239 nullae
3460 2186 3650 2256 dispu-

1956 2274 2198 2328 tationes
2226 2275 2382 2328 falsas
2409 2280 2509 2327 aut
2531 2273 2870 2327 verisimiles
2896 2274 2964 2328 ab
2996 2290 3062 2327 ea
3099 2279 3153 2327 te
3192 2274 3413 2342 possint
3452 2275 3648 2327 tradu-

1957 2378 2101 2416 cere.
2131 2365 2196 2416 E.
2243 2362 2395 2416 Nihil
2444 2363 2566 2430 jam
2623 2377 2984 2431 prmprOpere
3021 2361 3394 2415 desiderabo:
3428 2365 3559 2431 agat
3588 2377 3652 2414 ac

1957 2451 2128 2504 ducat
2152 2451 2296 2503 ratio
2336 2466 2450 2520 qua
2473 2450 2593 2502 vult
2613 2451 2650 2512 ί,
2675 2449 2985 2502 dummodo
3011 2449 3300 2518 perducat.

1959 2539 2182 2592 CAPUT
2213 2539 2357 2591 Vlll.
2388 2541 2569 2592 —~De
2610 2538 2808 2606 ﬁguris
2856 2538 3270 2590 mathematicis.
3318 2537 3453 2601 Quot
3495 2537 3649 2588 lineis

2000 2609 2189 2676 ﬁgura
2219 2611 2338 2676 ﬁat.
2364 2609 2635 2672 Quomodo
2667 2609 2838 2660 tribus
2861 2609 3015 2660 tineis
3034 2610 3212 2674 ﬁgura
3237 2609 3412 2675 possit
3439 2609 3575 2674 ﬁeri.

2030 2699 2113 2750 l3.
2146 2697 2215 2750 A.
2251 2697 2398 2749 Deus
2426 2696 2535 2748 hoc
2560 2696 2745 2756 faciet,
2773 2694 2873 2764 qui
2903 2699 3000 2748 aut
3032 2694 3100 2748 de
3135 2693 3269 2747 solis
3309 2694 3515 2747 talibus
3560 2710 3648 2752 re-

1953 2784 2079 2850 bus,
2121 2788 2219 2837 aut
2248 2788 2397 2836 certe
2429 2783 2498 2836 de
2525 2783 2614 2836 his
2646 2782 2894 2836 maxime
2955 2781 3342 2852 deprecandus
3395 2786 3500 2834 est.
3537 2782 3645 2835 Sed

1954 2871 2024 2924 ad
2045 2887 2167 2924 rem
2197 2886 2370 2940 quam
2397 2870 2755 2922 institueram
2806 2871 3126 2922 redeamus.
3158 2870 3300 2921 Nam
3347 2869 3393 2920 si
3422 2873 3477 2920 et
3508 2869 3648 2938 quid

1955 2959 2026 3011 sit
2054 2959 2225 3023 linea,
2260 2963 2316 3011 et
2345 2957 2486 3028 quid
2515 2957 2588 3010 sit
2617 2958 2802 3026 ﬁgura
2850 2957 2968 3024 jam
3015 2956 3120 3009 tibi
3163 2959 3364 3009 notum
3414 2960 3516 3020 est,
3555 2955 3646 3008 dic

1953 3047 2103 3116 quod
2134 3047 2233 3100 abs
2261 3050 2314 3099 te
2346 3061 2562 3116 quaero,
2589 3045 2648 3098 id
2678 3049 2762 3097 est
2783 3048 2978 3098 utrum
3008 3047 3172 3111 putes
3192 3043 3370 3096 ullam
3399 3042 3646 3111 ﬁguram

1951 3133 2077 3187 ﬁeri
2105 3149 2292 3203 posse,
2323 3133 2370 3186 si
2403 3133 2552 3185 linea
2581 3148 2646 3185 ex
2698 3136 2940 3202 utraque
2987 3135 3170 3200 parte,
3203 3135 3301 3184 aut
3350 3145 3419 3183 ex
3472 3130 3648 3182 altera

1953 3237 2056 3291 per
2086 3221 2378 3274 inﬁnitum
2409 3221 2648 3274 ducatur
2668 3221 2696 3272 ‘?
2725 3223 2788 3274 E.
2822 3219 2988 3272 Nullo
3019 3218 3187 3272 modo
3238 3217 3296 3270 id
3327 3217 3452 3271 ﬁeri
3481 3233 3646 3286 posse

1951 3308 2244 3362 conﬁrmo.
2283 3309 2352 3362 Α.
2385 3307 2531 3371 Quid
2563 3307 2740 3377 igitur
2767 3307 3054 3376 agendum
3083 3310 3168 3360 est
3197 3309 3258 3358 ut
3284 3305 3528 3375 ﬁguram
3560 3305 3646 3358 fa-

1951 3397 2208 3450 ciamus?
2233 3399 2299 3450 E.
2331 3396 2500 3461 Quid,
2531 3396 2640 3449 nisi
2668 3400 2731 3448 ut
2769 3395 2866 3448 illa
2895 3395 3046 3448 linea
3072 3394 3294 3448 inﬁnita
3324 3409 3440 3446 non
3471 3393 3561 3458 sit,
3591 3397 3648 3446 et

1951 3485 2190 3539 ducatur
2219 3483 2279 3536 in
2309 3482 2608 3549 circulum,
2637 3486 2775 3536 utex
2794 3482 2905 3536 alia
2918 3487 3076 3553 parte
3093 3498 3150 3535 se
3180 3481 3646 3551 contingat?non

1952 3571 2106 3625 enim
2137 3571 2322 3635 video,
2355 3570 2638 3640 quomodo
2668 3569 2834 3623 aliter
2857 3569 3036 3638 possit
3063 3585 3129 3622 ex
3156 3585 3272 3622 una
3319 3569 3470 3621 linea
3511 3583 3647 3620 con-

1951 3659 2100 3712 cludi
2133 3658 2364 3728 aliquod
2393 3658 2642 3726 spatium
2668 3673 2681 3722 ;
2710 3657 2858 3727 quod
2875 3657 2982 3709 nisi
3001 3656 3119 3721 ﬁat,
3152 3656 3464 3709 secundum
3487 3660 3645 3708 tuam

1950 3745 2416 3816 descriptionem,
2447 3745 2633 3814 ﬁgura
2662 3761 2775 3797 non
2807 3744 2998 3806 erit,A
3022 3743 3188 3808 Quid,
3222 3743 3267 3795 si
3289 3742 3456 3795 rectis
3477 3742 3644 3795 lineis

1949 3835 2194 3905 ﬁguram
2224 3833 2408 3886 facere
2437 3833 2608 3885 velim
2628 3836 2654 3884 ‘?
2672 3836 2858 3901 potest
2877 3831 3001 3884 ﬁeri
3024 3835 3085 3884 ut
3111 3831 3179 3884 de
3211 3846 3322 3882 una
3349 3829 3500 3882 linea
3521 3829 3642 3895 ﬁat,

1952 3938 2024 3974 an
2052 3937 2170 3974 non
2199 3921 2430 3990 potest?
2455 3923 2516 3974 E.
2545 3919 2712 3973 Nullo
2744 3919 2931 3972 modo.
2979 3920 3050 3972 A.
3081 3917 3246 3980 Quid,
3280 3915 3537 3970 duabus?
3563 3919 3635 3969 Ε.

1953 4012 2033 4064 Ne
2063 4010 2168 4062 hoc
2198 4008 2448 4078 quidem.
2474 4009 2546 4062 A.
2578 4006 2746 4070 Quid,
2777 4005 3000 4060 tribus?
3022 4009 3088 4059 Ε.
3120 4004 3292 4058 Video
3342 4019 3527 4072 posse.
3561 4003 3634 4056 Α.

1952 4098 2099 4150 Bene
2131 4095 2309 4165 igitur
2334 4095 2485 4148 nosti
2515 4111 2579 4148 ac
2606 4099 2934 4158 tenes,cum
2959 4093 3144 4162 ﬁgura
3173 4091 3335 4145 lineis
3363 4090 3532 4144 rectis
3563 4090 3644 4144 fa-

1951 4185 2154 4239 cienda
2181 4188 2281 4246 est,
2316 4183 2508 4236 minus
2520 4198 2692 4252 quam
2705 4181 2888 4235 tribus
2900 4197 3017 4234 non
3035 4196 3220 4250 posse.
3243 4182 3332 4232 An
3349 4177 3395 4231 si
3411 4179 3529 4231 ulla
3541 4176 3645 4230 tibi

1953 4274 2277 4327 adversetur
2296 4270 2534 4331 ratio,de
2554 4271 2660 4324 hac
2678 4274 2731 4324 te
2753 4268 3032 4322 sententia
3054 4266 3376 4322 devocabit?
3390 4268 3457 4319 E.
3473 4265 3646 4318 Plane

1952 4360 2000 4413 si
2030 4359 2158 4430 quis
2188 4358 2330 4412 mihi
2362 4359 2469 4411 hoc
2497 4358 2704 4412 falsum
2735 4372 2855 4411 esse
2888 4355 3304 4419 monstraverit,
3361 4352 3504 4406 nihil
3536 4352 3645 4406 erit

1953 4448 2105 4518 quod
2136 4464 2228 4501 me
2259 4446 2398 4500 scire
2425 4435 2588 4516 posse
2619 4445 2924 4500 conﬁdam.
2953 4446 3023 4499 A.
3060 4446 3220 4498 Nunc
3238 4458 3374 4511 ergo
3398 4441 3539 4495 illud
3560 4457 3648 4494 re-

1953 4537 2190 4606 sponde,
2224 4535 2506 4606 quomodo
2521 4535 2706 4588 tribus
2728 4533 2895 4587 lineis
2911 4533 3156 4602 ﬁguram
3171 4530 3405 4584 feceris?
3423 4533 3489 4584 E.
3507 4530 3644 4584 Cum

1951 4641 2010 4677 se
2040 4623 2253 4678 ﬁnibus
2271 4624 2544 4692 jungunt.
2566 4623 2636 4676 Α.
2653 4621 2800 4684 Quid
2821 4620 2848 4672 ?
2875 4620 2974 4673 ubi
2987 4636 3044 4673 se
3060 4620 3332 4689 jungunt,
3353 4633 3544 4670 nonne
3558 4615 3646 4668 vi-

1952 4712 2120 4765 detur
2141 4711 2246 4764 tibi
2279 4711 2525 4779 angulus
2542 4708 2667 4762 ﬁeri
2685 4709 2712 4762 ?
2742 4711 2810 4762 E.
2848 4709 2932 4760 Ita
2960 4710 3062 4760 est.
3091 4707 3169 4760 A.
3209 4705 3357 4769 Quot
3385 4720 3522 4774 ergo
3545 4719 3647 4756 an-

1953 4799 2102 4870 gulis
2129 4799 2250 4852 heec
2279 4798 2464 4866 ﬁgura
2491 4798 2752 4850 constat?
2772 4800 2837 4850 E.
2871 4794 3134 4848 Totidem
3163 4797 3303 4864 quot
3341 4791 3526 4844 lineis.
3571 4791 3642 4844 Α.

1951 4886 2097 4950 Quid
2117 4887 2144 4940 ?
2191 4886 2341 4955 ipsas
2381 4883 2558 4937 lineas
2586 4899 2752 4952 pares
2783 4880 3101 4947 constituis,
3151 4895 3226 4933 an
3255 4878 3548 4948 impares?
3576 4877 3644 4930 E.

1952 4976 2141 5028 Pares.
2173 4974 2238 5026 Α.
2257 4971 2399 5035 Quid
2421 4972 2450 5024 ?
2480 4970 2672 5040 anguli
2705 4968 3063 5023 tantumdem
3095 4983 3294 5020 omnes
3322 4968 3536 5035 patent,
3573 4977 3644 5014 an

1953 5065 2036 5115 est
2064 5060 2210 5114 alius
2238 5059 2351 5112 alio
2385 5057 2729 5112 contractior
2755 5057 2842 5110 vel
2873 5056 3122 5126 apertior
3141 5056 3169 5108 ?
3187 5057 3253 5108 E.
3281 5053 3461 5107 Etiam
3491 5050 3643 5119 ipsos

1952 5164 2117 5220 pares
2147 5163 2265 5201 esse
2304 5147 2486 5201 video.
2517 5148 2596 5200 Α.
2635 5147 2897 5199 Potestne
2919 5144 3064 5207 ﬁeri,
3099 5147 3162 5196 ut
3190 5142 3251 5194 in
3279 5141 3481 5209 ﬁgura,
3515 5151 3645 5205 qua:

2350 5273 2623 5504 Δ
3071 5241 3262 5503 Δ

2026 5541 2036 5571 ¹
2075 5539 2227 5594 l.ov.,
2258 5547 2364 5598 quo
2391 5534 2524 5582 vult.
2552 5531 2608 5580 ld
2638 5531 2756 5579 aliis
2786 5529 2935 5583 Cdd.,
2966 5538 3078 5589 qua
3099 5524 3237 5573 vult.

2427 5495 2598 5504 ’.-
