4064 6352
416 329 551 384 1043

412 450 593 504 tribus
619 446 786 502 rectis
815 446 1070 517 paribus,
1103 447 1268 501 lineis
1315 447 1458 501 facta
1497 449 1587 514 sit,
1633 447 1879 517 impares
1909 446 2106 518 anguli

415 535 561 602 sint;
593 552 666 588 an
695 550 812 588 non
832 535 1067 604 potest?
1092 539 1161 589 E.
1189 536 1351 589 Nullo
1372 551 1604 605 prorsus
1623 535 1813 589 modo.
1842 537 1908 590 Α.
1930 535 2106 599 Quid?

416 623 463 676 si
485 623 651 676 rectis
679 622 844 675 lineis
882 621 1084 688 tribus,
1117 623 1214 675 sed
1266 623 1585 692 imparibus
1640 624 1822 692 ﬁgura
1853 627 2100 686 constet,

415 715 656 780 possunt
685 711 854 763 etiam
877 710 932 763 in
957 709 1062 762 ista
1091 726 1256 779 pares
1287 727 1407 763 esse
1421 710 1635 779 anguli,
1671 727 1742 762 an
1769 711 1922 763 aliud
1945 711 2107 762 intel-

416 799 592 868 ligis?
620 801 684 852 E.
718 797 962 852 Omnino
992 813 1104 851 non
1160 803 1421 867 possunt.
1481 800 1551 851 A.
1588 799 1757 850 Recte
1795 798 1973 852 dicis:
2010 797 2106 850 sed

417 883 758 954 dic,quaeso,
791 901 1054 955 quaenam
1087 885 1191 937 tibi
1219 887 1404 955 ﬁgura
1432 885 1901 938 meliorvideatur
1920 884 2108 953 etpul-

417 969 645 1023 chrior?
675 987 814 1024 eane
841 987 970 1040 quae
1000 971 1254 1039 paribus,
1288 987 1360 1023 an
1403 987 1531 1040 quae
1578 971 1894 1041 imparibus
1943 969 2106 1022 lineis

419 1061 683 1112 constat?
711 1062 775 1112 E.
811 1059 945 1122 Quis
975 1058 1201 1111 dubitet
1229 1074 1355 1111 eam
1401 1074 1520 1111 esse
1558 1058 1856 1130 meliorem
1903 1057 1963 1110 in
1995 1074 2110 1127 qua

419 1147 716 1216 aequalitas
744 1147 1012 1215 praevalet
1035 1146 1062 1200 ξ)

420 1235 644 1289 CAPUT
675 1236 760 1288 ΙΧ.
794 1263 862 1274 —-
917 1235 1047 1298 Qum
1091 1237 1270 1302 ﬁgura
1307 1235 1670 1301 praestantior.
1715 1236 1779 1287 1n
1838 1234 2108 1300 triangulo

879 1321 1014 1389 quid
1041 1323 1238 1387 angulo
1268 1324 1645 1374 contrarietur.

496 1411 578 1463 14.
614 1410 685 1463 Α.
721 1410 865 1479 Ergo
915 1408 1290 1478 inaequalitati
1344 1408 1730 1478 aequalitatem
1773 1408 2110 1478 praeponis?

418 1499 482 1552 E.
519 1497 714 1550 Nescio
779 1502 968 1550 utrum
1002 1497 1286 1566 quispiam
1342 1512 1459 1549 non
1493 1501 1806 1565 praeponat.
1839 1499 1917 1550 A.
1973 1497 2110 1550 Vide

421 1601 572 1639 nunc
600 1585 660 1638 in
681 1585 865 1654 ﬁgura
886 1600 1014 1654 quae
1043 1585 1225 1638 tribus
1251 1583 1476 1654 angulis
1487 1584 1718 1654 paribus
1747 1585 1992 1654 perfecta
2005 1589 2109 1654 est,

422 1673 558 1743 quid
589 1672 647 1724 in
680 1689 745 1726 ea
775 1673 846 1725 sit
875 1673 1084 1741 angulo
1108 1671 1550 1733 contrarium,id
1564 1676 1646 1724 est
1663 1687 1727 1724 ex
1756 1672 1932 1725 altera
1952 1677 2112 1742 parte

421 1764 618 1812 contra
646 1759 895 1828 positum
923 1775 936 1826 ;
971 1765 1166 1812 utrum
1197 1760 1348 1812 linea
1377 1775 1449 1812 an
1474 1761 1737 1829 angulus.
1784 1763 1849 1814 E.
1880 1761 2112 1815 Lineam

401 1847 604 1899 .video.
635 1847 707 1899 A.
740 1847 882 1910 Quid
904 1848 1078 1916 ergo?
1109 1848 1156 1900 si
1185 1852 1240 1900 et
1260 1847 1502 1922 angulus
1523 1848 1751 1917 angulo,
1786 1852 1841 1901 et
1865 1848 2018 1901 linea
2042 1849 2111 1902 li-

419 1951 544 1988 neae
567 1935 848 1988 contraria
875 1935 966 2002 sit,
1000 1952 1189 1990 nonne
1217 1936 1414 1990 fateris
1444 1937 1830 2007 aequalitatem
1854 1954 1974 1990 esse
2000 1955 2110 2008 po-

420 2021 624 2074 tiorem
656 2021 717 2074 in
745 2038 809 2075 ea
830 2023 1013 2092 ﬁgura
1037 2023 1098 2076 in
1127 2039 1240 2094 qua
1281 2023 1340 2077 id
1388 2024 1631 2078 accidit?
1658 2027 1720 2087 .E.
1755 2025 1955 2078 Fateor
1984 2025 2111 2096 qui-

419 2109 572 2176 dem,
605 2109 701 2162 sed
732 2111 1217 2179 quemadmodum
1245 2111 1303 2164 id
1334 2111 1434 2164 ﬁat
1461 2112 1638 2165 tribus
1680 2112 1840 2165 lineis
1871 2112 2106 2166 omnino

420 2211 537 2248 non
561 2195 746 2249 video.
768 2197 838 2250 Α.
873 2197 1058 2260 Quid?
1083 2202 1330 2267 quatuor
1355 2197 1517 2250 lineis
1546 2202 1807 2267 potestne
1835 2199 1943 2253 hoc
1959 2201 2113 2254 ﬁeri?

422 2285 485 2336 E.
521 2283 759 2336 Prorsus
783 2287 992 2352 potest.
1015 2284 1086 2337 Α.
1120 2284 1409 2338 Meliorest
1433 2285 1802 2355 igiturﬁgura
1827 2303 1953 2356 quae
1967 2303 2110 2356 qua-

423 2376 553 2423 tuor
577 2369 742 2423 lineis
772 2371 938 2424 rectis
967 2371 1221 2440 paribus,
1255 2389 1428 2442 quam
1482 2389 1611 2442 quae
1663 2373 1844 2426 tribus
1873 2379 2108 2427 constat.

422 2460 486 2510 E.
521 2458 716 2511 Melior
745 2463 915 2523 certe,
935 2459 1411 2530 siquidemmagis
1441 2460 1500 2512 in
1531 2478 1598 2513 ea
1626 2461 1921 2530 aequalitas
1944 2462 2108 2514 valet.

424 2545 494 2599 Α.
530 2545 675 2608 Quid
696 2561 831 2615 ergo
852 2545 879 2598 ?
914 2545 1078 2599 istam
1099 2563 1227 2618 quae
1249 2551 1493 2617 quatuor
1517 2548 1655 2600 recti
1688 2548 1919 2617 paribus
1948 2547 2112 2600 lineis

780 2686 1068 2961 l_l
1549 2685 1704 2999 <>

422 3057 613 3124 conﬁt,
659 3072 928 3110 censesne
959 3071 1122 3125 posse
1154 3055 1326 3109 etiam
1356 3056 1437 3108 ita
1490 3056 1635 3124 ﬁeri,
1676 3062 1741 3110 ut
1769 3073 1882 3111 non
1913 3060 2111 3130 anguli

421 3161 620 3198 omnes
641 3145 700 3198 in
728 3161 793 3197 ea
823 3159 985 3214 pares
1015 3143 1146 3211 sint,
1176 3159 1250 3196 an
1273 3159 1389 3196 non
1417 3149 1576 3213 putas
1597 3147 1625 3197 ?
1645 3148 1708 3198 E.
1733 3145 1905 3200 Video
1921 3164 2105 3217 posse.

419 3235 489 3286 A.
517 3233 775 3294 Quonam
806 3231 977 3283 modo
997 3231 1024 3282 ?
1045 3233 1108 3283 Ε.
1133 3230 1314 3283 Siduo
1345 3232 1764 3294 contractiores,
1797 3234 1909 3287 duo
1940 3251 2108 3304 aper-

418 3317 592 3371 tiores
619 3318 749 3370 sint.
781 3318 858 3371 A.
901 3318 1131 3370 Videsne
1157 3318 1327 3370 etiam
1357 3321 1840 3388 quemadmodum
1865 3327 1920 3374 et
1940 3324 2108 3376 ambo

420 3404 844 3469 contractiores,
878 3409 935 3456 et
965 3405 1133 3456 ambo
1165 3405 1477 3474 apertiores
1509 3407 1612 3460 sibi
1644 3409 1911 3461 contrarii
1953 3410 2109 3464 sint?

418 3495 486 3546 E.
516 3495 594 3544 Ac
625 3491 914 3544 verissime
943 3496 1112 3560 atque
1142 3493 1513 3562 apertissime.
1557 3497 1627 3550 Α.
1677 3498 1962 3552 Servatum
1993 3500 2106 3570 igi-

419 3584 514 3631 tur
542 3584 597 3632 et
627 3578 738 3644 hic,
772 3585 984 3648 quanta
1011 3581 1219 3633 servari
1252 3583 1457 3650 potuit,
1491 3584 1677 3636 cernis
1699 3587 2104 3656 aequalitatem:

419 3667 601 3719 cernis
631 3667 784 3719 enim
816 3667 1066 3735 profecto
1097 3669 1222 3721 ﬁeri
1252 3685 1362 3722 non
1394 3687 1575 3740 posse,
1609 3680 1674 3725 ut
1703 3689 1832 3727 cum
1863 3683 2109 3745 quatuor

417 3755 652 3824 paribus
683 3754 848 3807 lineis
896 3755 1081 3824 ﬁgura
1113 3757 1426 3826 perﬁcitur,
1476 3776 1586 3812 non
1617 3767 1714 3814 aut
1763 3779 1977 3830 omnes,
2013 3770 2108 3819 aut

419 3849 569 3898 certe
599 3845 684 3896 vel
713 3844 833 3897 bini
859 3845 1053 3914 anguli
1081 3861 1245 3914 pares
1277 3846 1416 3913 sint;
1448 3865 1688 3919 quaeque
1728 3856 1918 3906 tamen
1949 3855 2108 3921 paria

419 3935 572 3995 sunt,
601 3930 706 3983 sibi
735 3946 802 3984 ex
833 3931 1116 3984 contrario
1154 3932 1514 4001 respondere.
1574 3939 1636 3990 E.
1673 3938 1872 4005 Cerno,
1934 3945 1988 3993 et
2016 3940 2108 3994 ﬁr-

417 4017 670 4072 missime
699 4023 886 4073 teneo.

493 4110 574 4160 15.
617 4108 688 4160 Λ.
723 4107 947 4160 Nihilne
969 4110 1025 4160 te
1055 4111 1244 4161 movet
1269 4107 1439 4161 etiam
1470 4110 1530 4162 in
1555 4111 1644 4164 liis
1675 4113 1842 4166 rebus
1871 4118 2028 4170 tanta
2052 4123 2108 4172 et

416 4198 532 4246 tam
573 4192 908 4245 inconcussa
935 4193 1200 4262 quaedam
1225 4195 1490 4262 justitia?
1511 4200 1575 4251 E.
1600 4199 1859 4260 Quonam
1889 4203 2058 4257 modo
2080 4204 2106 4256 ?

414 4281 485 4334 A.
515 4279 655 4342 Quia
683 4281 846 4347 nihil,
879 4285 942 4332 ut
963 4280 1226 4346 arbitror,
1261 4281 1503 4336 dicimus
1541 4300 1660 4337 esse
1684 4287 1965 4355 justitiam
1997 4291 2106 4345 nisi

415 4367 743 4437 aequitatem
777 4383 789 4421 :
820 4367 1060 4436 aequitas
1081 4373 1269 4421 autem
1295 4370 1365 4422 ab
1396 4373 1717 4440 aequalitate
1748 4376 1991 4445 quadam
2020 4380 2104 4432 vi-

417 4455 581 4509 detur
609 4456 909 4532 appellata.
945 4455 1053 4508 Sed
1087 4471 1215 4524 quae
1238 4457 1296 4509 in
1328 4457 1433 4510 hac
1462 4459 1668 4514 virtute
1708 4464 1965 4534 aequitas,
1995 4469 2104 4522 nisi

415 4547 478 4596 ut
507 4559 607 4596 sua
638 4543 843 4612 cuique
871 4543 1242 4598 tribuantur?
1274 4547 1448 4598 Porro
1463 4563 1564 4600 sua
1585 4549 1808 4620 cuique,
1843 4553 1949 4606 nisi
1971 4572 2104 4624 qua-

415 4632 546 4684 dam
578 4630 933 4683 distinctione
963 4631 1135 4683 tribui
1166 4648 1277 4683 non
1309 4641 1563 4700 possunt.
1595 4639 1680 4690 An
1713 4639 1874 4708 aliter
1892 4647 2057 4709 putas
2077 4643 2104 4698 ?

414 4723 479 4774 Ε.
512 4719 868 4773 Manifestum
898 4723 1000 4784 est,
1035 4724 1088 4772 et
1116 4735 1346 4787 prorsus
1378 4724 1671 4780 assentior.
1697 4728 1766 4780 Α.
1797 4729 2102 4791 Quid?dis-

411 4807 742 4860 tinctionem
783 4806 1151 4860 arbitrarisne
1199 4825 1319 4860 esse
1371 4811 1565 4880 ullam,
1611 4813 1657 4866 si
1703 4816 1897 4869 omnia
1942 4820 2104 4886 paria

413 4894 544 4958 sint,
577 4900 639 4948 ut
665 4894 811 4947 nihil
835 4895 1071 4947 omnino
1084 4895 1233 4948 inter
1249 4913 1304 4949 se
1320 4897 1618 4954 ditferant?
1638 4905 1700 4955 E.
1721 4904 1884 4958 Nullo
1906 4907 2096 4962 modo.

409 4982 482 5036 A.
513 4983 655 5051 Ergo
677 4981 902 5050 justitia
931 4983 1140 5036 servari
1182 5000 1297 5037 non
1343 4991 1546 5054 potest,
1602 4990 1709 5042 nisi
1740 4991 1802 5044 in
1832 4993 2002 5047 rebus
2042 4996 2100 5049 in

411 5071 618 5140 quibus
641 5074 910 5135 servatur,
945 5070 1016 5124 sit
1037 5072 1318 5140 quaedam,
1342 5079 1403 5127 ut
1424 5074 1503 5128 ita
1527 5077 1728 5143 dicam,
1762 5079 2100 5149 imparilitas

411 5163 464 5213 et
496 5159 996 5212 dissimilitudo.E.
1030 5160 1318 5230 Intelligo.
1354 5165 1424 5218 A.
1456 5164 1594 5219 Cum
1623 5166 1800 5237 igitur
1820 5169 2100 5225 fateamur

410 5248 544 5302 istas
569 5248 800 5317 ﬁguras,
857 5249 926 5301 de
975 5248 1180 5318 quibus
1231 5251 1472 5319 agimus,
1514 5254 1665 5308 inter
1694 5273 1751 5308 se
1784 5274 1903 5310 esse
1934 5259 2096 5312 dissi-

408 5339 593 5403 miles,
619 5339 775 5392 illam
802 5337 1010 5392 scillcet
1040 5355 1167 5408 quae
1198 5339 1399 5405 tribus,
1435 5347 1492 5395 et
1529 5343 1674 5396 hanc
1705 5361 1830 5413 quae
1853 5351 2098 5416 quatuor

410 5428 633 5498 angulis
659 5433 894 5495 constat,
918 5445 1043 5482 cum
1064 5430 1248 5482 ambae
1279 5426 1512 5496 paribus
1534 5429 1851 5485 lineisﬁant
1875 5449 2095 5497 ;nonne

409 5515 632 5570 videtur
659 5517 765 5571 tibi
795 5519 1055 5588 quaedam
1088 5521 1310 5572 retenta
1331 5517 1575 5586 justitia,
1606 5524 1671 5572 ut
1699 5521 1797 5573 illa
1835 5538 1963 5591 quae
1992 5523 2092 5575 ha-

781 2677 1058 2687 ————

1058 2686 1068 2959 Ι

1443 331 1536 384 DE
1575 329 2033 396 QUANTITATE
2077 327 2352 392 ΑΝΙΜᾸΞ,
2396 325 2450 380 S.
2493 319 2875 379 AUGUSTINI

3779 311 3923 364 1044

2217 444 2352 498 bere
2381 456 2495 495 non
2524 443 2711 510 potest
2739 435 3086 509 parilitatem
3123 431 3563 496 contrariorum,
3613 430 3919 484 inconcus-

2216 547 2334 584 sam
2367 533 2558 583 teneat
2585 528 2932 597 angulorum
2962 522 3384 593 aequalitatem:
3415 519 3476 572 in
3499 520 3604 572 hac
3631 534 3767 571 vero
3798 533 3916 587 qua

2217 623 2372 673 tanta
2403 621 2488 670 est
2535 613 2951 668 contrariorum
2984 607 3379 678 congruentia,
3411 607 3509 660 illa
3540 607 3626 659 lex
3665 605 3917 673 angulo—

2217 721 2345 758 rum
2384 702 2651 757 admittat
2701 700 3038 754 nonnullam
3095 695 3544 766 inaequalitatem
3565 696 3594 747 ?
3626 695 3741 746 Hoc
3773 708 3916 761 ergo

2217 809 2347 847 cum
2373 807 2463 844 me
2490 791 2733 844 multum
2766 791 3036 850 mwcret,
3069 784 3443 855 quaerendum
3486 782 3584 835 abs
3628 785 3681 834 te
3729 780 3919 832 visum

2218 885 2320 948 est,
2353 894 2601 950 quonam
2633 877 2801 930 modo
2829 877 2938 928 ista
2962 873 3221 938 veritate,
3255 870 3545 941 mquitate,
3588 868 3921 939 aequalitate

2219 969 2588 1022 delcctarere.
2629 967 2693 1018 E.
2722 965 2847 1018 Jam
2876 977 3046 1015 cerno
3078 961 3216 1031 quid
3243 959 3418 1023 dicas,
3451 963 3505 1011 et
3532 973 3648 1010 non
3687 956 3919 1009 medio-

2218 1055 2387 1108 criter
2415 1053 2688 1107 admiror.
2721 1054 2792 1106 A.
2825 1054 2942 1120 Age
2962 1065 3133 1114 nunc,
3164 1047 3300 1118 quia
3324 1044 3702 1116 inaequalitati
3727 1060 3920 1113 aequa-

2219 1143 2436 1196 litatem
2461 1141 2590 1210 jure
2620 1138 2928 1208 praeponis,
2961 1151 3065 1189 nec
3103 1134 3405 1205 quisquam
3449 1132 3683 1185 omnino
3717 1136 3821 1196 est,
3855 1135 3924 1183 ut

2220 1229 2446 1299 Opinor,
2476 1229 2727 1280 humano
2757 1241 2927 1278 sensu
2953 1223 3249 1293 praeditus,
3279 1221 3371 1274 cui
3400 1237 3515 1273 non
3547 1220 3601 1272 id
3632 1219 3919 1284 videatur;

2220 1332 2564 1388 quaeramus,
2594 1315 2640 1367 si
2661 1315 2864 1384 placet,
2891 1313 3134 1382 ﬁguram
3152 1311 3211 1363 in
3230 1325 3344 1380 qua
3373 1323 3597 1362 summa
3618 1306 3920 1376 aequalitas

2220 1404 2465 1458 inveniri
2497 1407 2702 1473 queat:
2734 1397 3275 1470 quaecumqueenim
3307 1397 3434 1460 erit,
3465 1412 3531 1448 ea
3550 1393 3770 1448 caeteris
3795 1395 3921 1446 sine

2222 1492 2577 1546 dubitatione
2606 1490 2961 1560 praeferetur.
2995 1490 3057 1541 E.
3098 1487 3286 1541 Placet
3324 1501 3478 1551 vero,
3531 1488 3587 1537 et
3633 1499 3763 1553 quae
3809 1482 3920 1535 ista

2223 1581 2314 1650 sit,
2346 1580 2488 1633 scire
2516 1579 2709 1648 cupio.

2416 1668 2641 1723 CAPUT
2670 1667 2730 1719 Χ.
2761 1695 2830 1703 -
2858 1665 3079 1719 Summa
3105 1663 3393 1730 aquatiles
3417 1662 3476 1713 in
3522 1660 3735 1727 ﬁguris.

2297 1759 2380 1810 16.
2410 1757 2480 1811 Α.
2514 1754 2676 1808 Prius
2706 1769 2842 1821 ergo
2870 1751 3174 1822 responde,
3207 1754 3401 1803 utrum
3432 1747 3534 1802 tibi
3563 1747 3795 1799 illarum
3848 1746 3918 1799 ﬁ-

2543 1873 2833 2160 [ι
3291 1925 3538 2149 Δ

2223 2236 2517 2292 gurarum,
2552 2235 2794 2290 quarum
2811 2219 2932 2290 jam
2961 2221 3238 2288 quantum
3272 2216 3403 2270 satis
3433 2217 3729 2271 videbatur
3772 2219 3922 2271 facta

2223 2308 2437 2362 mentio
2468 2311 2570 2373 est,
2604 2323 2670 2360 ea
2697 2307 2955 2360 videatur
2985 2306 3278 2371 excellere,
3306 2322 3436 2374 quae
3465 2310 3712 2376 quatuor
3752 2305 3924 2358 lineis

2223 2397 2476 2466 paribus,
2507 2395 2863 2465 totidemque
2892 2394 3113 2463 angulis
3127 2394 3356 2464 paribus
3370 2399 3592 2448 constet
3609 2411 3622 2447 :
3641 2411 3916 2464 namque,

2223 2489 2287 2536 ut
2325 2483 2499 2546 vides,
2533 2483 2594 2534 in
2622 2483 2726 2534 hac
2757 2488 2812 2534 et
2841 2481 3124 2535 linearum
3149 2483 3446 2553 aequalitas
3475 2488 3531 2536 et
3569 2483 3918 2552 angulorum

2224 2577 2306 2624 est
2331 2587 2343 2635 ;
2378 2575 2452 2638 et,
2484 2569 2635 2639 quod
2667 2571 2727 2621 in
2756 2569 2854 2621 illa
2877 2585 3004 2638 quae
3029 2569 3208 2622 tribus
3237 2569 3404 2622 lineis
3435 2570 3668 2639 paribus
3697 2571 3920 2623 claudi-

2220 2661 2336 2726 tur,
2365 2673 2481 2710 non
2510 2655 2959 2722 inveniebamus,
3020 2656 3178 2709 adest
3221 2655 3352 2709 huic
3400 2657 3659 2726 parilitas
3690 2663 3921 2710 contra-

2221 2745 2443 2798 riorum
2471 2760 2483 2797 :
2516 2759 2650 2796 nam
2678 2743 2845 2796 lineae
2875 2743 3044 2804 linea,
3077 2748 3131 2796 et
3162 2745 3406 2813 angulus
3463 2746 3674 2814 angulo
3718 2749 3824 2811 est,
3859 2750 3927 2799 ut

2221 2833 2421 2899 cernis,
2457 2833 2794 2886 contrarius.
2828 2836 2891 2887 E.
2944 2835 3026 2886 Ita
3063 2849 3192 2886 vero
3237 2839 3338 2897 est,
3381 2838 3444 2886 ut
3491 2834 3649 2887 dicis.
3703 2836 3774 2888 Α.
3812 2835 3923 2887 Ha-

2221 2923 2391 2976 betne
2407 2937 2529 2974 sum
2540 2937 2690 2973 mam
2704 2920 3110 2990 aequalitatem,
3125 2937 3197 2973 an
3214 2920 3379 2974 aliter
3391 2921 3493 2974 tibi
3511 2921 3762 2974 videtur?
3776 2923 3819 2975 Ν
3826 2939 3925 2975 am

2222 3009 2269 3062 si
2296 3011 2484 3075 habet,
2517 3010 2745 3078 frustra,
2775 3013 2837 3060 ut
2866 3008 3318 3073 institueramus,
3352 3008 3525 3061 aliam
3559 3009 3877 3079 quaerimus
3904 3027 3917 3074 ;

2224 3096 2270 3150 si
2301 3103 2493 3150 autem
2532 3112 2649 3149 non
2679 3079 2869 3160 liabet,
2901 3097 3029 3148 volo
3060 3100 3122 3148 ut
3150 3095 3404 3164 idipsum
3434 3096 3578 3148 mihi
3612 3097 3712 3150 abs
3744 3103 3797 3150 te
3821 3097 3922 3150 de-

2222 3189 2588 3238 monstretur.
2617 3186 2682 3237 E.
2715 3183 2947 3236 Videtur
2975 3182 3120 3236 mihi
3149 3183 3356 3236 habere
3383 3200 3394 3238 :
3436 3199 3571 3236 nam
3603 3183 3701 3236 ubi
3734 3191 3788 3237 et
3821 3202 3924 3237 an-

2222 3273 2341 3343 guli
2371 3287 2534 3341 pares
2565 3275 2621 3325 et
2650 3270 2817 3324 lineae
2846 3287 3010 3341 pares
3041 3275 3193 3340 sunt,
3215 3271 3294 3324 ibi
3318 3272 3742 3341 deprehendam
3776 3273 3924 3325 inae-

2221 3361 2555 3429 qualitatem
2579 3375 2697 3412 non
2716 3359 2897 3413 video.
2932 3361 3002 3412 A.
3041 3361 3153 3428 Ego
3179 3360 3335 3413 aliud
3366 3360 3546 3413 sentio
3572 3376 3584 3413 :
3611 3376 3741 3413 nam
3768 3367 3928 3414 recta

2220 3448 2371 3500 linea
2400 3447 2578 3500 donec
2609 3447 2796 3500 veniat
2811 3447 2881 3500 ad
2896 3448 3154 3516 angulos,
3187 3465 3410 3501 summa
3424 3449 3747 3519 aequalitate
3777 3465 3926 3518 prae-

2221 3536 2340 3589 dita
2369 3540 2452 3588 est
2476 3555 2490 3602 ;
2515 3535 2612 3588 sed
2639 3551 2769 3586 cum
2800 3551 2865 3587 ex
2898 3535 3118 3588 diverso
3170 3535 3345 3589 latere
3399 3536 3512 3589 alia
3552 3536 3928 3606 conjungitur

2221 3623 2389 3688 linea,
2418 3627 2473 3675 et
2501 3622 2777 3691 angulum
2807 3622 2961 3687 facit,
2991 3638 3184 3676 nonne
3216 3640 3411 3677 censes
3441 3623 3546 3676 hoc
3572 3624 3763 3692 ipsum
3798 3640 3925 3678 esse

2219 3709 2546 3780 inaequale?
2576 3713 2664 3762 An
2692 3709 2796 3763 tibi
2827 3709 3025 3779 ﬁguras
3055 3727 3188 3780 pars
3231 3729 3358 3780 quae
3388 3722 3403 3754 ί
3434 3711 3587 3765 linea
3634 3710 3926 3764 clauditur

2220 3815 2349 3852 cum
2375 3799 2471 3850 illa
2499 3802 2660 3867 parte
2685 3813 2813 3866 quae
2843 3799 3052 3868 angulo
3083 3799 3463 3866 concluditur,
3497 3815 3814 3868 congruere
3851 3801 3923 3854 vi.

2220 3887 2386 3940 detur
2415 3886 2736 3956 aequalitate
2767 3890 2866 3940 aut
2885 3887 3258 3944 similitudine
3280 3890 3307 3942 ?
3335 3891 3403 3943 E.
3444 3889 3607 3941 Nullo
3641 3888 3812 3941 modo
3833 3905 3844 3942 :
3863 3895 3926 3942 et

2218 3990 2310 4027 me
2340 3975 2517 4044 pudet
2542 3974 2876 4028 temeritatis
2896 3992 3070 4042 meae;
3100 3992 3165 4029 eo
3181 3976 3334 4029 enim
3366 3977 3565 4030 ductus
3586 3991 3733 4042 sum,
3759 3978 3923 4046 quod

2219 4066 2276 4116 et
2303 4063 2542 4132 angulos
2567 4062 2625 4114 in
2655 4079 2720 4116 ea
2747 4063 3074 4132 paresinter
3089 4082 3146 4117 se
3162 4069 3216 4118 et
3246 4066 3423 4119 latera
3451 4081 3741 4118 cernerem
3771 4080 3785 4117 :
3817 4066 3922 4119 sed

2218 4149 2343 4220 quis
2374 4166 2491 4202 non
2517 4150 2700 4203 videat
2717 4167 2918 4205 eorum
2936 4153 3176 4205 laterum
3191 4153 3259 4206 ab
3283 4153 3507 4222 angulis
3522 4168 3788 4222 magnam
3806 4153 3920 4206 dif-

2216 4239 2514 4292 ferentiam
2530 4240 2558 4291 ?
2581 4240 2651 4292 Α.
2677 4239 2879 4308 Accipe
2893 4241 3046 4294 aliud
3067 4241 3473 4311 inaequalitatis
3489 4239 3920 4312 apertissimum

2215 4327 2527 4380 indicium:
2563 4332 2710 4379 certe
2737 4327 2889 4380 enim
2920 4329 3122 4396 cernis,
3156 4329 3241 4381 vel
3271 4328 3428 4382 illam
3459 4329 3703 4398 ﬁguram
3735 4328 3920 4382 trian-

2215 4416 2406 4483 gulam
2440 4414 2671 4484 paribus
2701 4415 2866 4468 lineis
2879 4421 3250 4481 constantem,
3275 4417 3362 4469 vel
3393 4415 3557 4468 istam
3573 4417 3920 4485 quadratam

2214 4502 2423 4556 habere
2461 4502 2706 4571 aliquod
2738 4503 3008 4557 medium.
3035 4507 3097 4558 E.
3122 4505 3302 4557 Cerno
3331 4503 3518 4572 plane.
3548 4504 3617 4556 A.
3637 4503 3820 4566 Quid?
3847 4508 3922 4560 ab

2216 4591 2413 4644 eodem
2439 4590 2623 4643 medio
2652 4605 2782 4643 cum
2833 4591 3012 4645 lineas
3042 4593 3111 4645 ad
3151 4607 3346 4644 omnes
3376 4589 3573 4659 ﬁgurae
3596 4595 3785 4660 partes
3809 4595 3916 4646 du-

2214 4679 2413 4742 cimus,
2440 4694 2677 4748 paresne
2708 4678 2814 4732 tibi
2839 4679 2968 4733 duci
2999 4680 3165 4734 lineae
3195 4680 3480 4740 videntur,
3530 4695 3602 4731 an
3631 4678 3916 4750 impares?

2583 4848 2824 5076 2a

2211 5151 2277 5202 E.
2308 5148 2557 5215 Impares
2594 5163 2852 5216 prorsus;
2888 5161 3022 5200 nam
3069 5147 3358 5216 longiores
3416 5164 3511 5201 eas
3567 5163 3792 5200 necesse
3824 5154 3908 5201 est

2210 5251 2350 5300 esse,
2381 5250 2519 5304 quas
2548 5234 2609 5287 in
2641 5235 2880 5303 angulos
2927 5233 3202 5289 ducimus.
3247 5242 3317 5290 Α.
3365 5237 3491 5289 Istae
3522 5235 3584 5288 in
3631 5235 3908 5304 quadrata

2209 5329 2349 5393 quot
2372 5327 2522 5389 sunt,
2553 5328 2611 5376 et
2639 5327 2778 5392 quot
2808 5323 2869 5376 in
2898 5323 3186 5393 triangula
3206 5328 3234 5378 ?
3260 5329 3326 5380 E.
3362 5325 3614 5388 Quatuor
3646 5324 3759 5391 hic,
3792 5328 3906 5377 tres

2207 5411 2305 5466 ibi.
2331 5413 2396 5464 Α.
2428 5411 2619 5473 Quid?
2650 5411 2903 5465 minimae
2941 5413 3200 5468 omnium
3232 5429 3360 5484 quae
3391 5428 3640 5478 rursum,
3676 5417 3731 5466 et
3766 5418 3907 5484 quot

2275 5534 2289 5565 ¹
2324 5531 2408 5580 Sic
2435 5531 2558 5579 Mss.
2588 5532 2652 5581 At
2671 5531 2822 5589 Edd.,
2849 5547 2976 5596 qua.
