4064 6352
145 293 278 347 1045

138 421 272 469 sunt
301 415 362 469 in
407 415 593 486 ﬁgura
623 421 864 488 utraque
883 421 912 473 ?
940 422 1004 473 E.
1047 420 1324 488 Totidem,
1363 423 1572 479 scilicet
1596 442 1678 480 ea:
1704 444 1834 498 quae

89 535 96 539 -
135 504 193 556 in
224 504 419 559 media
449 506 628 559 latera
651 507 958 562 ducuntur.
991 511 1065 563 Α.
1113 511 1415 565 Verissime
1448 513 1588 567 mihi
1625 515 1834 570 videris

135 593 342 658 dicere,
376 609 565 665 neque
594 594 687 648 hic
736 611 880 665 opus
918 601 1002 650 est
1048 597 1259 652 diutius
1307 600 1640 668 immorari;
1673 604 1741 657 ad
1775 604 1832 658 id

134 682 291 735 enim
325 682 475 752 quod
501 683 763 737 volumus
793 685 928 738 satis
957 689 1039 739 est
1063 703 1076 739 :
1109 703 1241 740 nam
1267 692 1321 741 et
1349 705 1616 758 magnam
1639 709 1831 762 eaqua-

133 769 351 823 litatem
383 770 474 823 hic
494 770 726 836 servari,
752 775 812 824 ut
834 773 1058 842 opinor,
1075 773 1250 840 vides,
1281 779 1336 829 et
1355 781 1546 830 tamen
1573 780 1832 834 nondum

131 875 199 911 ex
229 858 391 911 omni
429 863 591 929 parte
621 860 950 929 perfectam.
992 865 1059 916 E.
1101 863 1344 918 Omnino
1391 865 1576 934 video,
1610 873 1664 946 et
1702 885 1830 939 quae

127 945 229 999 illa
252 947 438 1016 ﬁgura
460 947 532 1001 sit
562 964 690 1018 quae
713 964 996 1004 summam
1017 952 1402 1021 aequalitatem
1424 945 1830 1023 habeat,nosse

127 1032 502 1088 vehementer
530 1041 808 1105 exspecto.

128 1120 359 1176 CAPUT
398 1124 484 1176 ΧΙ.
544 1153 613 1163 —-
665 1127 992 1192 Figurarum
1047 1132 1387 1196 praestantia.
1435 1132 1578 1196 Quid
1613 1135 1829 1200 signum

700 1217 803 1278 sit;
829 1215 964 1281 quid
983 1220 1261 1282 punctum.

202 1300 287 1351 l7.
320 1299 392 1352 A.
446 1298 628 1362 Quam
677 1317 891 1368 censes,
944 1302 1051 1355 nisi
1093 1319 1240 1369 eam,
1274 1304 1436 1374 cujus
1466 1309 1522 1358 et
1551 1307 1819 1360 extremi-

123 1388 213 1438 tas
239 1385 350 1439 sibi
378 1402 612 1440 concors
643 1393 729 1442 est
760 1390 1036 1460 undique,
1077 1393 1234 1444 nullo
1279 1394 1485 1461 angulo
1515 1395 1828 1463 aequalita-

122 1471 243 1523 tem
272 1473 664 1542 perturbante,
697 1479 754 1529 et
786 1492 820 1529 a
847 1478 1008 1547 cujus
1047 1477 1238 1531 medio
1284 1479 1356 1532 ad
1403 1496 1598 1534 omnes
1640 1486 1826 1536 extre-

121 1557 341 1613 mitatis
364 1565 555 1631 partes
599 1578 765 1632 pares
790 1563 958 1618 lineae
999 1565 1128 1620 duci
1173 1569 1454 1636 possunt?
1481 1572 1546 1623 E.
1590 1570 1733 1636 Jam,
1764 1575 1828 1624 ut

121 1649 351 1717 opinor,
384 1649 676 1720 intelligo:
711 1667 844 1705 nam
873 1651 1031 1706 illam
1076 1653 1321 1724 ﬁguram
1364 1671 1494 1726 quae
1523 1671 1639 1709 una
1677 1657 1826 1709 linea

118 1737 182 1789 in
213 1737 494 1792 circulum
511 1738 679 1792 ducta
701 1740 1062 1807 terminatur,
1088 1741 1231 1796 mihi
1251 1743 1458 1797 videris
1483 1744 1819 1799 describere.

118 1827 200 1878 Α.
233 1826 406 1879 Recte
434 1825 726 1896 intelligis.
764 1829 924 1881 Nunc
952 1827 1147 1898 itaque
1178 1830 1320 1884 illud
1351 1831 1666 1894 considera,
1692 1848 1822 1885 cum

119 1913 382 1983 superior
427 1914 569 1968 ratio
619 1915 878 1970 docuerit
931 1916 1148 1971 lineam
1184 1918 1246 1971 in
1291 1919 1412 1972 sola
1457 1920 1821 1989 longitudine

119 2001 390 2073 intelligi,
422 2019 526 2057 nec
569 2004 882 2075 quidquam
920 2006 1236 2061 latitudinis
1267 2024 1563 2079 usurpare,
1592 2014 1649 2063 et
1685 2009 1816 2063 ideo

117 2107 225 2160 per
253 2092 494 2161 longum
525 2108 639 2162 qua
668 2093 894 2146 ducitur
921 2093 1097 2148 dividi
1127 2111 1242 2149 non
1271 2113 1454 2166 posse,
1498 2102 1690 2151 utrum
1715 2098 1820 2151 tibi

115 2179 384 2232 videatur
409 2180 596 2250 ﬁgura
643 2182 913 2251 quaelibet
941 2183 1063 2236 sine
1109 2184 1412 2239 latitudine
1444 2185 1706 2239 inveniri.
1743 2189 1808 2240 E.

120 2269 291 2321 Nullo
316 2269 508 2322 modo.
527 2271 601 2324 A.
627 2270 772 2333 Quid
794 2272 823 2324 ?
851 2270 976 2340 ipsa
1005 2271 1247 2325 latitudo
1275 2277 1536 2343 potestne
1566 2274 1818 2343 longitu-

114 2356 311 2410 dinem
360 2373 477 2411 non
507 2358 738 2426 habere,
765 2359 1025 2428 quamvis
1055 2360 1298 2414 latitudo
1329 2363 1448 2415 sola
1480 2362 1570 2429 sit,
1613 2379 1815 2433 quem-

116 2445 432 2499 admodum
463 2447 724 2516 superius
754 2447 1175 2516 longitudinem
1207 2449 1330 2502 sine
1378 2450 1681 2504 latitudine
1719 2451 1814 2503 in-

117 2534 480 2600 telleximus;
514 2550 588 2587 an
633 2550 749 2588 non
777 2535 1000 2604 potest?
1028 2539 1099 2590 E.
1147 2536 1318 2591 Video
1349 2553 1466 2591 non
1512 2555 1693 2609 posse.
1737 2542 1814 2592 Α.

116 2622 286 2676 Vides
318 2623 490 2676 etiam
520 2623 679 2688 illud,
726 2623 835 2675 nisi
865 2622 1052 2692 fallor,
1087 2625 1241 2694 quod
1273 2625 1510 2680 latitudo
1543 2627 1612 2680 ab
1658 2627 1816 2680 omni

116 2714 280 2780 parte
309 2709 484 2763 dividi
517 2715 706 2780 queat,
743 2710 895 2764 linea
921 2727 1054 2764 vero
1079 2728 1184 2781 per
1211 2713 1446 2783 longum
1485 2728 1598 2767 non
1627 2720 1814 2784 queat.

116 2801 184 2852 E.
218 2798 583 2852 Manifestum
613 2802 716 2851 est.
747 2800 824 2851 Α.
853 2798 1000 2862 Quid
1029 2816 1166 2869 ergo
1195 2806 1362 2870 putas
1386 2802 1569 2871 pluris
1597 2803 1814 2856 haben-

116 2887 257 2940 dum
283 2886 310 2940 ’ἶ
336 2887 488 2956 quod
521 2885 692 2940 dividi
722 2889 928 2955 potest,
959 2903 1032 2940 an
1072 2887 1133 2940 id
1162 2888 1316 2957 quod
1348 2904 1461 2941 non
1490 2891 1716 2959 potest?
1751 2893 1811 2943 E.

114 2975 376 3029 Profecto
407 2974 467 3028 id
503 2975 657 3044 quod
685 2989 801 3027 non
840 2979 1042 3044 potest.
1078 2976 1156 3030 A.
1201 2976 1496 3045 Praeponis
1542 2977 1720 3046 igitur
1746 2979 1816 3030 li-

113 3079 288 3117 neam
317 3061 628 3116 latitudini.
661 3063 801 3114 Nam
832 3062 878 3115 si
903 3062 1058 3132 quod
1090 3063 1265 3118 dividi
1291 3081 1408 3118 non
1428 3069 1633 3133 potest,
1668 3081 1813 3135 prae-

112 3151 450 3222 ponendum
503 3154 622 3216 est;
684 3165 1090 3219 praeponamus
1148 3167 1376 3205 necesse
1423 3158 1508 3206 est
1539 3152 1710 3206 etiam
1756 3152 1811 3205 id

115 3240 275 3310 quod
311 3239 502 3292 minus
552 3237 726 3292 dividi
762 3243 983 3308 potest:
1023 3239 1264 3293 latitudo
1315 3244 1507 3294 autem
1557 3257 1624 3293 ex
1655 3240 1814 3294 omni

114 3333 278 3398 parte
307 3327 600 3392 dividitur,
642 3326 940 3395 longitudo
971 3343 1104 3381 vero
1143 3344 1262 3382 non
1299 3329 1407 3381 nisi
1449 3344 1517 3382 ex
1565 3328 1810 3394 diverso,

117 3434 247 3472 nam
284 3430 386 3487 per
416 3417 651 3486 longum
690 3415 1028 3469 divisionem
1064 3433 1181 3470 non
1221 3418 1510 3472 admittit:
1545 3424 1628 3472 est
1678 3434 1813 3488 ergo

111 3505 417 3560 latitudine
438 3503 817 3575 praestantior.
853 3506 940 3558 An
976 3509 1039 3558 tu
1072 3506 1237 3560 aliter
1264 3506 1596 3560 existimas?
1626 3509 1690 3561 E.
1733 3507 1815 3560 Ita

115 3611 353 3667 prorsus
380 3593 527 3647 ratio
550 3591 700 3662 cogit
727 3591 894 3647 fateri
924 3596 988 3646 ut
1007 3593 1164 3648 dicis.

725 3758 1248 4004 -l-H—l-
1392 3749 1656 4008 ᾧ

190 4121 278 4174 18.
311 4122 387 4174 Α.
418 4121 543 4175 1am
574 4135 921 4192 quaaramus,
952 4117 1000 4171 si
1032 4117 1235 4187 placet,
1263 4120 1459 4170 utrum
1492 4115 1564 4168 sit
1597 4113 1815 4185 aliquid

116 4208 178 4262 in
213 4207 324 4261 ista
353 4208 594 4274 ratione,
638 4209 793 4280 quod
823 4207 1056 4262 omnino
1091 4221 1207 4260 non
1251 4209 1424 4275 queat
1467 4203 1682 4270 dividi;
1709 4202 1815 4256 erit

113 4295 272 4350 enim
299 4296 406 4350 hoc
439 4298 618 4350 multo
650 4296 822 4351 etiam
873 4311 1047 4366 quam
1075 4293 1173 4347 illa
1210 4293 1363 4347 linea
1399 4293 1625 4346 melius.
1673 4292 1812 4344 Nam

113 4385 329 4439 lineam
351 4384 535 4439 cernis
557 4402 622 4439 ex
649 4385 872 4439 diverso
904 4381 1401 4436 innumerabiliter
1419 4379 1598 4434 secari
1624 4395 1807 4450 posse,

112 4473 313 4542 itaque
344 4471 448 4526 tibi
467 4472 577 4542 ipsi
605 4471 1134 4526 hocinveniendum
1165 4468 1408 4522 dimitto.
1430 4471 1494 4522 E.
1529 4469 1642 4536 Ego
1674 4467 1816 4520 illud

114 4565 260 4630 puto
292 4575 408 4612 non
439 4576 602 4630 posse
632 4560 829 4626 dividi,
853 4559 1008 4630 quod
1051 4556 1306 4611 medium
1338 4556 1398 4609 in
1428 4557 1613 4624 ﬁgura
1637 4569 1814 4624 pone-

115 4649 341 4708 bamus,
377 4648 524 4702 unde
554 4647 614 4701 in
643 4653 896 4702 extrema
943 4646 1110 4699 linea:
1136 4646 1440 4699 ducuntur.
1476 4645 1615 4697 Nam
1654 4642 1702 4695 si
1730 4643 1815 4696 di-

114 4735 354 4800 viditur,
398 4735 756 4805 longitudine
794 4739 890 4789 aut
925 4733 1100 4788 etiam
1136 4733 1435 4786 latitudine
1471 4747 1662 4784 carere
1700 4746 1816 4783 non

116 4827 330 4894 potest.
377 4823 486 4877 Sed
545 4823 592 4876 si
642 4822 1062 4892 longitudinem
1115 4822 1293 4874 solam
1325 4820 1512 4885 habet,
1547 4835 1662 4872 non
1697 4819 1816 4887 jam

118 4913 276 4965 unde
307 4911 595 4965 ducuntur
625 4911 810 4976 lineae,
844 4912 941 4964 sed
970 4909 1373 4980 ipsalineaest.
1402 4908 1458 4962 Si
1486 4923 1617 4961 vero
1645 4907 1816 4960 etiam

120 5002 302 5054 latum
333 5003 438 5067 est,
473 4999 629 5053 aliud
663 4999 946 5052 desiderat
972 4997 1225 5051 medium
1257 5013 1288 5049 a
1326 5013 1440 5067 quo
1471 4995 1527 5049 in
1568 4999 1819 5049 extrema

119 5086 443 5142 latitudinis
483 5086 650 5139 lineas
681 5087 980 5139 ducantur.
1015 5086 1330 5154 Utrumque
1359 5088 1548 5137 autem
1580 5083 1688 5136 hoc
1737 5099 1819 5135 ra-

119 5175 200 5229 tio
255 5174 502 5244 respuit.
548 5174 613 5228 Id
655 5174 760 5227 erit
798 5174 975 5244 igitur
1012 5173 1165 5244 quod
1214 5172 1391 5226 dividi
1429 5176 1694 5241 nequeat.
1743 5173 1816 5225 Α.

121 5265 293 5318 Recte
325 5263 482 5316 dicis.
513 5262 617 5317 Sed
652 5277 848 5317 nonne
878 5260 982 5314 tibi
1006 5260 1224 5330 aliquid
1253 5261 1363 5314 tale
1393 5259 1617 5313 videtur
1646 5258 1818 5312 etiam

123 5352 266 5406 illud
300 5349 457 5404 unde
485 5349 634 5404 linea
661 5350 908 5416 ducitur,
938 5348 1043 5402 etsi
1069 5349 1254 5417 ﬁgura
1281 5349 1538 5402 nondum
1569 5347 1638 5401 sit
1660 5348 1820 5416 cujus

126 5439 384 5494 medium
416 5438 844 5510 intelligamus?
892 5437 1035 5490 Illud
1067 5437 1220 5490 enim
1254 5437 1378 5490 dico
1408 5436 1575 5491 linea:
1610 5434 1820 5506 princi-

128 5528 286 5598 pium
322 5544 354 5580 a
402 5543 516 5598 quo
563 5526 767 5596 incipit
815 5525 1134 5595 longitudo,
1168 5526 1320 5595 quod
1373 5526 1499 5579 volo
1543 5524 1665 5577 sine
1705 5524 1821 5576 ulla

1698 302 1911 360 LIBER
1962 304 2056 359 UN
2064 304 2164 359 US.

3512 318 3646 371 1046

1944 429 2304 499 longitudine
2329 431 2632 504 intelligas.
2675 435 2815 488 Nam
2833 435 2879 488 si
2902 437 3320 505 longitudinem
3350 439 3640 510 intelligis,

1942 533 2307 588 nequaquam
2338 522 2878 593 profectointelligis
2903 527 3050 577 unde
3077 525 3202 595 ipsa
3223 527 3424 596 incipit
3453 529 3643 598 longi-

1944 606 2102 658 tudo.
2134 609 2196 660 E.
2231 608 2363 660 Tale
2395 609 2628 663 omnino
2676 615 2753 664 Α.
2806 614 2918 665 [loc
2954 629 3090 681 ergo
3124 615 3278 683 quod
3303 615 3422 684 jam
3454 621 3509 669 te
3551 616 3639 669 in-

1940 693 2198 762 telligere
2246 695 2431 764 video,
2479 698 2939 765 potentissimum
2990 701 3277 770 omnium,
3350 719 3479 772 qua:
3541 705 3639 758 de-

1940 786 2254 835 monstrata
2281 788 2439 839 sunt.
2489 785 2780 855 Siquidem
2811 789 2915 840 hoc
2961 794 3063 857 est,
3096 790 3251 859 quod
3301 792 3519 846 nullam
3553 793 3639 846 di-

1939 869 2219 923 visionem
2250 871 2530 940 patiatur;
2561 878 2615 925 et
2641 879 2914 942 punctum
2939 882 3186 943 vocatur,
3221 893 3349 932 cum
3382 880 3637 934 medium

1939 959 2094 1012 tenet
2121 959 2321 1028 ﬁgurae
2348 975 2359 1013 :
2384 960 2431 1013 si
2459 965 2648 1014 autem
2667 961 3014 1031 principium
3035 965 3198 1018 linem
3221 971 3302 1019 est
3332 968 3418 1020 vel
3447 967 3635 1036 lineis,

1938 1050 2036 1098 aut
2067 1046 2238 1099 etiam
2271 1047 2403 1100 ﬁnis
2429 1067 2442 1112 ;
2484 1049 2570 1100 vel
2599 1064 2730 1102 cum
2760 1050 2994 1103 omnino
3025 1052 3239 1121 aliquid
3288 1057 3448 1107 notat
3484 1057 3634 1124 quod

1937 1132 2060 1186 sine
2090 1135 2347 1203 partibus
2381 1135 2820 1205 intelligendum
2860 1136 2951 1202 sit,
2997 1154 3098 1190 nec
3133 1145 3324 1193 tamen
3381 1142 3635 1195 obtineat

1937 1222 2137 1290 ﬁgurae
2169 1224 2443 1289 medium,
2465 1224 2695 1294 signum
2720 1225 2945 1278 dicitur.
2971 1227 3064 1279 Est
3086 1242 3219 1296 ergo
3238 1228 3465 1296 signum
3498 1235 3636 1283 nota

1936 1308 2056 1362 sine
2098 1311 2374 1378 partibus.
2414 1313 2506 1364 Est
2544 1317 2738 1365 autem
2769 1318 3068 1381 punctum,
3103 1318 3241 1367 nota
3274 1316 3525 1368 medium
3558 1317 3632 1368 ﬁ-

1937 1411 2094 1464 gurae
2121 1401 2336 1450 tenens.
2371 1400 2453 1450 Ita
2482 1399 2546 1451 ﬁt
2569 1405 2629 1452 ut
2659 1415 2828 1452 omne
2859 1406 3137 1469 punctum
3171 1401 3344 1454 etiam
3403 1402 3632 1471 signum

1937 1484 2027 1548 sit,
2058 1500 2170 1538 non
2199 1490 2390 1539 autem
2415 1502 2586 1540 omne
2617 1487 2845 1555 signum
2873 1491 3145 1556 punctum
3183 1487 3461 1542 videatur.
3493 1491 3630 1542 Volo

1934 1571 2089 1625 enim
2117 1573 2184 1626 de
2214 1573 2301 1626 his
2330 1574 2658 1627 nominibus
2684 1575 2836 1628 inter
2867 1592 2967 1628 nos
2998 1576 3318 1642 convenire,
3355 1580 3417 1629 ut
3442 1576 3632 1629 minus

1932 1658 1992 1712 in
2025 1660 2367 1730 disputando
2399 1661 2956 1732 circumloquamur':
2990 1679 3318 1733 quanquam
3373 1664 3631 1734 plerique

1929 1751 2208 1813 punctum
2233 1747 2540 1816 appellent,
2577 1764 2690 1800 non
2714 1749 2868 1817 quod
2900 1749 3087 1801 omnis
3121 1749 3322 1817 ﬁgurae
3353 1749 3626 1816 medium,

1931 1834 2032 1888 sed
2062 1834 2214 1904 quod
2244 1834 2419 1887 solius
2449 1834 2644 1888 circuli
2672 1836 2756 1888 vel
2791 1835 2922 1904 pilae
2953 1841 3137 1901 tenet;
3179 1836 3403 1889 tametsi
3435 1837 3628 1891 minus

1931 1921 2097 1976 nobis
2125 1923 2195 1976 de
2221 1921 2509 1975 vocabulis
2543 1923 2918 1976 laborandum
2951 1928 3054 1976 est.
3085 1927 3149 1977 E.
3185 1923 3498 1978 Assentior.

2287 2010 2509 2063 CAPUT
2555 2011 2668 2064 XII.
2702 2041 2770 2048 —
2799 2013 2992 2064 Punctz’
3006 2014 3268 2078 potentia.

2004 2100 2086 2150 19.
2116 2100 2192 2150 Α.
2226 2097 2390 2150 Vides
2419 2101 2568 2150 certe
2598 2098 2770 2150 etiam
2809 2103 3088 2167 quantum
3127 2099 3328 2154 valeat.
3372 2099 3513 2152 Nam
3555 2099 3624 2152 ab

1927 2183 2052 2254 ipso
2084 2183 2287 2252 incipit
2319 2185 2487 2249 linea,
2517 2184 2642 2254 ipso
2668 2185 3048 2252 terminatur;
3081 2187 3325 2256 ﬁguram
3357 2187 3526 2240 rectis
3555 2188 3624 2239 li-

1929 2272 2049 2325 neis
2078 2273 2294 2326 nullam
2327 2273 2585 2326 videmus
2632 2273 2756 2326 fieri
2803 2289 2986 2342 posse,
3045 2274 3154 2326 nisi
3200 2275 3321 2343 ipso
3374 2275 3625 2343 angulus

1927 2361 2260 2425 claudatur;
2295 2359 2498 2413 deinde
2555 2361 2957 2430 undecumque
2997 2362 3175 2414 secari
3220 2361 3371 2414 linea
3411 2367 3621 2430 potest,

1926 2464 2030 2518 per
2075 2449 2262 2517 ipsum
2313 2453 2550 2510 secatur,
2603 2464 2733 2501 cum
2786 2448 2974 2516 ipsum
3024 2450 3254 2502 omnino
3297 2450 3516 2502 nullam
3563 2450 3623 2502 in

1927 2552 1986 2588 se
2035 2536 2300 2589 admittat
2346 2536 2692 2601 sectionem;
2733 2537 2892 2590 nulla
2938 2536 3088 2589 linea
3127 2537 3315 2602 linem,
3364 2537 3473 2590 nisi
3521 2553 3623 2607 per

1925 2623 2115 2692 ipsum
2139 2625 2456 2693 copulatur.
2489 2625 2782 2677 Postremo
2813 2639 2943 2677 cum
2965 2624 3181 2677 caeteris
3209 2624 3395 2693 planis
3424 2624 3624 2693 ﬁguris

1928 2711 2078 2781 (nam
2109 2712 2177 2765 de
2206 2712 2509 2766 altitudine
2541 2713 2726 2765 adhuc
2755 2712 2899 2764 nihil
2931 2705 3202 2778 diximusf
3225 2727 3350 2765 eam
3396 2728 3622 2781 praepo-

1925 2799 2173 2852 nendam
2201 2799 2349 2852 ratio
2377 2800 2852 2853 demonstraverit
2891 2816 3018 2869 quae
3068 2800 3277 2853 circulo
3318 2799 3620 2860 clauditur,

1923 2890 2160 2954 propter
2189 2902 2475 2939 summam
2504 2886 2889 2956 aequalitatem
2917 2903 3083 2955 ;quae
3106 2887 3216 2939 alia
3246 2886 3423 2955 ipsius
3437 2902 3623 2954 aequa-

1923 2971 2100 3024 litatis
2154 2972 2472 3027 moderatio
2504 2979 2606 3038 est,
2649 2989 2822 3043 quam
2851 2977 3126 3042 punctum
3158 2973 3218 3025 in
3267 2973 3456 3026 medio
3487 2988 3620 3025 con-

1924 3060 2225 3114 stitutum?
2255 3060 2427 3114 Multa
2455 3061 2523 3114 de
2571 3060 2742 3129 hujus
2797 3060 3054 3130 potentia
3085 3060 3194 3113 dici
3228 3063 3486 3129 possunt,
3520 3060 3618 3112 sed

1924 3148 2167 3202 adhibeo
2198 3149 2452 3213 modum,
2484 3152 2541 3201 et
2569 3148 2674 3200 tibi
2703 3147 2812 3217 ipsi
2852 3148 3157 3217 cogitanda
3186 3149 3352 3217 plura
3383 3146 3619 3216 permit-

1921 3243 1999 3290 to.
2029 3240 2094 3292 E.
2128 3238 2271 3291 Sane
2303 3243 2365 3290 ut
2402 3237 2660 3303 videtur;
2695 3253 2808 3290 non
2849 3237 3005 3290 enim
3048 3253 3138 3289 me
3177 3235 3471 3306 requirere
3529 3234 3619 3304 pi-

1923 3325 2100 3394 gebit,
2153 3325 2200 3377 si
2245 3325 2381 3395 quid
2433 3325 2606 3379 fuerit
2664 3325 2996 3378 obscurius:
3054 3340 3223 3377 cerno
3275 3327 3466 3376 autem
3506 3338 3621 3376 me-

1923 3412 2210 3479 diocriter,
2243 3417 2306 3467 ut
2333 3417 2498 3483 puto,
2531 3429 2801 3483 magnam
2839 3413 3012 3482 hujus
3056 3412 3207 3480 signi
3257 3427 3377 3466 esse
3424 3415 3620 3480 poten-

1922 3501 2085 3555 tiam.

1993 3592 2081 3644 20.
2113 3592 2190 3643 A.
2224 3591 2384 3643 Nunc
2422 3605 2559 3657 ergo
2600 3590 2742 3643 illud
2796 3589 3046 3652 attende,
3093 3603 3223 3641 cum
3262 3591 3319 3642 et
3371 3586 3508 3656 quid
3551 3586 3622 3639 sit

1922 3677 2172 3747 signum,
2216 3681 2272 3729 et
2318 3677 2458 3746 quid
2501 3677 2572 3730 sit
2610 3677 2939 3747 longitudo,
2992 3679 3046 3728 et
3086 3674 3226 3744 quid
3266 3673 3339 3726 sit
3374 3673 3618 3727 latitudo

1920 3767 2312 3832 perspexeris;
2358 3763 2499 3833 quid
2538 3765 2748 3818 horum
2795 3763 2900 3816 tibi
2945 3762 3206 3815 videatur
3253 3759 3505 3825 alterius,
3564 3763 3621 3812 et

1920 3851 2082 3921 cujus
2111 3849 2389 3920 indigere,
2435 3851 2556 3904 sine
2600 3868 2714 3920 quo
2763 3867 2884 3904 esse
2920 3865 3035 3902 non
3090 3847 3291 3917 possit.
3326 3850 3391 3900 E.
3444 3846 3618 3900 Video

1921 3939 2076 4010 quod
2110 3939 2348 3992 latitudo
2376 3938 2737 4008 longitudine
2768 3938 3045 4007 indigeat,
3081 3935 3202 3988 sine
3245 3951 3359 4005 qua
3386 3950 3619 4004 prorsus

1920 4027 2167 4096 intelligi
2196 4042 2312 4080 non
2334 4030 2537 4098 potest.
2569 4029 2786 4081 Rursus
2815 4024 3237 4094 longitudinem
3270 4039 3440 4076 cerno
3488 4023 3618 4076 lati-

1922 4115 2119 4170 tudine
2151 4115 2385 4185 quidem
2419 4131 2536 4168 non
2586 4113 2844 4183 indigere
2883 4118 2947 4167 ut
3003 4113 3095 4179 sit,
3147 4112 3243 4165 sed
3291 4111 3410 4164 sine
3455 4111 3617 4179 signo

1921 4204 2019 4258 illo
2050 4219 2170 4256 esse
2222 4219 2341 4257 non
2388 4218 2571 4273 posse.
2605 4203 2975 4276 Illud'autem
3023 4201 3251 4270 signum
3280 4215 3384 4268 per
3414 4201 3617 4252 semet-

1921 4290 2112 4359 ipsum
2141 4306 2260 4344 esse
2297 4295 2352 4344 et
2385 4290 2599 4344 nullius
2649 4291 2860 4344 horum
2916 4288 3195 4357 indigere,
3249 4287 3618 4340 manifestum

1924 4382 2026 4432 est.
2057 4382 2133 4432 Α.
2189 4381 2273 4433 Ita
2311 4384 2393 4432 est
2439 4383 2502 4432 ut
2549 4379 2727 4442 dicis;
2780 4378 2877 4431 sed
2922 4375 3251 4445 diligentius
3300 4374 3614 4437 considera,

1923 4471 2117 4520 utrum
2163 4467 2402 4521 latitudo
2445 4483 2576 4521 vere
2621 4465 2872 4537 undique
2922 4463 3102 4518 secari
3155 4467 3361 4533 queat;
3402 4478 3475 4516 an
3514 4462 3617 4514 ali-

1924 4555 2107 4609 cunde
2135 4572 2239 4610 nec
2268 4557 2393 4625 ipsa
2440 4555 2747 4608 sectionem
2785 4553 2967 4624 possit
3012 4551 3328 4615 admittere,
3361 4550 3620 4616 quamvis

1923 4645 2052 4714 plus
2081 4644 2343 4698 admittat
2363 4659 2537 4713 quam
2557 4643 2725 4696 linea.
2752 4645 2816 4695 E.
2850 4639 3048 4695 Nescio
3074 4653 3308 4708 prorsus
3330 4638 3482 4690 unde
3503 4653 3618 4690 non

1924 4732 2121 4801 possit.
2156 4735 2232 4785 Α.
2265 4732 2442 4785 Credo
2470 4736 2524 4784 te
2554 4746 2673 4784 non
2704 4728 3013 4792 recordari;
3057 4742 3191 4779 nam
3219 4725 3435 4778 nescire
3473 4725 3622 4778 istud

1926 4821 2082 4874 nullo
2127 4820 2290 4872 modo
2331 4834 2564 4889 posses:
2613 4833 2787 4887 quare
2844 4813 3349 4870 commonefaciam
3399 4817 3454 4866 te
3511 4813 3620 4865 isto

1926 4907 2114 4960 modo.
2151 4907 2312 4961 Certe
2351 4906 2507 4959 enim
2545 4904 2903 4958 latitudinem
2933 4903 3010 4956 sic
3039 4901 3332 4970 intelligis,
3366 4903 3428 4954 ut
3470 4899 3620 4968 cogi-

1925 4995 2140 5049 tatione
2171 5000 2268 5048 tua
2313 4995 2381 5047 de
2425 4993 2723 5046 altitudine
2772 4992 2914 5045 nihil
2962 5005 3221 5059 usurpas.
3253 4991 3317 5042 E.
3375 4987 3465 5041 Sic
3499 5002 3622 5038 om-

1927 5085 2087 5137 nino.
2120 5084 2189 5137 Α.
2248 5082 2492 5136 Accedat
2533 5081 2710 5152 igitur
2755 5079 2889 5134 huic
2932 5077 3222 5133 latitudini
3270 5075 3525 5137 altitudo,
3568 5079 3625 5125 et

1927 5171 2213 5240 responde
2249 5171 2368 5239 jam
2425 5175 2618 5223 utrum
2659 5169 2834 5222 etiam
2882 5167 3097 5236 aliquid
3152 5161 3471 5227 accesserit,
3506 5176 3620 5228 quo

1930 5259 2108 5328 magis
2133 5259 2387 5328 undique
2418 5257 2595 5311 secari
2631 5261 2819 5326 queat.
2864 5259 2928 5310 E.
2965 5255 3099 5309 Mire
3144 5250 3374 5304 omnino
3414 5248 3621 5301 admo-

1926 5347 2124 5401 nuisti.
2158 5348 2317 5400 Nunc
2347 5346 2500 5399 enim
2546 5345 2709 5399 video
2753 5361 2870 5398 non
2922 5344 3106 5396 solum
3135 5339 3378 5406 desuper
3419 5338 3516 5388 aut
3555 5350 3624 5386 ex

1930 5433 2190 5488 inferiori
2219 5440 2399 5504 parte,
2436 5434 2532 5488 sed
2564 5451 2596 5487 a
2637 5432 2908 5486 lateribus
2939 5442 3166 5499 quoque
3189 5422 3413 5478 admitti
3457 5436 3624 5491 posse

1936 5523 2265 5588 sectionem,
2324 5523 2583 5593 nihilque
2624 5520 2858 5574 omnino
2907 5513 3264 5577 remansisse,
3317 5509 3469 5564 unde
3507 5523 3627 5562 non
