4064 6352
407 261 576 330 ίο4ῖ’

397 407 568 472 queat
615 406 912 472 penetrare
959 401 1177 454 divisio.
1232 402 1416 464 Quare
1469 401 1838 455 manifestum
1885 403 1986 467 est,
2033 403 2090 454 et

398 489 762 543 latitudinem
814 504 881 541 ex
928 489 1016 541 his
1051 488 1309 559 partibus
1356 490 1534 543 secari
1589 505 1708 543 non
1743 505 1927 559 posse,
1987 504 2092 560 per

400 593 542 648 quas
571 581 892 630 surrectura
925 581 1008 630 est
1035 577 1297 630 altitudo.

471 685 560 735 2t.
591 683 663 736 Α.
698 682 981 747 Quoniam
1017 683 1124 736 tibi
1155 683 1350 752 igitur,
1383 683 1429 736 si
1454 699 1574 737 non
1603 683 1786 749 fallor,
1818 689 1874 738 et
1902 685 2090 754 longi-

403 768 560 836 tudo,
591 771 646 822 et
673 769 935 836 latitudo,
973 774 1028 823 et
1056 771 1296 824 altitudo
1331 776 1466 824 nota
1497 776 1610 831 est;
1650 788 1866 841 quaero,
1901 776 2094 825 utrum

398 856 622 926 possint
650 857 844 911 deesse
874 858 987 912 duo
1017 857 1330 926 superiora,
1382 859 1479 911 ubi
1523 859 1706 912 aderit
1733 859 1992 912 altitudo.
2025 863 2090 913 E.

397 941 529 996 Sine
555 943 911 1012 longitudine
942 944 1174 1014 quidem
1206 944 1365 998 video
1396 961 1519 998 esse
1559 962 1674 998 non
1717 962 1877 1015 posse
1908 946 2095 999 altitu-

400 1029 615 1094 dinem,
649 1030 770 1084 sine
800 1031 1099 1084 latitudine
1121 1035 1312 1084 autem
1343 1037 1543 1102 potest.
1582 1035 1658 1087 Α.
1691 1033 1830 1086 Redi
1862 1049 1996 1102 ergo
2023 1033 2094 1086 ad

399 1117 804 1187 cogitationem
852 1118 1192 1184 latitudinis,
1243 1124 1299 1172 et
1336 1120 1383 1172 si
1431 1136 1558 1173 eam
1610 1120 1773 1189 quasi
1809 1121 2094 1188 jacentem

399 1205 590 1258 animo
637 1205 991 1275 ﬁguraveris,
1033 1205 1288 1275 erigatur
1323 1207 1384 1260 in
1427 1207 1724 1276 quodlibet
1764 1209 1932 1272 latus,
1972 1213 2096 1260 tan-

401 1308 575 1363 quam
657 1293 704 1345 si
761 1308 888 1346 eam
969 1294 1140 1346 velles
1221 1309 1324 1362 per
1401 1294 1818 1359 tenuissimam,
1881 1294 1980 1348 ubi
2035 1311 2094 1348 se

404 1381 608 1432 clausas
633 1379 830 1448 janute
855 1381 1125 1450 jungunt,
1161 1381 1420 1434 educere.
1457 1384 1540 1434 An
1586 1382 1844 1435 nondum
1884 1383 2094 1434 intelli-

410 1465 498 1534 gis
529 1465 667 1535 quid
692 1466 864 1520 velim
884 1469 912 1520 ?
940 1471 1001 1521 E.
1036 1469 1296 1537 Intelligo
1326 1468 1462 1537 quid
1510 1469 1682 1536 dicas,
1714 1469 1810 1520 sed
1840 1470 2097 1522 nondum

406 1552 641 1606 fortasse
694 1553 834 1624 quid
879 1554 1035 1610 velis.
1085 1557 1156 1609 A.
1191 1555 1337 1608 Illud
1382 1555 1594 1609 scilicet
1642 1560 1704 1608 ut
1732 1557 2094 1625 respondeas,

411 1644 603 1693 utrum
635 1640 712 1694 sic
758 1647 945 1695 erecta
984 1642 1225 1696 latitudo
1266 1643 1525 1696 videatur
1567 1644 1670 1696 tibi
1713 1644 1989 1712 migrasse
2038 1645 2096 1698 in

404 1727 783 1793 altitudinem,
813 1733 870 1781 et
901 1729 1219 1782 latitudinis
1241 1731 1364 1798 jam
1396 1747 1605 1784 nomen
1635 1732 2098 1800 descriptionem-

404 1829 515 1882 que
554 1813 844 1880 amisisse;
905 1831 979 1868 an
1031 1817 1214 1869 adhuc
1258 1822 1487 1869 maneat
1533 1817 1795 1883 latitudo,
1841 1819 2098 1888 quamvis

394 1901 477 1953 ita
506 1901 578 1953 sit
597 1901 892 1955 collocata.
934 1906 1005 1956 E.
1040 1904 1276 1958 Videtur
1317 1905 1461 1958 mihi
1507 1906 1749 1960 altitudo
1782 1923 1900 1960 esse
1929 1908 2094 1963 facta.

399 1989 470 2041 A.
512 1989 941 2056 Recordarisne,
991 1992 1245 2053 obsecro,
1308 1993 1792 2062 quemadmodum
1853 1996 2098 2050 altitudi-

404 2091 536 2129 nem
566 2075 1017 2130 deﬁnieramus?
1071 2083 1137 2133 E.
1192 2081 1476 2133 Recordor
1522 2083 1710 2151 plane,
1743 2086 1797 2136 et
1844 2100 1933 2137 me
1975 2085 2096 2154 jam

402 2162 483 2216 sic
532 2164 890 2232 respondisse
918 2166 1113 2234 pudet.
1149 2168 1291 2221 Nam
1324 2168 1497 2222 etiam
1547 2170 1654 2222 hoc
1709 2171 1879 2224 modo
1933 2172 2096 2241 quasi

404 2257 590 2304 erecta
621 2251 856 2305 latitudo
888 2252 1191 2308 sectionem
1221 2271 1324 2324 per
1353 2257 1589 2326 longum
1619 2257 1883 2312 deorsum
1907 2274 2097 2312 versus

407 2355 521 2392 non
551 2339 794 2393 admittit
821 2356 833 2393 :
885 2357 1060 2410 quare
1087 2343 1243 2396 nulla
1270 2344 1329 2396 in
1351 2360 1416 2397 ea
1445 2350 1684 2414 possunt
1711 2346 1985 2400 interiora
2012 2364 2099 2401 co-

407 2425 595 2494 gitari,
631 2426 890 2495 quamvis
919 2428 1172 2481 medium
1211 2434 1268 2483 et
1305 2435 1556 2485 extrema
1598 2433 1938 2500 cogitentur.
1999 2436 2095 2489 Se-

406 2511 656 2564 cundum
699 2518 890 2566 autem
929 2515 1281 2582 superiorem
1321 2518 1866 2573 demonstrationem
1911 2521 2098 2574 altitu-

405 2596 573 2662 dinis,
624 2615 796 2667 quam
824 2600 1000 2654 fecisti
1032 2607 1094 2655 ut
1126 2606 1471 2670 recordarer,
1522 2608 1680 2661 nulla
1736 2607 1974 2660 omnino
2014 2613 2099 2662 est

408 2685 667 2750 altitudo,
696 2686 792 2739 ubi
807 2687 946 2741 nihil
974 2688 1128 2743 intus
1156 2691 1393 2762 cogitari
1413 2697 1710 2762 potest.A.
1738 2695 1906 2748 Recte
1937 2695 2095 2764 dicis,

409 2777 466 2826 et
494 2774 572 2826 sic
601 2779 653 2826 te
702 2776 934 2830 omnino
965 2781 1291 2834 meminisse
1340 2783 1661 2850 cupiebam.
1713 2783 2095 2846 Quamobrem

406 2860 548 2914 illud
572 2861 692 2931 jam
743 2865 868 2917 volo
904 2870 1267 2936 respondeas,
1295 2874 1488 2923 utrum
1519 2871 1659 2922 falso
1702 2886 1899 2924 verum
1937 2875 2094 2924 ante-

407 2964 604 3017 ponas.
634 2953 701 3005 E.
732 2953 855 3006 Jam
901 2955 1036 3008 hinc
1091 2958 1370 3023 dubitare,
1418 2957 1766 3012 incredibilis
1811 2959 2096 3012 dementia

407 3041 507 3089 est.
539 3038 610 3091 A.
651 3039 745 3092 Dic
774 3057 931 3111 ergo,
967 3061 1162 3113 quaso
1195 3050 1268 3113 te,
1304 3047 1722 3116 numquidnam
1767 3061 1899 3100 vera
1944 3047 2097 3100 linea

408 3127 508 3188 est,
541 3141 668 3195 quas
691 3143 791 3196 per
815 3131 1048 3200 longum
1075 3134 1250 3186 secari
1277 3138 1463 3204 potest
1487 3150 1499 3198 ;
1533 3138 1630 3186 aut
1657 3149 1854 3187 verum
1869 3134 2094 3203 signum

413 3213 567 3280 quod
594 3215 711 3268 ullo
749 3218 922 3272 modo
954 3221 1130 3274 secari
1159 3226 1345 3290 potest
1373 3239 1385 3286 ;
1411 3226 1509 3274 aut
1537 3236 1668 3273 vera
1689 3221 2094 3292 latitudo,quze

413 3315 542 3353 cum
597 3308 781 3358 erecta
829 3311 930 3373 est,
966 3312 1028 3361 ut
1081 3309 1344 3368 diximus,
1387 3308 1695 3361 sectionem
1725 3325 1828 3377 per
1857 3310 2096 3380 longum

409 3386 668 3443 deorsum
700 3409 892 3448 versus
923 3394 1217 3448 admittit?
1246 3399 1312 3449 E.
1347 3395 1499 3448 Nihil
1530 3395 1741 3449 minus.

410 3474 629 3531 CAPUT
654 3481 796 3534 XIII.
819 3510 884 3522 —
918 3485 1145 3535 Animus
1182 3485 1524 3549 incorporeus
1569 3486 1734 3536 cernit
1759 3486 2091 3553 incorporea.

1003 3571 1241 3621 Animus
1270 3570 1404 3636 quid
1434 3573 1526 3623 sit.

476 3653 563 3706 22.
595 3660 671 3709 Α.
700 3657 1032 3726 Uuquamne
1063 3656 1238 3724 igitur
1267 3657 1444 3709 oculis
1482 3658 1603 3711 istis
1651 3661 1958 3728 corporeis,
2007 3663 2096 3716 vel

405 3736 517 3791 tale
546 3747 842 3808 punctum,
864 3742 952 3793 vel
979 3741 1150 3794 talem
1181 3741 1515 3809 lineam,vel
1538 3743 1708 3796 talem
1738 3745 2096 3800 latitudinem

404 3822 642 3881 vidisti?
672 3831 738 3882 E.
787 3827 1027 3881 Omnino
1079 3843 1393 3896 nunquam.
1447 3831 1572 3883 Non
1610 3832 1762 3885 enim
1817 3838 1949 3886 sunt
1991 3834 2098 3888 ista

407 3928 694 3982 corporea.
724 3919 798 3968 Α.
828 3913 1000 3982 Atqui
1032 3913 1079 3966 si
1105 3930 1377 3984 corporea
1409 3920 1700 3988 corporeis
1730 3922 1906 3974 oculis
1952 3923 2097 3976 mira

407 4002 654 4070 quadam
684 4017 874 4055 rerum
923 4002 1260 4071 cognatione
1301 4013 1651 4073 cernuntur;
1699 4015 1924 4078 oportet
1967 4011 2089 4064 ani-

408 4105 567 4143 mum
597 4105 711 4159 quo
741 4088 1002 4141 videmus
1031 4090 1129 4143 illa
1166 4091 1567 4162 incorporalia,
1609 4113 1951 4166 corporeum
1979 4116 2101 4152 cor-

405 4193 578 4246 pusve
604 4191 720 4228 non
750 4191 894 4229 esse.
926 4178 1011 4228 An
1041 4182 1102 4230 tu
1128 4179 1294 4233 aliter
1320 4182 1606 4235 existimas
1626 4185 1655 4236 ?
1700 4188 1765 4238 Ε.
1797 4188 1935 4255 Age,
1979 4188 2101 4255 jam

402 4263 650 4316 concedo
680 4279 888 4332 corpus
926 4279 1043 4318 non
1071 4282 1191 4318 esse
1221 4267 1482 4322 animum
1523 4273 1610 4324 vel
1639 4272 1951 4342 quidquam
1978 4291 2103 4328 cor-

405 4366 647 4419 poreum
671 4367 684 4416 ;
719 4350 858 4420 quid
880 4355 966 4404 est
993 4353 1249 4422 tandem,
1282 4356 1372 4408 dic
1401 4357 1544 4410 mihi
1574 4359 1599 4408 ‘I
1623 4361 1697 4412 Α.
1720 4361 1855 4413 Vide
1876 4361 2104 4417 interim

405 4440 599 4490 utrum
613 4437 934 4491 confectum
948 4439 1019 4492 sit
1051 4457 1242 4495 carere
1265 4443 1429 4497 illum
1453 4444 1553 4497 illa
1577 4447 1735 4499 omni
1763 4449 2101 4516 quantitate,

407 4523 477 4576 de
509 4540 623 4593 qua
652 4541 801 4578 nunc
831 4527 1070 4596 quaestio
1099 4533 1184 4582 est
1209 4545 1221 4582 :
1256 4547 1389 4585 nam
1420 4533 1556 4602 quid
1585 4533 1656 4586 sit
1683 4535 1930 4600 animus,
1963 4536 2104 4590 obli-

407 4615 531 4663 tum
565 4616 618 4664 te
641 4628 760 4665 esse
789 4614 966 4667 miror
994 4616 1188 4684 priore
1217 4618 1366 4671 inter
1391 4636 1494 4673 nos
1525 4622 1866 4690 quaestiones
1894 4624 2104 4678 discus-

407 4713 556 4752 sum.
587 4699 870 4754 Meninisti
900 4703 1057 4756 enim
1077 4708 1132 4757 te
1152 4707 1421 4774 quaesisse
1436 4708 1722 4776 primitus,
1739 4711 1893 4764 unde
1919 4716 2098 4766 esset:

406 4786 565 4856 quod
594 4787 813 4841 duobus
847 4791 1032 4844 modis
1062 4809 1097 4845 a
1123 4793 1285 4846 nobis
1314 4798 1614 4849 tractatum
1666 4815 1785 4851 esse
1839 4800 2100 4866 memini,

403 4888 542 4934 uno.
577 4889 692 4942 quo
720 4876 882 4944 quasi
913 4878 981 4931 de
1013 4879 1244 4948 regione
1268 4882 1388 4950 ejus
1417 4884 1722 4953 quaesitum
1747 4891 1863 4951 est;
1898 4888 2098 4954 altero,

406 4965 740 5014 utrumnam
762 4979 829 5016 ex
844 4969 1016 5030 terra,
1032 4968 1121 5020 vel
1152 4968 1308 5038 igne,
1327 4972 1413 5023 vel
1442 4972 1552 5026 alio
1573 4975 1844 5044 quopiam
1861 4975 2098 5028 istorum

407 5046 830 5102 elementorum
867 5056 1030 5117 esset,
1061 5054 1149 5106 vel
1180 5070 1246 5107 ex
1281 5058 1568 5126 omnibus,
1600 5061 1687 5113 vel
1720 5078 1782 5113 ex
1813 5062 2098 5132 aliquibus

403 5133 630 5188 horum.
657 5136 719 5189 In
732 5152 846 5206 qua
875 5139 1193 5207 quaestione
1215 5144 1468 5198 constitit
1486 5145 1637 5200 inter
1649 5163 1770 5211 nos,
1789 5164 1904 5200 non
1919 5149 2099 5217 magis

406 5219 516 5274 hoc
539 5224 911 5291 quaerendum
935 5241 1054 5279 esse
1099 5244 1270 5297 quam
1293 5232 1445 5286 unde
1468 5234 1721 5301 sitterra,
1754 5236 1840 5287 vel
1868 5235 1915 5286 si
1950 5236 2100 5304 quod

405 5307 560 5362 aliud
574 5311 994 5366 elementorum
1008 5313 1833 5392 singulorum.Intelligendum
1849 5326 1934 5374 est
1946 5322 2100 5375 enim

405 5411 735 5466 quanquam
766 5400 914 5453 Deus
944 5401 1138 5458 fecerit
1159 5405 1438 5474 animum,
1458 5409 1668 5464 habere
1694 5409 1859 5462 illum
1885 5414 2100 5463 certam

403 5483 800 5555 substantiam,
834 5505 963 5559 qua:
989 5505 1175 5562 neque
1195 5498 1442 5562 terrena,
1477 5513 1661 5566 neque
1692 5496 1881 5565 ignea,
1914 5513 2098 5566 neque

1417 279 1510 332 DE
1549 277 2007 344 QUANTITATE
2047 277 2318 339 ANIMIE,
2363 276 2414 330 S.
2459 275 2839 331 AUGUSTINI

3769 279 3784 328 1
3798 277 3909 330 048

2204 399 2358 454 aeria
2387 399 2476 464 sit,
2508 413 2696 467 neque
2733 396 3004 450 humida:
3048 396 3159 449 nisi
3188 397 3334 449 forte
3391 396 3787 450 arbitrandum
3819 400 3916 449 est

2201 489 2382 541 Deum
2407 492 2573 540 terra)
2606 483 2828 538 dedisse
2866 488 2931 537 ut
2970 483 3115 538 nihil
3160 483 3316 538 aliud
3348 483 3421 538 sit
3449 499 3622 554 quam
3653 488 3827 548 terra,
3856 487 3918 536 et

2201 591 2317 628 non
2343 575 2566 629 dedisse
2597 572 2790 626 animo
2815 576 2881 626 ut
2901 571 3044 624 nihil
3069 571 3225 625 aliud
3258 587 3432 642 quam
3463 571 3690 624 animus
3722 570 3817 624 sit.
3853 570 3917 624 Si

2203 668 2391 717 autem
2424 661 2654 716 deﬁniri
2682 660 2786 714 tibi
2814 660 3078 714 animum
3131 661 3233 721 vis,
3267 664 3323 714 et
3368 659 3496 714 ideo
3526 660 3739 730 quaeris
3769 659 3916 729 quid

2202 752 2275 804 sit
2302 751 2563 815 animus;
2606 749 2767 802 facile
2793 748 3129 817 respondeo.
3163 749 3305 801 Nam
3343 747 3487 800 mihi
3517 749 3746 802 videtur
3776 764 3905 801 esse

2201 837 2514 892 substantia
2535 836 2802 906 quaedam
2821 836 3059 889 rationis
3073 834 3378 904 particeps,
3406 835 3662 906 regendo
3675 835 3911 904 corpori

2202 925 2645 980 accommodata.

2204 1014 2428 1068 CAPUT
2458 1013 2595 1067 XlV.
2637 1042 2704 1050 ——
2733 1011 2965 1065 Animus
3011 1014 3350 1081 incorporeus
3389 995 3654 1080 quantuni
3700 1011 3904 1063 caleat.

2273 1121 2362 1172 23.
2394 1119 2590 1187 Itaque
2616 1115 2759 1170 illud
2774 1115 2963 1185 potius
2976 1116 3228 1179 attende,
3247 1116 3396 1170 unde
3422 1114 3736 1185 ambigitur
3751 1131 3910 1168 nunc

2203 1209 2396 1259 utrum
2427 1204 2712 1274 quantitas
2740 1208 2797 1257 et
2825 1203 3008 1273 quasi,
3038 1203 3194 1256 utita
3217 1203 3422 1268 dicam,
3443 1203 3621 1256 locale
3647 1203 3905 1272 spatium

2203 1293 2396 1346 animo
2426 1293 2608 1345 ullum
2630 1292 2727 1345 sit.
2771 1292 2909 1344 Nam
2941 1291 3194 1360 profecto
3228 1291 3364 1361 quia
3392 1307 3600 1360 corpus
3633 1306 3752 1343 non
3787 1295 3904 1350 est;

2205 1397 2388 1450 neque
2421 1380 2577 1433 enim
2605 1379 2770 1432 aliter
2799 1379 3135 1448 incorporea
3175 1379 3294 1432 ulla
3333 1378 3349 1408 ¹
3393 1394 3625 1432 cernere
3664 1379 3907 1443 valeret,

2206 1472 2269 1521 ut
2298 1467 2556 1537 superior
2588 1466 2731 1520 ratio
2775 1467 3235 1531 demonstrabat;
3272 1468 3471 1536 procul
3529 1465 3704 1519 dubio
3741 1472 3903 1518 caret

2205 1555 2389 1624 spatio
2419 1571 2534 1625 quo
2557 1569 2797 1623 corpora
2824 1554 3175 1608 metiuntur:
3205 1558 3262 1607 et
3294 1555 3364 1607 ob
3388 1554 3503 1606 hoc
3540 1557 3689 1607 recte
3723 1553 3905 1619 credi,

2205 1647 2304 1696 aut
2333 1642 2588 1713 cogitari,
2623 1647 2720 1694 aut
2741 1642 2988 1711 intelligi
3015 1641 3142 1695 talis
3173 1642 3290 1710 ejus
3321 1641 3608 1711 quantitas
3639 1657 3761 1695 non
3799 1658 3908 1711 po-

2206 1735 2332 1784 test.
2365 1731 2423 1784 Si
2452 1734 2643 1783 autem
2680 1735 2735 1782 te
2777 1732 2982 1797 movet,
3022 1744 3123 1782 cur
3147 1733 3305 1781 tanta
3333 1729 3480 1793 coeli,
3528 1733 3719 1790 terrae,
3777 1745 3908 1782 ma-

2204 1818 2394 1888 risque
2425 1819 2605 1888 spatia
2621 1817 2894 1871 memoria
2919 1817 3227 1882 contineat,
3261 1832 3392 1869 cum
3422 1817 3494 1869 sit
3522 1817 3642 1886 ipse
3674 1817 3896 1869 nullius

2206 1906 2569 1976 quantitatis;
2603 1905 2748 1960 mira
2775 1905 3041 1974 quaedam
3071 1904 3151 1957 vis
3182 1908 3286 1968 est,
3313 1920 3487 1974 quam
3515 1909 3710 1957 tamen
3739 1920 3809 1957 ex
3831 1904 3905 1956 iis

2205 2011 2333 2064 quas
2363 2011 2397 2048 a
2441 1993 2606 2047 nobis
2635 1997 2924 2062 comperta
2971 1995 3124 2056 sunt,
3163 1997 3442 2061 quantum
3485 1992 3634 2044 inest
3662 1991 3901 2062 ingenio

2205 2087 2303 2134 tuo
2349 2082 2604 2148 luminis,
2649 2080 3099 2134 animadvertere
3144 2084 3322 2148 potes.
3368 2079 3425 2132 Si
3471 2079 3628 2132 enim
3683 2095 3898 2148 corpus

2206 2171 2428 2223 nullum
2459 2173 2558 2235 est,
2594 2173 2652 2221 ut
2682 2169 2825 2221 ratio
2849 2169 2970 2237 jam
2995 2167 3260 2230 ostendit,
3311 2167 3467 2236 quod
3514 2166 3903 2236 longitudine,

2205 2257 2530 2323 latitudine,
2552 2256 2851 2309 altitudine
2877 2259 3083 2318 careat,
3106 2254 3364 2324 nihilque
3393 2255 3602 2308 horum
3624 2255 3734 2307 nisi
3763 2271 3902 2307 cum

2206 2346 2329 2399 aliis
2374 2345 2596 2399 duobus
2637 2360 2759 2398 esse
2813 2343 2874 2396 in
2917 2358 3152 2411 corpore
3190 2347 3409 2411 potest;
3460 2342 3653 2395 animo
3701 2348 3902 2396 tamen

2206 2433 2377 2486 etiam
2429 2433 2606 2486 solam
2650 2432 2862 2485 lineam
2891 2431 3162 2484 interiore
3190 2431 3440 2500 quodam
3485 2430 3671 2495 oculo,
3724 2430 3783 2482 id
3816 2435 3908 2484 est

2204 2520 2600 2589 intelligentia,
2629 2519 2820 2572 videre
2850 2534 3177 2571 concessum
3207 2522 3329 2571 est:
3360 2517 3604 2572 arbitror
3633 2534 3735 2571 nos
3764 2534 3900 2571 con-

2205 2609 2402 2661 cedere
2434 2608 2510 2660 sic
2540 2607 2797 2659 animum
2844 2622 3052 2675 corpus
3098 2621 3216 2658 non
3245 2622 3386 2672 esse,
3435 2610 3498 2659 ut
3543 2605 3615 2658 sit
3657 2621 3905 2675 corpore

2205 2696 2426 2749 melior.
2459 2696 2581 2758 Quo
2620 2709 2902 2759 concesso,
2943 2709 3061 2746 non
3092 2693 3296 2763 Opinor
3341 2693 3720 2748 dubitandum
3751 2710 3904 2759 esse,

2205 2801 2338 2839 eum
2364 2783 2534 2837 etiam
2563 2783 2714 2836 linea
2745 2799 2863 2836 esse
2900 2783 3230 2834 meliorem:
3272 2781 3576 2835 ridiculum
3607 2786 3694 2835 est
3741 2782 3906 2836 enim

2204 2887 2333 2925 cum
2381 2871 2488 2924 tria
2526 2871 2624 2924 illa
2670 2871 2843 2924 insint
2889 2870 3112 2939 corpori
3151 2874 3214 2922 ut
3258 2885 3463 2938 corpus
3507 2869 3597 2933 sit,
3643 2886 3761 2922 non
3808 2871 3904 2924 his

2205 2958 2469 3011 omnibus
2499 2973 2619 3010 esse
2649 2956 2964 3022 meliorem,
2993 2955 3090 3025 qui
3129 2971 3366 3024 corpore
3416 2960 3499 3008 est
3539 2956 3762 3010 melior.
3825 2961 3902 3010 At

2203 3046 2327 3116 ipsa
2355 3045 2526 3110 linea,
2559 3061 2672 3114 qua
2697 3044 2896 3097 melior
2927 3060 3048 3097 esse
3085 3044 3439 3097 convincitur
3467 3044 3714 3108 animus,
3764 3044 3903 3098 ideo

2204 3134 2419 3188 caeteris
2465 3133 2686 3186 duobus
2732 3136 2978 3202 praestat,
3027 3132 3162 3202 quia
3205 3132 3395 3185 minus
3446 3148 3618 3202 quam
3650 3132 3752 3186 illa
3784 3133 3908 3186 duo

2205 3222 2380 3274 secari
2409 3225 2621 3290 potest.
2651 3223 2826 3274 Porro
2856 3220 2953 3273 illa
2983 3220 3094 3274 duo
3127 3236 3194 3273 eo
3226 3220 3406 3289 magis
3433 3224 3696 3272 secantur
3722 3235 3906 3288 quam

2205 3310 2374 3374 linea,
2427 3326 2540 3380 quo
2593 3309 2775 3378 magis
2833 3324 2889 3361 se
2931 3308 2992 3360 in
3041 3308 3288 3377 spatium
3331 3307 3700 3360 distendunt:
3747 3307 3908 3362 linea

2204 3413 2336 3450 vero
2359 3396 2605 3466 spatium
2634 3395 2744 3448 nisi
2773 3394 3142 3465 longitudinis
3158 3396 3378 3449 nullum
3400 3395 3589 3458 habet,
3618 3411 3732 3465 quo
3765 3396 3905 3449 sub-

2203 3484 2316 3537 lato
2346 3484 2493 3537 nihil
2514 3483 2746 3537 omnino
2758 3488 3018 3538 remanet
3038 3483 3220 3553 spatii.
3239 3483 3596 3552 Quapropter
3615 3482 3912 3553 quidquid

2203 3573 2354 3626 linea
2399 3572 2606 3625 melius
2663 3576 2764 3638 est,
2815 3589 3042 3626 necesse
3097 3577 3183 3625 est
3238 3573 3395 3625 nullo
3454 3572 3637 3641 spatio
3699 3572 3793 3638 sit,
3848 3579 3914 3626 et

2205 3661 2440 3713 omnino
2471 3659 2646 3713 dividi
2678 3660 2966 3729 secarique
2998 3676 3114 3712 non
3134 3660 3331 3729 possit.
3364 3661 3592 3712 Frustra
3615 3659 3814 3730 igitur,
3843 3666 3916 3715 ut

2205 3749 2430 3818 opinor,
2465 3748 2840 3818 quantitatem
2879 3747 3078 3812 animi,
3115 3764 3244 3817 quae
3282 3749 3439 3801 nulla
3489 3753 3591 3813 est,
3639 3748 3909 3803 invenire

2205 3837 2551 3900 laboramus,
2567 3852 2695 3889 cum
2709 3837 3003 3889 eumlinea
3021 3837 3393 3889 concedamus
3422 3851 3544 3889 esse
3575 3836 3906 3890 meliorem.

2207 3925 2274 3977 Et
2304 3924 2350 3976 si
2382 3924 2698 3993 ﬁgurarum
2748 3924 3008 3977 omnium
3037 3925 3340 3992 planarum
3389 3924 3485 3978 illa
3539 3924 3759 3993 Optima
3820 3931 3915 3979 est

2204 4027 2332 4080 quae
2355 4010 2562 4063 circulo
2582 4011 2894 4079 effingitur,
2917 4011 2977 4063 in
3006 4027 3118 4080 qua
3145 4011 3289 4064 ratio
3312 4011 3506 4064 docuit
3529 4011 3669 4064 nihil
3695 4011 3912 4065 melius

2210 4115 2329 4151 esse
2360 4103 2567 4168 puncto
2622 4103 2790 4169 atque
2847 4099 3158 4168 potentius,
3205 4099 3358 4168 quod
3396 4099 3554 4152 nullo
3604 4099 3911 4154 dubitante

2208 4187 2464 4256 partibus
2491 4190 2642 4240 caret
2667 4207 2682 4252 ;
2712 4186 2849 4256 quid
2879 4186 3088 4240 mirum
3119 4187 3165 4239 si
3193 4186 3385 4239 anima
3415 4203 3600 4256 neque
3625 4203 3914 4256 corporea

2209 4274 2300 4336 sit,
2334 4289 2520 4344 neque
2538 4275 2760 4327 ullaaut
2780 4274 3135 4343 longitudine
3165 4279 3446 4343 porrecta,
3477 4279 3576 4327 aut
3595 4274 3912 4331 latitudine

2207 4361 2432 4425 diffusa,
2469 4367 2567 4415 aut
2595 4361 2896 4415 altitudine
2928 4361 3168 4415 solidata
3194 4382 3208 4427 ;
3239 4367 3293 4414 et
3320 4366 3513 4414 tamen
3546 4365 3774 4415 tantum
3806 4381 3911 4417 va-

2209 4450 2322 4503 leat
2373 4449 2434 4502 in
2479 4465 2738 4519 corpore,
2788 4453 2850 4502 ut
2879 4465 3053 4518 penes
3085 4465 3208 4501 eam
3239 4449 3312 4500 sit
3350 4447 3608 4517 regimen
3638 4451 3912 4507 omnium

2207 4537 2616 4603 membrorum,
2637 4541 2694 4589 et
2712 4536 2873 4606 quasi
2890 4537 3057 4590 cardo
3081 4536 3313 4606 quidam
3331 4535 3391 4588 in
3413 4535 3656 4604 agendo,
3671 4545 3912 4594 cuncta-

2206 4640 2335 4677 rum
2364 4624 2746 4693 corporalium
2778 4623 3098 4676 motionum
3117 4625 3146 4676 ?

2277 4714 2364 4765 24.
2401 4711 2542 4765 Cum
2573 4711 2935 4778 autemfoculi
2963 4709 3231 4774 medium,
3255 4725 3384 4778 quas
3411 4710 3635 4778 pupilla
3665 4711 3903 4780 dicitur,

2206 4799 2352 4852 nihil
2380 4798 2536 4851 aliud
2567 4798 2640 4852 sit
2668 4814 2841 4868 quam
2873 4798 3155 4867 quoddam
3187 4801 3463 4866 punctum
3495 4799 3664 4865 oculi,
3693 4799 3754 4854 in
3787 4819 3909 4873 quo

2206 4891 2397 4940 tamen
2436 4890 2593 4939 tanta
2637 4886 2720 4938 vis
2767 4890 2868 4948 est,
2912 4890 2976 4937 ut
3021 4900 3088 4938 eo
3137 4885 3444 4938 dimidium
3477 4887 3704 4951 coelum,
3739 4891 3908 4958 cujus

2204 4974 2490 5027 ineffabile
2523 4973 2766 5042 spatium
2799 4977 2900 5037 est,
2923 4989 2985 5025 ex
3018 4972 3211 5041 aliquo
3247 4973 3526 5028 eminenti
3567 4976 3691 5030 loco
3740 4981 3905 5033 cerni

2205 5062 2637 5131 collustrarique
2666 5061 2875 5131 possit;
2919 5077 3034 5114 non
3078 5062 3350 5117 abhorret
3393 5081 3425 5118 a
3463 5081 3596 5119 vero
3635 5065 3898 5122 animum

2205 5166 2394 5203 carere
2426 5149 2584 5202 omni
2612 5163 2883 5217 corporea
2923 5150 3338 5219 magnitudine.
3395 5169 3524 5222 quae
3561 5153 3742 5207 tribus
3785 5155 3901 5209 illis

2204 5237 2535 5290 differentiis
2558 5242 3006 5302 consummatur,
3040 5240 3300 5309 quamvis
3339 5257 3639 5311 corporum
3670 5244 3898 5312 magni-

2203 5324 2426 5378 tudines
2469 5323 2750 5393 quaslibet
2784 5325 3090 5396 imaginari
3131 5332 3323 5398 queat.
3373 5330 3480 5384 Sed
3528 5330 3723 5399 paucis
3765 5332 3901 5386 licet

2203 5411 2326 5480 ipso
2357 5410 2549 5466 animo
2569 5410 2826 5466 animum
2853 5429 3104 5478 cernere,
3130 5414 3190 5468 id
3219 5421 3304 5468 est
3332 5421 3398 5470 ut
3419 5416 3540 5485 ipse
3580 5433 3638 5470 se
3671 5417 3901 5473 animus

2267 5508 2281 5540 ¹
2314 5506 2464 5565 Edd.,
2494 5505 2596 5556 illa
2617 5519 2842 5557 cernere.
2866 5510 3011 5569 Mss.,
3033 5510 3174 5560 ulla.
