4064 6348
133 293 269 344 1049

123 415 319 469 videat
342 437 358 478 ;
380 416 531 470 videt
551 422 745 471 autem
765 435 869 489 per
887 419 1345 490 intelligentiam.
1383 423 1523 476 Huic
1549 422 1656 476 soli
1676 423 1833 478 enim

121 503 262 557 licet
300 503 494 558 videre
533 505 678 558 nihil
723 522 844 561 esse
872 511 933 562 in
962 509 1133 562 rebus
1161 511 1450 580 potentius
1482 516 1536 565 et
1567 512 1830 583 magniﬁ-

122 591 351 644 centius
377 591 448 644 iis
471 593 714 660 naturis,
742 611 893 664 quae,
924 601 990 650 ut
1010 597 1090 650 ita
1119 598 1325 665 dicam,
1359 599 1482 653 sine
1511 601 1834 655 tumoribus

122 695 251 733 esse
280 680 715 750 intelliguntur:
751 689 944 738 tumor
972 685 1128 740 enim
1161 704 1275 741 non
1305 688 1551 742 absurde
1575 690 1834 759 appella-

121 772 219 820 tur
246 768 500 838 corporis
523 772 882 840 magnitudo,
913 789 1042 844 qum
1065 775 1112 828 si
1138 777 1641 848 magnipendenda
1661 783 1830 843 esset,

123 856 259 924 plus
290 856 456 910 nobis
486 859 739 927 profecto
769 861 1060 931 elephanti
1091 870 1376 934 saperent.
1413 866 1572 929 Quod
1604 867 1652 920 si
1682 867 1835 937 quis-

123 959 306 1012 quam
324 959 526 998 eorum
546 952 820 1015 cognatus
841 950 990 1003 dicet
1011 953 1348 1022 elephantos
1370 969 1490 1007 esse
1513 955 1828 1024 sapientes;

123 1031 282 1083 sensi
312 1031 467 1086 enim
495 1036 754 1104 quamvis
781 1037 1092 1106 admirans,
1123 1041 1272 1094 sensi
1294 1046 1488 1096 tamen
1510 1043 1681 1096 etiam
1701 1043 1834 1096 hinc

123 1118 393 1172 homines
417 1137 566 1190 saepe
587 1123 914 1193 ambigere;
943 1126 1108 1193 illud,
1137 1134 1420 1198 quantum
1457 1130 1682 1201 opinor,
1723 1131 1832 1185 sal-

125 1211 244 1260 tem
279 1209 568 1276 concedet,
612 1212 742 1280 plus
771 1214 932 1266 asino
979 1231 1179 1285 sapere
1208 1219 1543 1287 apeculam:
1585 1236 1833 1289 quorum

121 1310 462 1365 comparare
487 1299 916 1368 magnitudines
941 1304 1073 1372 plus
1094 1306 1346 1374 profecto
1368 1312 1453 1360 est
1473 1323 1646 1377 quam
1669 1307 1831 1360 asini-

124 1398 312 1437 num:
345 1385 432 1437 vel
480 1387 632 1455 quod
685 1389 856 1442 etiam
901 1391 970 1444 de
1009 1394 1172 1446 oculo
1214 1395 1562 1460 dicebamus,
1594 1395 1687 1448 cui
1716 1411 1833 1448 non

123 1470 346 1540 liqueat
385 1474 592 1542 aquilas
638 1477 874 1532 oculum
906 1481 1086 1534 multo
1117 1497 1290 1551 quam
1339 1488 1532 1535 noster
1573 1491 1678 1547 est,
1711 1498 1834 1536 esse

122 1559 452 1614 breviorem
474 1563 503 1614 ?
533 1579 646 1632 quo
672 1568 865 1620 tamen
911 1567 1010 1621 illa
1049 1569 1293 1624 sublime
1341 1571 1421 1624 ita
1448 1571 1664 1636 volans,
1695 1575 1762 1625 ut
1801 1588 1836 1624 a

122 1647 296 1700 nobis
325 1648 387 1702 in
436 1653 594 1705 tanta
641 1652 763 1706 luce
813 1655 1043 1710 difﬁcile
1087 1662 1370 1723 cernatur,
1413 1659 1686 1712 latentem
1726 1660 1834 1712 sub

121 1735 360 1789 fructice
409 1737 792 1808 lepusculum,
851 1749 908 1797 et
936 1745 1041 1798 sub
1084 1746 1350 1799 ﬂuctibus
1387 1747 1600 1816 piscem
1641 1746 1833 1801 videre

122 1828 421 1894 comperta
451 1830 554 1881 est.
588 1828 748 1892 Quod
793 1831 841 1884 si
869 1832 930 1885 in
977 1832 1118 1902 ipsis
1157 1833 1437 1897 sensibus,
1478 1835 1686 1904 quibus
1724 1834 1835 1888 nisi

123 1924 406 1979 corporea
438 1915 650 1969 sentire
680 1934 797 1972 non
827 1919 1022 1974 datum
1062 1926 1165 1981 est,
1213 1922 1357 1975 nihil
1390 1923 1460 1976 ad
1490 1938 1632 1989 rem,
1663 1922 1722 1976 id
1751 1927 1835 1976 est

122 1998 195 2051 ad
224 1999 340 2052 vim
371 2001 673 2072 sentiendi,
704 2007 854 2060 valet
883 2010 1139 2078 corporis
1168 2010 1503 2080 magnitudo
1530 2027 1544 2076 ;
1573 2015 1831 2064 metuen-

125 2085 344 2140 dumne
374 2094 476 2155 est,
511 2108 725 2162 qumso,
757 2111 830 2150 ne
861 2097 1087 2151 animus
1119 2099 1427 2163 humanus,
1459 2098 1620 2167 cujus
1647 2099 1830 2152 excel-

126 2175 360 2242 lentior,
390 2184 447 2232 et
476 2197 623 2250 pene
642 2185 798 2238 solus
817 2191 1080 2256 aspectus
1103 2192 1186 2240 est
1208 2188 1331 2256 ipsa
1351 2187 1498 2241 ratio
1521 2204 1636 2258 qua
1659 2188 1832 2242 etiam

125 2277 185 2314 sc
215 2262 478 2320 invenire
505 2271 758 2338 molitur,
792 2274 938 2327 nihil
968 2275 1058 2341 sit,
1084 2275 1130 2327 si
1154 2275 1317 2328 illum
1347 2275 1546 2329 eadem
1575 2276 1743 2340 ratio,
1773 2275 1832 2329 id

126 2353 210 2401 est
240 2367 302 2404 se
334 2352 458 2422 ipse
493 2354 510 2386 ¹
541 2359 700 2413 omni
728 2362 1146 2430 magnitudine,
1185 2379 1298 2433 qua
1329 2363 1622 2417 obtinetur
1648 2364 1829 2431 locus,

126 2453 319 2492 carere
341 2444 685 2501 convicerit‘?
705 2449 906 2520 Magna
925 2452 1210 2519 quaedam,
1233 2451 1399 2505 crede
1413 2451 1574 2515 mihi,
1600 2467 1828 2521 magna,

126 2525 226 2578 sed
258 2526 383 2582 sine
433 2532 544 2586 ulla
594 2537 742 2590 mole
787 2537 857 2591 de
906 2539 1102 2592 animo
1140 2539 1444 2609 cogitanda
1483 2544 1633 2593 sunt.
1669 2540 1831 2603 Quod

124 2609 351 2666 facilius
380 2619 662 2690 contingit
708 2621 799 2686 iis,
849 2623 950 2693 qui
998 2630 1098 2678 aut
1151 2625 1297 2678 bene
1344 2625 1668 2678 eruditi'ad
1709 2625 1832 2679 hac

123 2711 424 2774 accedunt,
457 2725 572 2763 non
608 2709 793 2763 studio
823 2711 1011 2764 inanis
1045 2712 1266 2782 glorise,
1295 2713 1390 2766 sed
1419 2712 1610 2766 divino
1636 2728 1831 2766 amore

123 2797 385 2852 veritatis
427 2797 683 2863 accensi;
719 2801 819 2851 aut
847 2799 947 2868 qui
985 2799 1108 2868 jam
1144 2799 1203 2852 in
1236 2800 1325 2853 his
1356 2800 1683 2870 quaerendis
1712 2816 1831 2852 ver-

124 2890 346 2948 santur,
399 2884 662 2954 quamvis
699 2885 887 2939 minus
939 2887 1149 2940 eruditi
1206 2888 1278 2942 ad
1329 2887 1722 2958 investiganda
1765 2904 1830 2940 ea

127 2973 410 3040 venerint,
441 2972 486 3025 si
509 2973 795 3042 patienter
821 2974 985 3028 bonis
1016 2991 1074 3027 se
1107 2975 1318 3029 dociles
1349 2976 1626 3044 prmbent,
1659 2981 1828 3046 atque

124 3062 194 3115 ab
221 3061 382 3115 omni
405 3077 713 3131 corporum
733 3063 1172 3124 consuetudine,
1204 3069 1486 3133 quantum
1506 3064 1564 3118 in
1591 3064 1695 3117 hac
1716 3065 1828 3118 vita

121 3149 501 3220 permittitur,
533 3154 712 3203 semet
743 3155 1024 3204 avertunt.
1073 3151 1225 3205 Fieri
1255 3157 1450 3206 autem
1487 3168 1602 3206 non
1644 3156 1831 3222 potest

123 3238 377 3309 quadam
401 3237 592 3291 divina
607 3238 984 3308 providentia,
1004 3243 1068 3293 ut
1087 3240 1369 3311 religiosis
1381 3240 1586 3295 animis
1608 3242 1828 3310 seipsos

125 3333 184 3380 et
214 3328 396 3380 Deum
427 3343 616 3392 suum,
648 3327 706 3380 id
732 3331 819 3380 est
848 3329 1143 3383 veritatem
1173 3330 1288 3400 pie,
1319 3335 1467 3384 caste
1499 3346 1564 3384 ac
1592 3331 1828 3401 diligen-

124 3420 216 3470 ter
242 3415 653 3485 quaerentibus,
687 3415 1019 3470 inveniendi
1049 3418 1285 3471 facultas
1316 3419 1480 3472 desit.

233 3504 460 3558 CAPUT
487 3504 594 3557 XV.
628 3533 697 3543 —
725 3505 997 3573 Objicitur
1022 3509 1262 3560 animam
1289 3511 1446 3560 aetate
1473 3521 1717 3560 crescere.

197 3595 287 3645 25.
320 3591 427 3645 Sed
455 3592 526 3644 ab
550 3591 656 3644 ista
675 3594 1014 3662 quaestione,
1036 3594 1147 3647 nisi
1173 3595 1310 3664 quid
1332 3595 1514 3648 adhuc
1533 3600 1587 3648 te
1615 3600 1824 3661 movet,

122 3681 243 3748 jam
266 3679 620 3745 recedamus,
645 3680 693 3732 si
715 3681 900 3749 placet
922 3699 936 3748 ;
959 3686 1015 3734 et
1035 3682 1106 3734 ad
1123 3682 1235 3734 alia
1253 3687 1640 3736 transeamus:
1667 3683 1830 3752 quid-

127 3767 488 3838 quid-autem
517 3768 586 3820 de
632 3767 747 3820 illis
781 3768 982 3839 figuris
1012 3769 1305 3838 loquacius
1335 3786 1368 3822 a
1397 3770 1562 3823 nobis
1590 3769 1827 3823 fortasse

127 3854 482 3923 disputatum
503 3860 588 3907 est
610 3869 783 3923 quam
811 3855 1059 3918 volebas,
1087 3855 1302 3908 videbis
1324 3860 1601 3925 quantum
1623 3857 1692 3909 ad
1719 3856 1828 3908 alia

126 3942 354 4006 valebit,
405 3943 450 3995 si
497 3943 644 3995 hanc
694 3941 1168 4011 disceptationem
1212 3943 1428 4013 aliquid
1462 3960 1528 3996 eo
1573 3944 1826 4013 adjutam

127 4044 246 4082 esse
286 4029 583 4094 concedis;
633 4043 767 4081 nam
808 4034 864 4082 et
910 4033 1133 4082 exercet
1177 4029 1437 4082 animum
1480 4031 1588 4083 hoc
1646 4046 1826 4100 genus

124 4117 581 4186 disciplinarum,
607 4116 675 4170 ad
695 4115 994 4170 subtiliora
1016 4118 1319 4182 cernenda,
1352 4133 1424 4170 ne
1446 4118 1570 4171 luce
1594 4117 1826 4171 illorum

126 4219 515 4274 repercussus,
552 4209 609 4257 et
641 4220 766 4257 eam
797 4205 1077 4258 sustinere
1107 4222 1223 4264 non
1253 4207 1464 4273 valens,
1501 4205 1561 4260 in
1597 4206 1824 4260 easdem

125 4291 390 4345 tenebras
434 4307 574 4361 quas
621 4291 818 4362 fugere
857 4292 1140 4362 cupiebat,
1181 4293 1424 4348 libenter
1451 4294 1737 4364 refugiat;
1772 4297 1829 4348 et

126 4380 292 4433 affert
322 4383 680 4449 argumenta,
704 4379 815 4434 nisi
845 4381 1029 4446 fallor,
1070 4380 1404 4450 certissima,
1435 4382 1642 4452 quibus
1671 4382 1825 4452 quod

124 4467 300 4521 fuerit
322 4467 619 4521 inventum
645 4473 819 4539 atque
841 4469 1186 4538 confectum,
1207 4470 1602 4540 impudentem
1622 4470 1827 4523 habeat

125 4554 564 4619 dubitationem,
619 4561 899 4626 quantum
933 4556 1157 4610 homini
1185 4557 1321 4611 talia
1349 4558 1627 4627 vestigare
1651 4561 1674 4593 ²
1701 4573 1826 4628 per-

126 4643 368 4696 missum
415 4648 500 4696 est
545 4648 587 4698 ³.
629 4644 814 4698 Minus
856 4645 1011 4699 enim
1051 4661 1156 4715 ego
1187 4646 1257 4700 de
1286 4645 1376 4700 his
1404 4647 1574 4700 rebus
1604 4645 1820 4709 dubito,

191 4784 205 4846 ξ
239 4782 323 4846 Sic
353 4783 562 4846 MsssAt
584 4784 667 4833 Er.
696 4789 748 4833 et
775 4785 894 4833 Lov.
922 4784 1119 4834 habent
1140 4785 1328 4846 ipsam.

187 4845 208 4877 ²
240 4845 353 4910 Par.
385 4850 437 4893 et
471 4845 575 4899 ΕΓ..
617 4852 881 4908 quantum
912 4847 1112 4896 homini
1150 4845 1254 4898 tali
1288 4847 1622 4910 investigari.
1672 4849 1823 4904 \‘en,.

124 4909 465 4963 investigare,

189 4922 544 5032 ἶέῆἓέξῖτ.
563 4972 614 5016 et
626 4969 746 5017 Lov.
756 4970 1113 5032 interponunt
1129 4971 1310 5019 isthaac
1324 4971 1484 5019 verba
1503 4986 1514 5018 :
1537 4971 1825 5032 [mpudens

123 5029 382 5095 dubitatio
409 5030 614 5078 duobus
643 5031 809 5095 modis
841 5029 954 5086 ﬁeri
982 5037 1344 5095 cognoscitur:
1365 5034 1501 5082 dum
1529 5029 1630 5082 aut
1661 5032 1824 5082 homo

122 5091 218 5158 qui
246 5093 453 5158 ratione?
469 5095 544 5139 uti
564 5094 740 5158 potest,
761 5093 819 5141 in
835 5091 1220 5158 tantum'hebes
1237 5098 1483 5158 pigerque
1503 5096 1574 5143 ad
1593 5108 1821 5158 qumren-

123 5151 252 5201 dam
272 5154 536 5202 veritatem
553 5151 798 5215 efﬂatur,
815 5160 875 5204 ut
885 5157 1004 5216 plus
1020 5158 1150 5206 vetat
1165 5158 1218 5205 in
1237 5151 1460 5207 tenebris
1478 5151 1732 5206 vanitatis
1749 5171 1826 5204 re-

123 5227 365 5272 manere,
405 5228 564 5276 quam
601 5218 654 5263 in
685 5229 742 5265 eo
771 5218 910 5278 quod
935 5232 968 5265 a
997 5221 1240 5267 Creatore
1262 5233 1356 5267 suo
1383 5223 1451 5267 est
1479 5219 1723 5268 conditus
1755 5219 1825 5268 ad

120 5281 348 5338 seipsum
369 5278 528 5324 semet
549 5281 601 5326 et
621 5282 784 5326 Deum
809 5291 964 5326 suum
980 5292 1110 5328 vera
1129 5281 1537 5330 ratiocmationc
1557 5282 1827 5329 invenien-

122 5339 251 5386 dum
294 5338 829 5403 investigandumque
851 5339 1136 5396 laborare;
1173 5347 1268 5392 aut
1294 5347 1403 5390 tam
1428 5344 1671 5403 improba
1701 5356 1824 5391 con-

122 5401 367 5466 tumacia
395 5412 461 5466 ea,
490 5401 692 5466 qua'rab
715 5401 1238 5466 aliistoborantibus
1256 5405 1482 5453 studiose
1502 5401 1550 5451 et
1581 5408 1666 5466 pie
1688 5417 1826 5466 qua-

122 5462 356 5528 renttbus
370 5466 421 5510 et
434 5464 653 5512 inventa
668 5463 971 5528 etconfecta
987 5470 1129 5518 sunt.
1151 5467 1378 5528 inveniri
1393 5473 1442 5515 et
1465 5462 1650 5528 conﬁci
1662 5462 1825 5528 posse

123 5523 397 5574 dubitare:
436 5537 598 5587 neque
621 5525 793 5574 aliam
820 5523 880 5574 ob
910 5536 1124 5576 causam
1152 5525 1362 5589 factum:
1385 5531 1484 5577 nisi
1507 5523 1714 5590 qaod'a
1739 5541 1819 5576 se-

1659 299 1871 356 ΜΒΕῆ
1923 300 2122 354 UNUS.

3517 318 3655 368 1050

1944 439 2120 494 quam
2160 424 2229 477 de
2267 424 2336 477 iis
2379 442 2520 496 quas
2567 427 2688 482 istis
2729 429 2908 482 oculis
2953 429 3211 483 videmus
3259 447 3391 485 cum
3441 433 3648 502 pituita

1947 527 2172 582 semper
2190 511 2406 566 bellum
2423 515 2769 584 gerentibus.
2785 516 2934 580 Quid
2955 516 3108 570 enim
3134 518 3323 571 minus
3345 519 3647 575 ferendum

1946 604 2003 653 et
2033 599 2385 654 audiendum
2415 607 2517 667 est,
2566 620 2740 674 quam
2784 605 2949 659 fateri
2984 622 3086 659 nos
3117 607 3337 660 ratione
3371 613 3646 677 praestare

1944 687 2140 742 bestiis
2177 689 2216 752 ί,
2273 693 2329 741 et
2377 706 2502 743 eam
2538 707 2661 745 rem
2707 693 2873 747 fateri
2909 710 3030 747 esse
3062 694 3287 764 aliquid
3318 711 3491 765 quam
3522 712 3645 750 cor-

1945 792 2122 846 poreo
2151 776 2371 831 lumine
2403 779 2698 845 sentimus,
2727 797 2902 850 quam
2925 781 3100 835 etiam
3132 783 3430 836 nonnullae
3452 783 3648 837 bestia:

1946 863 2151 916 melius
2190 870 2462 931 cernunt;
2507 866 2563 919 id
2614 872 2804 920 autem
2855 869 3009 938 quod
3058 870 3280 924 ratione
3328 871 3644 936 intuemur,

1943 950 2088 1004 nihil
2120 967 2239 1004 esse
2289 952 2633 1006 contendere
2658 955 2686 1006 ?
2735 954 2895 1016 Quod
2938 955 2984 1008 si
3027 956 3311 1011 diceretur
3346 959 3457 1012 tale
3499 975 3643 1022 esse,

1944 1039 2112 1108 quale
2149 1039 2284 1093 illud
2319 1045 2422 1105 est,
2459 1041 2615 1110 quod
2645 1041 2795 1094 oculi
2826 1041 3038 1108 vident,
3071 1045 3214 1098 nihil
3244 1047 3500 1115 profecto
3532 1047 3644 1100 dici

1943 1143 2108 1196 posse
2139 1127 2434 1197 indignius
2472 1128 2779 1184 videretur.

2015 1218 2100 1270 ‘26.
2141 1219 2208 1270 E.
2256 1216 2488 1286 Accipio
2529 1217 2634 1270 ista
2682 1216 3057 1272 libentissime
3110 1223 3280 1288 atque
3327 1223 3641 1276 assentior:

1945 1303 2043 1357 sed
2076 1302 2217 1356 illud
2261 1319 2353 1357 me
2384 1309 2596 1369 movet,
2629 1321 2761 1358 cum
2801 1320 3093 1374 corporea:
3124 1308 3483 1375 quantitatis,
3529 1326 3646 1363 non

1942 1405 2062 1443 esse
2095 1390 2348 1444 animam
2377 1408 2466 1444 res
2490 1391 2570 1445 ita
2599 1392 2751 1445 clara
2779 1392 2852 1445 sit
2875 1393 3039 1458 mihi,
3072 1399 3136 1446 ut
3165 1395 3403 1448 omnino
3435 1412 3643 1465 quem-

1943 1477 2255 1530 admodum
2295 1477 2550 1531 resistam
2594 1478 2686 1531 ilis
2729 1481 3110 1549 argumentis,
3156 1487 3214 1535 et
3259 1483 3393 1552 quid
3443 1499 3645 1536 eorum

1942 1581 2062 1618 non
2089 1565 2413 1631 concedam,
2446 1582 2682 1636 prorsus
2709 1567 2970 1636 ignorem
2993 1585 3006 1633 ;
3043 1569 3322 1636 primum,
3349 1587 3452 1624 cur
3481 1575 3647 1624 astate

1942 1657 2009 1706 ut
2037 1669 2244 1722 corpus
2274 1654 2494 1720 crescit,
2521 1654 2602 1708 ita
2629 1659 2685 1708 et
2703 1655 2897 1708 anima
2919 1658 3004 1710 vel
3035 1663 3249 1710 crescat
3277 1659 3363 1711 vel
3394 1675 3645 1712 crescere

1942 1739 2221 1794 videatur.
2247 1740 2383 1804 Quis
2405 1741 2560 1794 enim
2592 1747 2762 1811 neget
2789 1759 2998 1812 pueros
3028 1743 3297 1808 infantes,
3333 1761 3404 1798 ne
3435 1746 3644 1799 bestia-

1942 1843 2073 1880 rum
2100 1827 2332 1897 quidem
2358 1829 2768 1882 nonnullarum
2796 1830 3023 1884 astutire
3046 1833 3500 1901 comparandos?
3518 1834 3646 1902 quis

1945 1919 2133 1967 autem
2176 1915 2416 1981 dubitet,
2449 1915 2561 1968 illis
2591 1917 2969 1971 crescentibus
3017 1919 3190 1972 etiam
3231 1918 3415 1989 ipsam
3464 1920 3523 1973 in
3563 1921 3644 1974 eis

1944 2009 2365 2079 quodammodo
2390 2027 2640 2064 crescere
2668 2011 2949 2064 rationem
2970 2015 2998 2066 ?
3032 2012 3271 2080 Deinde,
3304 2014 3352 2066 si
3382 2030 3486 2083 per
3514 2031 3644 2084 spa-

1940 2097 2089 2151 tium
2119 2097 2204 2151 sui
2232 2099 2485 2168 corporis
2507 2099 2698 2152 anima
2718 2099 3080 2167 distenditur,
3105 2101 3396 2171 quomodo
3426 2101 3642 2155 nullius

1943 2185 2274 2255 quantitatis
2319 2188 2446 2240 est?
2492 2187 2538 2239 si
2568 2191 2759 2240 autem
2789 2187 2918 2255 {non
2951 2187 3315 2255 distenditur,
3349 2191 3640 2260 quomodo

1941 2273 2114 2326 sentit
2135 2272 2346 2343 ubique
2377 2277 2731 2343 puugentem
2751 2276 2778 2327 ?
2797 2276 2869 2347 _A.
2906 2275 3153 2329 Omnino
3184 2292 3251 2328 ea
3281 2276 3492 2346 quaeris
3512 2292 3642 2346 qua:

1939 2375 2032 2412 me
2061 2377 2290 2430 quoque
2321 2377 2471 2430 saepe
2502 2366 2842 2416 moverunt:
2877 2361 3072 2433 itaque
3102 2380 3219 2416 non
3243 2381 3368 2417 sum
3399 2364 3642 2434 impara-

1939 2452 2030 2501 tus
2052 2449 2152 2502 tibi
2178 2450 2546 2519 respondere,
2569 2455 2634 2502 ut
2659 2451 2799 2504 mihi
2818 2451 2971 2504 soleo
2999 2471 3013 2518 ;
3035 2456 3230 2504 utrum
3256 2457 3446 2505 autem
3471 2453 3642 2520 bene,

1938 2536 2086 2590 ratio
2118 2553 2248 2607 quas
2287 2543 2341 2591 te
2384 2537 2502 2608 agit
2538 2538 2858 2608 judicabit:
2902 2540 3320 2610 qualecumque
3362 2540 3419 2593 id
3451 2545 3641 2594 tamen

1940 2623 2031 2690 sit,
2062 2625 2190 2694 plus
2228 2629 2379 2678 certe
2410 2641 2524 2679 non
2555 2642 2806 2696 possum,
2858 2627 2968 2679 nisi
3013 2626 3158 2680 forte
3191 2627 3406 2696 aliquid
3436 2627 3642 2680 melius

1938 2727 2068 2765 cum
2113 2712 2490 2783 disputamus,
2539 2713 2600 2766 in
2647 2720 2901 2767 mentem
2942 2714 3213 2768 divinitus
3259 2714 3498 2768 venerit.
3534 2714 3641 2768 Sed

1939 2815 2194 2869 agamus,
2244 2800 2290 2852 si
2338 2801 2540 2870 placet,
2588 2817 2746 2854 more
2786 2806 3001 2866 nostro,
3044 2805 3109 2854 ut
3145 2802 3286 2854 duce
3327 2801 3547 2854 ratione
3581 2805 3640 2854 tu

1936 2887 2039 2941 tibi
2072 2888 2192 2956 ipse
2225 2887 2585 2958 respondeas.
2622 2890 2700 2940 Ac
2725 2888 2883 2957 prius
2913 2904 3261 2957 qumramus,
3295 2893 3487 2941 utrum
3521 2905 3640 2942 cre-

1937 2975 2145 3028 scentis
2175 2991 2302 3028 cum
2350 2991 2588 3044 corpore
2633 2974 2811 3028 animi
2845 2981 3064 3028 certum
3104 2980 3511 3044 argumentum
3542 2975 3635 3039 sit,

1937 3063 2092 3133 quod
2106 3062 2288 3116 astatis
2310 3078 2536 3115 accessu
2550 3061 2736 3130 aptior
2747 3061 3012 3114 humanm
3026 3061 3427 3114 consuetudini
3439 3061 3632 3121 homo,

1937 3155 1993 3204 et
2010 3150 2072 3203 in
2099 3167 2165 3204 ea
2187 3151 2368 3220 magis
2388 3149 2685 3220 magisque
2707 3150 2924 3220 peritus
2952 3153 3054 3204 est.
3085 3153 3149 3204 E.
3181 3152 3300 3220 Age
3326 3153 3388 3202 ut
3410 3150 3595 3219 placet
3617 3166 3630 3212 ;

1937 3255 2070 3292 nam
2109 3243 2166 3292 et
2213 3255 2317 3308 ego
2363 3238 2422 3292 id
2463 3254 2645 3307 genus
2693 3237 2932 3292 docendi
2973 3255 3035 3291 ac
3083 3237 3335 3291 discendi
3388 3237 3633 3290 maxime

1934 3327 2150 3397 probo:
2182 3326 2371 3380 nescio
2413 3342 2526 3396 quo
2558 3325 2714 3380 enim
2745 3326 2912 3380 modo
2945 3342 3073 3379 cum
3106 3326 3163 3380 id
3194 3325 3348 3396 quod
3380 3325 3633 3378 nesciens

1937 3415 2264 3484 quaerebam
2294 3415 2416 3484 ipse
2440 3415 2776 3485 respondeo,
2800 3414 2863 3467 fit
2896 3413 3019 3484 ipsa
3049 3412 3302 3467 inventio
3325 3429 3442 3466 non
3463 3414 3631 3466 modo

1937 3519 2017 3571 re,
2052 3504 2152 3556 sed
2183 3503 2556 3557 admiratione
2583 3506 2604 3537 ε
2636 3503 2806 3556 etiam
2833 3502 3070 3556 dulcior.

1936 3594 2161 3647 CAPUT
2212 3595 2344 3646 XVI.
2400 3623 2462 3631 —
2506 3593 2877 3661 Respondetur
2919 3592 3208 3659 objectioni
3247 3595 3299 3644 et
3336 3590 3637 3644 ostenditur

2111 3683 2352 3733 animam
2384 3683 2498 3733 sine
2540 3695 2789 3748 corporeo
2825 3682 3146 3732 incremento
3183 3682 3454 3747 proﬁcere.

2005 3771 2094 3822 27.
2137 3770 2208 3822 Α.
2260 3767 2358 3820 Dic
2389 3783 2526 3837 ergo
2568 3773 2758 3820 utrum
2791 3767 2895 3820 tibi
2943 3767 3126 3835 majus
3163 3771 3219 3818 et
3264 3766 3470 3818 melius
3519 3766 3634 3819 duo

1934 3856 2218 3926 quaedam,
2251 3871 2324 3908 an
2352 3871 2533 3907 unum
2566 3859 2736 3924 atque
2780 3855 2932 3907 idem
2965 3870 3086 3906 esse
3125 3853 3384 3906 videatur
3413 3853 3635 3906 duobus

1933 3943 2261 3997 nominibus
2283 3941 2672 4012 appellatum?
2694 3945 2758 3995 E.
2785 3941 2908 3995 Scio
2933 3941 3086 3994 aliud
3110 3957 3230 3994 esse
3249 3941 3402 4011 quod
3422 3942 3630 4010 majus,

1933 4031 2087 4085 aliud
2135 4031 2290 4101 quod
2333 4030 2536 4082 melius
2565 4029 2827 4083 dicimus.
2862 4030 2931 4083 A.
2963 4029 3110 4092 Quid
3138 4028 3347 4081 horum
3379 4029 3628 4082 duorum

1933 4124 2018 4172 est
2037 4118 2197 4188 cujus
2219 4134 2339 4171 esse
2369 4123 2535 4188 putes
2565 4118 2942 4187 quantitatem
2964 4119 2991 4170 ‘P
3017 4121 3080 4171 E.
3113 4117 3171 4170 Id
3194 4117 3454 4170 videlicet
3475 4117 3630 4186 quod

1933 4207 2118 4276 majus
2139 4206 2400 4260 dicimus.
2425 4208 2494 4260 A.
2519 4205 2667 4269 Quid
2687 4221 2817 4258 cum
2837 4207 3080 4259 duarum
3102 4205 3416 4276 figurarum
3432 4209 3631 4258 rotun-

1932 4295 2063 4349 dam
2085 4295 2363 4365 quadrata
2391 4294 2691 4348 meliorem
2717 4311 2837 4347 esse
2859 4294 3200 4348 confitemur
3217 4294 3243 4347 '?
3263 4293 3631 4364 quantitasne

1931 4383 1986 4438 id
2014 4383 2167 4447 facit,
2199 4400 2271 4436 an
2300 4382 2436 4452 quid
2463 4383 2618 4436 aliud
2638 4384 2666 4435 ?
2696 4386 2761 4436 E.
2796 4383 2961 4436 Nullo
2992 4382 3160 4436 modo
3190 4381 3500 4452 quantitas,
3533 4381 3631 4434 sed

1931 4471 2030 4525 illa
2049 4471 2118 4524 de
2139 4487 2254 4542 qua
2274 4471 2538 4541 superius
2565 4470 2810 4540 egimus,
2838 4470 3137 4541 aequalitas
3158 4470 3328 4540 hujus
3349 4469 3630 4522 excellen-

1930 4559 2025 4613 tiae
2054 4575 2222 4613 causa
2251 4563 2352 4612 est.
2388 4561 2459 4613 A.
2491 4560 2652 4612 Nunc
2681 4574 2818 4628 ergo
2848 4558 2990 4611 illud
3023 4558 3272 4621 attende,
3301 4561 3497 4610 utrum
3527 4555 3631 4610 tibi

1930 4648 2190 4702 videatur
2219 4648 2397 4701 virtus
2435 4647 2730 4717 inqualitas
2777 4647 3045 4716 quasdam
3073 4661 3192 4698 esse
3223 4645 3373 4711 vitae,
3421 4645 3632 4698 rationi

1930 4735 2188 4805 undique
2239 4734 2665 4788 consentientis.
2715 4735 2858 4786 Nam
2896 4733 2944 4785 si
2993 4732 3150 4786 aliud
3181 4732 3250 4785 ab
3280 4731 3391 4784 alio
3424 4731 3485 4785 in
3516 4732 3632 4785 vita

1930 4849 2167 4913 metipsis
2199 4852 2410 4897 inventa
2437 4862 2541 4896 non
2579 4851 2736 4913 sint
2759 4846 2902 4911 quod
2925 4859 3088 4913 genus
3118 4836 3330 4913 incidite
3355 4845 3633 4913 impuden-

1931 4908 2190 4960 (issi-fnum
2218 4923 2331 4959 esse
2366 4913 2514 4960 ratio
2543 4910 2739 4970 probat
2766 4908 2920 4971 Eque:
2947 4909 3126 4957 omnia
3150 4911 3341 4957 absunt
3363 4922 3394 4956 a
3421 4908 3546 4955 Bad.
3577 4915 3630 4956 et

1931 4987 1961 5020 a
1992 4975 2112 5021 Mss.
2142 4999 2200 5006 —-
2228 4974 2434 5020 Absunt
2462 4971 2618 5019 etiam
2650 4985 2681 5019 a
2707 4972 2821 5019 Par.
2889 4971 2957 5019 Μ.
3649 4993 3656 5002 -

1996 5037 2009 5068 ¹
2035 5036 2180 5088 Lov..
2203 5034 2352 5082 nobis
2365 5037 2571 5082 ratione
2592 5039 2836 5095 przeslare
2854 5033 3062 5081 bestias.
3089 5031 3190 5080 Sed
3212 5031 3492 5095 legendum
3508 5043 3626 5076 cum

1931 5095 2046 5144 aliis
2071 5096 2224 5144 editis
2248 5099 2300 5143 et
2320 5096 2440 5142 Mss.
2473 5092 2760 5152 codicibus,
2789 5106 2890 5142 nos
2916 5098 3120 5143 ratione
3137 5099 3400 5156 prmstare
3424 5092 3626 5156 bestiis.

1933 5159 1988 5206 Id
2007 5157 2514 5220 quippeAugustino
2542 5157 2930 5220 intolerandum
2958 5157 3042 5220 hic
3061 5154 3282 5220 videtur,
3300 5155 3343 5220 si
3367 5154 3483 5216 quis
3507 5166 3628 5199 con-

1930 5216 2116 5267 tendat
2132 5216 2396 5279 obiectum
2419 5219 2638 5266 rationis
2659 5232 2772 5266 esse
2797 5219 2946 5272 nihil,
2962 5219 3086 5265 dum
3103 5217 3264 5279 ipsius
3291 5216 3431 5279 visits
3445 5227 3629 5279 corpo-

1930 5283 2003 5329 rei
2029 5274 2291 5342 object'um
2317 5294 2430 5328 esse
2455 5280 2652 5343 aliquid
2677 5280 2935 5343 fateatur:
2957 5284 3012 5343 et
3028 5274 3283 5326 rationem
3309 5274 3478 5343 affert,
3503 5275 3627 5335 quia

1929 5337 2132 5406 ratione
2164 5343 2376 5406 quidem
2411 5337 2722 5406 praestamus
2763 5342 2964 5406 bestiis,
3001 5341 3128 5402 ipsae
3167 5351 3286 5386 vero
3319 5337 3629 5399 plerumque

1929 5405 2073 5468 visus
2102 5404 2470 5467 perspicuitate
2500 5405 2653 5452 nobis
2684 5404 2958 5468 praestant.
3062 5461 3074 5468 ι
3524 5457 3534 5468 .

1990 5468 2012 5499 ²
2041 5461 2186 5531 Lo'v.,_
2217 5461 2382 5531 animi
2411 5469 2650 5531 ratione;
2685 5461 3020 5531 librariorum
3051 5461 3209 5531 lapsu
3243 5473 3334 5522 pro
3364 5461 3626 5512 ammira-

1932 5529 2085 5586 tione,
2117 5529 2192 5576 uti
2217 5529 2468 5591 scriptum
2499 5528 2687 5576 eratin
2717 5527 2947 5588 antiquis
2971 5523 3253 5572 codicibus.
