4064 6356
410 311 536 361 1051

401 428 700 497 discrepet,
733 426 935 497 magis,
952 426 1013 480 ni
1033 425 1217 485 fallor,
1245 423 1611 489 offendimur,
1644 439 1818 494 quam
1838 422 1886 476 si
1908 423 2098 494 aliqua

402 531 537 586 pars
571 514 789 580 circuli,
825 515 1043 584 majore
1074 513 1367 567 minoreve
1402 512 1699 565 intervallo
1741 528 1914 582 quam
1971 513 2098 566 alias

401 607 595 673 partes
621 603 790 656 distet
814 619 845 655 a
869 606 1100 672 puncto.
1127 604 1213 654 An
1240 605 1301 653 tu
1332 600 1497 654 aliter
1526 598 1856 653 existimas?
1880 602 1944 652 E.
1973 602 2098 653 Imo

405 690 712 756 assentior,
767 695 823 743 et
873 691 1018 743 lianc
1061 705 1189 759 quae
1240 689 1338 742 abs
1369 692 1424 741 te
1468 688 1751 757 descripta
1781 693 1882 749 est,
1913 687 2095 756 probo

407 795 529 832 esse
581 778 888 843 virtutem;
937 793 1070 830 nam
1128 782 1185 830 et
1237 777 1382 830 ratio
1425 793 1539 830 non
1595 776 1834 830 dicenda
1877 780 1961 828 est
1997 782 2098 830 aut

407 866 802 931 existimanda,
848 863 959 918 nisi
997 881 1160 930 vera;
1193 869 1248 917 et
1277 866 1436 934 cujus
1465 863 1579 917 vita
1604 880 1708 933 per
1737 863 2095 917 omnia'con-

405 954 581 1024 gruit,
627 952 872 1018 veritati,
922 953 969 1005 is
1035 957 1120 1006 est
1161 952 1414 1022 profecto
1444 953 1529 1006 vel
1585 953 1759 1018 solus,
1815 953 1900 1004 vel
1946 957 2095 1006 certe

404 1040 672 1108 maxime,
711 1039 812 1110 qui
838 1039 985 1092 bene
1016 1044 1182 1110 atque
1213 1040 1449 1094 honeste
1478 1039 1616 1092 vivit
1644 1057 1658 1106 ;
1693 1043 1749 1092 et
1779 1039 1880 1109 qui
1908 1040 1985 1092 ita
2023 1041 2095 1094 sit

402 1130 652 1192 affectus,
691 1128 844 1181 solus
876 1128 1084 1181 habere
1113 1128 1408 1193 virtutem,
1440 1132 1497 1180 et
1526 1143 1592 1180 ea
1622 1127 1807 1180 vivere
1830 1127 2094 1196 judican-

401 1217 505 1270 dus
538 1219 639 1269 est.
685 1217 756 1270 Α.
790 1216 972 1270 Probe
1001 1216 1178 1270 dicis:
1211 1216 1309 1269 sed
1347 1219 1498 1269 certe
1529 1215 1700 1268 etiam
1746 1215 1886 1269 illud
1916 1216 2091 1280 vides,

403 1307 465 1356 ut
494 1302 717 1373 opinor,
741 1303 1076 1357 similiorem
1103 1320 1221 1356 esse
1252 1303 1445 1356 virtuti
1469 1302 1746 1356 circulum
1777 1304 2093 1373 ﬁgurarum

399 1392 704 1460 planarum
751 1391 863 1444 alia
910 1391 1187 1461 qualibet.
1228 1390 1368 1458 Hinc
1411 1393 1492 1444 est
1539 1391 1693 1443 enim
1743 1391 1897 1460 quod
1942 1392 2094 1462 apud

402 1479 700 1532 Horatium
722 1479 945 1549 magnis
959 1479 1220 1534 laudibus
1241 1480 1486 1533 solemus
1507 1480 1775 1533 extollere
1790 1479 1959 1548 illum
1975 1496 2092 1533 ver-

399 1583 547 1635 sum,
577 1583 690 1638 quo
717 1566 819 1634 ait,
851 1582 982 1621 cum
1011 1568 1080 1622 de
1111 1567 1367 1637 sapiente
1397 1571 1610 1637 ageret,

553 1673 721 1723 Fortis
745 1677 798 1722 et
817 1674 872 1722 in
897 1687 951 1722 se
981 1675 1092 1737 ipso
1117 1677 1258 1722 totus
1283 1677 1420 1722 teres
1441 1677 1595 1736 atque
1625 1674 1903 1723 rotundus.

1047 1755 1228 1813 (Serm.
1254 1752 1342 1804 lib.
1369 1755 1416 1812 2,
1447 1755 1615 1802 satira
1639 1756 1687 1812 ‘7,
1712 1768 1762 1802 υ.
1787 1754 1884 1815 60.)

400 1868 472 1921 Et
503 1869 652 1921 recte
680 1883 693 1921 :
721 1883 856 1922 nam
876 1883 1064 1938 neque
1085 1868 1146 1922 in
1185 1868 1362 1922 animi
1391 1868 1554 1923 bonis
1589 1869 1904 1940 quidquam
1937 1868 2091 1924 inve-

395 1954 506 2024 nis,
538 1956 691 2026 quod
722 1955 906 2026 magis
963 1955 1071 2010 sibi
1101 1973 1166 2010 ex
1200 1957 1353 2010 omni
1383 1961 1542 2028 parte
1572 1957 1884 2012 consentiat
1915 1974 2089 2028 quam

395 2043 704 2110 virtutem;
755 2060 942 2128 neque
994 2045 1056 2098 in
1095 2046 1281 2115 planis
1326 2045 1527 2115 ﬁguris
1567 2063 1741 2116 quam
1789 2046 2083 2101 circulum.

397 2132 777 2196 Quamobrem
809 2133 856 2186 si
896 2133 1139 2187 circulus
1186 2151 1303 2187 non
1343 2135 1738 2205 magnitudine
1770 2135 1955 2205 spatii,
1988 2135 2087 2189 sed
2149 2158 2161 2162 ·

397 2221 644 2291 quadam
668 2221 1118 2275 conformatione
1138 2221 1357 2276 caeteris
1377 2227 1610 2293 prazstat
1635 2239 1647 2289 ;
1671 2228 1881 2294 quanto
1904 2223 2086 2294 magis

395 2308 464 2362 de
495 2306 701 2360 virtute
746 2307 1187 2362 existimandum
1219 2313 1324 2377 est,
1376 2309 1527 2379 quod
1559 2326 1672 2362 non
1715 2310 1947 2380 majoris
1979 2311 2086 2369 loci

395 2395 788 2464 occupatione,
812 2395 905 2449 sed
924 2395 1116 2449 divina
1135 2397 1379 2465 quadam
1402 2396 1776 2467 congruentia
1800 2398 2084 2452 rationum

397 2487 568 2554 atque
595 2483 896 2537 concordia
925 2491 1158 2538 caeteras
1186 2486 1510 2539 affectiones
1537 2484 1715 2537 animi
1739 2488 2012 2556 superat?

466 2573 556 2624 28.
590 2571 732 2625 Cum
763 2576 950 2626 autem
977 2589 1124 2643 puer
1149 2573 1376 2643 proﬁcit
1401 2572 1781 2639 laudabiliter,
1815 2574 1883 2626 ad
1910 2591 2082 2644 quam

393 2673 512 2712 rem
559 2659 742 2730 magis
784 2677 956 2731 quam
1000 2661 1069 2715 ad
1107 2661 1377 2715 virtutem
1421 2660 1692 2730 proﬁcere
1733 2661 1980 2716 dicitur?
2011 2680 2084 2717 an

394 2762 508 2800 non
549 2745 654 2800 tibi
695 2747 967 2802 videtur?
1002 2751 1067 2803 E.
1120 2748 1476 2802 Manifestum
1506 2753 1608 2802 est.
1647 2750 1720 2803 Α.
1755 2750 1879 2803 Non
1907 2751 2083 2820 igitur

393 2833 496 2888 tibi
535 2834 703 2888 debet
731 2835 909 2889 videri
939 2836 1162 2888 animus
1206 2836 1352 2888 sicut
1386 2852 1592 2905 corpus
1623 2839 1920 2892 crescendo
1950 2857 2079 2894 cum

391 2927 556 2976 aetate
582 2924 894 2993 proﬁcere:
919 2923 1269 2994 proﬁciendo
1303 2923 1456 2976 enim
1479 2923 1549 2977 ad
1579 2924 1848 2980 virtutem
1876 2944 2080 2998 perve-

390 3011 493 3077 nit,
523 3028 694 3082 quam
725 3013 972 3066 fatemur
1000 3013 1158 3065 nulla
1186 3011 1354 3080 spatii
1387 3012 1798 3082 magnitudine,
1831 3017 1926 3069 sed
1960 3033 2078 3070 ma-

388 3115 500 3168 gna
530 3100 582 3152 vi
612 3099 944 3154 constantiae
974 3099 1271 3170 pulchram
1297 3116 1416 3154 esse
1447 3107 1616 3170 atque
1644 3104 1950 3174 perfectam
1976 3125 1988 3160 :
2025 3111 2081 3160 et

388 3187 434 3241 si
457 3187 611 3242 aliud
634 3193 718 3242 est
743 3189 949 3257 majus,
979 3187 1135 3240 aliud
1163 3187 1387 3250 melius,
1413 3190 1614 3259 utjam
1642 3191 1881 3258 dedisti;
1911 3193 2077 3264 quid-

389 3275 524 3346 quid
558 3276 750 3329 anima
793 3292 923 3328 cum
963 3279 1126 3328 wtate
1167 3277 1414 3344 proiicit,
1456 3293 1800 3349 composque
1839 3281 2077 3334 rationis

390 3365 473 3430 iit,
507 3381 622 3417 non
652 3363 796 3418 mihi
823 3363 1047 3416 videtur
1071 3363 1196 3416 ﬁeri
1225 3365 1426 3434 major,
1460 3365 1556 3419 sed
1586 3367 1808 3422 melior.
1841 3368 2002 3432 Quod
2032 3371 2078 3424 si

386 3453 780 3506 membrorum
810 3451 866 3505 id
903 3451 1114 3505 faceret
1141 3453 1516 3523 magnitudo;
1551 3471 1618 3508 eo
1663 3455 1905 3528 quisque
1934 3475 2076 3528 pru-

387 3540 615 3598 dentior
644 3544 808 3602 esset,
833 3555 945 3609 quo
975 3540 1200 3610 longior
1225 3547 1323 3596 aut
1351 3543 1588 3597 validior
1612 3559 1625 3597 :
1652 3546 1806 3614 quod
1835 3563 1893 3599 se
1915 3547 2077 3601 aliter

383 3629 594 3683 habere
615 3643 752 3694 non,
778 3627 1002 3697 opinor,
1031 3629 1287 3699 negabis.
1309 3632 1374 3685 E.
1401 3631 1537 3694 Quis
1562 3632 1713 3686 istud
1737 3636 2076 3702 negaverit?

383 3717 492 3771 Sed
537 3721 732 3768 tamen
761 3731 891 3770 cum
928 3717 1204 3786 proﬁcere
1233 3719 1486 3773 animam
1514 3737 1616 3792 per
1647 3725 1873 3776 aztatem
1902 3724 2074 3779 etiam

384 3810 442 3858 tu
474 3803 784 3868 concedas;
814 3803 992 3858 miror
1021 3806 1120 3877 qui
1162 3806 1281 3873 ﬁat,
1300 3812 1365 3862 ut
1395 3809 1582 3862 omnis
1612 3811 1945 3880 quantitatis
1986 3829 2076 3867 ex-

382 3905 533 3961 pers,
567 3889 787 3944 etiamsi
831 3907 947 3946 non
979 3893 1369 3949 membrorum
1412 3896 1617 3966 spatio,
1659 3901 1716 3951 at
1747 3903 1896 3951 certe
1930 3903 2071 3953 tem-

385 3977 542 4048 poris
572 3977 889 4050 adjuvetur.

385 4083 611 4138 CAPUT
652 4085 813 4140 XVII.
848 4115 910 4126 -—
953 4088 1158 4140 Anima
1201 4090 1377 4156 spatio
1425 4091 1679 4159 temporis
1712 4106 1944 4145 crescere
1986 4092 2072 4144 di-

958 4177 1101 4228 citur
1127 4178 1505 4245 metaphorice.

457 4281 543 4332 29.
587 4279 794 4333 Desine
841 4279 1059 4349 mirari,
1099 4297 1235 4335 nam
1282 4287 1337 4336 et
1365 4282 1458 4337 hic
1503 4283 1609 4337 tibi
1649 4283 1824 4338 simili
1853 4285 2075 4339 ratione

388 4365 724 4435 respondeo.
745 4367 812 4420 Ut
834 4367 985 4421 enim
1010 4369 1401 4424 membrorum
1424 4372 1759 4441 magnitudo
1781 4372 1911 4426 ideo
1933 4373 2074 4427 nihil

383 4453 546 4507 affert
573 4455 896 4522 argumenti
918 4472 1018 4510 cur
1036 4456 1287 4511 animam
1309 4458 1558 4528 adjuvet,
1585 4460 1736 4528 quod
1761 4461 1927 4514 multi
1957 4461 2073 4514 exi-

384 4540 619 4595 lioribus
647 4542 1118 4615 brevioribusque
1157 4546 1428 4600 membris
1474 4547 1869 4617 prudentiores
1917 4549 2073 4603 inve-

386 4628 622 4682 niuntur
665 4630 1007 4700 quibusdam
1053 4649 1264 4704 magna
1308 4637 1458 4689 mole
1497 4637 1750 4706 corporis
1781 4637 2071 4707 praeditis;

382 4716 460 4768 ita
505 4717 775 4786 quoniam
823 4719 1084 4789 juniores
1133 4723 1438 4776 nonnullos
1496 4723 1816 4778 senioribus
1875 4726 2073 4795 pleris-

385 4820 494 4874 que
533 4805 716 4875 magis
763 4806 1072 4862 industrios
1117 4815 1289 4880 atque
1340 4815 1600 4865 strenuos
1639 4812 1917 4882 videmus,
1959 4831 2075 4869 non

385 4891 548 4946 video
577 4908 678 4946 cur
720 4897 974 4965 putanda
1017 4897 1134 4952 sint
1177 4898 1358 4969 spatia
1401 4899 1676 4970 temporis
1721 4901 1782 4955 in
1813 4903 2075 4956 mtatibus

384 4975 735 5034 incrementa
785 4989 850 5036 ut
893 4986 1246 5054 corporibus,
1293 4987 1371 5041 sic
1404 4988 1608 5042 animis
1641 4990 1812 5056 dare;
1852 5007 1980 5044 cum
2022 4997 2078 5046 et

391 5068 514 5138 ipsa
558 5086 812 5140 corpora,
853 5073 1061 5142 quibus
1090 5091 1190 5145 per
1221 5081 1448 5146 tempus
1476 5094 1726 5132 crescere
1757 5084 1926 5150 atque
1955 5097 2075 5134 am-

383 5157 568 5227 pliora
608 5159 788 5228 spatia
816 5164 1008 5214 tenere
1057 5179 1382 5217 concessum
1437 5170 1540 5235 est,
1581 5183 1732 5237 saepe
1761 5168 1876 5222 sint
1905 5185 2076 5222 anno-

385 5245 535 5300 siora
566 5246 844 5316 breviora,
891 5265 1007 5303 non
1044 5252 1214 5306 modo
1254 5253 1474 5321 scnilia,
1517 5271 1646 5325 quae
1675 5255 2075 5326 magnitudine

385 5334 660 5405 temporis
707 5338 1121 5393 contrahuntur
1163 5346 1333 5412 atque
1364 5343 1702 5398 minuuntur
1729 5364 1743 5410 ;
1774 5344 1870 5397 sed
1901 5345 2072 5397 etiam

381 5437 719 5493 puerorum,
766 5442 909 5496 quos
951 5427 1455 5485 animadvertimus
1498 5432 1586 5485 his
1629 5431 1918 5485 breviores
1956 5449 2075 5486 esse

379 5525 612 5581 corpore
645 5514 853 5582 quibus
884 5521 1014 5570 sunt
1043 5523 1206 5572 astate
1236 5521 1500 5590 majores.
1530 5520 1587 5573 Si
1616 5520 1790 5589 igitur
1817 5526 2077 5588 porrecta

1469 303 1562 356 DE
1601 300 2061 367 QUANTITATE
2101 299 2373 366 ΑΝΙΜιἘ,
2417 298 2471 353 S.
2513 295 2898 353 AUGUSTINI

3759 298 3913 351 -1052

2207 422 2265 474 in
2304 422 2620 492 plurimum
2656 425 2939 489 tempora,
2989 435 3061 473 ne
3107 421 3242 490 ipsis
3289 420 3522 490 quidem
3561 421 3911 491 corporibus

2209 509 2620 581 magnitudinis
2647 510 2892 562 afferunt
2912 524 3141 562 causam
3164 524 3178 562 :
3205 509 3302 563 sed
3332 509 3519 562 omnis
3548 509 3646 563 illa
3665 509 3910 562 seminis

2203 599 2287 653 vis
2308 603 2411 666 est,
2434 603 2490 652 et
2508 598 2888 669 quorumdam
2908 603 3127 651 natura:
3152 614 3528 652 numerorum
3555 614 3691 651 sane
3713 599 3909 651 occul-

2204 691 2416 752 torum,
2439 691 2496 739 et
2516 685 2832 739 difﬁcilium
2854 686 2925 739 ad
2952 686 3399 754 dignoscendum
3426 702 3437 738 :
3465 691 3680 756 quanto
3706 686 3906 739 minus

2205 773 2594 828 arbitrandum
2635 776 2718 826 est
2748 774 2920 842 longo
2949 777 3207 843 tempore
3238 774 3491 828 animam
3520 776 3646 828 ﬁeri
3675 775 3908 844 longio-

2203 879 2348 930 rem,
2378 861 2512 931 quia
2542 876 2666 914 eam
2699 860 2956 915 videmus
2983 877 3090 914 usu
3121 877 3314 916 rerum
3356 867 3524 932 atque
3565 862 3904 916 assiduitate

2203 951 2384 1004 multa
2413 949 2674 1002 didicisse
2693 948 2720 1000 ‘l

2273 1042 2358 1093 30.
2389 1038 2547 1101 Quod
2568 1037 2614 1090 si
2642 1041 2696 1090 te
2720 1037 2861 1090 illud
2889 1043 3100 1102 movet,
3124 1038 3278 1108 quod
3302 1039 3547 1092 solemus
3568 1053 3696 1092 eam
3719 1055 3901 1108 quam

2202 1127 2381 1182 Graeci
2427 1134 2758 1196 μακροθυμίαν
2805 1132 3026 1195 vocant,
3073 1127 3567 1197 Ionganimitatem
3613 1128 3903 1198 interpre-

2200 1215 2310 1269 tari
2339 1214 2824 1282 ;animadvertere
2849 1213 2980 1268 licet
3001 1230 3034 1266 a
3056 1231 3291 1284 corpore
3322 1214 3390 1267 ad
3419 1215 3678 1268 animum
3711 1216 3901 1268 multa

2199 1303 2373 1356 verba
2418 1302 2732 1364 transferri,
2770 1303 2912 1355 sicut
2945 1303 3016 1355 ab
3059 1303 3251 1355 animo
3289 1303 3360 1356 ad
3398 1318 3646 1372 corpus:
3681 1319 3819 1356 nam
3853 1304 3903 1356 si

2199 1396 2453 1444 montem
2475 1390 2817 1460 improbum,
2844 1395 2899 1443 et
2915 1390 3290 1460 justissimam
3314 1391 3578 1444 tellurem
3606 1390 3746 1444 dixit
3775 1392 3900 1444 Vir-

2200 1479 2371 1548 gilius
2411 1478 2645 1548 (zEneid.
2697 1479 2790 1532 tib.
2833 1482 2917 1544 l2,
2949 1494 3003 1532 υ.
3042 1482 3140 1532 687
3169 1495 3181 1544 ;
3217 1481 3406 1546 Georg.
3441 1480 3535 1532 lib.
3573 1482 3626 1542 2,
3658 1495 3710 1533 v.
3742 1480 3900 1549 460),

2200 1584 2328 1638 qua:
2346 1567 2519 1620 verba
2547 1565 2731 1619 cernis
2750 1567 2820 1619 ab
2841 1565 3033 1619 animo
3064 1567 3136 1620 ad
3162 1583 3403 1637 corpora
3432 1583 3553 1620 esse
3581 1569 3894 1634 translata;

2199 1655 2336 1726 quid
2349 1653 2561 1708 mirum
2572 1653 2620 1706 si
2635 1659 2832 1708 mutua
2843 1654 2963 1707 vice
2976 1654 3465 1724 longanimitatem
3481 1654 3746 1721 dicimus,
3762 1671 3900 1709 cum

2198 1744 2368 1813 longa
2391 1742 2501 1796 nisi
2527 1758 2768 1811 corpora
2797 1758 2918 1795 esse
2939 1759 3056 1796 non
3077 1743 3297 1812 possint
3315 1746 3344 1796 ‘I
3365 1744 3441 1796 Ea
3461 1759 3594 1796 vero
3617 1743 3769 1796 inter
3788 1744 3902 1796 vir-

2197 1835 2346 1884 tutes
2369 1847 2496 1901 quae
2515 1830 2834 1900 appellatur
2853 1830 3032 1883 animi
3053 1831 3408 1900 magnitudo,
3433 1831 3498 1885 ad
3522 1831 3747 1885 nullum
3770 1847 3899 1900 spa—

2195 1919 2362 1986 tium,
2385 1919 2484 1973 sed
2505 1919 2574 1972 ad
2594 1918 2708 1972 vim
2731 1919 3060 1989 quamdam,
3079 1919 3136 1972 id
3153 1919 3321 1972 estad
3332 1922 3670 1989 potestatem
3688 1924 3895 1988 poten-

2195 2007 2449 2078 tiamque
2472 2006 2651 2060 animi
2669 2008 2846 2060 relata
2857 2012 3006 2060 recte
3031 2007 3396 2077 intelligitur;
3420 2007 3599 2061 virtus
3621 2024 3686 2061 eo
3707 2007 3897 2077 pluris

2197 2096 2553 2160 mstimanda,
2570 2111 2683 2166 quo
2697 2096 2863 2165 plura
2877 2096 3207 2149 contemnit.
3223 2097 3332 2150 Sed
3349 2097 3418 2150 de
3430 2097 3534 2150 hac
3548 2101 3678 2166 post
3698 2098 3898 2167 loqua-

2196 2203 2346 2254 mur,
2380 2203 2511 2246 cum
2550 2202 2872 2256 quaeremus
2915 2190 3128 2256 quanta
3157 2187 3229 2240 sit
3272 2187 3483 2252 anima,
3531 2187 3673 2240 sicut
3708 2188 3895 2256 quaeri

2197 2274 2420 2334 assolet,
2450 2277 2698 2342 quantus
2720 2273 2893 2327 fuerit
2915 2275 3203 2340 Hercules,
3227 2273 3507 2327 factorum
3535 2273 3894 2338 excellentia,

2197 2376 2312 2413 non
2342 2361 2493 2414 mole
2516 2360 2942 2414 membrorum:
2969 2361 3050 2414 ita
3079 2361 3233 2414 enim
3266 2375 3439 2430 supra
3465 2359 3892 2424 distribuimus,

2195 2448 2432 2516 Oportet
2458 2452 2647 2502 autem
2670 2465 2821 2502 nunc
2851 2455 2905 2502 te
2926 2450 3216 2502 recordari
3245 2449 3399 2518 quod
3428 2449 3496 2502 de
3527 2454 3744 2517 puncto
3769 2449 3896 2518 jam

2194 2537 2328 2590 satis
2359 2537 2578 2607 egimus
2605 2553 2617 2589 :
2668 2553 2801 2590 nam
2851 2537 2910 2590 id
2949 2537 3411 2606 potentissimum
3443 2553 3582 2601 esse,
3615 2536 3899 2591 maxime-

2193 2639 2304 2694 que
2334 2624 2397 2676 in
2423 2623 2622 2691 ﬁguris
2659 2623 2946 2677 dominari
2994 2623 3136 2677 ratio
3169 2623 3425 2676 docebat.
3469 2623 3727 2676 Potentia
3759 2639 3897 2676 vero

2192 2717 2362 2782 atque
2384 2711 2712 2765 dominatus
2734 2727 2924 2765 nonne
2946 2716 3235 2765 ostentant
3258 2711 3570 2781 quamdam
3604 2712 3896 2781 magnitu-

2191 2798 2384 2851 dinem
2403 2800 2434 2851 ?
2462 2803 2519 2852 et
2543 2797 2602 2851 in
2637 2802 2846 2867 puncto
2878 2802 3070 2850 tamen
3101 2797 3324 2850 nullum
3354 2797 3604 2865 spatium
3633 2797 3892 2866 reperie-

2188 2887 2410 2941 bamus.
2436 2889 2560 2941 Non
2580 2886 2757 2956 igitur
2777 2901 3050 2956 magnum
3065 2886 3151 2938 vel
3169 2885 3459 2954 ingentem
3475 2885 3736 2939 animum
3757 2901 3890 2940 cum

2189 2978 2450 3032 audimus
2469 2983 2566 3031 aut
2588 2977 2849 3042 dicimus,
2873 2981 3151 3046 quantum
3172 2974 3278 3028 loci
3301 2979 3554 3045 occupet,
3578 2975 3673 3027 sed
3699 2991 3890 3044 quan-

2187 3071 2311 3120 tum
2341 3065 2537 3137 possit,
2567 3065 3066 3135 cogitandum'est.
3100 3063 3482 3127 Quamobrem
3523 3063 3567 3116 si
3599 3064 3720 3132 jam
3764 3065 3889 3133 pri—

2187 3170 2347 3208 mum
2395 3159 2799 3224 argumentum
2841 3158 3025 3221 tuum,
3067 3169 3180 3222 quo
3216 3151 3319 3205 tibi
3347 3167 3450 3222 per
3488 3156 3715 3205 mtatem
3745 3167 3882 3205 cum

2187 3259 2421 3312 corpore
2452 3243 2674 3296 animus
2720 3258 2968 3294 crescere
3013 3241 3334 3310 videbatur,
3381 3239 3518 3294 satis
3561 3241 3885 3294 discussum

2187 3335 2306 3396 est;
2339 3335 2695 3383 transeamus
2721 3331 2790 3384 ad
2817 3329 2995 3384 aliud.

2187 3451 2412 3504 CAPUT
2444 3451 2630 3504 XVIII.
2675 3480 2742 3489 —
2784 3449 3063 3517 Loquendi
3087 3451 3346 3515 facultas,
3382 3465 3543 3517 quam
3571 3465 3706 3518 puer
3729 3466 3888 3519 pau—

2257 3541 2410 3592 latim
2430 3539 2756 3606 assequitur,
2781 3554 2887 3591 non
2920 3537 3205 3591 tribuenda
3226 3539 3561 3592 incrementis
3587 3540 3804 3592 anim.

2257 3658 2342 3709 3t.
2371 3657 2436 3709 E.
2471 3652 2668 3706 Nescio
2709 3657 2905 3707 utrum
2955 3652 3147 3706 omnia
3193 3669 3324 3723 quin
3369 3669 3460 3706 me
3511 3669 3626 3705 non
3658 3652 3881 3708 frustra

2185 3758 2416 3796 movere
2445 3743 2706 3807 assolent,
2753 3741 3035 3812 persecuti
3069 3737 3386 3808 fuerimus;
3439 3745 3494 3794 et
3531 3741 3657 3794 ﬁeri
3694 3746 3891 3810 potest

2185 3836 2250 3884 ut
2270 3831 2720 3884 recordationem
2752 3847 2940 3884 meam
2965 3830 3155 3900 aliqua
3185 3830 3443 3900 fugiant:
3482 3834 3889 3884 verumtamen

2185 3919 2341 3989 quod
2371 3935 2520 3972 nunc
2542 3919 2603 3972 in
2628 3923 2880 3973 mentem
2901 3919 3055 3973 venit
3075 3919 3367 3972 videamus
3397 3919 3564 3988 quale
3596 3918 3686 3984 sit,
3720 3923 3881 3989 quod

2183 4022 2330 4076 puer
2361 4005 2546 4060 infans
2594 4021 2709 4059 non
2756 4005 3010 4075 loquitur
3061 4010 3234 4076 atque
3283 4005 3346 4058 in
3383 4005 3686 4059 crescendo
3734 4023 3887 4060 asse-

2185 4093 2398 4164 quitur.
2432 4095 2502 4148 A.
2550 4094 2730 4147 Facile
2772 4097 2856 4146 est
2895 4092 3083 4147 istud:
3117 4109 3250 4146 nam
3279 4092 3445 4146 credo
3469 4091 3646 4146 videri
3676 4093 3782 4148 tibi
3817 4113 3889 4149 ea

2184 4173 2383 4253 lingua
2419 4198 2707 4253 quemque
2736 4181 2910 4252 loqui,
2946 4197 3060 4251 qua
3088 4183 3404 4251 loquuntur
3433 4180 3694 4235 homines
3731 4183 3890 4236 inter

2185 4287 2328 4340 quos
2363 4275 2530 4324 natus
2578 4270 2961 4340 educatusque
2991 4269 3078 4322 sit.
3111 4273 3172 4324 E.
3209 4270 3386 4322 Nemo
3426 4269 3482 4322 id
3513 4269 3765 4339 ignorat.
3807 4276 3883 4327 A.

2185 4359 2478 4433 Constitue
2505 4375 2642 4428 ergo
2671 4357 3000 4429 quempiam
3033 4357 3114 4410 ibi
3144 4362 3340 4410 natum
3370 4361 3539 4426 atque
3570 4358 3751 4411 altum
3787 4360 3890 4414 ubi

2184 4447 2447 4502 homines
2480 4447 3020 4517 nonloquerentur,
3054 4445 3150 4498 sed
3191 4444 3422 4498 nutibus
3454 4445 3889 4501 membrorum-

2183 4553 2291 4606 que
2321 4539 2484 4589 motu
2514 4535 2880 4605 cogitationes
2924 4549 3052 4585 suas
3082 4531 3310 4586 sibimet
3340 4532 3756 4599 expromendas
3804 4536 3884 4589 si-

2184 4629 2462 4694 gnarent;
2494 4638 2684 4676 nonne
2712 4637 2907 4675 censes
2938 4635 3070 4673 eum
3098 4619 3234 4672 talia
3277 4634 3396 4670 esse
3426 4618 3734 4685 facturum,
3783 4639 3884 4676 ne-

2185 4728 2296 4782 que
2347 4713 2687 4776 locuturum,
2735 4710 2834 4779 qui
2879 4709 3209 4777 loquentem
3258 4706 3554 4760 neminem
3587 4709 3882 4765 audierit?

2182 4803 2248 4855 E.
2282 4801 2419 4854 Nolo
2449 4815 2540 4853 me
2564 4800 2669 4853 hoc
2694 4798 3042 4866 interroges,
3069 4795 3219 4865 quod
3242 4794 3367 4848 ﬁeri
3390 4811 3506 4849 non
3532 4801 3736 4866 potest.
3771 4800 3885 4862 Qui

2185 4887 2339 4942 enim
2368 4889 2508 4942 tales
2538 4885 2817 4952 homines,
2841 4884 2990 4937 inter
3011 4899 3155 4953 quos
3177 4899 3527 4954 quemquam
3558 4889 3754 4939 natum
3785 4904 3882 4941 co-

2185 4975 2363 5044 gitare
2393 4974 2606 5045 possim
2625 4975 2653 5026 ?
2672 4975 2742 5026 A.
2775 4973 2931 5024 Itane
2961 4976 3025 5024 tu
3046 4986 3163 5024 non
3188 4972 3378 5025 vidisti
3410 4973 3713 5026 Mediolani
3744 4975 3883 5028 ado-

2184 5066 2493 5118 lescentem
2529 5059 2917 5116 honestissimi
2949 5060 3204 5130 corporis
3229 5067 3284 5114 et
3313 5061 3748 5131 elegantissima:
3778 5080 3881 5116 ur-

2185 5151 2470 5215 banitatis,
2503 5153 2727 5203 mutum
2758 5153 2950 5201 tamen
2993 5153 3161 5219 atque
3192 5150 3274 5202 ita
3306 5151 3562 5216 surdum,
3598 5155 3660 5202 ut
3688 5167 3879 5220 neque

2186 5239 2323 5292 alios
2353 5238 2462 5291 nisi
2491 5241 2650 5290 motu
2674 5235 2926 5305 corporis
2958 5236 3324 5305 intelligeret,
3352 5254 3534 5308 neque
3563 5238 3682 5307 ipse
3713 5240 3882 5295 aliter

2184 5343 2313 5398 quas
2359 5326 2526 5381 vellet
2575 5325 2980 5394 signiﬁcaret?
3027 5325 3119 5378 hic
3151 5326 3167 5360 ¹
3199 5326 3354 5380 enim
3405 5334 3486 5381 est
3525 5326 3876 5383 notissimus.

2185 5529 2217 5578 ὁ
2248 5471 2264 5502 ι
2297 5482 2346 5516 m
2487 5466 2648 5526 hinc;
2691 5467 2802 5514 Par.
2848 5468 2936 5516 Er.
2979 5469 3110 5516 Ven.
3145 5469 3287 5516 Lov..
3321 5467 3404 5517 hic
3451 5471 3501 5518 et
3539 5467 3724 5515 melius
3764 5472 3878 5531 qui-

2221 5544 2320 5578 em.
2443 5565 2456 5578 .

2221 5544 2320 5578 em.
2389 5544 2456 5578 Μ.
