4064 6350
112 299 263 350 1053

107 419 266 472 Nam
307 434 415 488 ego
446 418 576 472 novi
599 418 876 473 rusticum
914 418 1221 488 quemdem
1249 420 1602 491 loquentem,
1639 421 1708 476 de
1737 422 1824 476 10-.

107 512 339 576 quente
370 523 568 573 uxore,
594 505 742 560 ﬁlios
769 522 968 560 omnes
999 522 1183 561 mares
1211 513 1382 578 atque
1413 509 1654 564 feminas
1685 525 1825 580 qua-

105 600 253 648 tuor
285 596 422 661 fere,
451 599 551 648 aut
580 612 648 649 eo
680 595 926 665 amplitis
962 595 1100 663 (non
1129 596 1285 650 enim
1315 597 1450 650 satis
1483 614 1636 652 nunc
1668 615 1825 652 com-

107 683 384 753 memini)
408 687 594 737 mutos
625 684 939 754 surdasque
970 683 1251 752 genuisse.
1285 686 1426 738 Nam
1464 702 1529 740 ex
1557 703 1624 740 eo
1657 687 1811 758 quod

108 772 286 842 loqui
319 788 436 826 non
467 776 748 842 poterant,
777 771 924 824 muti
951 791 965 837 ;
991 787 1060 825 ex
1089 787 1154 824 eo
1179 777 1372 827 autem
1402 775 1556 844 quod
1576 776 1736 830 nulla
1758 776 1827 830 si-

108 875 233 929 gna
261 859 374 914 nisi
406 859 581 913 oculis
624 859 990 929 colligebant,
1035 859 1207 914 etiam
1238 861 1394 916 surdi
1424 862 1824 934 intelligeban-

106 952 229 1001 tur.
277 953 335 1003 Ε.
369 949 537 1002 Illum
571 964 702 1001 vero
758 964 863 1017 ego
894 949 1040 1002 bene
1095 948 1252 1018 novi,
1285 955 1340 1004 et
1366 951 1436 1005 de
1465 952 1590 1005 istis
1633 953 1824 1008 nescio

107 1036 332 1107 quibus
361 1038 527 1091 credo
559 1035 694 1090 tibi:
729 1037 827 1090 sed
859 1053 1136 1106 quorsum
1168 1037 1275 1092 ista
1293 1041 1321 1092 ‘?
1348 1042 1425 1092 Α.
1460 1040 1602 1103 Quia
1632 1041 1825 1096 dixisti

109 1141 230 1178 non
265 1131 321 1180 te
352 1141 516 1195 posse
545 1123 793 1194 cogitare
821 1125 970 1178 inter
992 1126 1129 1178 tales
1157 1126 1418 1180 homines
1451 1129 1604 1182 nasci
1625 1146 1826 1201 quem-

105 1213 298 1283 piam.
329 1216 397 1267 E.
431 1215 542 1266 Nec
571 1228 722 1265 nunc
753 1213 902 1266 aliud
927 1213 1093 1267 dico:
1126 1230 1260 1268 nam
1290 1213 1448 1281 istos,
1480 1215 1589 1270 nisi
1634 1217 1819 1284 fallor,

109 1301 272 1354 inter
292 1316 390 1354 eos
410 1301 510 1371 qui
528 1302 920 1370 loquerentur,
951 1306 1112 1354 natos
1141 1318 1259 1355 esse
1281 1304 1562 1358 concedis.
1589 1307 1666 1360 Α.
1698 1307 1823 1360 Non

109 1387 390 1457 equidem
420 1387 750 1456 negaverim
776 1403 788 1441 :
826 1387 924 1441 sed
953 1403 1085 1440 cum
1109 1388 1232 1457 jam
1277 1389 1426 1442 inter
1470 1406 1574 1444 nos
1603 1396 1824 1446 constet

110 1475 434 1530 nonnullos
464 1476 605 1528 tales
629 1474 894 1528 homines
944 1491 1076 1529 esse
1111 1492 1316 1546 posse;
1359 1493 1552 1547 quaeso
1586 1479 1821 1548 cogites,

111 1563 162 1617 si
182 1579 253 1618 ex
278 1563 389 1617 hoc
408 1579 616 1633 genere
655 1580 779 1617 mas
813 1567 871 1618 et
906 1562 1122 1617 femina
1143 1563 1542 1635 jungerentur,
1575 1567 1824 1638 atquein

112 1651 378 1722 aliquam
418 1667 782 1722 quocumque
814 1667 949 1706 casu
977 1652 1150 1706 delati
1179 1653 1571 1721 solitudinem,
1608 1657 1708 1710 ubi
1738 1661 1822 1711 ta-

113 1756 256 1794 men
285 1740 475 1794 vivere
523 1740 796 1808 valerent,
841 1740 1144 1811 gignerent
1187 1741 1372 1796 iilium
1413 1759 1532 1796 non
1559 1744 1819 1811 surdum,

113 1828 610 1900 quemadmodum
640 1833 786 1883 esset
826 1845 957 1882 cum
984 1829 1319 1898 parentibus
1342 1828 1446 1884 iste
1478 1831 1772 1886 locuturus
1794 1836 1822 1887 ‘2

113 1919 179 1971 E.
213 1916 716 1980 Quemadmodum
737 1933 950 1983 censes,
980 1917 1091 1971 nisi
1127 1922 1190 1972 ut
1215 1923 1479 1988 parentes
1505 1919 1558 1974 ei
1587 1921 1818 1988 dabant,

112 2003 193 2058 ita
225 2011 393 2076 gestu
421 2005 584 2075 signa
612 2005 1011 2060 redditurum?
1055 2006 1161 2061 Sed
1218 2011 1412 2061 tamen
1443 2023 1588 2077 puer
1615 2023 1821 2078 parvus

112 2109 186 2146 ne
217 2094 331 2148 hoc
347 2094 581 2164 quidem
610 2099 838 2164 posset:
873 2110 1048 2164 quare
1078 2094 1177 2147 illa
1197 2094 1343 2148 ratio
1374 2111 1503 2150 mea
1524 2101 1716 2150 manet
1737 2095 1821 2150 in-

119 2187 308 2252 tegra.
347 2182 496 2246 Quid
521 2182 678 2236 enim
711 2182 884 2236 refert
926 2187 1117 2236 utrum
1163 2183 1343 2253 loqui,
1375 2199 1449 2237 an
1479 2189 1705 2254 gestum
1735 2185 1818 2238 fa-

117 2287 246 2324 cere
272 2271 576 2325 crescendo
604 2275 960 2341 assequatur,
979 2287 1110 2324 cum
1138 2271 1209 2324 ad
1237 2271 1488 2326 animam
1511 2276 1820 2344 utrumque

119 2359 426 2429 pertineat,
459 2374 633 2429 quam
657 2359 824 2412 fateri
865 2359 1131 2412 nolumus
1156 2375 1404 2414 crescere
1423 2361 1452 2414 ‘I

192 2451 284 2502 32.
309 2450 362 2500 Α
379 2489 391 2502 .
421 2448 545 2501 Jam
568 2447 712 2500 mihi
741 2447 948 2501 videris
967 2447 1141 2502 etiam
1169 2464 1300 2502 cum
1328 2448 1386 2502 in
1412 2449 1546 2503 fune
1577 2449 1822 2520 quisque

121 2535 402 2596 ambulat,
436 2534 777 2605 ampliorem
828 2534 1053 2588 credere
1092 2535 1242 2588 hunc
1288 2535 1497 2589 habere
1544 2536 1819 2602 animam,

122 2639 300 2694 quam
331 2638 426 2676 eos
456 2621 593 2692 quid
622 2621 681 2675 id
709 2623 891 2675 tacere
915 2627 1227 2693 nequeunt.
1254 2626 1320 2676 Ε.
1355 2625 1466 2677 lloc
1494 2624 1650 2678 aliud
1693 2629 1779 2679 est
1803 2641 1817 2679 :

123 2711 252 2782 quis
284 2711 440 2765 enim
470 2713 574 2772 hoc
604 2727 722 2764 non
753 2710 943 2764 videat
972 2727 1091 2765 esse
1109 2711 1372 2766 artis?A.
1404 2713 1532 2774 Cur,
1563 2713 1817 2780 obsecro,

120 2799 304 2854 artis?
333 2815 407 2853 an
436 2799 571 2870 quia
601 2799 840 2854 didicit?
869 2803 934 2854 Ε.
962 2801 1042 2854 Ita
1063 2815 1213 2855 vero.
1240 2803 1318 2855 A.
1353 2801 1536 2864 Quare
1561 2802 1818 2873 tibiergo

121 2889 319 2956 etiam,
369 2888 416 2942 si
473 2888 625 2942 aliud
681 2888 923 2959 quisque
962 2887 1161 2956 discat,
1213 2904 1326 2942 non
1366 2889 1502 2942 artis
1548 2889 1820 2948 videtur?

120 2979 186 3033 E.
220 2979 392 3031 Plane
425 2976 704 3048 quidquid
725 2976 980 3044 discitur,
1009 2977 1165 3040 artis,
1201 2977 1335 3031 artis
1356 2994 1476 3032 esse
1497 2994 1615 3032 non
1645 2995 1814 3049 nego.

119 3067 196 3118 Α.
228 3066 352 3118 Non
381 3080 515 3135 ergo
548 3065 641 3118 ille
673 3064 870 3118 didicit
897 3080 930 3116 a
961 3063 1294 3134 parentibus
1322 3070 1548 3134 gestum
1587 3066 1768 3121 fecere
1789 3067 1817 3121 ?

121 3156 191 3208 Ε.
234 3152 440 3206 Didicit
465 3168 618 3223 sane.
657 3155 730 3206 Α.
768 3152 1004 3222 Oportet
1033 3151 1211 3222 igitur
1241 3158 1297 3207 et
1324 3153 1429 3207 hoc
1459 3169 1576 3207 non
1607 3155 1817 3210 animae

118 3240 421 3294 crescendo
451 3239 762 3310 amplioris,
812 3240 911 3293 sed
957 3239 1288 3295 imitatoriae
1334 3242 1632 3311 cujusdam
1680 3243 1816 3297 artis

119 3347 240 3384 esse
271 3330 564 3385 concedas.
591 3333 655 3384 E.
685 3331 811 3384 Non
827 3345 1062 3400 possum
1088 3330 1196 3384 hoc
1225 3332 1550 3385 concedere.
1569 3334 1620 3385 Α
1632 3372 1644 3387 .
1672 3333 1815 3403 Ergo

119 3435 235 3472 non
265 3434 435 3472 omne
467 3419 618 3488 quod
649 3417 883 3472 discitur
911 3418 1046 3472 artis
1076 3421 1180 3485 est,
1212 3419 1368 3490 quod
1398 3435 1548 3474 nunc
1583 3437 1816 3475 conces~

119 3523 292 3561 seras.
324 3509 390 3560 E.
425 3507 576 3560 Artis
616 3505 873 3561 omnino.
901 3509 972 3562 Α.
1009 3507 1135 3560 Non
1179 3523 1314 3578 ergo
1360 3508 1455 3561 ille
1496 3509 1694 3564 didicit
1722 3527 1817 3581 ge-

118 3599 290 3660 stum,
323 3595 478 3666 quod
509 3595 646 3648 item
673 3611 788 3649 non
826 3595 1016 3649 minus
1050 3594 1301 3649 dederas.
1336 3597 1403 3648 E.
1454 3595 1680 3662 Didicit,
1717 3598 1815 3652 sed

118 3685 228 3738 hoc
247 3699 363 3737 non
396 3688 482 3737 est
508 3683 663 3738 artis.
688 3686 742 3736 Α
760 3725 772 3737 .
806 3683 981 3754 Atqui
1001 3689 1063 3737 tu
1095 3683 1268 3753 paulo
1299 3687 1432 3736 ante
1454 3683 1645 3737 dixisti
1677 3685 1814 3738 artis

119 3787 239 3826 esse
270 3772 422 3842 quod
448 3771 703 3826 discitur.
727 3775 792 3826 Ε.
833 3775 971 3841 Age,
1001 3773 1124 3841 jam
1153 3771 1421 3838 concedo,
1468 3776 1523 3824 et
1559 3772 1720 3842 loqui
1759 3778 1816 3827 et

118 3864 342 3930 gestum
378 3860 584 3929 facere,
614 3876 681 3913 eo
713 3860 867 3930 quod
897 3875 964 3913 ea
993 3859 1317 3924 didicimus,
1353 3857 1489 3912 artis
1533 3875 1671 3912 esse.
1707 3860 1812 3912 Ta-

117 3963 252 4002 men
282 3947 406 4001 alize
433 3952 567 4001 sunt
607 3951 776 4008 artes,
812 3963 972 4017 quas,
1001 3946 1139 4000 dum
1168 3945 1228 3998 iu
1259 3946 1399 3999 alios
1439 3946 1809 4013 intendimus,

119 4036 388 4091 discimus
421 4053 434 4102 ;
467 4036 616 4102 aliae,
668 4052 796 4106 quae
845 4052 877 4089 a
923 4034 1211 4105 magistris
1257 4034 1586 4088 inseruntur
1624 4034 1806 4090 nobis.

116 4127 196 4178 Α.
219 4124 366 4188 Quas
394 4125 625 4178 tandem
653 4123 894 4177 istarum
923 4128 1092 4192 putas
1122 4123 1396 4188 animam,
1447 4139 1515 4176 ex
1559 4138 1625 4176 eo
1657 4123 1811 4193 quod

117 4212 363 4284 amplior
386 4214 503 4280 ﬁat,
545 4211 828 4282 adipisci?
857 4227 1004 4266 anne
1043 4212 1284 4265 omnes?
1324 4214 1389 4266 E.
1439 4213 1566 4265 Non
1613 4227 1809 4265 omnes

114 4309 275 4374 puto,
306 4303 401 4357 sed
428 4303 553 4356 illas
583 4301 925 4372 superiores.
957 4304 1008 4354 Α
1021 4341 1033 4355 .
1083 4301 1284 4354 Nonne
1329 4299 1432 4354 tibi
1465 4316 1530 4354 ex
1575 4301 1681 4354 hoc
1710 4317 1808 4371 ge-

115 4407 250 4445 nere
280 4391 504 4445 videtur
521 4390 582 4444 in
611 4390 747 4444 fune
794 4389 1086 4443 ambulare
1107 4390 1134 4443 ‘?
1162 4404 1296 4442 nam
1324 4393 1378 4442 et
1403 4389 1510 4442 hoc
1539 4389 1805 4456 videndo,

116 4486 180 4534 ut
208 4479 470 4544 arbitror,
499 4478 599 4550 qui
629 4479 688 4532 id
715 4478 928 4532 faciunt
954 4481 1355 4548 assequuntur.
1390 4479 1455 4531 E.
1490 4479 1573 4531 Ita
1602 4478 1803 4532 credo:

114 4568 211 4621 sed
249 4571 442 4620 tamen
490 4581 607 4619 non
650 4582 847 4619 omnes
893 4564 993 4636 qui
1039 4565 1160 4618 hac
1199 4568 1454 4635 spectant
1502 4569 1560 4619 et
1593 4581 1805 4636 magno

113 4656 302 4710 studio
329 4655 646 4721 intuentur,
677 4653 901 4725 assequi
930 4657 1186 4723 possunt,
1237 4653 1334 4706 sed
1374 4651 1472 4723 qui
1511 4653 1681 4723 hujus
1723 4653 1808 4708 rei

114 4743 417 4813 magistros
447 4740 764 4810 patiuntur.
792 4743 868 4794 A.
904 4742 1053 4794 Bene
1096 4757 1228 4793 sane
1255 4739 1392 4793 dicis
1418 4757 1430 4806 ;
1467 4757 1597 4793 nam
1618 4745 1674 4794 et
1701 4739 1808 4794 hoc

113 4832 220 4886 tibi
265 4830 439 4885 etiam
485 4830 554 4884 de
602 4829 886 4883 locutione
950 4828 1384 4898 responderim:
1437 4828 1603 4881 multi
1654 4828 1806 4882 enim

114 4919 290 4975 Graeci
347 4923 403 4973 et
429 4917 584 4972 aliud
618 4933 796 4987 genus
825 4916 1036 4987 linguae
1078 4916 1330 4969 crebrius
1376 4931 1481 4968 nos
1511 4917 1806 4985 loquentes

114 5007 375 5074 audiunt,
405 5022 580 5078 quam
607 5005 1006 5060 funambulum
1034 5004 1437 5076 spectant;qui
1459 5010 1522 5057 ut
1549 5004 1806 5074 linguam

113 5103 366 5153 nostram
408 5096 648 5162 discant,
692 5095 1174 5165 quemadmodum
1221 5111 1325 5148 nos
1371 5110 1500 5148 cum
1548 5094 1804 5164 ipsorum

112 5203 280 5242 nosse
312 5185 594 5247 volumus,
645 5200 794 5254 saepe
832 5183 1119 5252 magistris
1146 5184 1466 5237 traduntur.
1499 5183 1634 5246 Quae
1675 5199 1805 5238 cum

111 5276 191 5330 ita
211 5275 342 5336 sint,
375 5273 555 5327 miror
583 5289 683 5326 cur
709 5271 914 5325 anima:
952 5271 1320 5324 incrementis
1369 5271 1622 5325 tribuere
1669 5273 1806 5325 velis

112 5365 266 5436 quod
297 5365 614 5433 loquuntur
641 5361 935 5427 homines;
961 5361 1116 5429 quod
1134 5365 1323 5414 autem
1353 5359 1412 5412 in
1444 5359 1580 5413 fune
1601 5361 1803 5413 ambu-

112 5456 249 5517 lant,
292 5450 462 5505 nolis.
495 5452 560 5504 E.
596 5449 792 5502 Nescio
840 5448 1124 5519 quomodo
1153 5447 1259 5501 ista
1290 5447 1624 5502 confundis:
1670 5464 1803 5501 nam

115 5541 211 5613 qui
230 5547 295 5594 ut
325 5539 582 5606 linguam
612 5543 862 5590 nostram
895 5536 1092 5604 discat,
1115 5535 1387 5604 magistro
1416 5535 1680 5603 traditur,
1704 5552 1806 5590 no-

1640 298 1851 354 LIBEB
1914 299 2119 356 UNUS.

3499 313 3636 367 1054

1938 423 2200 480 vitaliam
2217 428 2525 498 quamdam
2537 445 3078 502 suam,quameum,
3106 435 3260 504 quod
3293 435 3413 504 ejus
3443 437 3635 492 anima

1937 512 2196 578 creverit,
2227 518 2365 583 puto
2393 514 2690 582 didicisse;
2742 533 2874 571 cum
2918 523 3112 573 autem
3142 520 3310 574 discit
3357 522 3624 590 alienam,

1936 616 2054 654 non
2081 602 2346 672 ampliori
2371 603 2598 671 animas,
2630 606 2727 659 sed
2756 606 2865 660 arti
2905 607 3114 662 tribuo.
3147 610 3217 662 Α.
3250 609 3396 672 Quid
3439 612 3485 664 si
3533 612 3630 666 ille

1938 690 2038 760 qui
2059 690 2208 744 inter
2236 696 2423 745 mutos
2452 697 2620 746 natus
2649 697 2818 764 atque
2848 695 2994 749 altus
3015 700 3119 762 est,
3153 713 3280 750 sero
3313 714 3375 751 ac
3399 698 3521 768 jam
3541 700 3631 770 ju-

1935 778 2093 832 venis
2115 778 2176 832 in
2206 779 2346 833 alios
2377 780 2641 834 homines
2672 781 2928 836 incidens
2959 783 3116 855 loqui
3147 785 3462 852 didicisset,
3497 803 3629 843 cum

1935 867 2104 921 aliam
2133 867 2390 938 linguam
2436 869 2652 922 nullam
2706 873 2938 925 nosset?
2972 889 3037 926 eo
3085 877 3344 943 tempore
3394 879 3630 945 putares

1935 955 2186 1009 animam
2212 957 2332 1026 ejus
2361 957 2619 1024 crevisse,
2653 974 2766 1028 quo
2805 959 2962 1029 loqui
2992 961 3314 1016 didicerat?
3349 967 3411 1018 E.
3464 965 3627 1018 Nun—

1935 1060 2109 1114 quam
2137 1044 2320 1098 isthuc
2348 1045 2532 1099 ausim
2563 1045 2787 1112 dicere;
2821 1051 2877 1100 et
2916 1048 3038 1116 jam
3071 1051 3208 1104 cedo
3250 1050 3476 1112 rationi,
3524 1068 3628 1105 nec

1932 1137 2072 1201 puto
2103 1132 2396 1202 amplioris
2419 1133 2626 1186 animae
2661 1139 3064 1204 argumentum
3094 1152 3214 1189 esse
3253 1139 3402 1208 quod
3436 1139 3624 1209 loqui-

1932 1236 2081 1285 mur,
2113 1237 2186 1274 ne
2218 1225 2275 1275 et
2316 1222 2455 1274 alias
2503 1237 2701 1275 omnes
2742 1227 2892 1276 artes
2922 1240 3094 1292 cogar
3132 1224 3295 1278 fateri
3326 1228 3627 1280 crescendo

1933 1309 2187 1364 animam
2216 1313 2610 1364 consecutam:
2639 1311 2794 1382 quod
2826 1311 2872 1364 si
2911 1310 3128 1378 dixero,
3178 1312 3321 1366 illud
3359 1319 3630 1384 sequetur

1932 1398 2263 1464 absurdum,
2315 1397 2638 1453 decrescere
2685 1398 2938 1453 animam
2988 1415 3118 1454 cum
3177 1400 3431 1471 quidque
3481 1402 3627 1455 obli-

1931 1485 2183 1540 viscitur.

1934 1590 2157 1646 CAPUT
2185 1592 2316 1646 XIX.
2339 1621 2412 1631 -—
2445 1594 2656 1648 Anima
2693 1594 2952 1663 quomodo
3005 1610 3234 1650 crescere
3274 1597 3514 1651 minuive
3543 1596 3628 1650 di-

2695 1686 2856 1736 citur.

2004 1787 2090 1838 32.
2123 1785 2193 1839 A.
2229 1785 2377 1840 Bene
2409 1786 2702 1858 intelligis,
2756 1793 2814 1842 et
2856 1804 3056 1842 verum
3105 1793 3170 1844 ut
3214 1789 3431 1855 audias,
3477 1794 3628 1844 recte

1931 1871 2137 1926 dicitur
2164 1873 2356 1926 anima
2397 1874 2666 1929 discendo
2695 1875 2858 1946 quasi
2885 1893 3164 1945 crescere,
3207 1882 3263 1931 et
3291 1882 3486 1932 contra
3516 1877 3626 1931 mi-

1931 1960 2033 2013 nui
2089 1960 2448 2028 dediscendo,
2512 1963 2608 2016 sed
2652 1965 2925 2018 translato
2986 1967 3178 2031 verbo,
3246 1972 3309 2020 ut
3363 1967 3628 2037 superius

1931 2048 2300 2102 ostendimus.
2333 2051 2548 2104 Tamen
2591 2051 2731 2105 illud
2760 2053 3072 2107 cavendum
3099 2058 3200 2116 est,
3222 2070 3293 2107 ne
3325 2055 3488 2126 quasi
3503 2072 3629 2124 spa-

1931 2137 2078 2190 tium
2099 2137 2205 2191 loci
2237 2139 2422 2208 majus
2455 2156 2728 2210 occupare
2758 2141 3040 2210 videatur,
3071 2141 3209 2196 dum
3254 2142 3458 2196 dicitur
3506 2159 3626 2197 cre-

1931 2242 2084 2278 scere
2108 2242 2121 2291 ;
2155 2226 2253 2280 sed
2283 2227 2560 2297 majorem
2587 2228 2897 2299 quamdam
2922 2229 3036 2283 vim
3063 2230 3302 2298 peritior
3323 2247 3495 2300 quam
3521 2231 3627 2284 im-

1931 2313 2172 2382 peritior
2225 2313 2435 2368 habere
2495 2315 2568 2369 ad
2619 2317 2928 2387 agendum.
2978 2317 3167 2387 Magni
3213 2323 3403 2372 tamen
3453 2319 3627 2373 refert

1931 2401 2124 2471 qualia
2154 2401 2268 2455 sint
2298 2401 2396 2456 illa
2424 2404 2549 2474 ipsa
2574 2421 2704 2474 qum
2735 2405 2919 2470 discit,
2953 2405 3158 2476 quibus
3198 2406 3624 2476 quodammodo

1930 2488 2156 2543 videtur
2183 2492 2398 2561 augeri.
2450 2493 2591 2545 Nam
2627 2497 2686 2546 ut
2740 2493 2802 2547 in
2832 2510 3066 2564 corpore
3097 2493 3207 2548 tria
3253 2500 3386 2548 sunt
3414 2511 3626 2563 genera

1931 2576 2418 2633 incrementorum
2470 2597 2650 2634 unum
2703 2581 3108 2650 necessarium,
3168 2598 3283 2652 quo
3350 2583 3625 2636 naturalis

1931 2666 2329 2721 convenientia
2370 2667 2643 2738 impletur
2685 2669 2745 2722 in
2793 2670 3103 2736 membris;
3133 2671 3378 2724 alterum
3426 2687 3625 2741 super-

1929 2756 2131 2822 ﬂuum,
2159 2772 2271 2825 quo
2304 2773 2336 2808 a
2361 2757 2578 2810 caeteris
2622 2758 2893 2810 membris
2922 2758 3142 2828 integra
3172 2758 3495 2811 valetudine
3522 2775 3623 2811 au-

1930 2844 2116 2913 gendo
2144 2843 2361 2914 aliquid
2390 2844 2693 2914 discrepat,
2725 2861 2827 2916 per
2852 2847 3004 2916 quod
3032 2846 3316 2900 interdum
3349 2845 3535 2899 evenit
3564 2851 3626 2900 ut

1929 2931 2077 2984 senis
2107 2931 2302 3001 digitis
2330 2937 2636 2986 nascantur
2661 2933 2943 2999 homines,
2967 2938 3022 2986 et
3043 2935 3315 3004 pleraque
3336 2933 3466 2997 alia,
3494 2951 3623 3004 qua:

1927 3035 2056 3072 cum
2096 3023 2306 3089 praeter
2334 3019 2804 3074 consuetudinem
2842 3020 3021 3074 nimia
3059 3026 3210 3086 sunt,
3263 3025 3624 3074 monstruosa

1925 3107 2318 3174 nominantur;
2361 3107 2594 3162 tertium
2643 3108 2896 3175 noxium,
2945 3109 3098 3180 quod
3127 3125 3254 3162 cum
3287 3109 3506 3176 accidit,
3541 3113 3625 3162 tu-

1925 3211 2052 3248 mor
2079 3199 2342 3261 vocatur;
2387 3213 2519 3249 nam
2549 3196 2722 3250 etiam
2750 3197 2826 3250 sic
2858 3199 3118 3253 membra
3146 3214 3397 3252 crescere
3429 3197 3624 3251 dicun-

1926 3288 2038 3350 tur,
2065 3288 2122 3336 et
2151 3299 2346 3336 revera
2377 3285 2568 3337 locum
2605 3291 2885 3356 occupant
2919 3286 3281 3356 ampliorem,
3316 3287 3412 3340 sed
3447 3303 3623 3357 expu-
3705 3303 3724 3310 ··

1927 3377 2100 3443 gnata
2124 3372 2274 3425 bona
2328 3372 2649 3426 valetudine
2675 3390 2686 3427 :
2724 3373 2802 3427 ita
2834 3374 2894 3428 in
2925 3375 3118 3428 animo
3166 3375 3431 3446 quaedam
3461 3373 3624 3444 quasi

1927 3459 2208 3515 naturalia
2245 3459 2596 3514 incrementa
2641 3466 2794 3526 sunt,
2845 3479 2974 3516 cum
3005 3464 3256 3518 honestis
3297 3469 3353 3517 et
3380 3463 3448 3516 ad
3479 3464 3622 3516 bene

1925 3550 2204 3619 beateque
2239 3548 2542 3602 vivendum
2590 3551 3026 3606 accommodatis
3068 3551 3383 3621 disciplinis
3425 3549 3624 3620 augeri

1926 3635 2153 3689 dicitur.
2186 3634 2326 3687 Cum
2349 3651 2481 3688 vero
2505 3652 2570 3689 ea
2597 3636 2881 3699 discimus,
2915 3654 3043 3708 quae
3073 3637 3425 3690 mirabiliora
3448 3653 3620 3708 quam

1924 3723 2155 3778 utiliora
2181 3726 2354 3787 sunt;
2384 3739 2716 3793 quanquam
2750 3725 3040 3778 nonnullis
3072 3726 3241 3778 rebus
3280 3727 3620 3794 plerumque

1925 3815 2269 3881 Opportuna,
2317 3825 2733 3879 supervacanea
2782 3816 2974 3865 tamen
3021 3816 3078 3866 et
3120 3811 3188 3865 de
3229 3811 3327 3864 illo
3371 3811 3618 3864 secundo

1922 3884 2132 3970 genere
2163 3898 2518 3951 numeranda
2547 3905 2698 3953 sunt.
2723 3902 2846 3954 Non
2877 3900 3030 3954 enim
3054 3900 3100 3953 si
3125 3900 3362 3970 quidam
3389 3899 3617 3965 tibicen,

1921 3993 1986 4044 ut
2025 3989 2197 4040 Varro
2240 3990 2437 4039 auctor
2476 3991 2582 4057 est,
2626 3988 2706 4042 ita
2753 3990 3030 4059 populum
3077 3987 3374 4042 delectavit
3421 3993 3484 4041 ut
3520 4003 3619 4042 rex

1921 4078 2106 4147 ﬁeret,
2133 4077 2262 4132 ideo
2299 4075 2554 4130 animum
2589 4083 2856 4132 nostrum
2884 4077 2982 4130 illo
3014 4076 3255 4130 artiﬁcio
3288 4076 3618 4147 augendum

1918 4173 2121 4238 putare
2178 4168 2478 4236 debemus:
2522 4166 2658 4238 quia
2702 4182 2806 4220 nec
2849 4165 3095 4235 majores
3150 4181 3323 4235 quam
3378 4164 3617 4218 humani

1920 4260 2070 4324 sunt,
2109 4257 2306 4311 dentes
2335 4257 2545 4310 habere
2576 4254 2872 4322 vellemus,
2902 4253 2949 4306 si
3003 4252 3377 4319 audiSsemus,
3412 4269 3444 4306 a
3473 4269 3616 4322 quo-

1918 4344 2096 4413 piam,
2143 4346 2294 4416 quod
2333 4345 2476 4398 tales
2521 4342 2808 4409 habuerit,
2855 4357 3051 4395 morsu
3089 4340 3309 4394 hostem
3332 4345 3614 4394 necatum.

1919 4433 2162 4488 Noxium
2191 4450 2324 4488 vero
2352 4433 2492 4487 illud
2520 4437 2604 4486 est
2629 4447 2810 4502 genus
2836 4430 3066 4496 artium,
3098 4445 3211 4500 quo
3242 4428 3418 4482 animi
3462 4431 3614 4482 vale-

1917 4523 2056 4577 tudo
2086 4523 2372 4577 sauciatur
2397 4539 2408 4576 :
2434 4537 2567 4575 nam
2599 4525 2655 4574 et
2683 4519 2855 4574 odore
2893 4535 2957 4572 ac
2985 4534 3185 4588 sapore
3217 4518 3361 4572 mire
3405 4517 3614 4587 dijudi-

1919 4629 2045 4666 care
2074 4613 2390 4682 pulmenta,
2424 4615 2479 4664 et
2507 4627 2620 4680 quo
2653 4609 2778 4662 lacu
2807 4606 2978 4677 piscis
3005 4611 3201 4676 captus
3234 4606 3322 4673 sit,
3358 4607 3445 4660 vel
3479 4624 3616 4677 quo-

1917 4704 2092 4754 tenne
2119 4700 2317 4752 vinum
2348 4699 2440 4767 sit,
2465 4713 2628 4751 nosse
2646 4697 2831 4751 dicere
2849 4693 3171 4766 ‘,quaedam
3186 4701 3270 4748 est
3293 4695 3616 4749 miseranda

1914 4788 2151 4860 peritia;
2184 4792 2240 4840 et
2265 4786 2352 4840 his
2381 4786 2598 4848 artibus
2628 4801 2758 4838 cum
2785 4783 2947 4854 quasi
2976 4782 3214 4837 crevisse
3235 4783 3428 4841 anima
3454 4783 3612 4837 vide-

1916 4884 2032 4944 tur,
2065 4894 2194 4947 quae
2225 4877 2480 4946 neglecta
2503 4878 2695 4928 mente
2727 4872 2962 4926 deﬂuxit
2980 4872 3038 4925 in
3053 4889 3273 4940 sensus,
3294 4873 3435 4926 nihil
3459 4871 3612 4926 aliud

1917 4982 2091 5038 quam
2121 4964 2398 5018 tumuisse
2428 4963 2515 5017 vel
2555 4961 2729 5016 etiam
2761 4960 3121 5014 contabuisse
3148 4961 3458 5031 judicanda
3503 4965 3606 5014 est.

2085 5071 2310 5125 CAPUT
2341 5070 2452 5124 ΧΧ.
2491 5099 2560 5106 -
2587 5069 2799 5121 Anima
2827 5067 3095 5136 numquid
3117 5083 3184 5120 ea:
3209 5082 3263 5120 se
3286 5069 3442 5120 sciat.

1988 5177 2076 5230 34.
2109 5179 2173 5230 Ε.
2199 5173 2426 5244 Accipio
2456 5173 2565 5227 ista
2621 5162 2680 5226 et
2728 5173 3026 5240 assentior,
3077 5187 3182 5226 nec
3231 5175 3422 5224 tamen
3463 5169 3602 5222 nihil

1917 5281 2098 5334 angor
2127 5281 2195 5317 ex
2223 5280 2290 5317 eo
2321 5263 2474 5333 quod
2506 5261 2776 5332 imperita
2824 5261 3081 5316 omnium
3127 5275 3319 5313 rerum
3358 5263 3412 5310 et
3442 5258 3610 5311 bruta

1915 5359 1999 5406 est
2019 5353 2228 5418 anima,
2263 5367 2436 5423 quam
2465 5352 2524 5405 in
2558 5367 2736 5422 puero
2774 5367 2971 5404 recens
2999 5353 3132 5403 nato
3163 5352 3441 5417 quantum
3475 5346 3609 5401 licet

1914 5440 2268 5510 inspicimus.
2300 5441 2410 5494 Cur
2435 5439 2589 5494 enim
2624 5441 2839 5495 nullam
2873 5444 3052 5494 artem
3079 5451 3272 5490 secum
3302 5435 3514 5504 attulit,
3559 5435 3607 5491 si

1990 5547 2004 5578 ¹
2037 5548 2252 5606 Discere,
2272 5545 2425 5608 juxta
2453 5546 2568 5594 Par.
2597 5545 2663 5593 Μ.
