4064 6364
436 338 567 389 105Ξί

431 454 649 504 αήετηε
681 448 918 501 est?A.
965 446 1224 515 Magnam
1271 441 1526 505 omnino,
1573 454 1864 509 magnam,
1909 442 1967 491 et
2011 451 2125 507 qua

430 538 621 591 nescio
652 541 852 589 utrum
867 532 1182 604 quidquam
1205 531 1391 599 majus
1415 526 1896 598 sit,quazstionem
1909 539 2121 587 moves,

431 627 492 679 in
523 641 636 695 qua
659 628 886 677 tantum
908 626 1117 674 nostra
1149 618 1379 671 sibimet
1407 616 1704 686 opiniones
1731 615 2122 676 adversantur,

431 717 495 766 ut
525 712 633 766 tibi
663 711 857 764 anima
886 709 1124 770 nullam,
1157 706 1298 760 mihi
1327 710 1522 760 contra
1542 719 1740 758 omnes
1760 706 1905 756 artes
1933 715 2126 753 secum

431 799 688 853 attulisse
719 799 1008 863 videatur;
1038 811 1142 849 nec
1171 795 1326 848 aliud
1366 792 1682 862 quidquam
1729 806 1846 842 esse
1880 789 1934 842 id
1975 787 2127 856 quod

433 888 641 940 dicitur
661 886 897 951 discere,
922 899 1097 955 quam
1117 881 1406 936 reminisci
1428 884 1484 932 et
1503 877 1790 932 recordari
1804 877 1901 945 (a).
1922 875 2030 929 Sed
2051 874 2128 926 vi-

432 975 605 1027 desne
648 989 820 1044 quam
858 971 1032 1041 hujus
1069 967 1344 1038 temporis
1375 981 1487 1019 non
1521 965 1611 1032 sit,
1645 968 1835 1016 utrum
1890 962 1998 1014 ista
2024 960 2128 1012 ha—

433 1063 609 1116 beant
641 1061 723 1114 ita
752 1076 893 1124 sese,
917 1057 1210 1128 requirere
1227 1056 1254 1109 ?
1278 1056 1437 1108 Nunc
1451 1053 1604 1106 enim
1627 1051 1849 1120 agimus
1869 1053 1932 1102 ut
1961 1064 2128 1118 appa-

431 1154 575 1211 reat,
610 1147 657 1200 si
683 1150 1025 1217 potest,non
1057 1160 1182 1197 eam
1208 1141 1515 1196 secundum
1547 1139 1654 1191 loci
1684 1137 1866 1206 spatia
1893 1150 2127 1205 parvam

439 1251 779 1306 magnamve
812 1231 1132 1295 nominari;
1165 1230 1542 1284 aeternitatem
1574 1230 1762 1279 autem
1793 1225 1913 1293 ejus
1945 1223 1990 1276 si
2013 1224 2130 1276 ulla
2173 1287 2180 1296 ε

438 1329 542 1388 est,
579 1327 904 1392 opportune
934 1319 1313 1374 scrutabimur
1341 1332 1468 1370 cum
1501 1313 1640 1368 illud
1674 1313 1825 1382 quod
1860 1316 2128 1381 quartum

435 1410 696 1480 posuisti.
746 1409 859 1463 Cur
907 1407 1135 1476 corpori
1191 1405 1362 1458 fuerit
1414 1403 1562 1467 data,
1612 1405 1893 1471 quantum
1922 1399 2005 1452 fas
2047 1402 2130 1452 est

431 1503 674 1552 tractare
705 1495 1063 1565 coeperimus.
1100 1492 1244 1556 Quid
1277 1491 1432 1544 enim
1465 1490 1534 1543 ad
1563 1489 1734 1541 talem
1787 1488 1910 1557 ejus
1941 1503 2129 1556 quan-

432 1585 656 1639 titatem
687 1584 911 1650 attinet,
945 1595 1243 1650 semperne
1274 1595 1344 1632 an
1375 1594 1491 1630 non
1523 1575 1950 1644 semperfuerit,
1974 1575 2128 1628 futu-

433 1689 564 1726 rave
597 1672 690 1738 sit,
720 1675 820 1724 aut
843 1670 991 1739 quod
1016 1684 1170 1721 nunc
1189 1666 1456 1736 imperita
1475 1680 1627 1718 nunc
1647 1663 1831 1733 perita
1846 1667 1931 1716 est
1961 1679 1974 1728 ;
1999 1678 2129 1715 cum

434 1764 489 1814 et
521 1761 761 1828 longum
792 1761 1037 1826 tempus,
1067 1772 1137 1808 ne
1167 1753 1502 1824 corporibus
1531 1752 1763 1822 quidem
1788 1750 1986 1804 afferre
2010 1766 2128 1804 ma-

433 1845 751 1917 gnitudinis
784 1860 1034 1908 causam,
1068 1841 1326 1912 superius
1365 1840 1833 1910 probaverimus;
1875 1842 1930 1892 et
1970 1837 2129 1908 peri-

432 1935 572 1988 tiam
599 1931 962 1986 notissimum
992 1931 1065 1983 sit
1089 1945 1251 1999 posse
1270 1929 1486 1981 nullam
1508 1928 1702 1981 adesse
1730 1925 2126 1990 crescentibus,

433 2037 498 2074 ac
530 2035 680 2090 smpe
695 2017 1118 2071 senescentibus
1142 2019 1523 2086 opportunam
1538 2031 1656 2067 esse
1676 2031 1689 2080 ;
1707 2014 1998 2083 multaque
2021 2013 2132 2066 alia

434 2109 586 2162 dicta
615 2107 728 2160 sint
758 2106 914 2174 satis,
961 2101 1028 2158 ut
1073 2104 1297 2174 opinor,
1343 2103 1414 2157 ad
1459 2102 1966 2156 demonstrandum
2013 2117 2131 2154 non

432 2212 567 2250 cum
620 2192 1011 2263 magnitudine
1045 2191 1317 2261 corporis,
1357 2207 1529 2262 quam
1560 2194 1696 2243 mtas
1738 2189 1921 2255 affert,
1957 2188 2129 2242 etiam

432 2284 689 2339 animam
718 2282 843 2336 tieri
873 2281 1228 2351 ampliorem.

441 2373 668 2426 CAPUT
713 2371 843 2424 ΧΧΙ.
888 2398 955 2409 --
1008 2370 1161 2422 Vires
1203 2370 1262 2420 in
1301 2367 1504 2435 majori
1543 2369 1698 2418 aetate
1753 2365 1984 2432 majores
2025 2378 2131 2416 non

740 2460 870 2509 sunt
896 2459 1271 2522 argumentum
1301 2455 1580 2507 crescentis
1606 2453 1817 2504 animm.

509 2549 596 2600 33.
630 2545 813 2609 Quare
842 2543 1159 2610 videamus,
1195 2543 1242 2595 si
1274 2543 1482 2612 placet,
1512 2539 1652 2592 illud
1685 2540 1930 2591 alterum
1959 2553 2129 2606 argu-

439 2637 700 2688 mentum
740 2637 902 2685 tuum
956 2631 1122 2701 quale
1179 2630 1271 2695 sit,
1331 2628 1484 2698 quod
1522 2643 1624 2696 per
1658 2630 1843 2679 totum
1883 2626 2130 2696 spatium

438 2721 690 2790 corporis
721 2723 902 2772 tactus
923 2719 1169 2772 sentitur
1193 2717 1263 2770 ab
1293 2715 1502 2780 anima,
1529 2730 1699 2784 quam
1723 2713 1889 2784 spatii
1916 2715 2130 2767 nullius

439 2824 560 2862 esse
591 2807 874 2860 volumus.
903 2809 970 2860 E.
1001 2806 1259 2860 Sinerem
1291 2804 1409 2873 jam
1441 2803 1513 2856 ad
1559 2802 1700 2855 illud
1735 2802 1985 2869 transiri,
2018 2802 2129 2857 nisi

435 2897 504 2950 de
530 2894 742 2948 viribus
767 2894 1070 2947 dicendum
1094 2891 1310 2962 aliquid
1334 2890 1658 2944 arbitrarer.
1683 2889 1828 2954 Quid
1859 2895 1942 2943 est
1974 2889 2125 2942 enim

434 2985 564 3050 hoc,
599 2983 753 3053 quod
784 2981 1036 3035 auctiora
1065 2996 1167 3050 per
1187 2983 1413 3032 (etatem
1434 2994 1674 3047 corpora
1701 2978 1846 3031 vires
1875 2979 2134 3048 praebent

437 3071 643 3125 animae
673 3070 1001 3140 ampliores,
1030 3067 1076 3120 si
1106 3083 1235 3120 cum
1266 3065 1356 3119 his
1383 3065 1626 3135 amplior
1664 3081 1780 3118 non
1809 3065 1874 3118 iit
1899 3063 2133 3117 anima?

438 3161 780 3230 Quanquam
810 3157 966 3212 enim
995 3155 1177 3208 virtus
1208 3153 1437 3222 animm,
1467 3153 1614 3206 vires
1656 3157 1848 3206 autem
1877 3151 2134 3222 corporis

437 3249 626 3318 putari
651 3249 869 3300 soleant
892 3265 905 3311 ;
930 3258 1228 3313 nunquam
1258 3246 1451 3294 tamen
1475 3241 1544 3294 ab
1575 3241 1766 3294 anima
1793 3257 1886 3292 eas
1911 3239 2132 3308 abjudi-

437 3335 705 3402 caverim,
738 3349 869 3388 cum
897 3331 1123 3384 videam
1162 3329 1222 3382 in
1251 3328 1523 3382 exanimis
1571 3327 1903 3397 corporibus
1950 3327 2134 3379 nullas

440 3438 577 3476 esse.
615 3423 724 3474 Per
763 3434 970 3488 corpus
1001 3416 1234 3487 quidem
1266 3416 1502 3482 viribus,
1547 3415 1706 3468 sicuti
1740 3415 2016 3479 sensibus,
2049 3414 2134 3468 uti

437 3510 689 3563 animam
723 3523 838 3560 non
869 3504 1192 3574 negandum
1217 3508 1547 3570 est;tamen
1569 3504 1836 3574 quoniam
1869 3503 1977 3555 ista
2005 3507 2138 3555 sunt

437 3599 674 3652 viventis
701 3594 907 3659 ofﬁcia,
933 3593 1060 3663 quis
1085 3593 1208 3646 haec
1231 3592 1650 3647 dubitaveritad
1666 3591 1916 3645 animam
1945 3592 2135 3663 potius

441 3685 726 3757 pertinere
745 3684 772 3737 ?
802 3682 942 3737 Cum
973 3681 1152 3750 igitur
1183 3680 1429 3750 majores
1458 3680 1604 3733 vires
1635 3679 1693 3732 in
1723 3680 1916 3750 pueris
1958 3697 2134 3750 gran—

443 3772 716 3830 diusculis
741 3786 912 3842 quam
941 3769 1000 3823 in
1024 3769 1337 3823 infantibus
1364 3785 1482 3822 esse
1504 3768 1818 3834 videamus,
1849 3785 1912 3821 ac
1929 3768 2133 3822 deinde

441 3862 845 3919 adolescentes,
893 3859 1244 3928 juvenesque
1292 3857 1351 3911 in
1403 3857 1521 3911 dies
1569 3857 1783 3911 viribus
1837 3861 2131 3927 prastent,

441 3945 621 3998 donec
651 3961 844 3998 rursus
874 3962 1109 4016 corpore
1124 3949 1446 3999 senescente
1476 3946 2132 4012 minuantur;nonleve,

441 4036 722 4102 quantum
770 4033 913 4086 mihi
955 4033 1196 4099 videtur,
1255 4033 1557 4087 crescentis
1595 4049 1724 4087 cum
1766 4050 2024 4104 corpore,
2072 4049 2136 4087 ac

445 4120 651 4174 deinde
683 4121 1025 4174 senescentis
1053 4121 1259 4174 animae
1299 4121 1576 4175 indicium
1606 4127 1707 4176 est.

519 4211 606 4262 36.
633 4209 702 4262 A.
738 4209 862 4262 Non
890 4225 1301 4279 usquequaque
1327 4209 1637 4263 absurdum
1668 4213 1752 4263 est
1775 4209 1929 4280 quod
1959 4208 2131 4264 dicis:

446 4295 542 4349 sed
574 4311 680 4366 ego
712 4296 858 4349 vires
890 4313 1005 4350 non
1034 4296 1216 4366 magis
1244 4297 1302 4349 in
1331 4296 1707 4366 amplitudine
1732 4297 1982 4367 corporis
2007 4302 2137 4350 aeta-

443 4383 630 4452 tisque
664 4383 1051 4450 incrementis,
1093 4400 1265 4454 quam
1295 4384 1355 4437 in
1387 4385 1790 4439 exercitatione
1819 4386 2064 4456 quadam
2081 4390 2137 4439 et

448 4471 896 4524 conformatione
927 4470 945 4502 ¹
982 4472 1372 4526 membrorum
1429 4489 1548 4527 esse
1595 4474 1747 4527 soleo
1785 4478 2026 4544 putare:
2076 4474 2132 4527 id

447 4558 590 4612 adeo
622 4563 686 4611 ut
711 4559 814 4612 tibi
843 4559 1100 4630 probem,
1137 4577 1332 4630 qmero
1371 4562 1469 4614 abs
1498 4566 1553 4615 te
1588 4567 1779 4616 utrum
1811 4561 1987 4615 alium
2023 4562 2132 4615 alio

438 4646 789 4715 pertinacius
820 4649 1110 4702 ambulare
1157 4665 1219 4701 ac
1261 4649 1449 4702 minus
1480 4650 1801 4720 defetigari,
1851 4651 2135 4720 majorum

443 4733 652 4787 virium
682 4751 802 4788 esse
849 4736 1190 4790 arbitreris?
1242 4740 1307 4792 E.
1363 4739 1447 4791 Ita
1487 4739 1691 4792 sentio.
1732 4743 1810 4793 Α.
1861 4739 1973 4792 Cur
2000 4754 2135 4807 ergo

443 4836 589 4890 puer
617 4823 797 4875 multo
828 4823 1073 4893 amplius
1102 4825 1321 4878 itineris
1341 4826 1708 4881 conﬁciebam
1740 4827 1861 4880 sine
1891 4827 2132 4891 defectu,

446 4924 576 4960 cum
608 4911 932 4978 aucupandi
953 4912 1141 4966 studio
1173 4913 1231 4966 in
1260 4915 1602 4969 ambulando
1632 4932 1940 4974 exercerer,
1963 4931 2135 4983 quam

442 4995 778 5049 adolescens
807 5013 937 5051 cum
966 5014 1057 5052 me
1078 5002 1147 5054 ad
1180 5002 1284 5054 alia
1315 5003 1523 5068 studia,
1553 5003 1762 5074 quibus
1792 5003 1986 5057 sedere
2018 5019 2135 5054 ma-

450 5085 536 5154 gis
568 5086 830 5155 cogebar,
875 5089 1273 5158 contulissem;
1307 5092 1352 5144 si
1401 5091 1690 5145 accedenti
1731 5091 1906 5157 mtati,
1950 5096 2005 5143 et
2032 5107 2136 5160 per

445 5173 591 5226 hanc
603 5173 844 5227 animaa’
865 5178 1133 5230 crescenti
1146 5179 1292 5232 vires
1304 5173 1610 5249 ampliores
1622 5178 1944 5232 tribuendas
1967 5180 2136 5232 sunt?

447 5260 659 5315 Deinde
681 5262 740 5314 in
772 5262 911 5332 ipsis
937 5265 1275 5321 luctatorum
1307 5267 1637 5337 corporibus
1665 5266 1992 5334 palaestritae
2018 5282 2134 5320 non

501 5395 514 5460 ξ
555 5393 638 5460 §ic
665 5393 792 5460 Mss.
830 5397 894 5443 At
921 5397 1071 5455 Edd.,
1096 5398 1524 5460 conﬁrmatione.

495 5453 515 5488 ⁵
560 5455 706 5513 Lov.,
733 5454 954 5507 homini.
981 5453 1081 5508 Alii
1109 5453 1334 5516 codices,
1365 5459 1575 5506 animae.

503 5532 576 5594 (α)
597 5533 694 5583 Vid
731 5538 750 5584 1
784 5536 1010 5586 Retract.
1037 5553 1148 5600 cap.
1177 5541 1224 5596 8,
1251 5551 1303 5584 n.
1331 5539 1377 5583 2.

1467 323 1560 377 DE
1599 317 2054 387 QUANTITATE
2096 313 2366 379 ANlM/E,
2411 313 2462 366 S.
2505 310 2884 368 AUGUSTINI

3797 307 3941 358 i056

2232 432 2440 486 molem
2471 447 2535 484 ac
2563 431 3039 502 magnitudinem,
3067 431 3162 484 sed
3194 430 3370 484 nodos
3388 429 3668 500 quosdam
3695 429 3942 482 lacerto-

2232 537 2383 585 rum,
2415 524 2469 573 et
2498 520 2792 573 destrictos
2824 524 2994 583 toros,
3027 519 3386 588 ﬁguramque
3417 533 3646 571 omnem
3676 515 3944 586 corporis

2233 608 2342 661 sibi
2379 612 2793 676 congruentem
2823 607 3162 676 peritissime
3193 605 3521 674 inspiciunt,
3569 609 3624 657 et
3652 604 3791 657 hinc
3825 620 3944 673 po-

2231 695 2346 749 tius
2375 699 2717 765 argumenta
2755 695 2961 748 virium
3004 695 3294 763 colligunt.
3344 694 3479 757 Quae
3508 697 3701 746 tamen
3736 691 3944 745 omnia

2231 800 2440 854 parum
2471 784 2680 845 valent,
2715 783 2826 836 nisi
2856 783 2938 835 vis
2965 783 3103 835 artis
3134 788 3189 836 et
3233 781 3650 834 exercitationis
3679 780 3939 832 accedat.

2233 872 2396 941 Smpe
2426 871 2598 924 etiam
2628 870 2811 924 visum
2835 876 2939 938 est,
2972 870 3220 939 ingentis
3255 869 3510 938 corporis
3538 869 3687 921 viros
3716 869 3790 921 ab
3821 867 3944 920 exi-

2236 960 2364 1029 guis
2396 959 2779 1029 brevibusque
2813 959 3092 1028 superari,
3135 958 3223 1011 vel
3269 958 3327 1011 in
3378 955 3695 1023 movendis,
3737 956 3826 1008 vel
3881 957 3943 1008 in

2234 1048 2485 1102 ferendis
2516 1047 2984 1117 ponderibus,vel
3006 1045 3206 1114 inipso
3237 1045 3407 1098 etiam
3442 1043 3768 1097 luctamine.
3794 1044 3942 1096 Nam

2237 1135 2684 1206 olympionicum
2701 1134 3221 1205 quemlibetlassari
3250 1132 3308 1186 in
3340 1133 3540 1186 itinere
3571 1133 3739 1185 citius
3760 1149 3943 1202 quam

2236 1224 2750 1278 circumforaneum
2781 1218 2804 1252 ί
2833 1222 3078 1291 aliquem
3107 1214 3498 1284 mercatorem,
3524 1219 3622 1289 qui
3644 1234 3760 1270 uno
3782 1217 3947 1270 illius

2237 1313 2420 1381 digito
2451 1311 2643 1365 collidi
2669 1311 2866 1380 possit,
2898 1310 2989 1362 cui
3019 1313 3102 1362 est
3130 1307 3484 1378 incognitum
3507 1307 3534 1359 ?
3564 1309 3749 1370 Quare
3783 1305 3834 1358 si
3887 1310 3948 1358 et

2236 1401 2388 1470 ipsas
2423 1399 2572 1452 vires
2620 1416 2736 1452 non
2775 1413 3040 1470 peraeque
3085 1412 3305 1454 omnes,
3361 1396 3456 1448 sed
3503 1395 3638 1447 alias
3669 1395 3739 1447 ad
3778 1393 3944 1446 aliud

2237 1488 2484 1558 aptiores
2513 1504 2750 1557 magnas
2777 1501 3078 1551 vocamus;
3131 1490 3189 1538 et
3243 1499 3555 1554 corporum
3586 1483 3948 1536 lineamenta

2237 1576 2418 1646 magis
2436 1580 2492 1628 et
2511 1575 2710 1644 ﬁgurae
2725 1589 2896 1645 quam
2913 1572 3338 1642 magnitudines
3367 1572 3557 1624 valent
3586 1570 3909 1640 plurimum
3931 1589 3947 1633 ;

2237 1668 2294 1717 et
2322 1664 2365 1715 si
2407 1662 2836 1716 exercitationes
2878 1665 3104 1714 tantum
3153 1660 3420 1722 afferunt,
3468 1663 3533 1711 ut
3569 1658 3947 1711 celeberrime

2235 1750 2515 1804 creditum
2546 1751 2636 1811 sit,
2659 1749 2950 1804 hominem
2974 1749 3232 1802 tollendo
3262 1747 3517 1818 quotidie
3547 1747 3788 1800 vitulum
3815 1762 3950 1815 par-

2239 1855 2395 1903 vum,
2429 1838 2608 1908 egisse
2636 1843 2700 1892 ut
2725 1854 2856 1891 eum
2888 1837 3062 1890 etiam
3096 1841 3323 1889 taurum
3355 1835 3474 1888 sine
3505 1851 3671 1888 sensu
3702 1834 3947 1903 majoris

2239 1926 2450 1991 oneris,
2487 1926 2639 1996 quod
2668 1925 2940 1996 paulatim
2973 1924 3310 1988 addebatur,
3340 1923 3535 1976 tollere
3566 1938 3630 1976 ac
3656 1921 3944 1974 sustinere

2238 2019 2457 2084 posset:
2488 2029 2855 2084 nequaquam
2889 2011 3186 2082 amplioris
3228 2010 3408 2064 aetatis
3445 2010 3592 2062 vires
3645 2025 3775 2063 cum
3819 2025 3945 2062 cor-
3979 2061 3984 2064 .

2239 2119 2376 2173 pore
2407 2103 2660 2156 animam
2690 2101 2928 2154 crevisse
2969 2099 3310 2169 significant.

2383 2192 2613 2246 CAPUT
2638 2192 2796 2244 XXII.
2821 2219 2890 2230 --
2926 2190 3069 2244 Unde
3110 2191 3252 2241 vires
3276 2189 3514 2256 corporis
3541 2187 3791 2255 majores.

2314 2281 2401 2332 37.
2435 2279 2595 2343 Quod
2628 2278 2674 2331 si
2705 2277 2952 2347 amplius
2983 2276 3200 2346 aliquid
3233 2275 3566 2329 animalium
3581 2275 3797 2344 majora
3819 2293 3946 2328 cor-

2241 2383 2398 2436 pora,
2435 2383 2502 2420 eo
2549 2366 2673 2436 ipso
2712 2382 2825 2436 quo
2856 2366 3074 2435 majora
3103 2369 3254 2425 sunt,
3293 2364 3504 2418 habent
3547 2363 3794 2428 virium;
3841 2364 3947 2416 illa

2240 2469 2412 2506 causa
2441 2458 2544 2519 est,
2580 2453 2734 2524 quod
2774 2454 2897 2521 lege
2935 2456 3154 2504 naturae.
3181 2451 3385 2504 cedunt
3412 2451 3666 2519 pondera
3711 2450 3947 2504 minora

2241 2541 2582 2611 majoribus,
2618 2557 2735 2594 non
2766 2541 2936 2594 modo
2959 2556 3088 2593 cum
3117 2540 3186 2592 ad
3213 2538 3508 2608 proprium
3530 2539 3719 2592 locum
3739 2545 3948 2608 suopte

2239 2634 2386 2682 nutu
2418 2630 2704 2694 feruntur,
2743 2633 2804 2681 ut
2835 2628 3068 2681 humida
3093 2633 3148 2680 et
3166 2632 3411 2680 terrema
3439 2625 3745 2695 corporain
3761 2627 3947 2696 ipsius

2243 2717 2443 2770 mundi
2477 2717 2729 2770 medium
2757 2717 2942 2769 locum
2969 2716 3069 2786 qui
3095 2720 3179 2768 est
3205 2715 3456 2781 inﬁmus,
3488 2730 3685 2769 rursus
3701 2715 3857 2768 aeria
3890 2723 3950 2768 et

2238 2805 2402 2876 ignea
2437 2821 2663 2859 sursum
2683 2821 2909 2870 versus;
2941 2804 3034 2857 sed
3069 2803 3241 2856 etiam
3270 2819 3401 2856 cum
3431 2802 3621 2872 aliquo
3650 2807 3946 2857 tormento

2243 2899 2342 2948 aut
2363 2896 2516 2964 jactu
2552 2900 2652 2947 aut
2683 2893 2935 2963 impulsu
2967 2897 3064 2945 aut
3093 2892 3344 2962 repulsu,
3369 2907 3436 2943 eo
3468 2907 3581 2961 quo
3601 2907 3718 2944 non
3739 2897 3946 2961 sponte

2242 2983 2545 3046 ferrentur,
2579 2980 2635 3034 vi
2669 2981 2855 3034 aliena
2885 2980 2968 3033 ire
2997 2984 3296 3049 coguntur.
3329 2979 3469 3032 Nam
3499 2979 3545 3031 si
3591 2994 3653 3032 ex
3696 2980 3810 3032 alto
3853 2965 3946 3033 di:

2240 3068 2480 3130 miseris,
2515 3084 2845 3139 quanquam
2878 3068 3069 3133 simul,
3104 3067 3245 3120 duos
3275 3067 3488 3136 lapides
3507 3066 3750 3136 disparis
3766 3084 3946 3138 quan-

2239 3157 2440 3222 titatis,
2475 3156 2640 3210 citius
2675 3156 2908 3226 quidem
2940 3156 3126 3224 major
3155 3156 3226 3209 ad
3254 3159 3462 3208 terram
3499 3156 3760 3224 pervenit
3791 3171 3806 3210 :
3841 3158 3942 3210 sed

2241 3244 2351 3297 siei
2373 3243 2562 3297 minor
2575 3243 2927 3312 subjiciatur,
2959 3259 3141 3312 eoque
3169 3241 3570 3296 inevitabiliter
3599 3247 3940 3312 occupetur,

2241 3331 2387 3384 cedit
2419 3330 2690 3399 profecto,
2737 3329 3023 3399 simulque
3054 3329 3115 3382 in
3144 3329 3329 3381 solum
3361 3328 3676 3382 deducitur.
3715 3331 3861 3383 Item
3895 3331 3944 3383 si

2241 3418 2507 3487 dejicitur
2537 3423 2780 3486 desuper
2812 3418 3011 3485 major,
3045 3417 3233 3470 minor
3260 3421 3449 3470 autem
3483 3421 3678 3470 contra
3706 3433 3938 3471 sursum

2239 3522 2434 3559 versus
2460 3505 2670 3574 jacitur
2696 3522 2710 3570 ;
2754 3505 2850 3558 ubi
2881 3505 3105 3558 obviam
3133 3505 3412 3571 venerint,
3441 3505 3799 3574 repercussio
3829 3507 3943 3559 mi-

2239 3594 2398 3647 noris
2457 3598 2514 3647 et
2568 3593 2904 3647 retrocessio
2958 3594 3057 3646 ﬁat
3099 3609 3326 3646 necesse
3380 3597 3480 3646 est.
3515 3589 3673 3656 Quod
3706 3610 3779 3647 ne
3809 3594 3944 3648 ideo

2240 3682 2496 3736 accidere
2526 3686 2708 3752 putes,
2743 3682 2898 3752 quod
2923 3682 3111 3734 minor
3146 3685 3343 3735 contra
3372 3686 3634 3734 naturam
3665 3681 3726 3734 in
3752 3682 3943 3735 subli-

2241 3770 2358 3824 mia
2386 3770 2468 3823 ire
2523 3770 2852 3838 cogebatur,
2885 3771 3029 3824 alter
3061 3786 3194 3823 vero
3229 3769 3447 3839 majore
3480 3769 3700 3838 impetu
3748 3769 3941 3823 locum

2241 3874 2410 3911 suum
2441 3858 2709 3927 petebat;
2743 3858 2912 3912 facito
2945 3862 3006 3911 ut
3036 3858 3220 3927 major
3256 3857 3319 3910 in
3357 3873 3602 3928 superna
3624 3857 3941 3926 jaculetur,

2243 3949 2300 4000 et
2327 3946 2539 3999 minori
2577 3951 2834 4000 occurrat
2863 3946 2922 3999 in
2953 3951 3134 4000 terras
3176 3947 3392 4016 dejecto
3417 3963 3429 4000 :
3480 3945 3696 3999 videbis
3724 3946 3942 4000 nihilo-

2241 4035 2432 4088 minus
2471 4036 2763 4105 repulsum
2794 4035 3077 4089 minorem
3106 4035 3166 4088 in
3195 4037 3400 4088 coelum
3431 4035 3579 4106 cogi,
3624 4035 3723 4088 sed
3749 4051 3944 4104 reper-

2241 4139 2408 4176 cussu
2438 4123 2560 4193 ipso
2591 4123 2790 4176 cadere
2817 4123 2878 4176 in
2905 4123 3076 4176 aliam
3103 4127 3344 4193 partem,
3378 4126 3443 4176 ut
3471 4138 3583 4192 qua
3605 4122 3941 4192 expeditum

2244 4216 2351 4277 est,
2370 4211 2430 4264 in
2473 4211 2589 4264 ima
2623 4211 2930 4265 deferatur.
2979 4212 3122 4264 Item
3181 4210 3226 4263 si
3247 4210 3418 4264 ambo
3437 4225 3554 4263 non
3581 4213 3737 4262 motu
3767 4215 3941 4264 natu-

2240 4298 2364 4363 rali,
2390 4298 2489 4352 sed
2518 4314 2551 4350 a
2571 4298 2792 4351 duobus
2815 4297 2980 4368 quasi
3011 4297 3070 4350 in
3093 4313 3296 4366 campo
3323 4297 3713 4367 pugnantibus
3744 4299 3941 4351 adver-

2241 4403 2335 4438 sus
2383 4385 2623 4439 invicem
2670 4387 2827 4455 jacti,
2883 4385 3112 4439 sibimet
3153 4385 3213 4438 in
3247 4385 3438 4438 medio
3470 4384 3652 4454 spatio
3681 4388 3938 4456 complo-

2241 4474 2482 4539 dantur;
2519 4473 2648 4543 quis
2682 4473 3026 4528 dubitaverit
3057 4472 3338 4526 minorem
3370 4471 3572 4541 majori
3599 4487 3722 4525 esse
3749 4490 3938 4528 cessu-

2241 4577 2390 4625 rum,
2419 4561 2479 4614 in
2511 4577 2635 4614 eam
2663 4566 2889 4631 partem
2920 4560 3203 4630 undeipse
3233 4558 3940 4627 etquoilleferebantur’?

2242 4649 2379 4712 Quae
2408 4664 2538 4701 cum
2570 4649 2649 4701 ita
2680 4648 2812 4708 sint,
2845 4649 2901 4702 id
2931 4653 3016 4702 est
3042 4663 3172 4701 cum
3207 4645 3450 4711 minora,
3487 4650 3552 4698 ut
3581 4646 3798 4702 dictum
3835 4655 3939 4714 est,

2241 4735 2499 4805 pondera
2553 4736 2869 4807 majoribus
2921 4736 3160 4799 cedant;
3221 4732 3466 4786 multum
3514 4739 3708 4789 tamen
3766 4738 3943 4791 refert

2243 4828 2458 4894 quanto
2490 4824 2548 4877 in
2576 4841 2698 4878 sese
2712 4829 2958 4894 agantur
2977 4823 3197 4892 impetu
3221 4839 3232 4874 :
3253 4837 3388 4876 nam
3415 4823 3459 4876 si
3481 4823 3696 4893 majore
3717 4825 3938 4896 impetu

2242 4911 2452 4980 minor,
2478 4913 2633 4965 Velut
2667 4909 2995 4965 vehementi
3028 4909 3220 4979 aliquo
3254 4913 3540 4964 tormento
3580 4913 3823 4965 emissus
3852 4915 3939 4967 in-

2242 5000 2476 5068 tligatur
2529 4998 2734 5068 majori
2783 5000 2870 5052 vel
2916 4997 3094 5051 laxius
3129 4997 3399 5066 jaculato,
3435 5000 3522 5052 vel
3551 5001 3671 5070 jam
3702 5001 3940 5070 langue-

2243 5088 2421 5140 scenti
2439 5104 2452 5150 ;
2468 5087 2727 5158 quamvis
2741 5087 2810 5140 ab
2823 5085 3027 5139 eodem
3044 5085 3279 5150 resiliat,
3303 5088 3552 5142 retardat
3564 5088 3728 5142 illum
3744 5094 3938 5143 tamen

2243 5180 2343 5228 aut
2381 5175 2552 5228 etiam
2593 5179 2745 5227 retro
2777 5173 2896 5244 agit
2925 5190 3030 5244 pro
3060 5175 3232 5228 modo
3266 5175 3478 5229 ictuum
3519 5179 3687 5246 atque
3719 5179 3940 5246 ponde-

2241 5278 2390 5316 rum.

2314 5354 2400 5404 38.
2437 5349 2532 5402 His
2569 5350 2853 5420 praejactis
2881 5355 3050 5422 atque
3088 5351 3411 5416 intellectis,
3454 5355 3728 5422 quantum
3781 5370 3940 5423 pra:-

2305 5479 2317 5509 ¹
2356 5475 2440 5538 Er.
2471 5475 2671 5538 ethss.
2703 5488 2913 5532 novem,
2938 5475 3423 5538 circum/omnum.

2303 5539 2324 5570 ³
2361 5537 2478 5584 Par.
2511 5536 2595 5585 Er.
2617 5537 2746 5585 Ven.
2761 5535 3292 5600 Lov.,undeipseest,
3312 5542 3486 5599 etquo
3517 5536 3610 5586 ille
3628 5535 3937 5599 ferebatur.
