4064 6356
119 279 254 330 1057

114 414 244 451 sens
267 397 566 468 negotium
597 398 864 468 postulat,
896 399 1024 453 vide
1054 415 1206 452 nunc
1235 415 1328 453 eas
1375 416 1505 470 qum
1551 401 1822 456 dicuntur

115 485 178 538 in
216 486 567 541 animalibus
594 486 762 550 vires,
792 492 986 540 utrum
1017 487 1222 541 rationi
1266 488 1400 542 huic
1451 496 1770 560 congruant
1801 509 1818 543 :

114 590 251 626 nam
284 591 526 645 corpora
556 575 817 628 omnium
847 575 1185 630 animalium
1215 577 1342 647 quis
1365 584 1536 648 negat
1566 596 1666 632 suo
1679 595 1822 648 pon-

114 663 253 716 dere
280 663 524 732 praedita
543 662 569 714 ‘I
599 663 758 726 Quod
787 663 1013 733 pondus
1042 669 1188 718 nutu
1218 665 1426 719 animae
1447 671 1660 733 actum,
1707 682 1821 736 quo

112 749 500 820 inclinaverit,
532 752 780 804 multum
811 753 956 805 valet
985 753 1384 823 magnitudine
1413 755 1666 826 prapria.
1712 756 1822 810 Sed

112 845 292 893 nutus
321 839 532 893 anima:
562 839 633 893 ad
662 840 905 894 movend
917 856 1012 894 um
1041 841 1297 911 corporis
1341 844 1585 914 pondus,
1631 844 1822 897 nervis

112 927 282 997 quasi
309 927 612 982 tormentis
639 927 856 982 utitur:
890 945 1090 982 nervos
1120 935 1314 985 autem
1363 936 1587 1002 vegetat
1634 932 1822 986 mobi-

112 1016 407 1086 lioresque
436 1015 621 1069 effecit
645 1016 865 1069 siccitas
894 1017 1162 1088 calorque
1218 1019 1547 1074 moderatus
1580 1037 1592 1074 :
1622 1027 1822 1075 contra

114 1120 215 1158 eos
240 1105 397 1158 laxat
426 1109 596 1176 atque
625 1105 880 1159 inﬁrmat
903 1105 1176 1160 humidus
1189 1106 1364 1178 rigor.
1382 1109 1580 1179 Itaque
1594 1125 1821 1174 somno,

115 1192 254 1263 quia
287 1209 421 1247 eum
450 1193 724 1263 frigidum
745 1198 801 1247 et
828 1194 1129 1248 humidum
1149 1195 1346 1250 dicunt
1374 1197 1582 1251 medici
1610 1202 1666 1251 et
1691 1213 1822 1267 pro-

117 1281 281 1342 bant,
315 1281 573 1334 membra
601 1283 977 1352 languescunt
1001 1303 1015 1350 ;
1044 1288 1214 1353 atque
1252 1285 1374 1354 ipse
1402 1286 1822 1355 expergefacta-

115 1385 251 1422 rum
263 1375 520 1427 conatus.
535 1370 712 1423 multo
743 1375 829 1423 est
848 1370 1112 1440 debilior,
1142 1371 1388 1442 ideoque
1417 1373 1561 1427 nihil
1594 1378 1680 1426 est
1706 1373 1822 1427 fra-

115 1460 265 1513 ctius
296 1465 351 1514 et
373 1460 634 1514 enervius
662 1461 1008 1530 lethargicis.
1037 1465 1108 1515 At
1130 1463 1411 1532 quosdam
1431 1461 1820 1532 phreneticus,

115 1545 332 1614 quibus
363 1546 571 1616 vigilia:
602 1551 660 1600 et
703 1546 857 1599 viuii
888 1546 972 1599 vis
1002 1551 1057 1600 et
1086 1553 1265 1601 acutae
1294 1547 1501 1614 febres,
1547 1548 1606 1601 id
1635 1552 1719 1601 est
1743 1552 1825 1601 tot

116 1635 304 1688 calida
329 1635 459 1704 plus
487 1634 667 1688 nimio
698 1651 902 1689 nervos
933 1635 1180 1688 tendunt
1225 1640 1396 1706 atque
1437 1637 1668 1700 durant,
1699 1651 1822 1688 rna-

108 1722 336 1790 joribus
377 1722 592 1776 viribus
637 1738 810 1792 quam
827 1722 1052 1792 integra
1071 1723 1396 1776 valetudine
1446 1722 1715 1776 reluctari
1766 1727 1824 1776 et

117 1811 305 1864 multa
335 1810 520 1864 facere
573 1810 937 1864 manifestum
969 1816 1074 1876 est,
1107 1826 1238 1864 cum
1267 1826 1468 1864 eorum
1515 1827 1720 1880 corpus
1752 1810 1824 1864 sit

118 1898 467 1967 aegritudine
496 1898 842 1952 attenuatius
881 1904 938 1952 et
963 1899 1191 1954 exilius.
1232 1899 1290 1953 Si
1345 1899 1525 1970 igitur
1575 1904 1632 1953 et
1677 1902 1819 1952 nutu

117 1986 350 2052 animae,
379 1992 436 2040 et
463 2003 774 2040 nervorum
805 1988 1054 2057 quodam
1085 1987 1574 2057 machinamento,
1606 1991 1662 2040 et
1683 2002 1823 2057 pon-

118 2075 255 2129 dere
285 2075 540 2145 corporis
578 2075 836 2128 conﬁunt
871 2075 960 2128 hae
990 2091 1120 2146 quas
1174 2075 1322 2128 vires
1373 2083 1650 2129 vocantur
1679 2091 1692 2140 ;
1724 2091 1822 2127 vo-

118 2164 313 2217 luntas
342 2169 550 2217 nutum
577 2164 826 2229 exhibet,
857 2164 956 2234 qui
972 2163 1212 2232 pronior
1239 2163 1306 2217 ﬁt
1331 2179 1431 2234 spe
1451 2165 1535 2217 vel
1559 2163 1817 2229 audacia,

118 2252 451 2306 retunditur
479 2257 672 2306 autem
701 2252 922 2320 timore,
956 2253 1054 2306 sed
1098 2253 1279 2306 multo
1328 2252 1510 2322 magis
1550 2252 1823 2322 despera-

118 2339 277 2393 tione
308 2340 471 2410 (nam
499 2341 560 2394 in
581 2345 738 2394 metu
766 2356 896 2394 cum
917 2341 1110 2410 aliqua
1125 2356 1254 2410 spes
1274 2341 1486 2408 subest,
1518 2341 1824 2394 vehemen-

118 2428 300 2482 tiores
317 2429 463 2483 vires
476 2445 752 2499 apparere
763 2430 1029 2497 assolent)
1051 2445 1064 2495 ;
1097 2428 1627 2483 machinamentum
1653 2429 1824 2482 conﬁ-

119 2516 348 2586 guratio
362 2517 628 2587 quaedam
643 2517 895 2587 corporis
908 2520 1154 2586 coaptat,
1176 2515 1512 2585 temperatio
1536 2516 1825 2570 modiﬁcat

118 2604 465 2658 valetudinis
493 2608 535 2669 ³,
560 2604 860 2657 conﬁrmat
887 2603 1307 2658 exercitationis
1318 2603 1635 2670 industria;
1670 2620 1823 2674 pon-

119 2691 230 2744 dus
257 2692 355 2746 dat
383 2693 561 2745 moles
586 2692 998 2755 membrorum,
1032 2708 1207 2761 quam
1229 2696 1364 2745 aetas
1387 2696 1443 2745 et
1470 2692 1823 2747 nutrimenta

117 2786 477 2850 comparant,
522 2779 842 2833 instaurant
892 2783 1082 2833 autem
1130 2780 1252 2833 sola
1293 2779 1667 2834 nutrimenta.
1729 2780 1822 2833 Bis

117 2869 391 2922 omnibus
419 2868 520 2938 qui
548 2867 844 2938 aequaliter
897 2868 1189 2938 prmvalet,
1221 2867 1516 2922 mirandus
1564 2874 1651 2922 est
1691 2868 1824 2921 viri-

114 2958 248 3023 bus,
282 2962 338 3010 et
367 2961 524 3010 tanto
555 2956 795 3009 estalius
819 2955 930 3009 alio
956 2955 1279 3024 invalidior,
1302 2960 1516 3024 quanto
1545 2957 1673 3026 plus
1689 2972 1818 3010 eum

115 3043 230 3096 ista
259 3042 548 3096 deﬁciunt.
582 3045 782 3112 Fitque
809 3059 960 3113 saepe
990 3048 1052 3095 ut
1081 3043 1358 3112 pertinaci
1387 3047 1553 3112 nutu,
1586 3043 1820 3098 meliore

118 3131 584 3184 machinamento
613 3131 778 3197 alius,
811 3131 1072 3201 quamvis
1101 3148 1339 3202 parvum
1368 3132 1596 3202 pondus
1622 3149 1822 3202 corpo-

120 3219 202 3272 ris
232 3219 432 3288 egerit,
467 3218 644 3272 alium
674 3219 889 3288 majore
927 3220 1078 3273 mole
1106 3220 1414 3290 praaditum
1443 3219 1650 3274 vincat.
1673 3222 1821 3275 Rur-

121 3323 335 3378 susque
365 3323 784 3378 nonnunquam
814 3311 972 3362 tanta
998 3309 1181 3362 moles
1212 3313 1316 3377 est,
1371 3313 1435 3362 ut
1463 3309 1685 3362 etiamsi
1710 3309 1818 3362 im-

119 3394 413 3448 becilliore
425 3393 555 3448 nisu
567 3400 786 3464 agatur,
813 3395 1101 3466 opprimat
1139 3401 1334 3449 tamen
1355 3411 1595 3467 parvum
1623 3396 1819 3450 adver-

121 3482 343 3536 sarium
371 3483 553 3536 multo
585 3483 1357 3539 vehementiusinnitentem.
1389 3486 1530 3539 Cum
1550 3501 1682 3538 vero
1705 3501 1822 3538 non

122 3573 353 3642 pondus
381 3571 654 3642 corporis,
686 3587 791 3625 nec
820 3573 1139 3626 moderatio
1168 3589 1497 3633 nervorum,
1519 3573 1620 3627 sed
1648 3579 1822 3626 nutus

123 3662 270 3732 ipse,
311 3661 371 3715 id
415 3666 502 3714 est
543 3660 772 3714 animus
826 3661 995 3730 cedit,
1043 3666 1105 3714 ut
1143 3662 1380 3714 omnino
1427 3661 1704 3715 valentior
1750 3662 1821 3715 ab

121 3748 458 3803 omnimodo
487 3749 844 3814 invalidiore,
900 3751 999 3803 sed
1036 3754 1230 3802 tamen
1259 3749 1516 3803 timidior
1545 3749 1614 3802 ab
1645 3750 1821 3802 auda-

121 3837 277 3890 ciore
311 3841 648 3906 superetur;
683 3836 870 3890 nescio
903 3841 1096 3890 utrum
1125 3837 1358 3901 viribus,
1394 3835 1822 3890 attribuendum

122 3926 220 3978 sit.
253 3924 369 3978 Nisi
390 3925 517 3995 quis
541 3924 912 3978 dicathabere
935 3925 1212 3994 quasdam
1227 3941 1356 3978 suas
1377 3924 1526 3978 vires
1547 3925 1822 3991 animam,

122 4013 335 4082 quibus
365 4013 418 4066 ei
446 4014 633 4083 major
688 4013 946 4078 audacia,
977 4013 1066 4066 vel
1119 4011 1327 4066 ﬁducia
1357 4013 1614 4083 pariatur
1640 4029 1652 4066 :
1696 4030 1826 4083 qua}
1868 4046 1871 4049 -

122 4074 260 4155 eum
297 4100 460 4154 alteri
511 4074 736 4161 absunt,
794 4074 958 4154 alteri
1014 4101 1241 4168 desunt,
1291 4074 1428 4154 tunc
1483 4074 1828 4170 intelligitui‘

123 4193 410 4260 quantum
440 4190 666 4244 animus
692 4189 920 4259 corpori
954 4205 1077 4257 suo,
1110 4189 1286 4244 etiam
1322 4189 1384 4242 in
1410 4205 1477 4242 eo
1517 4189 1672 4260 quod
1725 4205 1829 4260 per

123 4294 338 4348 corpus
365 4278 575 4349 agitur,
607 4278 928 4332 antecellat.

201 4371 290 4422 39.
317 4367 700 4430 Quamobrem
725 4383 856 4420 cum
884 4365 1088 4420 infanti
1109 4382 1287 4437 puero
1320 4365 1474 4420 solus
1503 4365 1574 4419 ad
1598 4365 1826 4418 trahen-

131 4458 276 4511 dum
305 4456 519 4526 aliquid
549 4457 638 4509 vel
668 4455 1064 4526 repellendum
1086 4460 1262 4508 nutus
1284 4454 1357 4508 sit
1375 4453 1633 4525 integer;
1666 4453 1827 4507 nervi

127 4550 324 4598 autem
354 4549 410 4597 et
438 4547 672 4614 propter
700 4548 988 4597 recentem
1016 4542 1322 4613 minusque
1352 4543 1662 4613 perfectam
1690 4558 1825 4595 con-

121 4633 532 4687 formationem
579 4632 883 4698 inhabiles,
922 4636 977 4685 et
1013 4635 1250 4702 propter
1280 4632 1585 4686 humorem
1614 4631 1714 4700 qui
1742 4631 1828 4684 illi

123 4721 283 4775 aetati
313 4721 582 4774 exuberat
611 4720 869 4787 marcidi,
918 4724 974 4774 et
1024 4723 1258 4790 propter
1306 4720 1525 4773 nullam
1553 4718 1826 4772 exercita-

121 4813 345 4865 tionem
374 4810 666 4880 languidi:
698 4811 924 4880 pondus
973 4824 1105 4862 vero
1137 4809 1277 4862 adeo
1309 4809 1381 4860 sit
1417 4807 1708 4877 exiguum,
1766 4810 1827 4859 ut

121 4916 198 4954 ne
223 4899 293 4953 ab
324 4899 436 4952 alio
465 4898 696 4969 quidem
725 4898 1039 4968 impactum
1079 4897 1328 4967 graviter
1358 4901 1580 4966 urgeat,
1614 4911 1826 4966 oppor-

118 4989 437 5059 tuniusque
467 4987 542 5040 sit
589 4987 660 5041 ad
717 4986 1130 5056 accipiendam,
1164 5002 1337 5056 quam
1369 4985 1441 5039 ad
1470 4984 1826 5038 inferendam

118 5075 450 5131 molestiam
477 5091 492 5128 :
524 5073 653 5146 quis
680 5079 766 5128 est
794 5073 894 5144 qui
920 5090 1050 5127 cum
1081 5073 1202 5127 haec
1224 5073 1418 5126 omnia
1444 5089 1572 5143 quae
1601 5073 1824 5140 desunt,

118 5164 434 5220 contulisse
463 5180 647 5217 annos
679 5163 901 5228 viderit,
937 5162 1197 5233 viresque
1245 5178 1349 5233 per
1405 5179 1502 5216 eos
1547 5161 1705 5215 datas
1734 5177 1826 5215 co-

117 5253 408 5327 gnoverit,
441 5253 683 5306 crevisse
715 5253 988 5317 animam,
1033 5267 1162 5321 quae
1201 5252 1289 5306 his
1319 5251 1382 5304 in
1420 5250 1541 5304 dies
1587 5250 1826 5320 amplio-

117 5345 284 5399 ribus
311 5347 530 5410 utatur,
576 5346 727 5395 recte
793 5357 857 5394 ac
905 5341 1223 5410 prudenter
1275 5339 1606 5394 existimet?
1639 5340 1829 5394 Potest

183 5471 197 5503 ¹
241 5465 369 5518 Vitii
394 5465 548 5527 juxta
575 5464 712 5527 Par.
733 5463 801 5511 M.

180 5533 202 5566 ³
235 5531 323 5579 Sic
354 5522 479 5576 Mss.
510 5527 575 5575 At
607 5525 760 5584 Edd.,
791 5522 1140 5576 valetudines.

1653 279 1866 336 LIBER
1908 280 2002 336 UN
2010 281 2110 336 US.

3498 286 3632 338 1058

1935 404 2090 456 enim
2121 403 2248 468 iste,
2282 402 2330 456 si
2356 402 2426 455 ab
2455 402 2646 472 aliquo
2663 401 2894 471 juvene,
2927 417 3102 472 quem
3131 403 3416 458 velamine
3449 405 3635 460 inter-

1928 491 2114 560 posito
2146 507 2264 544 non
2291 490 2621 559 conspiciat,
2653 506 2855 560 parvos
2904 506 2968 543 ac
2991 490 3145 543 leves
3175 492 3445 558 calamos,
3497 495 3623 548 laxo

1930 596 2062 632 arcu
2101 583 2379 650 quantum
2407 583 2592 647 potest
2625 579 2918 648 jaculatos,
2943 577 3148 631 viderit
3175 594 3294 632 non
3322 579 3490 649 longe
3520 581 3626 648 ire,

1928 684 2173 738 moxque
2221 667 2507 733 recidere;
2565 683 2626 719 ac
2673 671 2807 736 post
2861 667 3162 736 paululum
3215 668 3450 737 sagittas
3503 670 3626 738 jam

1929 756 2077 809 ferro
2111 772 2330 826 graves,
2364 755 2631 824 pennulis
2661 759 2889 823 vegetas
2931 758 2972 822 ί,
3014 771 3190 809 nervo
3245 755 3627 810 intentissima

1929 845 2182 908 emissas,
2217 844 2424 897 coelum
2457 842 2905 897 remotissimum
2935 850 3160 914 petere;
3189 843 3449 914 ﬁdesque
3481 845 3628 900 facta

1929 933 2121 999 fuerit,
2151 933 2278 1002 pari
2317 936 2521 985 conatu
2553 930 2800 984 hominis
2855 935 3166 1002 utrumque
3220 947 3343 985 esse
3373 933 3621 999 factum;

1929 1021 2167 1074 crevisse
2193 1021 2357 1074 illum
2387 1018 2611 1073 tantillo
2642 1023 2919 1088 tempore,
2948 1024 3119 1089 atque
3148 1026 3385 1074 auctum
3410 1020 3626 1075 viribus

1929 1108 2216 1163 arbitrari.
2247 1108 2370 1172 Quo
2401 1106 2542 1178 quid
2573 1105 2684 1160 dici
2711 1111 2897 1176 potest
2923 1109 3243 1175 perversius
3262 1108 3289 1161 ?

1997 1199 2085 1250 40.
2123 1195 2338 1250 Deinde
2370 1194 2563 1248 anima
2592 1194 2640 1247 si
2687 1193 2906 1255 crescit,
2941 1193 3068 1247 vide
3117 1211 3292 1264 quam
3339 1195 3413 1249 sit
3458 1196 3630 1250 insci-

1929 1290 2074 1354 tum,
2106 1285 2461 1338 incrementa
2490 1284 2611 1353 ejus
2633 1283 2702 1336 de
2731 1281 2948 1336 viribus
2973 1283 3227 1352 corporis
3253 1283 3481 1338 credere
3505 1301 3519 1351 ;
3553 1285 3623 1339 de

1930 1371 2095 1441 copia
2124 1370 2512 1424 doctrinarum
2550 1386 2668 1424 non
2698 1371 2928 1424 credere
2953 1390 2967 1436 ;
2997 1386 3128 1423 cum
3175 1369 3289 1423 illis
3319 1371 3506 1426 solum
3537 1389 3628 1426 ac-

1929 1459 2255 1513 commodet
2279 1464 2509 1526 nutum,
2544 1459 2648 1514 hoc
2679 1459 2798 1512 sola
2825 1457 3142 1528 possideat.
3182 1462 3253 1512 At
3301 1459 3348 1512 si
3377 1475 3627 1514 crescere

1929 1546 2183 1600 animam
2233 1551 2524 1616 putamus,
2573 1562 2705 1600 cum
2759 1546 2986 1600 additur
3013 1546 3265 1612 viribus;
3298 1546 3481 1600 minui
3523 1565 3629 1618 pu-

1929 1635 2100 1689 tanda
2129 1639 2232 1702 est,
2265 1651 2395 1688 cum
2447 1634 2715 1688 demitur.
2752 1635 3013 1688 Demitur
3042 1638 3233 1687 autem
3287 1633 3346 1688 in
3377 1641 3626 1701 senecta,

1929 1721 2178 1776 demitur
2200 1722 2263 1776 in
2313 1722 2510 1776 labore
2542 1721 2903 1788 studiorum;
2935 1726 3104 1791 atque
3141 1721 3230 1774 his
3270 1724 3628 1792 temporibus

1928 1810 2198 1865 doctrinae
2224 1811 2485 1882 aggerari
2531 1815 2702 1882 atque
2757 1809 2970 1862 exstrui
3016 1809 3242 1875 solent;
3275 1826 3463 1880 neque
3507 1813 3620 1866 ullo

1928 1899 2101 1953 modo
2131 1899 2336 1953 eodem
2360 1903 2620 1968 tempore
2651 1897 2822 1951 simul
2848 1896 3045 1966 augeri
3075 1897 3391 1967 quidquam
3425 1904 3482 1952 et
3511 1900 3620 1953 mi-

1930 1987 2031 2040 nui
2064 1992 2266 2056 potest.
2297 1987 2528 2041 Nullum
2557 1986 2733 2056 igitur
2753 1984 3057 2040 crescentis
3083 1984 3291 2040 animae
3316 2003 3628 2056 argumen-

1927 2080 2053 2129 tum
2080 2081 2186 2144 est,
2217 2074 2365 2128 vires
2395 2075 2456 2128 in
2507 2073 2712 2144 majori
2767 2078 2933 2127 astate
2984 2073 3248 2143 majores.
3293 2073 3467 2127 Multa
3513 2073 3626 2126 alia

1929 2163 2040 2217 dici
2071 2168 2311 2234 possunt
2341 2182 2358 2216 :
2392 2164 2490 2217 sed
2519 2163 2566 2216 si
2590 2164 2712 2233 jam
2741 2162 2846 2216 tibi
2873 2162 3245 2228 satisfactum,
3274 2166 3357 2215 est
3383 2162 3620 2216 modum

1930 2253 2194 2318 adhibeo,
2225 2257 2292 2306 ut
2335 2251 2407 2306 ad
2435 2251 2548 2305 alia
2575 2256 2950 2304 transeamus.
2982 2253 3048 2304 E.
3117 2249 3252 2304 Mihi
3305 2265 3439 2303 vero
3493 2250 3628 2304 satis

1927 2356 2266 2412 persuasum
2297 2344 2395 2402 est,
2428 2339 2672 2410 majores
2719 2339 2867 2393 vires
2909 2354 3124 2392 non-ex
3172 2354 3240 2392 eo
3293 2355 3418 2393 esse
3471 2339 3628 2408 quod

1929 2429 2122 2483 anima
2160 2428 2402 2482 creverit
2435 2444 2448 2482 :
2481 2443 2638 2496 nam,
2671 2431 2736 2480 ut
2786 2426 2898 2480 alia
2953 2427 3213 2480 omittam
3269 2443 3399 2497 qua:
3444 2428 3543 2482 abs
3572 2433 3629 2480 te

1928 2517 2213 2572 subtiliter
2241 2517 2388 2571 dicta
2415 2521 2567 2582 sunt,
2599 2515 2824 2569 insania
2875 2519 2931 2569 et
2977 2515 3176 2568 morbo
3224 2515 3478 2585 corporis
3507 2514 3626 2568 ani-

1929 2623 2086 2661 mam
2113 2621 2384 2672 crescere,
2416 2620 2548 2659 cum
2575 2603 2766 2672 ipsum
2803 2619 3010 2673 corpus
3057 2602 3372 2670 minuatur,
3407 2619 3478 2657 ne
3509 2603 3629 2673 ipse

1929 2695 2164 2765 quidem
2191 2692 2561 2763 phreneticus
2575 2691 2800 2761 dixerit,
2822 2690 2914 2744 cui
2927 2691 3073 2744 vires
3100 2692 3283 2745 multo
3296 2691 3626 2761 ampliores.

1929 2798 2104 2853 quam
2163 2797 2302 2834 sano
2353 2796 2473 2834 esse
2524 2780 2728 2846 solent,
2780 2795 2949 2833 nemo
3008 2778 3209 2833 nescit.
3261 2779 3418 2832 Unde
3484 2778 3629 2832 mihi

1929 2870 2177 2924 maxime
2206 2869 2432 2922 videtur
2460 2867 2521 2921 in
2551 2866 2742 2921 nervis
2772 2883 2891 2920 esse
2920 2882 3090 2920 omne
3120 2866 3274 2937 quod
3322 2865 3627 2932 miramur,

1927 2975 2057 3012 cum
2107 2961 2317 3028 praeter
2364 2972 2524 3026 spem
2573 2955 2720 3008 vires
2761 2955 2821 3008 in
2885 2954 3159 3025 quopiam
3206 2952 3621 3022 reperiuntur:

1929 3061 2123 3116 quare,
2158 3060 2275 3109 oro,
2308 3042 2623 3113 aggredere
2646 3042 2766 3112 jam
2817 3040 2964 3094 illud
3017 3039 3107 3093 cui
3153 3044 3306 3092 totus
3334 3038 3574 3092 intendo
3609 3055 3623 3092 :

1928 3149 2030 3188 cur
2057 3133 2267 3197 anima,
2299 3131 2346 3184 si
2382 3146 2499 3184 non
2540 3129 2686 3184 tanti
2729 3128 2897 3199 spatii
2944 3127 3406 3198 magnitudinem
3453 3126 3630 3180 habet

1929 3221 2132 3292 quanti
2161 3237 2366 3290 corpus
2393 3223 2497 3286 est,
2533 3218 2743 3288 ubique
2763 3217 2917 3271 illius
2937 3221 2959 3252 ²
2985 3216 3157 3271 sentit
3176 3231 3306 3269 cum
3331 3213 3586 3284 tangitur
3602 3216 3630 3268 ‘?

1929 3310 2152 3365 CAPUT
2205 3309 2391 3362 XXIII.
2428 3338 2494 3346 —
2539 3309 2750 3360 Anima
2801 3306 3015 3359 tametsi
3067 3319 3169 3373 per
3217 3308 3385 3357 totum
3433 3318 3626 3371 corpus

1999 3401 2181 3464 sentit,
2209 3413 2315 3452 non
2336 3397 2543 3451 idcirco
2573 3401 2652 3450 est
2683 3411 2802 3450 cum
2831 3409 3049 3464 corpore
3076 3398 3316 3448 extensa.
3333 3392 3475 3462 Quid
3497 3408 3618 3447 sen-

1999 3503 2090 3542 sus
2110 3492 2160 3541 et
2191 3486 2454 3554 quomodo
2475 3488 2538 3554 ﬁt
2558 3487 2717 3538 visio.

1999 3577 2088 3630 41.
2114 3576 2188 3631 Α.
2213 3577 2332 3643 Age
2370 3589 2524 3639 vero,
2559 3571 2960 3643 aggrediamur
2989 3571 3145 3642 quod
3174 3569 3276 3636 vis,
3303 3569 3400 3623 sed
3446 3570 3631 3623 multo

1929 3669 1986 3718 te
2014 3663 2158 3717 mihi
2185 3663 2487 3717 attentiore
2515 3678 2659 3731 opus
2707 3665 2813 3726 est,
2874 3675 3049 3729 quam
3079 3663 3133 3711 te
3179 3658 3415 3712 fortasse
3446 3657 3631 3711 existi-

1931 3765 2054 3803 mas
2083 3765 2203 3802 esse
2233 3749 2458 3804 debere.
2486 3749 2671 3811 Quare
2717 3747 2886 3802 facito
2911 3752 2973 3801 ut
2994 3762 3168 3817 quam
3190 3746 3438 3798 maxime
3458 3745 3629 3811 adsis,

1933 3854 1995 3891 ac
2021 3837 2364 3907 respondeas
2391 3835 2536 3889 mihi
2564 3835 2841 3906 quidnam
2896 3833 2999 3888 tibi
3049 3833 3309 3888 videatur
3349 3833 3455 3886 iste
3512 3848 3632 3886 esse

1936 3941 2135 3979 sensus
2173 3941 2288 3996 quo
2319 3924 2513 3978 anima
2537 3940 2641 3994 per
2687 3939 2893 3992 corpus
2934 3923 3155 3976 utitur:
3190 3938 3324 3975 nam
3362 3921 3485 3991 ipse
3511 3921 3633 3992 jam

1929 4013 2166 4068 nomine
2192 4012 2424 4083 proprio
2445 4028 2642 4065 sensus
2672 4010 2897 4066 dicitur.
2928 4013 2994 4065 E.
3027 4010 3236 4064 Sensus
3279 4025 3400 4063 esse
3449 4010 3625 4080 quiu-

1933 4118 2045 4172 que
2069 4101 2266 4156 audire
2297 4101 2474 4166 soleo,
2514 4099 2758 4165 videndi,
2816 4099 3107 4165 audiendi,
3145 4097 3472 4164 olfaciendi,
3524 4113 3632 4168 gu-

1933 4191 2118 4257 standi
2146 4195 2317 4261 atque
2346 4189 2622 4260 tangendi
2655 4205 2668 4243 :
2700 4189 2830 4258 plus
2851 4188 2989 4259 quid
3015 4187 3395 4257 respondeam
3418 4185 3631 4240 nescio.

1931 4281 2005 4335 Α.
2037 4278 2272 4333 Partitio
2301 4277 2918 4346 istavetustissimaest,
2944 4283 3002 4332 et
3025 4277 3143 4331 fere
3171 4277 3234 4330 in
3263 4275 3635 4329 concionibus

1933 4368 2236 4422 celebrata.
2268 4368 2485 4421 Vellem
2515 4372 2709 4420 autem
2739 4365 2969 4420 deﬁniri
2990 4364 3136 4418 mihi
3166 4365 3265 4418 abs
3292 4369 3368 4430 te,
3391 4364 3529 4434 quid
3562 4363 3637 4417 sit

1931 4457 2052 4528 ipse
2083 4472 2302 4523 sensus,
2336 4459 2401 4509 ut
2429 4456 2627 4510 eadem
2660 4454 2994 4508 deﬁnitione
3020 4453 3215 4507 omnia
3247 4453 3346 4507 illa
3375 4452 3634 4506 include-

1933 4549 2151 4611 rentur,
2183 4561 2371 4614 neque
2401 4544 2554 4598 aliud
2583 4543 2900 4614 quidquam
2919 4542 3074 4612 quod
3096 4557 3295 4595 sensus
3328 4557 3443 4595 non
3465 4544 3632 4606 esset,

1931 4632 1992 4686 in
2021 4649 2086 4685 ea
2112 4632 2528 4701 intelligeretur
2560 4647 2572 4684 :
2606 4631 2704 4684 sed
2732 4629 2850 4683 siid
2878 4646 2996 4683 non
3026 4633 3238 4698 potest,
3257 4628 3402 4682 nihil
3430 4645 3630 4699 urgeo.

1933 4722 2081 4776 Illud
2107 4721 2259 4775 enim
2280 4720 2436 4790 quod
2466 4720 2602 4773 satis
2633 4724 2736 4784 est,
2765 4724 2916 4772 certe
2936 4723 3099 4788 potes
3129 4733 3318 4771 meam
3346 4717 3634 4772 deﬁnitio-

1933 4825 2066 4863 nem
2094 4809 2181 4862 vel
2205 4807 2465 4862 refellere
2495 4806 2584 4860 vel
2622 4806 2890 4877 probare.
2921 4809 2986 4860 E.
3027 4807 3144 4860 Hoc
3186 4806 3354 4860 modo
3385 4805 3490 4859 tibi
3516 4805 3634 4858 for-

1932 4903 2076 4951 tasse
2105 4912 2225 4950 non
2251 4895 2445 4962 deero,
2479 4899 2759 4965 quantum
2805 4894 3004 4948 valeo:
3050 4910 3168 4948 non
3212 4893 3370 4948 enim
3419 4899 3476 4947 et
3528 4894 3634 4947 hoc

1934 5001 2159 5055 semper
2189 4988 2274 5038 est
2300 4983 2481 5037 facile.
2505 4984 2578 5037 A.
2607 4982 2850 5036 Attende
2873 4997 3008 5052 ergo
3035 4998 3047 5035 :
3072 4997 3207 5036 nam
3234 4999 3466 5036 sensum
3490 4986 3632 5052 puto

1934 5089 2076 5140 esse,
2110 5089 2229 5126 non
2258 5073 2434 5126 latere
2461 5069 2713 5124 animam
2745 5071 2899 5141 quod
2919 5071 3136 5142 patitur
3163 5087 3385 5142 corpus.
3419 5072 3477 5124 F.
3505 5070 3630 5122 Pla-

1933 5165 2022 5215 cet
2045 5159 2188 5214 mihi
2214 5160 2336 5213 hac
2373 5158 2650 5213 definitio.
2683 5159 2754 5214 Α.
2785 5159 2994 5214 Adesto
3029 5175 3168 5230 ergo
3194 5159 3328 5212 huic
3356 5161 3630 5224 tanquam

1932 5255 2068 5316 tuae,
2097 5265 2162 5302 ac
2199 5252 2359 5302 tuere
2390 5247 2567 5313 illam,
2618 5247 2757 5302 dum
2805 5264 2839 5301 a
2880 5264 2974 5302 me
2995 5247 3286 5318 paulisper
3328 5243 3626 5300 refellitur.

1931 5341 1998 5394 E.
2031 5337 2254 5392 Tuebor
2279 5353 2436 5406 sane,
2483 5336 2532 5390 si
2586 5340 2651 5391 tu
2693 5335 3015 5407 adjuveris;
3067 5335 3157 5389 sin
3205 5331 3461 5400 minime,
3506 5331 3629 5402 jam

1997 5462 2012 5494 ι
2048 5460 2172 5508 Lov.

1999 5521 2016 5550 ³
2049 5523 2164 5571 Par.

2245 5458 2458 5511 annalis
2478 5460 2673 5509 restat.

2233 5536 2276 5571 r.
2308 5522 2438 5572 Ven.
2466 5525 2662 5584 ubique
2684 5519 2806 5573 illa.
2834 5521 2956 5570 Lov.
2978 5518 3167 5580 ubique
3201 5517 3346 5567 ictus.
