4064 6346
445 289 580 342 1059

439 406 584 461 mihi
613 403 875 474 displicet
904 418 918 456 :
948 417 1065 455 non
1095 399 1248 454 enim
1286 399 1492 454 frustra
1521 399 1628 453 tibi
1675 401 1792 453 visa
1840 403 1923 454 est
1959 399 2131 453 refel-

441 495 628 548 lenda.
656 493 730 547 Α.
782 491 906 544 Noli
933 489 1104 543 nimis
1133 505 1197 542 ex
1229 487 1558 542 auctoritate
1585 487 1856 557 pendere,
1888 503 2134 558 praeser-

442 581 547 635 tim
579 596 706 634 mea
736 595 863 649 quae
889 579 1047 632 nulla
1071 580 1186 643 est;
1220 580 1277 630 et
1305 576 1460 646 quod
1490 576 1570 629 ait
1615 576 1897 630 Horatius.
1933 577 2134 644 Sapere

441 668 582 722 aude
612 667 814 738 (Epist.
869 667 964 720 lib.
1002 669 1051 733 l,
1093 667 1249 733 epist.
1300 666 1354 730 2,
1382 680 1433 718 υ.
1464 666 1546 729 39)
1583 681 1596 718 :
1629 680 1702 718 ne
1759 681 1873 718 non
1905 668 1961 718 te
1993 664 2133 717 ratio

442 756 708 825 subjuget
736 755 1068 825 priusquam
1102 757 1305 806 metus.
1337 755 1409 808 E.
1442 754 1556 822 Ego
1587 769 1821 822 prorsus
1847 753 1992 806 nihil
2020 767 2134 806 me-

441 847 561 910 tuo,
595 858 825 913 quoquo
858 857 947 894 res
1000 840 1173 894 modo
1203 841 1541 910 processerit
1569 856 1582 895 :
1616 855 1732 894 non
1763 840 1915 895 enim
1945 855 2134 894 errare

440 946 534 986 me
567 930 734 984 sines.
764 929 870 983 Sed
891 929 1012 998 jam
1044 928 1231 998 incipe
1261 928 1306 981 si
1327 929 1462 998 quid
1492 929 1688 996 habes,
1715 945 1788 983 ne
1819 928 2134 983 differendo

441 1019 629 1091 potius
659 1033 831 1088 quam
863 1017 1210 1072 adversando
1239 1016 1532 1087 defatiger.

510 1110 599 1160 42.
633 1110 711 1160 Α.
741 1105 840 1159 Dic
866 1105 1043 1176 igitur
1074 1105 1210 1176 quid
1242 1105 1494 1175 patiatur
1542 1121 1746 1176 corpus
1796 1109 1961 1159 tuum
2004 1120 2133 1158 cum

444 1211 535 1250 me
560 1193 750 1247 vides?
787 1196 852 1247 E.
886 1193 1357 1260 Patituﬁomnino
1387 1192 1600 1263 aliquid
1635 1209 1649 1246 :
1680 1209 1816 1246 nam
1847 1193 1998 1247 oculi
2020 1193 2134 1246 mei

444 1285 652 1352 partes,
683 1279 793 1334 nisi
821 1280 1008 1344 fallor,
1040 1280 1297 1350 corporis
1326 1279 1441 1333 mei
1468 1284 1634 1347 sunt;
1666 1280 1764 1351 qui
1795 1280 1840 1334 si
1870 1281 2014 1334 nihil
2039 1298 2135 1350 pa-

439 1373 716 1428 terentur,
748 1367 1038 1438 quomodo
1068 1372 1123 1421 te
1153 1367 1452 1421 viderem?
1498 1371 1574 1422 Α.
1609 1369 1679 1421 At
1709 1384 1822 1421 non
1863 1368 1995 1421 satis
2024 1372 2130 1436 est,

439 1461 503 1510 ut
558 1456 898 1526 persuadeas
950 1459 1080 1509 tuos
1124 1456 1316 1509 oculos
1367 1456 1582 1526 aliquid
1635 1456 1778 1526 pati,
1813 1455 1924 1509 nisi
1957 1456 2128 1509 etiam

439 1545 578 1616 quid
604 1543 896 1615 patiantur
925 1543 1341 1598 ostenderis.E.
1371 1543 1513 1607 Quid
1529 1543 1780 1611 tandem,
1807 1543 1918 1597 nisi
1944 1544 2132 1614 ipsum

437 1633 619 1687 visum
650 1634 679 1685 ?
707 1648 840 1686 nam
867 1631 1078 1686 vident.
1113 1632 1168 1686 Si
1199 1631 1352 1684 enim
1403 1648 1495 1686 me
1525 1648 1760 1702 rogares
1789 1633 1931 1702 quid
1973 1637 2131 1702 pate-

437 1725 596 1774 retur
622 1724 925 1790 mgrotans,
958 1718 1360 1790 aegritudinem
1389 1720 1827 1790 responderem;
1861 1720 2001 1790 quid
2031 1737 2132 1774 cu-

435 1809 621 1879 piens,
652 1808 1054 1878 cupiditatem;
1078 1808 1214 1878 quid
1229 1813 1506 1862 metuens.
1535 1812 1755 1862 metum
1780 1825 1792 1876 ;
1829 1808 1963 1879 quid
1989 1825 2130 1878 gau-

438 1899 603 1965 dens,
627 1896 924 1968 gaudium.
958 1898 1069 1950 Cur
1098 1913 1233 1967 ergo
1245 1896 1468 1968 roganti
1484 1897 1622 1968 quid
1634 1897 1834 1951 videns
1854 1897 2129 1967 patiatur,

437 2003 550 2040 non
581 1989 729 2039 recte
777 1984 969 2054 ipsum
1018 1983 1204 2036 visum
1263 1984 1684 2052 respondeam?
1730 1987 1806 2038 -4.
1839 1985 1946 2039 Sed
1979 1985 2133 2038 enim

438 2076 692 2145 gaudens
723 2074 994 2144 gaudium
1021 2073 1211 2127 sentit.
1241 2074 1326 2128 An
1358 2073 1644 2144 negabis?
1669 2076 1740 2127 E.
1790 2066 1910 2127 Imo
1943 2089 2131 2127 assen-

437 2163 565 2218 tior.
599 2169 674 2218 .4.
711 2165 826 2217 Hoc
857 2167 913 2216 et
944 2162 1013 2217 de
1043 2162 1261 2216 cmteris
1303 2161 1831 2232 perturbationibus
1862 2161 2124 2220 dixerim.

438 2255 503 2307 E.
535 2251 624 2306 Sic
653 2251 857 2306 habeo.
886 2254 965 2307 A.
1000 2250 1289 2320 Quidquid
1315 2255 1506 2304 autem
1539 2249 1688 2302 oculi
1716 2249 1994 2316 sentiunt,
2025 2249 2134 2303 hoc

437 2341 644 2394 vident.
682 2343 746 2394 E.
781 2340 947 2393 Nullo
981 2339 1150 2393 modo
1182 2338 1331 2392 istud
1353 2337 1612 2392 dederim
1642 2356 1658 2404 ;
1690 2337 1817 2407 quis
1847 2337 2002 2390 enim
2032 2338 2132 2391 do-

435 2430 615 2483 lorem
644 2427 850 2493 videat,
893 2444 1063 2498 quem
1113 2431 1306 2480 tamen
1359 2442 1511 2496 saepe
1546 2424 1697 2478 oculi
1736 2424 2032 2479 sentiunt?
2058 2427 2129 2480 A.

435 2521 688 2587 Apparet
717 2521 771 2569 te
804 2516 872 2569 de
895 2516 1072 2569 oculis
1105 2530 1301 2584 agere:
1335 2514 1481 2567 bene
1510 2512 1730 2583 vigilas.
1757 2514 1954 2582 Itaque
1983 2513 2130 2580 vide,

435 2610 628 2659 utrum
655 2605 989 2674 utgaudens
1017 2602 1315 2672 gaudendo
1355 2601 1629 2672 gaudium
1650 2601 1822 2655 sentit
1854 2601 1933 2654 ita
1958 2601 2131 2655 etiam

438 2693 640 2747 videns
669 2691 912 2746 videndo
945 2690 1152 2744 sentiat
1201 2689 1406 2744 visum.
1457 2693 1522 2744 E.
1571 2692 1659 2744 An
1702 2690 1867 2744 aliter
1904 2691 2133 2759 potest?

439 2783 509 2835 A.
543 2781 829 2850 Quidquid
855 2784 1047 2832 autem
1089 2778 1286 2831 videns
1337 2778 1580 2832 videndo
1629 2778 1819 2845 sentit,
1871 2779 1926 2833 id
1962 2779 2132 2832 etiam

440 2870 628 2923 videat
667 2884 893 2922 necesse
922 2871 1024 2921 est.
1056 2870 1123 2922 E.
1159 2867 1285 2920 Non
1329 2869 1412 2919 est
1454 2881 1682 2919 necesse
1717 2882 1729 2919 :
1764 2865 1900 2936 quid
1929 2865 2083 2919 enim
2106 2865 2134 2919 ?

438 2957 485 3009 si
516 2972 772 3011 amorem
803 2955 1046 3009 videndo
1086 2954 1311 3020 sentiat,
1349 2971 1489 3007 num
1537 2959 1594 3008 et
1635 2970 1890 3008 amorem
1933 2954 2135 3007 videt?

438 3047 510 3099 Α.
553 3043 884 3099 Cautissime
919 3058 983 3096 ac
1031 3042 1431 3112 sagacissime;
1460 3042 1683 3112 gaudeo
1719 3042 1871 3114 quod
1902 3042 2133 3096 difﬁcile

438 3131 735 3202 deciperis.
769 3131 879 3186 Sed
907 3145 1059 3184 nunc
1088 3130 1312 3184 attende
1338 3147 1350 3184 :
1379 3131 1652 3200 quoniam
1704 3130 1958 3184 constitit
1984 3130 2136 3184 inter

441 3237 561 3284 nos,
597 3236 712 3272 non
725 3234 895 3272 omne
910 3219 1061 3289 quod
1080 3218 1228 3271 oculi
1257 3219 1537 3282 sentiunt,
1566 3234 1754 3289 neque
1780 3234 1949 3272 omne
1978 3219 2130 3288 quod

442 3306 687 3361 videndo
719 3305 984 3370 sentitur,
1011 3305 1229 3370 videri;
1261 3310 1500 3376 putasne
1532 3307 1641 3360 hoc
1686 3306 1886 3360 saltem
1934 3322 2134 3360 verum

441 3412 582 3470 esse,
624 3410 792 3448 omne
822 3394 976 3465 quod
1032 3393 1252 3447 videtur
1301 3394 1550 3448 sentiri?
1589 3397 1654 3449 E.
1697 3395 1814 3448 Hoc
1861 3410 1993 3448 sane
2023 3394 2135 3447 nisi

439 3498 790 3549 concessero,
825 3483 1112 3553 quomodo
1146 3499 1343 3536 sensus
1372 3481 1581 3552 poterit
1630 3482 1821 3537 vocari
1867 3483 2024 3553 quod
2051 3483 2135 3536 vi-

441 3572 686 3626 demus?
712 3573 787 3625 .4.
821 3570 1017 3634 Quid?
1066 3586 1231 3624 omne
1281 3570 1431 3641 quod
1482 3570 1779 3638 sentimus,
1841 3587 2032 3625 nonne
2079 3576 2137 3625 et

438 3659 740 3730 patimur?
768 3661 843 3714 E.
880 3660 960 3712 Ita
988 3662 1088 3713 est.
1108 3659 1182 3712 Α.
1210 3658 1390 3727 Igitur
1409 3658 1455 3713 si
1485 3675 1654 3713 omne
1685 3659 1838 3729 quod
1858 3659 2132 3727 videmus,

440 3748 740 3816 sentimus,
773 3751 828 3801 et
859 3763 1028 3802 omne
1059 3747 1212 3818 quod
1242 3748 1539 3817 sentimus,
1565 3747 1853 3819 patimur;
1884 3748 2138 3819 patimur

441 3852 611 3891 omne
640 3837 795 3908 quod
823 3835 1100 3891 videmus.
1133 3838 1198 3890 E.
1234 3836 1385 3890 Nihil
1414 3837 1634 3890 resisto.
1668 3839 1738 3895 A.
1765 3837 1978 3891 Pateris
1998 3853 2134 3907 ergo

440 3942 555 3992 me,
583 3941 647 3978 ac
677 3924 924 3979 vicissim
961 3928 1018 3978 te
1065 3940 1189 3995 ego,
1240 3940 1371 3979 cum
1415 3924 1662 3980 invicem
1705 3941 1808 3979 nos
1853 3925 2132 3980 videmus.

439 4016 505 4069 Ε.
539 4013 629 4069 Sic
659 4014 941 4079 existimo,
969 4016 1026 4066 et
1053 4013 1124 4066 ad
1156 4013 1263 4066 hoc
1292 4028 1384 4066 me
1414 4012 1558 4066 ratio
1587 4012 1867 4066 instanter
1891 4012 2062 4082 cogit.

511 4104 602 4156 43.
637 4104 715 4155 Α.
750 4100 955 4170 Accipe
1002 4104 1207 4153 caetera
1239 4115 1252 4153 :
1289 4115 1422 4154 nam
1457 4101 1626 4154 credo
1665 4099 2137 4154 absurdissimum

443 4194 502 4243 et
529 4179 1139 4242 stultissimum’videri
1166 4186 1294 4255 tibi,
1325 4187 1372 4240 si
1404 4187 1532 4258 quis
1558 4187 1804 4241 affirmet
1836 4187 1916 4241 ibi
1935 4191 1988 4241 te
2018 4187 2137 4257 pati

442 4277 678 4347 aliquod
710 4275 949 4346 corpus,
968 4274 1070 4327 ubi
1095 4290 1209 4328 non
1238 4280 1322 4329 est
1349 4275 1540 4345 ipsum
1571 4291 1774 4346 corpus
1804 4277 1954 4346 quod
1982 4280 2139 4345 pate-

445 4365 544 4419 ris.
574 4368 636 4419 Ε.
673 4364 906 4418 Videtur
937 4362 1269 4428 absurdum,
1295 4368 1351 4417 et
1374 4363 1453 4417 ita
1484 4379 1604 4417 esse
1636 4363 1863 4433 opinor,
1889 4361 1950 4418 ut
1975 4364 2134 4419 dicis.

441 4456 519 4508 Α.
548 4451 694 4516 Quid
727 4451 870 4506 illud
891 4453 920 4504 ‘?
951 4466 1142 4504 nonne
1181 4450 1545 4504 manifestum
1581 4456 1665 4506 est
1695 4451 1808 4505 alio
1844 4453 1968 4506 loco
2016 4468 2138 4506 esse

446 4557 644 4596 meum
676 4557 900 4611 corpus,
929 4538 1040 4593 alio
1061 4543 1224 4593 tuum
1243 4541 1272 4593 ?
1301 4543 1365 4594 Ε.
1391 4539 1747 4594 Manifestum
1780 4545 1881 4594 est.
1903 4541 1974 4595 Α.
2007 4542 2139 4595 Sen-

446 4629 599 4683 tiunt
627 4633 819 4682 autem
851 4643 1058 4699 corpus
1095 4643 1291 4682 meum
1333 4628 1480 4681 oculi
1522 4628 1627 4695 tui,
1679 4631 1736 4681 ct
1786 4628 1832 4681 si
1863 4627 2133 4694 sentiunt,

449 4717 648 4788 utique
679 4716 1014 4788 patiuntur;
1042 4732 1145 4771 nec
1173 4721 1417 4787 possunt
1462 4716 1543 4770 ibi
1584 4716 1723 4786 pati,
1747 4716 1845 4770 ubi
1886 4717 1944 4771 id
1988 4717 2140 4788 quod

445 4805 762 4876 patiuntur,
795 4821 910 4858 non
940 4809 1058 4872 est;
1092 4821 1195 4858 nec
1214 4809 1407 4859 tamen
1432 4804 1513 4859 ibi
1534 4809 1666 4859 sunt
1683 4805 1787 4871 illi,
1811 4805 1910 4859 ubi
1936 4822 2140 4875 corpus

447 4908 645 4947 meum
679 4895 764 4946 est
795 4907 808 4944 :
841 4890 1019 4961 igitur
1042 4891 1121 4944 ibi
1153 4891 1454 4960 patiuntur
1481 4890 1579 4944 ubi
1612 4907 1728 4944 non
1758 4895 1908 4946 sunt.
1931 4895 1994 4946 E.
2021 4893 2138 4962 Ego

449 4981 687 5052 quidem
721 4979 820 5033 illa
852 4979 1045 5032 omnia
1074 4979 1350 5048 concessi,
1381 4996 1509 5051 quae
1542 4996 1656 5034 non
1701 4981 2008 5035 concedere
2047 4981 2140 5036 ab-

449 5071 687 5125 surdum
717 5066 983 5122 videbam
1009 5084 1021 5121 :
1056 5067 1151 5121 sed
1181 5067 1291 5121 hoc
1315 5067 1582 5121 ultimum
1616 5069 1768 5139 quod
1799 5085 1863 5122 ex
1892 5069 1977 5123 his
2005 5086 2139 5124 con-

447 5160 661 5213 fectum
690 5160 794 5224 est,
823 5155 902 5210 ita
924 5160 1006 5210 est
1034 5156 1355 5222 absurdius,
1378 5161 1443 5210 ut
1466 5155 1692 5210 illorum
1714 5158 1904 5227 potius
1924 5157 2142 5228 aliquid

448 5254 664 5303 temere
693 5263 785 5302 me
808 5244 1050 5310 dedisse,
1117 5260 1291 5314 quam
1337 5244 1446 5298 hoc
1496 5261 1698 5299 verum
1746 5263 1866 5300 esse
1898 5262 2140 5300 conson-

446 5337 589 5391 tiam
614 5353 626 5391 :
655 5353 789 5390 nam
820 5334 1010 5389 oculos
1039 5349 1195 5387 meos
1233 5332 1313 5386 ibi
1357 5333 1570 5387 sentire
1603 5333 1704 5388 ubi
1733 5350 1851 5388 non
1881 5339 2034 5405 sunt,
2067 5352 2140 5390 ne

446 5426 508 5480 in
538 5425 749 5480 somnis
779 5423 1014 5495 quidem
1041 5421 1224 5477 dicere
1258 5420 1546 5475 auderem.
1582 5424 1647 5477 Α.
1679 5422 1816 5477 Vide
1845 5422 2021 5493 igitur
2040 5423 2141 5479 ubi

449 5513 827 5568 obdormieris
859 5529 872 5568 :
905 5512 1046 5586 quid
1075 5510 1227 5568 enim
1258 5509 1364 5567 tibi
1410 5511 1642 5567 tandem
1690 5511 2014 5568 elaberetur
2043 5512 2139 5567 in«

1467 280 1561 334 DE
1600 279 2059 345 QUANTITATE
2098 277 2381 344 ANIM/E,
2426 278 2478 331 S.
2521 275 2908 332 AUGUSTINI

3813 274 3949 325 l060

2244 399 2486 465 cautius,
2518 397 2565 451 si
2593 401 2660 452 ut
2686 397 2860 467 paulo
2901 399 3030 450 ante
3061 395 3328 466 vigilares
3347 399 3377 448 *Β
3405 399 3469 450 Ε.
3522 395 3830 450 Enimvero
3871 395 3951 448 id—

2244 488 2433 558 ipsum
2461 503 2688 541 mecum
2717 486 2915 540 sedulo
2946 489 3229 554 pertracto
3272 501 3336 538 ac
3382 485 3610 538 revolvo
3641 503 3658 537 :
3691 483 3843 537 nihil
3871 487 3949 536 ta-

2244 592 2378 629 men
2435 576 2619 629 elucet
2664 574 2821 641 salis,
2863 573 3017 644 quod
3071 589 3163 626 me
3210 572 3432 626 dedisse
3487 572 3785 642 pmniteat,
3838 571 3949 625 nisi

2244 663 2388 717 forte
2419 663 2581 730 illud,
2615 662 2766 732 quod
2795 659 2944 716 oculi
2974 660 3151 714 nostri
3179 659 3434 713 sentiunt
3484 676 3615 713 cum
3643 659 3946 714 videmus:

2244 752 2398 805 visus
2431 767 2676 821 namque
2706 750 2831 820 ipse
2860 749 3096 804 forsitan
3127 749 3317 802 sentit.
3362 750 3436 800 A.
3470 748 3591 802 Imo
3622 747 3704 801 ita
3734 751 3824 801 est
3857 764 3871 800 :
3905 748 3950 799 is

2245 840 2401 894 enim
2431 856 2490 892 se
2516 839 2664 894 foras
2691 837 2953 908 porrigit,
3001 841 3057 892 et
3101 853 3205 906 per
3233 837 3426 890 oculos
3476 835 3684 890 emicat
3714 836 3951 906 longius

2246 943 2710 999 quaquaversum
2740 930 2927 996 potest
2955 925 3196 978 lustrare
3227 924 3382 996 quod
3416 924 3725 980 cernimus.
3789 925 3950 979 Unde

2245 1016 2309 1070 fit
2338 1021 2400 1069 ut
2439 1015 2517 1068 ibi
2544 1015 2737 1084 potius
2764 1014 2972 1078 videat,
3007 1014 3104 1067 ubi
3161 1017 3245 1067 est
3291 1012 3350 1068 id
3404 1013 3558 1084 quod
3604 1013 3783 1083 videt,
3831 1029 3951 1066 non

2243 1107 2396 1160 unde
2428 1105 2677 1175 erumpit
2701 1108 2764 1158 ut
2791 1104 2995 1158 videat.
3030 1105 3151 1157 Non
3196 1119 3301 1174 ego
3346 1107 3409 1156 tu
3459 1103 3637 1170 vides,
3689 1119 3824 1157 cum
3856 1120 3950 1157 me

2245 1193 2398 1247 vides
2417 1195 2446 1246 ?
2473 1196 2536 1247 Ε.
2565 1193 2699 1257 Quis
2723 1192 3079 1246 hocinsanus
3095 1192 3344 1245 dixerit?
3362 1192 3598 1261 omuiqo
3625 1208 3732 1261 ego
3759 1192 3947 1258 video,

2245 1282 2343 1335 sed
2371 1281 2576 1335 emisso
2599 1281 2724 1334 visu
2760 1297 2864 1350 per
2903 1281 3094 1335 oculos
3124 1280 3310 1334 video.
3343 1285 3417 1334 Α.
3451 1283 3524 1333 At
3567 1280 3615 1333 si
3664 1285 3730 1334 tu
3759 1280 3946 1346 vides,

2244 1374 2304 1423 tu
2339 1369 2549 1436 sentis;
2579 1369 2628 1423 si
2657 1380 2720 1423 tu
2749 1369 2945 1433 sentis,
2987 1372 3050 1422 tu
3081 1368 3288 1440 pateris
3313 1385 3326 1434 ;
3377 1385 3480 1422 nec
3507 1373 3672 1438 potes
3703 1368 3787 1422 ibi
3818 1370 3947 1438 pati

2246 1457 2480 1528 aliquid,
2531 1457 2630 1511 ubi
2686 1473 2803 1510 non
2857 1473 2949 1510 es:
2993 1457 3073 1510 ibi
3124 1461 3314 1510 autem
3360 1472 3452 1511 me
3483 1457 3659 1522 vides,
3692 1457 3796 1510 ubi
3838 1474 3950 1528 ego

2246 1563 2405 1611 sum;
2439 1546 2517 1600 ibi
2547 1547 2721 1616 igitur
2745 1546 2978 1616 pateris,
3007 1545 3105 1600 ubi
3136 1562 3243 1615 ego
3289 1561 3437 1600 sum.
3493 1548 3564 1599 At
3602 1545 3648 1598 si
3689 1545 3784 1599 ubi
3837 1563 3949 1616 ego

2244 1651 2390 1701 sum,
2423 1638 2487 1688 tu
2518 1634 2599 1688 ibi
2627 1651 2744 1687 non
2773 1651 2869 1699 es;
2906 1649 3019 1704 quo
3075 1638 3239 1704 pacto
3269 1633 3479 1687 audeas
3522 1632 3708 1687 dicere
3765 1633 3951 1687 videri

2244 1738 2335 1776 me
2366 1723 2465 1776 abs
2493 1726 2569 1787 te,
2591 1737 2825 1792 prorsus
2851 1721 3077 1792 ignoro.
3108 1723 3174 1776 E.
3210 1720 3359 1787 Visu,
3397 1720 3656 1791 inquam,
3679 1725 3949 1790 porrecto

2243 1809 2303 1862 in
2325 1825 2457 1863 cum
2487 1810 2672 1862 locum
2702 1809 2761 1862 in
2809 1823 2924 1879 quo
2958 1825 3039 1877 es,
3091 1807 3256 1862 video
3289 1813 3343 1862 te
3375 1807 3469 1862 ubi
3513 1825 3572 1862 es
3605 1826 3619 1863 :
3651 1813 3709 1862 at
3738 1825 3831 1862 me
3863 1809 3947 1862 ibi

2244 1915 2363 1952 non
2412 1914 2533 1952 esse
2573 1897 2865 1952 confiteor.
2906 1897 3013 1951 Sed
3065 1896 3551 1966 quemadmodum
3583 1896 3630 1950 si
3678 1897 3842 1966 virga
3891 1902 3948 1950 te

2243 1990 2560 2056 tangerem,
2592 2003 2697 2055 ego
2727 1986 2924 2056 utique
2953 1991 3269 2054 tangerem,
3301 1985 3474 2054 idque
3502 1985 3804 2053 sentirem;
3843 2003 3946 2039 ne-

2245 2091 2356 2145 que
2386 2080 2580 2128 tamen
2611 2091 2716 2144 ego
2746 2073 2825 2128 ibi
2856 2089 3057 2138 essem,
3090 2072 3192 2126 ubi
3224 2077 3280 2126 te
3309 2077 3642 2142 tangerem:
3672 2072 3752 2127 ita
3780 2075 3944 2145 quod

2244 2163 2367 2217 dico
2409 2163 2530 2216 visu
2578 2179 2669 2216 me
2718 2161 2930 2225 videre,
2969 2161 3227 2231 quamvis
3259 2177 3365 2232 ego
3414 2162 3495 2215 ibi
3523 2178 3639 2216 non
3667 2163 3797 2230 sim,
3831 2180 3945 2217 non

2244 2263 2309 2300 ex
2341 2263 2410 2301 eo
2443 2262 2615 2316 cogor
2643 2246 2810 2300 fateri
2835 2262 2952 2298 non
2979 2261 3069 2298 me
3101 2261 3220 2300 esse
3251 2245 3350 2316 qui
3373 2245 3616 2300 videam.

2313 2337 2402 2389 44.
2435 2339 2510 2389 .4.
2547 2335 2698 2389 Nihil
2722 2351 2856 2404 ergo
2885 2337 3102 2389 temere
3135 2334 3488 2388 concessisti:
3522 2351 3656 2389 nam
3688 2340 3745 2389 et
3790 2337 3946 2389 oculi

2243 2423 2328 2477 tui
2359 2424 2468 2477 hoc
2492 2423 2660 2476 modo
2683 2422 2911 2476 defendi
2939 2426 3197 2492 possunt,
3226 2439 3472 2491 quorum
3491 2429 3576 2477 est
3601 2425 3763 2495 quasi
3784 2425 3948 2494 virga

2242 2511 2415 2577 visus,
2474 2515 2541 2564 ut
2569 2510 2746 2577 dicis;
2797 2527 2983 2580 neque
3040 2510 3140 2564 illa
3196 2515 3279 2565 est
3331 2512 3579 2565 absurda
3627 2513 3944 2576 conclusio,

2245 2600 2398 2671 quod
2428 2599 2508 2653 ibi
2548 2599 2697 2653 oculi
2726 2599 2811 2652 tui
2836 2598 3046 2668 vident,
3075 2599 3176 2653 ubi
3206 2615 3322 2653 non
3353 2606 3502 2654 sunt.
3535 2602 3622 2654 An
3653 2600 3756 2654 tibi
3777 2600 3948 2654 aliter

2242 2687 2508 2741 videtur?
2537 2689 2602 2741 E.
2635 2688 2717 2740 Ita
2743 2703 2878 2740 sane
2910 2691 2995 2740 est
3023 2691 3084 2740 ut
3115 2687 3289 2741 dicis:
3339 2704 3473 2741 nam
3505 2692 3562 2742 et
3605 2689 3747 2742 illud
3786 2705 3946 2743 nunc

2245 2775 2640 2842 animadverti,
2664 2776 2816 2845 quod
2839 2775 2886 2828 si
2916 2775 2995 2829 ibi
3015 2775 3274 2842 viderent
3296 2777 3445 2830 oculi
3475 2777 3574 2831 ubi
3593 2782 3745 2846 sunt,
3768 2778 3944 2832 etiam

2245 2864 2461 2934 seipsos
2491 2864 2768 2918 viderent.
2797 2865 2877 2917 Α.
2908 2864 3138 2918 Rectius
3190 2865 3404 2919 diceres
3458 2881 3596 2932 non,
3650 2866 3831 2919 Etiam
3864 2883 3947 2919 se-

2245 2953 2437 3024 ipsos;
2472 2953 2590 3020 sed,
2621 2953 3039 3006 Tantummodo
3073 2953 3288 3022 seipsos
3337 2953 3616 3008 viderent.
3670 2955 3812 3008 Nam
3843 2955 3946 3009 ubi

2245 3046 2396 3106 sunt,
2432 3040 2492 3095 id
2521 3045 2605 3095 est
2625 3056 2795 3111 quem
2818 3041 3005 3094 locum
3043 3046 3262 3108 tenent,
3298 3042 3403 3096 soli
3428 3046 3664 3110 tenent;
3693 3060 3799 3096 nec
3841 3060 3944 3096 na-

2246 3146 2340 3184 sus
2366 3134 2450 3184 est
2476 3129 2556 3183 ibi
2581 3129 2683 3183 ubi
2713 3129 2816 3195 illi,
2875 3145 2979 3184 nec
3029 3129 3313 3201 quidquid
3362 3130 3473 3184 illis
3525 3131 3777 3186 vicinum
3819 3136 3943 3186 est:

2245 3217 2504 3288 alioquin
2532 3217 2704 3271 etiam
2731 3222 2796 3271 tu
2823 3218 2904 3271 ibi
2933 3234 3080 3272 esses
3113 3218 3212 3273 ubi
3261 3235 3366 3290 ego
3415 3236 3542 3272 sum
3568 3236 3581 3285 ;
3617 3218 3754 3290 quia
3780 3220 3948 3289 juxta

2245 3306 2491 3361 invicem
2521 3322 2738 3360 sumus.
2768 3306 2904 3369 Quae
2931 3323 3061 3360 cum
3090 3306 3171 3362 ita
3199 3307 3336 3376 sint,
3387 3307 3434 3360 si
3461 3311 3689 3362 tantum
3745 3307 3826 3361 ibi
3861 3309 3950 3361 vi-

2247 3395 2448 3450 derent
2477 3394 2624 3449 oculi
2654 3394 2754 3448 ubi
2794 3399 2944 3458 sunt,
2975 3395 3120 3450 nihil
3149 3395 3396 3466 amplius
3422 3413 3595 3466 quam
3621 3395 3841 3466 seipsos
3869 3396 3948 3448 vi-

2245 3481 2465 3536 derent.
2491 3482 2631 3536 Cum
2664 3484 2856 3535 autem
2885 3498 2944 3536 se
2969 3498 3083 3536 non
3103 3482 3317 3549 vident,
3347 3474 3460 3536 non
3483 3482 3653 3536 modo
3685 3481 3952 3552 cogimur

2246 3569 2585 3637 consentire,
2643 3585 2807 3640 posse
2867 3570 2996 3624 illos
3041 3570 3252 3637 videre,
3289 3570 3389 3624 ubi
3443 3587 3559 3624 non
3618 3575 3786 3637 sunt;
3846 3572 3948 3626 sed

2247 3658 2419 3712 etiam
2439 3658 2672 3712 omnino
2706 3674 2822 3711 non
2853 3674 3037 3730 posse,
3074 3659 3185 3712 nisi
3211 3659 3308 3713 ubi
3351 3675 3464 3712 non
3494 3663 3646 3713 sunt.
3690 3663 3756 3715 E.
3791 3659 3947 3714 Nihil

2247 3751 2332 3800 est
2361 3746 2514 3817 quod
2543 3746 2676 3800 hinc
2704 3745 2962 3800 dubitare
2993 3762 3083 3800 me
3114 3746 3299 3800 faciat.
3333 3749 3410 3801 .4.
3455 3747 3600 3816 Ergo
3625 3762 3750 3800 non
3779 3746 3948 3801 dubi-

2247 3839 2330 3890 tas
2354 3834 2436 3890 ibi
2460 3851 2558 3889 eos
2595 3833 2734 3905 pati,
2768 3834 2870 3888 ubi
2915 3851 3031 3888 nou
3086 3838 3236 3888 sunt.
3303 3836 3444 3889 Nam
3472 3835 3572 3888 ubi
3616 3835 3828 3899 vident,
3867 3836 3949 3889 ibi

2248 3923 2551 3977 sentiunt:
2589 3923 2776 3992 ipsum
2833 3922 2989 3976 enim
3044 3923 3258 3988 videre,
3309 3923 3520 3976 sentire
3558 3927 3674 3989 est;
3734 3926 3947 3978 sentire

2248 4015 2458 4085 autem,
2490 4010 2612 4081 pati
2641 4027 2654 4064 :
2688 4026 2864 4080 quare
2895 4010 2996 4064 ubi
3023 4010 3298 4077 sentiunt,
3327 4009 3407 4064 ibi
3439 4010 3752 4080 patiuntur.
3797 4010 3949 4064 Alibi

2249 4104 2442 4154 autem
2470 4099 2663 4153 vident
2691 4115 2862 4170 quam
2896 4099 2995 4152 ubi
3026 4099 3287 4153 suntzibi
3312 4099 3488 4169 igitur
3516 4098 3833 4169 patiuntur,
3852 4098 3950 4152 ubi

2249 4204 2369 4243 non
2399 4192 2552 4242 sunt.
2583 4189 2651 4244 E.
2690 4187 2894 4242 Mirum
2925 4192 3009 4242 est
3036 4204 3208 4258 quam
3240 4187 3348 4241 ista
3375 4203 3507 4240 vera
3535 4186 3818 4241 existimo.

2391 4277 2616 4330 CAPUT
2647 4276 2821 4329 XXIV.
2853 4306 2923 4314 —
2955 4276 3302 4344 Empenditur
3329 4275 3574 4346 deﬁnitio
3594 4290 3799 4329 sensus.

2316 4365 2405 4418 45.
2437 4366 2513 4416 .4.
2531 4364 2700 4417 Recte
2728 4363 2966 4417 fortasse
2995 4363 3303 4418 existimas.
3329 4363 3436 4418 Sed
3454 4363 3757 4433 responde,
3787 4362 3948 4418 obse-

2247 4469 2363 4519 cro,
2396 4457 2590 4506 utrum
2621 4469 2790 4506 omne
2821 4453 2974 4522 quod
3022 4469 3128 4522 per
3173 4452 3359 4506 visum
3407 4451 3829 4523 cognoscimus,
3863 4452 3944 4506 vi-

2249 4542 2509 4596 deamus.
2548 4543 2613 4594 E.
2648 4541 2729 4594 Ita
2757 4541 2943 4595 credo.
2963 4544 3042 4595 .4.
3063 4541 3255 4596 Credis
3273 4541 3444 4595 etiam
3475 4557 3647 4595 omne
3678 4541 3832 4610 quod
3863 4542 3945 4594 vi-

2249 4629 2435 4684 dendo
2466 4629 2877 4699 cognoscimus,
2906 4646 3010 4700 per
3039 4630 3223 4683 visum
3254 4645 3356 4683 nos
3371 4645 3710 4698 cognoscere
3731 4628 3757 4681 ?
3784 4633 3851 4683 Ε.
3885 4631 3947 4683 Et

2247 4719 2357 4773 hoc
2385 4719 2575 4772 credo.
2609 4721 2684 4772 .4.
2720 4720 2831 4774 Cur
2864 4735 2998 4789 ergo
3029 4720 3370 4788 plerumque
3400 4719 3623 4772 fumum
3653 4719 3842 4772 solum
3871 4718 3948 4772 vi-

2250 4807 2437 4863 dendo
2468 4807 2662 4877 ignem
2695 4808 2886 4862 subter
2910 4807 3086 4861 latere
3135 4807 3551 4877 cognoscimus,
3607 4823 3782 4876 quem
3828 4823 3946 4861 non

2249 4895 2552 4950 videmus?
2580 4899 2646 4950 E.
2678 4897 2885 4949 Verum
2938 4895 3078 4949 dicis
3104 4912 3116 4948 :
3152 4900 3205 4949 et
3230 4895 3353 4965 jam
3381 4911 3501 4949 non
3529 4899 3668 4965 puto
3721 4912 3828 4949 nos
3867 4897 3945 4949 vi-

2251 4985 2385 5039 dere
2441 4984 2720 5055 quidquid
2768 5000 2872 5054 per
2927 4983 3114 5038 visum
3161 4984 3601 5054 cognoscimus:
3639 4999 3948 5054 possumus

2252 5073 2424 5138 enim,
2457 5077 2523 5126 ut
2551 5072 2811 5138 docuisti,
2871 5071 3025 5126 aliud
3083 5071 3346 5136 videndo,
3403 5072 3555 5127 aliud
3604 5088 3949 5142 cognoscere

2253 5161 2403 5232 quod
2430 5161 2581 5215 visus
2613 5177 2728 5215 non
2753 5159 3021 5231 attigerit.
3054 5161 3127 5214 A.
3155 5160 3299 5224 Quid
3317 5161 3345 5215 ?
3370 5160 3509 5214 illud
3542 5161 3697 5231 quod
3727 5178 3835 5231 per
3861 5162 3949 5216 vi-

2251 5265 2379 5303 sum
2393 5249 2689 5317 sentimus,
2711 5263 3083 5319 possumusne
3096 5264 3212 5302 non
3231 5247 3536 5302 videre?E.
3563 5249 3730 5302 Nullo
3745 5250 3942 5305 modo.

2249 5340 2325 5390 .4.
2343 5336 2511 5392 Aliud
2539 5342 2622 5391 est
2635 5351 2767 5406 ergo
2788 5334 3014 5402 sentire,
3031 5335 3187 5389 aliud
3202 5351 3544 5405 cognoscere
3565 5337 3594 5388 ?
3608 5338 3673 5390 E.
3699 5337 3952 5392 Omnino

2253 5424 2405 5479 aliud
2434 5444 2450 5479 :
2485 5440 2618 5478 nam
2647 5423 2923 5479 sentimus
2953 5424 3200 5490 fumum,
3261 5440 3435 5494 quem
3463 5423 3724 5479 videmus
3750 5445 3766 5491 ;
3798 5431 3855 5480 et
3887 5444 3952 5480 ex

2252 5529 2319 5568 eo
2346 5513 2567 5585 ignem,
2612 5529 2784 5584 quem
2811 5530 2930 5569 non
2957 5513 3235 5580 videmus,
3267 5513 3493 5568 subesse
3525 5515 3949 5584 cognoscimus.
