4064 6362
139 287 259 340 1061

130 411 200 462 Α.
235 407 383 459 Bene
430 405 722 475 intelligis.
757 405 866 459 Sed
910 404 1065 458 vides
1093 409 1243 459 certe
1289 420 1419 459 cum
1462 405 1570 459 hoc
1601 406 1816 471 accidit,

131 510 325 565 corpus
355 496 636 562 nostrum,
667 494 725 547 id
755 498 841 547 est
870 494 1081 556 oculos,
1116 493 1262 547 nihil
1290 494 1408 564 pati
1439 511 1506 548 ex
1537 494 1690 564 igne,
1723 496 1820 550 sed

130 601 196 638 ex
219 583 372 636 fumo
405 598 577 652 quem
609 583 796 636 solum
825 581 1034 635 vident.
1068 582 1289 636 Etenim
1321 582 1534 648 videre,
1568 585 1816 651 sentire;

132 678 185 726 et
211 672 438 736 sentire,
482 671 602 740 pati
641 687 782 737 esse,
809 671 929 738 jam
974 687 1146 740 supra
1175 671 1584 725 consensimus.
1613 675 1676 726 E.
1712 673 1818 726 Te-

131 777 233 815 neo
257 764 313 812 et
331 759 628 812 assentior.
650 760 703 813 A
718 799 732 813 .
767 759 910 813 Cum
930 775 1064 827 ergo
1093 774 1197 828 per
1220 758 1544 828 passionem
1564 759 1819 829 corporis

131 864 240 902 non
267 848 402 901 latet
433 846 650 917 aliquid
681 846 952 913 animam,
985 862 1103 900 non
1131 847 1407 901 continuo
1437 864 1634 901 sensus
1663 864 1823 902 voca-

133 940 221 988 tur
249 950 395 988 unus
426 934 496 988 de
527 935 781 1005 quinque
811 935 1174 1003 memoratis;
1205 937 1303 990 sed
1328 952 1457 989 cum
1487 936 1610 1006 ipsa
1632 936 1819 1006 passio

129 1039 244 1077 non
273 1024 407 1076 latet
431 1040 444 1076 :
468 1039 716 1094 namque
740 1024 836 1077 ille
868 1023 1018 1093 ignis
1057 1040 1174 1078 non
1209 1025 1382 1087 visus,
1426 1042 1530 1079 nec
1569 1026 1818 1092 auditus,

131 1127 228 1164 nec
273 1110 530 1176 olfactus,
579 1127 685 1164 nec
726 1115 1002 1180 gustatus,
1042 1127 1148 1165 nec
1193 1116 1374 1166 tactus
1411 1130 1443 1165 a
1473 1112 1656 1181 nobis,
1706 1128 1821 1166 non

130 1205 316 1253 tamen
345 1199 483 1253 latet
509 1200 784 1267 animam,
824 1200 982 1253 fumo
1013 1201 1150 1253 viso.
1195 1201 1262 1253 Et
1291 1217 1421 1254 cum
1450 1201 1556 1254 hoc
1594 1217 1708 1254 non
1739 1201 1824 1253 la-

129 1292 242 1341 tere
269 1304 382 1341 non
412 1292 644 1341 vocetur
666 1303 884 1356 sensus,
916 1288 1052 1357 quia
1074 1303 1140 1340 ex
1171 1287 1304 1357 igne
1333 1305 1538 1358 corpus
1569 1288 1712 1342 nihil
1737 1292 1822 1342 est

131 1392 382 1446 passum;
414 1380 647 1430 vocatur
672 1379 863 1430 tamen
892 1376 1146 1446 cognitio
1173 1393 1275 1446 per
1300 1393 1551 1438 sensum,
1595 1377 1729 1446 quia
1755 1393 1820 1430 ex

129 1464 381 1535 passione
418 1465 670 1535 corporis
708 1465 968 1535 quamvis
997 1464 1128 1531 alia,
1171 1465 1228 1518 id
1259 1469 1345 1518 est
1374 1481 1442 1519 ex
1477 1465 1709 1518 alterius
1737 1465 1821 1518 rei

125 1553 353 1618 visione,
397 1553 774 1622 conjectatum
805 1557 888 1606 est
919 1556 1087 1622 atque
1128 1558 1506 1622 compertum.
1541 1555 1602 1607 E.
1644 1553 1821 1606 Intel-

127 1642 253 1710 ligo,
287 1646 346 1696 et
391 1641 605 1711 optime
649 1641 808 1695 video
843 1641 996 1694 istud
1038 1657 1354 1712 congruere
1394 1657 1458 1694 ac
1503 1642 1692 1694 favere
1739 1641 1822 1694 illi

129 1729 446 1784 deﬁnitioni
493 1735 628 1796 tuas,
661 1745 836 1800 quam
878 1734 945 1783 ut
985 1745 1176 1783 meam
1221 1729 1365 1783 mihi
1407 1729 1822 1784 defendendam

131 1818 370 1871 dedisti:
421 1833 556 1871 nam
587 1819 666 1872 ita
698 1817 938 1872 memini
967 1833 1088 1871 esse
1131 1818 1231 1872 abs
1259 1823 1313 1871 te
1345 1834 1574 1872 sensum
1616 1817 1820 1872 deﬁni-

130 1911 265 1971 tum,
297 1921 430 1959 cum
461 1905 714 1958 animam
745 1921 862 1959 non
884 1906 1020 1958 latet
1043 1907 1193 1976 quod
1220 1907 1433 1976 patitur
1453 1922 1678 1976 corpus.
1710 1906 1821 1958 Ita-

133 2009 236 2064 que
265 1993 406 2047 illud
431 1993 586 2063 quod
607 1994 799 2047 fumus
821 1994 1067 2063 videtur,
1095 2010 1323 2048 sensum
1343 2010 1638 2060 vocamus;
1670 1992 1822 2063 passi

132 2085 256 2135 sunt
275 2081 434 2135 enim
460 2098 590 2135 eum
623 2082 774 2136 oculi
793 2082 1056 2150 videndo,
1088 2082 1186 2151 qui
1205 2087 1337 2136 sunt
1355 2082 1607 2152 corporis
1635 2086 1822 2152 partes

134 2175 185 2223 et
211 2186 476 2240 corpora:
500 2170 697 2240 ignem
719 2175 928 2238 autem,
955 2187 1018 2224 ex
1049 2187 1162 2241 quo
1187 2170 1330 2224 nihil
1359 2187 1562 2240 corpus
1593 2174 1676 2224 est
1700 2188 1823 2241 pas-

133 2275 271 2325 sum,
301 2259 564 2329 quamvis
593 2259 856 2329 cognitus
889 2259 1080 2325 fuerit,
1113 2275 1344 2312 sensum
1375 2275 1489 2313 non
1518 2275 1813 2314 vocamus.

193 2350 278 2402 46.
310 2351 389 2401 Α.
421 2347 751 2402 Memoriam
783 2347 1014 2417 quidem
1037 2351 1194 2400 tuam
1225 2347 1404 2417 probo
1437 2350 1492 2401 et
1521 2364 1823 2418 sequacem

135 2429 592 2505 intelligentiam;
624 2452 823 2490 verum
862 2435 1106 2489 munitio
1149 2435 1246 2489 illa
1282 2435 1632 2490 deﬁnitionis
1660 2437 1820 2490 laba-

135 2524 245 2576 scit.
272 2527 341 2579 E.
399 2525 512 2578 Cur
551 2523 784 2594 quaeso?
811 2525 882 2577 A.
929 2523 1071 2587 Quia
1104 2539 1220 2577 non
1257 2540 1451 2593 negas,
1485 2530 1550 2578 ut
1595 2524 1818 2594 opinor,

137 2611 385 2665 nonnihil
415 2612 538 2682 pati
569 2628 774 2682 corpus
821 2628 951 2665 cum
982 2612 1285 2665 crescimus
1321 2612 1406 2666 vel
1438 2613 1818 2667 senescimus:

136 2715 310 2769 neque
339 2700 398 2754 id
432 2716 535 2753 nos
566 2700 683 2755 ullo
715 2716 882 2754 sensu
915 2700 1125 2754 sentire
1167 2700 1532 2754 manifestum
1572 2706 1688 2767 est;
1720 2717 1824 2754 nec

136 2787 187 2841 id
216 2792 405 2841 tamen
427 2787 680 2841 animam
703 2789 856 2842 latet.
887 2790 1010 2841 Non
1029 2787 1205 2858 igitur
1234 2805 1360 2842 eam
1388 2789 1520 2842 latet
1551 2789 1823 2858 quiddam

135 2877 279 2946 quod
311 2877 526 2947 patitur
567 2892 793 2952 corpus,
823 2892 927 2929 nec
964 2880 1158 2929 tamen
1187 2892 1382 2929 sensus
1411 2876 1517 2930 iste
1535 2876 1824 2956 ~appellari

134 2970 326 3034 potest.
351 2965 609 3020 Videndo
633 2965 785 3018 enim
804 2965 1021 3036 majora
1043 2981 1109 3018 ea
1129 2981 1258 3034 quae
1281 2965 1587 3034 aliquando
1601 2965 1824 3018 minora

137 3055 467 3113 videramus.
492 3059 547 3108 et
566 3054 811 3108 videndo
837 3069 998 3107 senes
1028 3070 1125 3107 eos
1155 3070 1297 3124 quos
1323 3054 1560 3122 juvenes
1592 3071 1654 3107 ac
1683 3069 1825 3123 pue-

137 3159 222 3196 ros
249 3144 423 3198 fuisse
452 3145 704 3210 constat;
741 3144 1126 3210 conjectamus
1153 3142 1406 3212 aliquam
1434 3142 1606 3195 talem
1639 3146 1823 3196 muta-

138 3231 341 3285 tionem
371 3237 569 3286 nostra
615 3247 878 3300 corpora,
926 3231 1098 3284 etiam
1147 3245 1300 3283 nunc
1330 3230 1466 3283 dum
1513 3231 1821 3300 loquimur,

137 3321 261 3389 pati.
303 3322 500 3391 Neque
537 3320 599 3372 in
647 3335 714 3372 eo
757 3319 1032 3384 fallimur,
1066 3321 1130 3370 ut
1166 3317 1408 3387 opinor:
1443 3334 1574 3371 nam
1615 3318 1824 3388 procli-

138 3409 252 3461 vius
280 3414 379 3473 est,
412 3414 478 3463 ut
507 3424 599 3462 me
629 3407 748 3462 falli
797 3407 980 3462 dicam
1027 3407 1180 3478 quod
1226 3407 1413 3472 video,
1462 3423 1635 3476 quam
1674 3407 1824 3477 quod

139 3497 382 3567 intelligo
437 3497 672 3567 capillos
711 3513 867 3550 meos
896 3512 1050 3549 nunc
1094 3511 1364 3561 crescere,
1401 3509 1675 3565 corpusve
1721 3511 1827 3564 per

141 3592 416 3640 momenta
459 3584 695 3640 mutari.
735 3586 901 3648 Quod
948 3584 995 3637 si
1026 3585 1264 3638 mutatio
1313 3583 1439 3650 ista,
1472 3585 1660 3653 passio
1703 3599 1824 3637 cor-

137 3673 279 3741 poris
307 3679 412 3736 est,
444 3674 599 3745 quod
629 3689 798 3727 nemo
839 3678 1031 3742 negat,
1067 3689 1171 3727 nec
1200 3689 1353 3726 nunc
1382 3675 1626 3726 sentitur
1655 3689 1688 3724 a
1718 3689 1826 3725 no-

138 3760 236 3828 bis,
277 3778 379 3815 nec
429 3767 621 3816 tamen
664 3761 915 3814 animam
962 3761 1117 3824 latet,
1160 3759 1296 3830 quia
1344 3775 1450 3812 nos
1499 3776 1612 3812 non
1657 3759 1820 3825 latet;

136 3848 356 3916 patitur,
385 3853 451 3903 ut
483 3848 622 3914 dixi,
663 3864 870 3918 corpus
901 3847 1055 3916 quod
1087 3863 1204 3900 non
1230 3847 1368 3900 latet
1407 3845 1681 3908 animam,
1724 3862 1825 3900 nec

138 3951 324 3989 sensus
351 3941 440 3990 est
467 3941 678 3990 tamen.
703 3937 889 3998 Quare
918 3935 1015 3988 illa
1041 3935 1315 4000 deﬁnitio,
1342 3951 1471 4006 quos
1501 3935 1641 3988 nihil
1671 3935 1824 4005 quod

136 4040 323 4078 sensus
351 4041 470 4080 non
504 4030 669 4091 esset,
711 4023 955 4078 debebat
992 4023 1306 4088 includere,
1347 4039 1476 4077 cum
1507 4025 1613 4092 hoc
1642 4023 1825 4077 inclu-

135 4113 218 4178 sit,
266 4119 417 4168 certe
467 4113 671 4167 vitiosa
721 4117 827 4168 est.
884 4114 954 4167 E.
994 4112 1147 4166 Nihil
1189 4112 1331 4166 mihi
1376 4116 1588 4166 restare
1634 4111 1824 4181 video,

134 4216 296 4271 quam
325 4207 390 4255 ut
418 4205 471 4254 te
520 4205 734 4271 petam,
774 4205 839 4254 ut
875 4204 976 4253 aut
1023 4199 1263 4254 deﬁnias
1310 4199 1496 4264 aliter,
1543 4203 1639 4253 aut
1680 4199 1828 4253 hanc

134 4305 370 4357 recures,
405 4290 454 4342 si
481 4294 680 4359 potes:
708 4305 844 4343 nam
893 4305 1018 4342 eam
1048 4288 1154 4342 ista
1196 4289 1412 4342 ratione
1455 4304 1631 4359 quam
1656 4289 1827 4342 vehe-

134 4382 346 4432 menter
391 4378 596 4450 probo,
655 4377 916 4431 vitiosam
970 4392 1091 4431 esse
1147 4393 1358 4447 negare
1405 4394 1521 4431 non
1569 4393 1826 4447 possum.

132 4466 197 4518 Α.
233 4467 413 4519 Facile
441 4470 526 4519 est
551 4466 719 4520 istam
763 4466 1067 4536 corrigere,
1120 4467 1274 4536 quod
1316 4467 1444 4519 volo
1488 4470 1550 4519 tu
1581 4466 1826 4519 audeas:

135 4552 294 4608 facies
322 4553 501 4619 enim,
535 4553 676 4606 mihi
724 4554 908 4620 crede,
939 4554 986 4606 si
1014 4554 1159 4607 bene
1206 4553 1534 4607 intellexisti
1573 4553 1668 4608 ubi
1699 4569 1828 4623 pec-

133 4645 230 4694 cet.
283 4645 348 4697 E.
400 4643 546 4696 Num
594 4641 730 4695 alibi
770 4657 943 4712 quam
987 4642 1088 4694 ubi
1123 4641 1311 4695 aliena
1353 4641 1827 4712 comprehendit?

134 4730 198 4781 A.
230 4730 351 4792 Quo
383 4730 617 4783 tandem
646 4729 853 4783 modo?
881 4732 946 4782 E.
981 4727 1122 4793 Quia
1153 4730 1305 4799 quod
1332 4730 1573 4783 senescit
1599 4745 1825 4798 corpus,

133 4817 384 4885 quamvis
412 4817 474 4870 in
513 4817 745 4887 juvene,
791 4834 907 4870 non
942 4821 1132 4887 potest
1183 4817 1380 4887 negari
1410 4818 1529 4886 pati
1571 4816 1829 4887 aliquid;

133 4903 294 4974 idque
327 4922 460 4958 cum
491 4905 718 4971 scimus,
753 4921 867 4958 non
909 4905 1045 4959 latet
1079 4904 1332 4958 animam
1366 4903 1640 4974 quiddam
1671 4906 1828 4975 quod

133 4992 338 5060 patitur
376 5010 600 5064 corpus,
639 5009 826 5064 neque
869 4999 1061 5048 tamen
1100 4994 1216 5047 ullo
1255 5009 1426 5046 sensu
1465 4993 1684 5063 percipi
1723 5010 1829 5063 po-

133 5084 264 5135 test:
302 5099 442 5136 nam
486 5098 589 5135 nec
635 5082 800 5136 video
829 5098 921 5136 me
954 5082 1128 5136 modo
1172 5097 1485 5148 senescere,
1536 5097 1723 5152 neque
1769 5082 1830 5136 id

133 5169 346 5237 auditu,
395 5175 493 5223 aut
541 5170 768 5239 olfactu,
819 5175 918 5223 aut
965 5175 1216 5240 gustatu,
1267 5174 1365 5224 aut
1418 5174 1573 5224 tactu
1623 5170 1826 5224 sentio.

132 5259 197 5310 A.
221 5259 377 5312 Unde
402 5275 538 5329 ergo
560 5259 700 5313 illud
714 5259 906 5312 nosti?
925 5261 989 5313 E.
1014 5258 1252 5313 Ratione
1277 5259 1335 5312 id
1355 5258 1581 5329 colligo.
1605 5259 1675 5313 A.
1698 5259 1830 5323 Qui-

134 5345 228 5399 bus
255 5347 613 5418 argumentis
639 5347 783 5401 ratio
811 5351 909 5401 tua
936 5347 1177 5400 nititur?
1206 5349 1273 5401 E.
1306 5348 1469 5410 Quod
1500 5347 1638 5401 alios
1664 5347 1829 5402 video

133 5449 309 5504 senes,
335 5421 445 5506 qui
476 5444 536 5489 ut
567 5452 672 5506 ego
701 5451 854 5490 nunc
876 5451 1023 5501 sum,
1047 5435 1286 5504 juvenes
1311 5439 1492 5491 erant.
1520 5437 1593 5491 A.
1628 5437 1829 5492 Nonne

134 5538 325 5580 sensus
355 5528 464 5593 est,
496 5541 609 5596 quo
647 5541 741 5580 eos
771 5524 950 5595 vides,
982 5540 1132 5579 unus
1167 5524 1236 5580 de
1265 5525 1566 5598 quinque?
1593 5527 1658 5580 E.
1695 5526 1831 5591 Quis

1642 284 1856 340 LIBER
1903 285 2000 340 UN
2008 285 2109 340 US.

3490 292 3629 344 1062

1933 406 2145 478 negat?
2173 408 2281 462 Sed
2302 424 2368 462 ex
2389 426 2456 463 eo
2477 410 2632 480 quod
2657 409 2785 464 illos
2813 409 2998 478 video,
3032 426 3124 464 me
3154 426 3381 481 quoque
3411 429 3541 467 cum
3567 414 3625 468 id

1934 511 2047 548 non
2090 494 2332 560 videam,
2370 497 2622 565 conjecto
2653 512 2964 550 senescere.
3004 498 3073 550 Α.
3127 497 3273 560 Quid
3316 499 3621 554 verborum

1932 597 2066 650 ergo
2092 581 2176 634 illi
2201 581 2542 646 deﬁnitioni,
2574 601 2686 654 quo
2714 585 3043 654 perﬁciatur
3073 586 3398 640 addendum
3425 591 3626 656 putas;

1930 686 2060 724 cum
2093 687 2291 724 sensus
2320 688 2436 724 non
2474 672 2563 737 sit,
2605 673 2714 726 nisi
2743 690 2861 728 non
2889 675 3060 728 lateat
3087 674 3339 727 animam
3371 675 3629 744 corporis

1930 759 2139 830 passio,
2173 775 2277 814 nec
2316 763 2508 812 tamen
2553 760 2632 813 ita
2676 767 2741 815 ut
2770 779 2896 816 eam
2937 779 3039 833 per
3069 763 3238 816 aliam
3269 763 3620 832 passionem,

1931 853 2029 900 aut
2075 863 2178 916 per
2213 847 2370 900 aliud
2423 848 2718 917 quodlibet
2759 849 3091 922 intelligat?
3132 854 3199 906 E.
3231 851 3350 917 Dic,
3408 868 3622 922 quaeso,

1929 935 2084 989 istud
2113 937 2285 1005 paulo
2311 936 2558 1005 planius.

2037 1024 2261 1078 CAPUT
2290 1025 2440 1080 XXV.
2471 1055 2540 1064 —
2568 1027 2812 1092 Deﬁnitio
2841 1028 3100 1093 quomodo
3127 1029 3515 1082 examinanda.

1997 1114 2088 1166 47.
2136 1114 2209 1168 Α.
2256 1114 2460 1168 Geram
2504 1113 2610 1167 tibi
2647 1130 2888 1184 morem,
2928 1119 2985 1169 et
3017 1117 3195 1170 multo
3227 1119 3497 1172 libentius
3529 1135 3619 1172 re-

1929 1198 2180 1252 tardanti
2211 1216 2385 1271 quam
2414 1202 2742 1256 festinanti:
2783 1203 2883 1256 sed
2911 1202 2998 1256 fac
3025 1208 3178 1258 totus
3208 1205 3375 1269 adsis,
3413 1206 3623 1260 valebit

1930 1286 2084 1340 enim
2104 1288 2212 1341 hoc
2236 1289 2304 1341 ad
2323 1290 2488 1358 plura
2510 1291 2665 1360 quod
2685 1291 2892 1344 dicam.
2935 1292 3200 1345 Deﬁnitio
3230 1292 3374 1346 nihil
3407 1294 3622 1361 minus,

1931 1375 2074 1428 nihil
2104 1377 2350 1446 amplius
2379 1379 2651 1444 continet,
2684 1395 2858 1449 quam
2892 1379 2952 1432 id
2993 1380 3148 1449 quod
3179 1385 3508 1450 susceptum
3537 1388 3624 1435 est

1931 1463 2365 1533 explicandum;
2390 1465 2554 1520 aliter
2573 1467 2810 1520 omnino
2840 1466 3043 1520 vitiosa
3072 1471 3172 1522 est.
3209 1469 3408 1522 Utrum
3438 1473 3628 1522 autem

1931 1551 2258 1622 hujusmodi
2306 1554 2458 1607 vitiis
2529 1559 2736 1620 careat,
2807 1555 3178 1610 conversione
3262 1557 3625 1626 exploratur:

1933 1640 2086 1709 quod
2108 1640 2198 1694 his
2235 1642 2506 1712 exemplis
2535 1642 2642 1696 tibi
2690 1644 2788 1696 ﬁet
2830 1643 3100 1712 apertius.
3135 1644 3190 1698 Si
3221 1644 3376 1698 enim
3412 1661 3501 1698 me
3531 1661 3625 1698 ro-

1933 1744 2096 1797 gares
2125 1729 2263 1799 quid
2295 1735 2443 1784 esset
2469 1731 2660 1798 homo,
2694 1735 2752 1784 et
2779 1747 2912 1785 eum
2943 1732 3051 1785 hoc
3081 1732 3254 1785 modo
3285 1732 3624 1800 deﬁnerem,

1933 1817 2112 1870 Homo
2141 1822 2228 1871 est
2254 1818 2466 1872 animal
2503 1819 2776 1887 mortale;
2814 1835 2932 1872 non
2956 1819 3230 1872 continuo
3260 1819 3395 1889 quia
3424 1835 3626 1873 verum

1931 1905 2147 1958 dictum
2186 1911 2290 1973 est,
2322 1906 2497 1960 etiam
2527 1906 2919 1960 deﬁnitionem
2949 1908 3192 1977 probare
3231 1908 3486 1973 deberes,
3527 1908 3625 1962 sed

1932 1993 2288 2062 superposita
2334 1993 2387 2046 ei
2432 1993 2729 2064 particula,
2771 1993 2830 2048 id
2877 2000 2982 2061 est,
3031 1995 3238 2064 omnis,
3289 1999 3625 2062 convertere

1931 2079 2090 2133 illam
2137 2085 2193 2135 et
2236 2080 2470 2151 intueri,
2510 2087 2703 2136 utrum
2752 2083 2925 2137 etiam
2970 2098 3241 2136 conversa
3280 2099 3414 2137 vera
3442 2088 3624 2137 esset:

1931 2167 2040 2221 hoc
2061 2173 2164 2232 est,
2189 2173 2382 2223 utrum
2400 2171 2884 2241 quemadmodum
2900 2188 3097 2225 verum
3122 2176 3225 2237 est,
3249 2172 3435 2225 omnis
3455 2172 3630 2226 homo

1933 2256 2143 2310 animal
2190 2259 2432 2312 mortale
2473 2263 2590 2325 est;
2641 2258 2721 2313 ita
2763 2263 2910 2312 esset
2946 2275 3170 2325 verum,
3217 2275 3388 2312 omne
3417 2259 3632 2313 animal

1932 2345 2171 2397 mortale
2232 2345 2406 2399 homo
2461 2350 2576 2400 est:
2627 2362 2740 2416 quo
2791 2346 2954 2400 aliter
3002 2346 3258 2413 invento,
3305 2346 3629 2416 improbare

1934 2431 2328 2512 deﬁnitionem
2375 2437 2612 2504 propter
2653 2434 3037 2490 illud,vitium
3089 2450 3204 2504 quo
3253 2434 3440 2488 aliena
3469 2450 3631 2488 com-

1932 2520 2236 2590 prehendit
2260 2541 2274 2588 ;
2299 2538 2414 2576 non
2441 2523 2595 2576 enim
2627 2524 2780 2576 solus
2809 2523 2981 2575 homo
3013 2527 3098 2575 est
3125 2522 3338 2575 animal
3367 2523 3632 2587 mortale,

1933 2609 2032 2662 sed
2061 2609 2233 2663 etiam
2255 2609 2471 2680 quasvis
2499 2609 2698 2664 bestia.
2735 2611 2864 2663 Haec
2888 2610 3065 2680 igitur
3094 2609 3346 2663 hominis
3375 2609 3631 2664 deﬁnitio

1933 2697 2130 2768 perﬁci
2178 2699 2339 2764 solet,
2391 2714 2522 2752 cum
2569 2698 2801 2752 additur
2853 2697 3082 2752 mortali
3130 2699 3451 2752 rationale:
3499 2715 3632 2753 nam

1933 2787 2108 2840 homo
2140 2791 2226 2840 est
2264 2786 2476 2840 animal
2517 2787 2757 2840 mortale
2789 2787 3104 2852 rationale;
3139 2791 3314 2857 atque
3343 2791 3407 2840 ut
3445 2787 3634 2840 omnis

1933 2874 2105 2928 homo
2139 2875 2349 2928 animal
2386 2874 2664 2928 rationale
2696 2876 2935 2928 mortale
2967 2882 3072 2944 est,
3104 2874 3186 2928 ita
3215 2890 3387 2928 omne
3419 2875 3630 2928 animal

1936 2963 2213 3016 rationale
2241 2964 2482 3017 mortale
2512 2964 2685 3017 homo
2713 2967 2814 3016 est.
2851 2963 2981 3016 Plus
3011 2962 3352 3015 continendo
3383 2977 3519 3030 ergo
3546 2977 3633 3014 su-

1933 3051 2127 3120 perior
2165 3051 2419 3105 deﬁnitio
2454 3051 2654 3104 vitiosa
2699 3054 2838 3116 erat,
2874 3050 3113 3103 bestiam
3163 3050 3317 3104 enim
3355 3066 3484 3103 cum
3518 3049 3630 3102 ho-

1933 3139 2089 3192 mine
2130 3140 2489 3193 continebat:
2525 3139 2634 3192 ista
2679 3139 2926 3210 perfecta
2976 3142 3096 3205 est;
3127 3153 3261 3191 nam
3294 3141 3350 3191 et
3401 3153 3630 3191 omnem

1934 3227 2245 3290 hominem,
2267 3233 2322 3282 et
2339 3228 2484 3281 nihil
2509 3229 2815 3298 plusquam
2837 3227 3132 3280 hominem
3156 3230 3331 3279 tenet.
3366 3227 3632 3279 Tenendo

1937 3322 2128 3370 autem
2159 3317 2368 3383 minus,
2410 3317 2492 3370 ita
2519 3315 2720 3370 vitiosa
2745 3320 2828 3369 est
2857 3314 2902 3368 si
2947 3315 3118 3368 addas
3157 3313 3628 3389 grammaticum:

1935 3421 2265 3475 quanquam
2291 3406 2446 3459 enim
2465 3421 2634 3459 omne
2655 3403 2867 3458 animal
2888 3390 3164 3456 rationale
3190 3403 3429 3456 mortale
3442 3418 3631 3471 gram-

1936 3494 2208 3548 maticum
2237 3495 2409 3548 homo
2442 3493 2532 3558 sit,
2565 3493 2758 3564 plures
2790 3498 2984 3546 tamen
3012 3490 3298 3557 homines,
3328 3491 3427 3562 qui
3448 3506 3636 3561 gram—

1935 3582 2126 3637 matici
2154 3599 2272 3636 non
2302 3587 2454 3649 sunt,
2489 3583 2594 3636 hac
2623 3580 2956 3635 deﬁnitione
2988 3595 3104 3633 non
3146 3579 3542 3632 continentur:
3581 3583 3636 3632 et

1935 3669 2006 3722 ob
2029 3670 2135 3723 hoc
2156 3671 2262 3723 ista
2290 3686 2393 3739 per
2416 3670 2662 3741 primam
2690 3669 2848 3723 illam
2868 3667 3323 3739 propositionem
3343 3667 3487 3721 falsa
3501 3666 3599 3737 Iest
3619 3683 3633 3733 ;

1935 3773 2065 3810 cum
2094 3762 2285 3812 autem
2315 3759 2684 3825 convertitur,
2714 3773 2864 3811 vera.
2890 3757 3113 3810 Falsum
3143 3761 3223 3809 est
3246 3755 3422 3821 enim,
3445 3755 3636 3808 omnis

1934 3844 2108 3899 homo
2131 3845 2342 3900 animal
2373 3846 2652 3900 rationale
2665 3846 2902 3899 mortale
2933 3843 3370 3914 grammaticum
3401 3848 3517 3908 est;
3537 3843 3634 3896 sed

1935 3949 2133 3987 verum
2155 3939 2258 4002 est,
2292 3950 2460 3989 omne
2482 3934 2694 3988 animal
2723 3933 3001 3987 rationale
3035 3931 3274 3985 mortale
3307 3931 3638 4001 grammati-

1934 4040 2064 4078 cum
2103 4024 2278 4077 homo
2306 4027 2408 4078 est.
2467 4024 2609 4078 Cum
2664 4028 2855 4076 autem
2903 4037 3007 4092 per
3052 4020 3300 4091 primam
3369 4019 3636 4090 proposi-

1935 4111 2175 4176 tionem,
2203 4128 2390 4182 neque
2411 4127 2515 4182 per
2529 4110 2958 4164 conversionem
2972 4108 3266 4162 enuntiata
3287 4123 3414 4160 vera
3432 4111 3534 4173 est,
3547 4107 3638 4160 his

1936 4199 2178 4270 singulis
2205 4203 2262 4254 et
2295 4201 2548 4271 profecto
2569 4199 2830 4253 vitiosior
2852 4215 2864 4252 :
2889 4203 2949 4252 ut
2977 4203 3110 4251 sunt
3130 4197 3255 4250 ista:
3283 4196 3428 4262 duae,
3463 4196 3637 4250 homo

1937 4293 2022 4342 est
2038 4288 2250 4341 animal
2271 4288 2603 4355 candidum;
2624 4293 2744 4356 aut,
2762 4287 2935 4341 homo
2958 4285 3264 4341 estanimal
3284 4285 3635 4355 quadrupes.

1939 4378 2080 4431 Nam
2101 4376 2223 4430 etsi
2244 4376 2416 4442 dicas,
2439 4375 2624 4430 omnis
2652 4380 2823 4429 homo
2840 4375 3052 4428 animal
3073 4373 3382 4428 candidum
3404 4377 3489 4426 est
3513 4377 3641 4438 ;aut

1937 4465 2504 4534 animalquadrupes,
2523 4465 2723 4518 falsum
2747 4464 2917 4528 dicis;
2943 4463 3055 4517 etsi
3079 4466 3386 4516 convertas.
3404 4462 3512 4516 Sed
3526 4462 3635 4515 hoc

1937 4553 2089 4606 inter
2114 4570 2172 4606 se
2195 4553 2486 4611 differunt.
2518 4553 2669 4624 quod
2692 4553 2788 4606 illa
2819 4552 3007 4622 prima
3035 4552 3096 4604 in
3126 4552 3346 4620 aliquos
3371 4551 3636 4604 homines

1939 4642 2118 4708 cadit;
2149 4658 2283 4696 nam
2312 4642 2572 4712 plerique
2614 4645 2749 4694 sunt
2790 4640 3053 4694 homines
3082 4638 3340 4693 candidi:
3388 4639 3510 4693 haec
3556 4640 3636 4692 al-

1937 4733 2062 4783 tera
2091 4729 2152 4783 in
2174 4729 2486 4792 neminem,
2521 4746 2637 4782 non
2665 4728 2819 4782 enim
2850 4728 3152 4798 quisquam
3187 4727 3361 4781 homo
3391 4727 3639 4799 quadru-

1938 4834 2059 4889 pes.
2097 4821 2224 4872 Hmc
2248 4834 2351 4890 pro
2381 4822 2638 4888 tempore
2667 4818 2736 4870 ad
2768 4816 3141 4886 explorandos
3163 4816 3534 4870 deﬁnitiones
3561 4816 3643 4870 di-

1941 4906 2165 4972 diceris,
2212 4905 2697 4976 quemadmodum
2744 4905 3138 4976 propositione
3185 4911 3356 4976 atque
3399 4921 3642 4959 conver-

1942 4995 2103 5049 sione
2128 4994 2492 5065 judicentur:
2527 4999 2662 5048 sunt
2689 4993 2798 5047 alia
2826 4994 3006 5046 multa
3036 4994 3105 5047 de
3146 4993 3254 5047 hoc
3279 5009 3489 5064 genere
3512 5008 3639 5063 quae

1942 5084 2234 5149 docentur,
2283 5087 2337 5136 et
2381 5083 2685 5137 verborum
2752 5083 2923 5153 plena
2969 5086 3025 5136 et
3078 5083 3466 5147 tenebrarum,
3508 5096 3637 5150 quas

1940 5172 2217 5242 paulatim
2230 5171 2328 5226 ubi
2349 5176 2738 5241 opportunum
2759 5170 3062 5238 videbitur,
3085 5171 3334 5224 conabor
3352 5173 3416 5222 ut
3436 5167 3636 5221 discas.

2011 5262 2099 5315 48.
2134 5261 2294 5315 Nunc
2331 5265 2596 5314 converte
2637 5259 2895 5314 animum
2940 5260 3009 5314 ad
3047 5259 3205 5313 illam
3244 5255 3640 5311 deﬁnitionem

1942 5354 2219 5418 nostram,
2267 5353 2321 5402 et
2366 5365 2494 5403 eam
2539 5349 2781 5419 peritior
2816 5365 2948 5404 cum
2994 5345 3341 5410 discusseris,
3377 5344 3639 5415 corrige:

1943 5437 2346 5492 inveneramus
2378 5438 2534 5493 enim
2585 5454 2732 5504 eam,
2763 5454 2894 5492 cum
2935 5435 3192 5491 deﬁnitio
3234 5449 3432 5486 sensus
3474 5437 3640 5501 esset,

1945 5527 2247 5598 complecti
2276 5527 2431 5583 aliud
2460 5526 2613 5600 quod
2644 5542 2843 5582 sensus
2891 5539 3010 5579 non
3046 5526 3214 5589 esset,
3251 5525 3306 5576 et
3349 5519 3477 5575 ideo
3524 5536 3644 5576 non
