4064 6358
437 280 568 332 1063

433 415 574 464 esse,
607 415 741 452 cum
770 397 1139 463 convertitur,
1186 412 1399 450 veram.
1445 397 1696 449 Fortasse
1726 393 1894 460 {enim
1925 407 2124 444 verum

435 492 538 552 est,
569 486 759 540 omnis
786 501 982 539 sensus
1009 485 1195 555 passio
1226 484 1480 554 corporis
1512 489 1594 536 est
1621 481 1877 535 animum
1906 496 2020 532 non
2052 479 2130 531 1a-

436 579 598 639 tens;
631 577 699 625 ut
727 588 926 626 verum
953 577 1055 638 est,
1088 572 1274 624 omnis
1300 571 1468 624 homo
1498 567 1703 622 animal
1737 567 1977 619 mortale
2007 570 2125 618 est:

438 666 498 714 at
531 664 597 713 ut
642 660 852 714 falsum
895 665 1002 725 est,
1048 676 1217 713 omne
1267 659 1477 713 animal
1520 655 1760 709 mortale
1799 655 1974 707 homo
2023 659 2127 717 est,

438 747 574 818 quia
602 746 660 800 id
694 753 780 801 est
823 753 880 802 et
924 748 1145 814 bestia;
1196 749 1276 800 ita
1321 747 1526 800 falsum
1563 747 1665 804 est,
1712 741 1900 796 omnis
1946 742 2130 812 passio

438 835 692 905 corporis
724 851 841 890 non
879 837 1059 890 latens
1087 835 1358 897 animam,
1408 846 1604 883 sensus
1648 833 1762 882 est:
1815 829 1949 900 quia
1977 843 2131 881 nunc

436 922 602 976 nobis
648 938 874 993 ungues
921 925 1200 986 crescunt,
1235 934 1336 972 nec
1382 917 1632 971 animam
1680 917 1836 982 latet,
1886 917 1942 969 id
1974 915 2132 969 enim

437 1009 679 1076 scimus;
705 1025 892 1080 neque
911 1009 966 1062 id
980 1008 1276 1072 sentimus,
1297 1005 1394 1058 sed
1415 1004 1824 1074 conjectatione
1839 1003 2128 1074 cognosci-

438 1097 848 1162 mus.Quemad
858 1096 1228 1162 modumcrgo
1242 1091 1326 1144 illi
1339 1090 1664 1145 deﬁnitioni
1675 1091 1926 1145 hominis
1940 1097 1999 1145 ut
2011 1107 2133 1162 per-

437 1187 718 1249 ﬁceretur,
730 1184 988 1238 additum
1003 1185 1086 1234 est
1100 1179 1376 1233 rationale
1389 1197 1502 1250 quo
1515 1180 1726 1245 addito,
1744 1180 1960 1246 bestiae,
1977 1197 2127 1250 quea,

439 1273 610 1327 simul
641 1270 1097 1333 continebantur,
1150 1269 1391 1322 exclusa:
1436 1273 1585 1330 sunt,
1632 1268 1893 1338 nihilque
1922 1275 2133 1338 prmter

437 1360 736 1414 hominem
756 1362 926 1427 atque
947 1372 1180 1409 omnem
1200 1355 1493 1410 hominem
1511 1355 1612 1409 tali
1635 1355 1967 1409 definitione
1988 1370 2133 1408 com-

435 1445 878 1516 prehendimus;
906 1460 1098 1498 nonne
1127 1444 1320 1497 censes
1345 1443 1562 1514 aliquid
1581 1444 1752 1497 etiam
1773 1443 1906 1496 huic
1927 1443 2132 1496 adden-

436 1535 574 1588 dum
617 1549 758 1601 esse,
811 1549 925 1602 quo
973 1532 1105 1585 inde
1150 1532 1485 1602 sejungatur
1521 1531 1670 1601 quod
1711 1531 1985 1596 alienum,
2027 1546 2131 1584 nec

437 1621 755 1692 quidquam
784 1620 845 1673 in
891 1636 958 1674 ea
998 1619 1108 1672 nisi
1139 1635 1354 1681 sensus,
1387 1623 1442 1673 et
1475 1619 1662 1673 omnis
1691 1636 1888 1672 sensus
1920 1619 2128 1673 intelli-

437 1711 646 1780 gatur?
663 1712 727 1764 E.
753 1710 964 1762 Censeo
989 1708 1242 1778 quidem,
1266 1707 1362 1761 sed
1387 1707 1528 1778 quid
1548 1707 1678 1762 addi
1702 1708 1881 1777 possit
1901 1709 2124 1777 ignoro.

433 1800 507 1852 Α.
547 1798 757 1852 Sensus
785 1801 870 1850 est
896 1801 1047 1850 certe
1084 1795 1271 1849 omnis
1301 1795 1488 1866 passio
1519 1793 1774 1863 corporis
1803 1809 1919 1846 non
1948 1792 2128 1844 latens

434 1886 728 1939 animam:
772 1884 870 1938 sed
915 1883 1162 1938 converti
1208 1899 1326 1937 non
1373 1887 1559 1953 potest
1611 1883 1733 1936 haec
1786 1879 2124 1943 enuntiatio,

434 1978 668 2044 propter
705 1971 1032 2042 passionem
1062 1972 1222 2026 illam
1248 1971 1524 2041 corporis,
1557 1987 1670 2040 qua
1700 1970 1787 2023 vel
1817 1969 2016 2022 crescit
2043 1969 2128 2021 vel

437 2059 710 2115 decrescit
740 2059 1046 2112 scientibus
1075 2059 1260 2124 nobis,
1293 2059 1352 2112 id
1383 2062 1486 2122 est,
1527 2062 1589 2111 ut
1618 2073 1738 2110 non
1783 2057 1959 2110 lateat
2005 2053 2130 2108 ani-

435 2165 609 2202 mam.
660 2150 721 2201 E.
757 2148 841 2201 Ita
891 2152 994 2201 est.
1041 2148 1114 2201 A.
1149 2146 1296 2210 Quid
1311 2148 1339 2200 ?
1368 2147 1489 2199 haec
1531 2145 1719 2215 passio
1751 2161 1855 2214 per
1884 2143 2127 2213 seipsam

432 2253 548 2292 non
575 2236 713 2290 latet
741 2235 1017 2303 animam,
1049 2251 1122 2287 an
1145 2251 1248 2304 per
1277 2234 1428 2288 aliud
1449 2234 1476 2288 ἱ)
1505 2237 1569 2288 Ε.
1606 2235 1712 2287 Per
1736 2232 1888 2286 aliud
1918 2232 2087 2301 plane
2113 2247 2125 2283 :

434 2325 589 2380 aliud
649 2329 733 2378 est
779 2323 932 2376 enim
969 2323 1162 2376 videre
1200 2338 1420 2392 ungues
1461 2322 1729 2392 majores,
1780 2320 1938 2375 aliud
1987 2319 2128 2372 scire

432 2413 588 2483 quod
619 2415 891 2466 crescant.
933 2414 1008 2464 Α.
1039 2411 1178 2464 Cum
1211 2426 1346 2479 ergo
1376 2426 1626 2463 crescere
1669 2409 1861 2478 ipsum
1893 2408 1967 2460 sit
1995 2423 2129 2476 pas-

432 2500 536 2566 sio,
570 2515 744 2570 quam
793 2498 952 2552 nullo
983 2513 1153 2552 sensu
1183 2497 1540 2568 attingimus,
1571 2497 1906 2567 magnitudo
1939 2501 2129 2549 autem

433 2588 532 2642 illa
576 2604 748 2658 quam
799 2585 1079 2640 sentimus
1121 2586 1320 2640 eadem
1362 2586 1629 2655 passione
1679 2585 1826 2638 facta
1873 2584 1967 2653 sit,
2017 2600 2129 2637 non

435 2676 562 2746 ipsa
591 2674 661 2728 sit
691 2673 882 2744 passio
908 2693 923 2740 ;
950 2672 1315 2726 manifestum
1347 2677 1433 2726 est
1459 2673 1630 2726 talem
1660 2672 1983 2742 passionem
2015 2687 2130 2724 non

433 2780 536 2834 per
565 2762 811 2832 seipsam
847 2762 989 2814 scire
1020 2777 1143 2827 nos,
1183 2761 1281 2814 sed
1311 2777 1412 2831 per
1443 2761 1610 2814 aliud.
1637 2760 1694 2814 Si
1723 2776 1859 2829 ergo
1889 2775 2005 2812 non
2028 2776 2131 2829 per

433 2850 593 2904 aliud
621 2848 874 2903 animam
919 2865 1040 2903 non
1084 2849 1304 2916 lateret,
1354 2865 1547 2903 nonne
1589 2848 1895 2902 sentiretur
1938 2847 2130 2917 potius

432 2954 606 3009 quam
628 2936 1007 3008 conjiceretur
1025 2935 1052 2989 ‘I
1071 2941 1138 2992 E.
1169 2936 1449 3007 Intelligo.
1475 2939 1546 2992 A.
1579 2937 1692 2991 Cur
1721 2953 1856 3007 ergo
1883 2937 2128 3005 dubitas,

433 3026 572 3097 quid
602 3025 687 3079 illi
729 3025 1053 3080 deﬁnitioni
1089 3025 1160 3078 sit
1187 3025 1517 3079 addendum
1536 3025 1563 3079 ?
1606 3029 1670 3079 E.
1713 3025 1838 3078 Jam
1866 3024 2028 3078 video
2052 3024 2131 3076 sic

433 3131 554 3168 esse
587 3113 997 3178 deﬁniendum,
1045 3117 1110 3166 ut
1158 3129 1356 3167 sensus
1403 3114 1476 3166 sit
1503 3113 1690 3183 passio
1729 3113 1983 3182 corporis
2027 3128 2132 3181 per

431 3201 677 3270 seipsam
706 3216 823 3254 non
847 3201 1032 3253 latens
1076 3199 1374 3254 animam:
1429 3217 1563 3254 nam
1607 3205 1662 3254 et
1709 3200 1896 3254 omnis
1934 3216 2130 3254 sensus

431 3292 540 3346 hoc
561 3295 664 3356 est,
697 3295 754 3344 et
786 3306 957 3344 omne
981 3290 1109 3358 hoc,
1139 3295 1201 3342 ut
1228 3290 1450 3360 opinor,
1479 3306 1679 3344 sensus
1698 3295 1799 3345 est.

501 3381 590 3434 49.
622 3383 690 3434 Α.
727 3377 785 3430 Si
812 3377 922 3430 hoc
951 3376 1033 3430 ita
1061 3369 1168 3444 est;
1196 3377 1376 3432 fateor
1405 3378 1803 3432 definitionem
1841 3394 1961 3431 esse
1998 3393 2129 3448 per-

430 3467 655 3520 fectam.
688 3465 796 3519 Sed
827 3469 1114 3519 tentemus
1142 3481 1291 3533 eam,
1322 3465 1370 3518 si
1400 3466 1606 3536 placet,
1651 3471 1848 3520 utrum
1898 3465 1996 3518 illo
2037 3481 2128 3518 se-

431 3553 617 3608 cundo
654 3553 790 3606 vitio
821 3569 937 3606 non
966 3551 1205 3614 vacillet,
1240 3568 1352 3622 quo
1391 3553 1490 3607 illa
1519 3553 1787 3619 hominis,
1820 3552 1911 3606 cui
1940 3568 2131 3622 gram-

432 3642 705 3696 maticum
755 3645 838 3695 est
873 3640 1155 3694 additum.
1211 3642 1353 3694 Nam
1407 3641 1736 3695 meminisse
1783 3646 1839 3696 te
1885 3645 2126 3710 oportet,

431 3731 584 3801 quod
611 3746 730 3784 esse
759 3729 1052 3782 hominem
1087 3729 1304 3782 dictum
1331 3734 1414 3783 est
1433 3729 1643 3783 animal
1673 3729 1951 3783 rationale
1974 3745 2128 3782 mor-

432 3819 542 3872 tale
572 3817 1042 3889 grammaticum;
1102 3834 1287 3888 eoque
1334 3834 1567 3887 peccare
1623 3818 1792 3872 istam
1842 3817 2128 3872 deﬁnitio-

433 3922 588 3973 nem,
623 3906 773 3977 quod
820 3904 1184 3959 conversione
1215 3921 1347 3960 vera
1375 3912 1479 3973 est,
1529 3922 1661 3960 cum
1712 3905 1902 3974 prima
1947 3920 2128 3958 enun-

429 3994 667 4048 tiatione
714 3994 788 4048 sit
831 3994 991 4047 falsa.
1033 3994 1291 4064 Namque
1335 3994 1542 4047 falsum
1591 3997 1696 4058 est,
1731 3991 1916 4048 omnis
1958 3991 2130 4045 homo

426 4083 642 4137 animal
683 4081 963 4136 rationale
998 4083 1244 4138 mortale
1274 4081 1714 4151 grammaticum
1745 4084 1848 4146 est,
1871 4079 2130 4149 quamvis

428 4187 624 4225 verum
651 4170 742 4237 sit,
779 4186 950 4224 omne
981 4169 1194 4224 animal
1223 4168 1503 4222 rationale
1531 4167 1772 4220 mortale
1803 4166 2132 4236 grammati-

429 4276 559 4313 cum
600 4259 775 4312 homo
820 4263 923 4311 est.
971 4258 1116 4326 Ergo
1155 4255 1282 4309 ideo
1324 4254 1528 4308 vitiosa
1565 4259 1652 4308 est
1689 4255 1809 4307 haec
1848 4254 2128 4321 deﬁnitio,

434 4347 587 4417 quod
617 4346 764 4400 nihil
790 4344 1022 4414 quidem
1052 4347 1263 4412 praeter
1292 4341 1605 4408 hominem,
1639 4341 1737 4394 sed
1759 4358 1871 4394 non
1901 4358 2127 4396 omnem

432 4436 726 4490 hominem
783 4437 979 4487 tenet:
1039 4436 1096 4485 et
1149 4431 1274 4484 haec
1325 4431 1559 4484 fortasse
1599 4430 1727 4484 talis
1773 4435 1878 4497 est,
1917 4431 1986 4484 de
2018 4447 2132 4501 qua

432 4525 590 4578 velut
643 4522 897 4594 perfecta
945 4519 1281 4590 gloriamur.
1330 4520 1669 4588 Quanquam
1731 4519 1888 4572 enim
1944 4519 2132 4572 omnis

431 4612 622 4684 passio
649 4609 905 4680 corporis
935 4624 1038 4678 per
1061 4607 1304 4678 seipsam
1353 4622 1469 4660 non
1511 4607 1688 4660 latens
1733 4606 1981 4660 animam
2010 4625 2133 4662 sen-

430 4716 527 4752 sus
559 4698 653 4765 sit,
685 4702 1021 4751 nontamen
1059 4695 1245 4749 omnis
1274 4710 1473 4749 sensus
1525 4695 1782 4749 istudest.
1843 4696 2004 4759 Quod
2053 4696 2133 4750 sic

433 4785 719 4854 intelligas
771 4784 932 4850 licet;
1002 4783 1201 4837 bestiae
1255 4798 1465 4852 nempe
1529 4783 1802 4848 sentiunt,
1862 4801 1927 4837 ac
1984 4800 2133 4854 pene

434 4889 634 4927 omnes
663 4871 921 4943 quinque
951 4871 1063 4924 illis
1093 4871 1350 4925 sensibus
1379 4870 1594 4940 vigent,
1619 4875 1898 4941 quantum
1927 4873 2132 4942 cuique

434 4963 639 5013 natura
688 4958 965 5012 tributum
1020 4963 1123 5012 est.
1181 4959 1270 5012 An
1323 4964 1386 5012 tu
1432 4957 1490 5013 id
1533 4959 1770 5030 negabis
1797 4959 1824 5012 ?
1867 4962 1936 5015 E.
1979 4960 2132 5014 Nihil

439 5047 649 5102 minus.

506 5135 734 5189 CAPUT
769 5135 947 5188 XXVI.
979 5164 1048 5173 —~
1078 5135 1316 5189 Scientia
1345 5139 1395 5188 et
1421 5137 1564 5188 ratio
1601 5151 1730 5190 num
1766 5137 1823 5190 in
1856 5136 2058 5192 bestiis.

505 5227 580 5278 Α.
617 5222 808 5288 Quid?
841 5223 949 5277 hoc
969 5239 1161 5278 nonne
1193 5223 1468 5285 concedis,
1513 5223 1810 5278 scientiam
1841 5241 1954 5277 non
1985 5240 2127 5290 esse,

433 5311 546 5367 nisi
579 5328 709 5366 cum
734 5327 825 5365 res
853 5312 1043 5382 aliqua
1073 5311 1239 5367 ﬁrma
1265 5312 1485 5368 ratione
1515 5316 1785 5384 percepta
1813 5316 1868 5365 et
1903 5311 2134 5382 cognita

437 5402 570 5455 est?
599 5404 665 5456 Ε.
719 5399 993 5455 Concedo.
1046 5402 1118 5457 A.
1167 5402 1240 5456 At
1292 5402 1474 5456 bestia
1513 5401 1734 5454 ratione
1771 5415 1889 5453 non
1929 5400 2126 5454 utitur.

435 5491 500 5544 E.
536 5491 599 5544 Et
628 5491 736 5546 hoc
786 5489 1050 5544 concedo.
1094 5491 1164 5545 A.
1215 5491 1337 5546 Non
1380 5489 1558 5560 igitur
1604 5487 1841 5542 scientia
1889 5488 2040 5542 cadit
2067 5489 2128 5540 in

1459 275 1554 329 DE
1593 269 2050 339 QUANTITATE
2091 267 2373 334 ANIM/E,
2417 268 2470 322 S.
2515 267 2897 324 AUGUSTINI

3808 273 3958 325 1064

2238 389 2496 444 bestiam.
2533 390 2674 444 Cum
2701 393 2894 443 autem
2921 405 3040 443 non
3067 388 3205 444 latet
3232 389 3467 460 aliquid,
3497 391 3702 461 utique
3733 391 3958 457 scitur;

2241 493 2357 531 non
2395 477 2574 547 igitur
2613 478 2866 530 sentiunt
2894 477 3113 543 bestiae,
3148 477 3193 530 si
3233 478 3419 531 omnis
3458 494 3658 532 sensus
3687 485 3776 533 est
3811 496 3954 533 cum

2240 566 2426 635 passio
2466 565 2720 634 corporis
2757 581 2862 634 per
2889 564 3134 634 seipsam
3164 581 3282 619 non
3309 566 3448 620 latet
3477 567 3730 621 animam
3758 582 3772 622 :
3811 584 3953 621 sen-

2241 652 2395 706 tiunt
2423 657 2634 716 autem,
2667 656 2732 706 ut
2763 654 2932 723 paulo
2963 659 3093 707 ante
3120 670 3448 708 concessum
3478 659 3598 709 est:
3633 655 3776 724 quid
3809 671 3955 725 ergo

2243 740 2568 794 dubitamus
2589 741 2746 794 illam
2777 740 3166 795 deﬁnitionem
3185 742 3532 812 improbare,
3557 759 3686 813 quae
3708 759 3953 796 omnem

2243 843 2474 881 sensum
2502 828 2888 899 circumplecti
2918 829 3152 884 minime
3181 829 3390 900 potuit,
3423 830 3709 902 siquidem
3738 831 3956 886 bestia-

2243 931 2373 969 rum
2397 933 2594 970 sensus
2619 918 2878 970 exclusus
2904 919 3024 971 est?

2314 1005 2400 1057 50.
2445 1006 2517 1058 E.
2575 1006 2779 1057 Fateor
2829 1019 2922 1057 me
2982 1005 3303 1074 deceptum,
3353 1021 3485 1058 cum
3539 1006 3643 1060 tibi
3694 1007 3959 1061 concessi

2243 1090 2540 1146 scientiam
2573 1099 2705 1146 tunc
2745 1108 2867 1147 esse
2904 1109 3033 1146 cum
3065 1093 3282 1164 aliquid
3312 1093 3478 1148 ﬁrma
3509 1095 3730 1149 ratione
3761 1097 3957 1166 perci-

2243 1179 2416 1247 pitur.
2450 1179 2608 1234 Solos
2639 1180 2793 1233 enim
2825 1181 3108 1246 homines,
3147 1197 3278 1234 cum
3320 1183 3428 1234 hoc
3458 1183 3722 1252 rogabas,
3756 1185 3953 1239 intue-

2243 1267 2382 1320 bar:
2421 1283 2556 1321 nam
2599 1283 2786 1338 neque
2817 1285 3051 1338 possum
3101 1269 3288 1322 dicere
3332 1270 3553 1324 ratione
3583 1272 3667 1325 uti
3711 1273 3950 1338 bestias,

2245 1370 2348 1408 nec
2377 1355 2458 1408 eis
2488 1372 2717 1425 possum
2745 1356 3039 1410 scientiam
3068 1357 3369 1427 denegare.
3404 1358 3627 1412 Sciebat
3655 1360 3834 1422 enim,
3886 1368 3955 1415 ut

2245 1443 2471 1512 opinor,
2504 1443 2802 1497 dominum
2833 1460 2999 1497 suum
3039 1445 3213 1511 canis,
3247 1461 3417 1515 quem
3450 1452 3580 1516 post
3607 1448 3815 1517 viginti
3846 1465 3955 1501 an-

2246 1547 2349 1583 nos
2387 1532 2777 1600 recognovisse
2821 1532 3154 1601 perhibetur
3196 1532 3416 1600 (Odyss.
3451 1550 3493 1598 ρ,
3534 1538 3632 1588 291
3677 1535 3854 1606 sqq.),
3885 1542 3955 1590 ut

2243 1623 2461 1673 taceam
2490 1620 2559 1672 de
2589 1620 2809 1673 caeteris
2837 1620 3374 1676 innumerabilibus.
3401 1625 3482 1676 Α.
3520 1623 3618 1676 Dic
3646 1624 3812 1690 mihi,
3848 1641 3953 1678 oro

2242 1711 2320 1772 te,
2369 1706 2416 1759 si
2462 1706 2590 1760 dure
2639 1707 2901 1776 quaedam
2949 1724 3039 1760 res
3084 1707 3187 1761 tibi
3240 1716 3655 1780 proponantur,
3704 1728 3825 1766 una
3877 1713 3949 1765 ad

2243 1810 2416 1864 quam
2459 1795 2910 1864 perveniendum
2947 1796 3039 1864 sit,
3071 1797 3246 1849 altera
3291 1814 3394 1867 per
3432 1813 3606 1867 quam
3645 1801 3952 1868 pervenire

2242 1882 2452 1952 possis;
2485 1899 2656 1952 quam
2685 1883 2922 1936 istarum
2948 1885 3130 1953 pluris
3157 1885 3380 1955 pendis,
3411 1892 3467 1940 et
3486 1903 3658 1957 quam
3691 1889 3782 1941 cui
3803 1905 3954 1958 prte-

2243 1970 2447 2040 ponis?
2470 1973 2535 2025 E.
2584 1971 2720 2034 Quis
2768 1972 2993 2025 dubitat
3039 1989 3163 2025 eam
3211 1981 3483 2043 praestare
3530 1976 3600 2029 ad
3649 1992 3826 2046 quam
3876 1979 3954 2031 sit

2242 2058 2733 2127 perveniendum?
2760 2062 2834 2114 A.
2877 2061 3021 2129 Ergo
3061 2076 3187 2113 cum
3223 2061 3338 2115 sint
3383 2062 3512 2117 duae
3551 2079 3641 2117 res
3678 2067 3950 2135 quaedam

2242 2145 2477 2200 scientia
2505 2151 2562 2199 et
2599 2147 2767 2212 ratio,
2797 2163 2902 2216 per
2931 2146 3221 2200 scientiam
3258 2149 3622 2218 pervenimus
3659 2152 3732 2205 ad
3767 2153 3951 2206 ratio-

2242 2249 2397 2292 nem.
2436 2250 2508 2286 an
2537 2250 2642 2303 per
2677 2235 2958 2288 rationem
2992 2235 3063 2288 ad
3101 2235 3438 2290 scientiam?
3473 2241 3539 2292 E.
3576 2239 3826 2310 Utraque
3856 2257 3954 2294 res

2243 2321 2471 2376 sibimet
2515 2327 2794 2391 quantum
2829 2322 3095 2388 arbitror,
3135 2323 3212 2377 ita
3242 2340 3385 2378 nexa
3415 2331 3518 2392 est,
3544 2331 3610 2380 ut
3637 2344 3742 2396 per
3773 2329 3950 2383 alter-

2243 2413 2431 2462 utram
2461 2410 2533 2463 ad
2563 2411 2798 2463 alteram
2828 2411 3112 2480 perveniri
3142 2413 3335 2481 possit.
3371 2414 3629 2484 Namque
3660 2415 3730 2469 ad
3759 2416 3951 2484 ipsam

2244 2497 2526 2550 rationem
2561 2513 2674 2550 non
2707 2497 3153 2567 perveniremus,
3185 2499 3296 2552 nisi
3335 2501 3404 2554 ad
3437 2517 3564 2554 eam
3605 2504 3950 2572 pervenien-

2243 2584 2382 2638 dum
2426 2601 2544 2639 esse
2593 2585 2887 2640 sciremus.
2935 2587 3231 2641 Praecessit
3277 2604 3413 2657 ergo
3461 2589 3719 2657 scientia,
3766 2598 3833 2645 ut
3874 2593 3950 2646 ad

2243 2672 2523 2726 rationem
2553 2689 2656 2742 per
2684 2689 2808 2727 eam
2839 2675 3288 2743 perveniremus.
3323 2679 3394 2731 A.
3428 2676 3613 2740 Quid?
3638 2679 3711 2732 ad
3753 2678 3951 2749 ipsam

2243 2760 2537 2814 scientiam
2569 2778 2740 2830 quam
2783 2761 2923 2815 dicis
2960 2763 3304 2831 prmcedere,
3338 2763 3459 2816 sine
3490 2765 3710 2819 ratione
3742 2782 3948 2836 perve-

2243 2844 2437 2897 nitur?
2466 2847 2530 2899 E.
2567 2847 2872 2916 Nunquam
2895 2847 3002 2900 hoc
3026 2847 3268 2901 dixerim
3292 2864 3306 2901 :
3339 2864 3472 2901 nam
3504 2854 3587 2902 est
3614 2850 3694 2903 ita
3719 2867 3947 2907 summa

2243 2933 2554 2988 temeritas.
2601 2935 2678 2988 A.
2720 2936 2827 2988 Per
2872 2935 3154 2989 rationem
3193 2935 3406 3005 igitur?
3434 2939 3501 2992 E.
3555 2939 3682 2992 Non
3709 2938 3792 2992 ita
3841 2947 3948 2994 est.

2241 3021 2314 3074 Α.
2377 3022 2521 3092 Ergo
2574 3038 2675 3091 per
2738 3022 3154 3077 temeritatem?
3224 3027 3288 3078 E.
3346 3024 3480 3088 Quis
3535 3025 3645 3080 hoc
3701 3026 3951 3083 dixerit?

2243 3111 2315 3164 A.
2350 3111 2457 3163 Per
2483 3109 2618 3179 quid
2648 3110 2860 3180 igitur?
2893 3114 2960 3166 Ε.
2993 3113 3101 3166 Per
3138 3111 3303 3175 nihil,
3336 3113 3471 3184 quia
3502 3113 3744 3168 scientia
3769 3115 3948 3171 insita

2245 3203 2330 3251 est
2354 3197 2536 3251 nobis.

2319 3289 2404 3339 51.
2449 3289 2527 3340 Α.
2562 3286 2780 3340 Oblitus
2820 3286 2962 3340 mihi
2999 3287 3226 3354 videris,
3269 3288 3405 3358 quid
3440 3289 3592 3344 inter
3627 3307 3734 3344 nos
3773 3309 3946 3362 supe-

2242 3373 2364 3426 rius
2410 3374 2758 3441 convenerit,
2815 3390 2947 3428 cum
2999 3391 3287 3446 rogassem
3334 3381 3665 3432 utrumnam
3712 3385 3951 3449 putares

2244 3467 2383 3517 tunc
2429 3479 2548 3517 esse
2594 3464 2913 3531 scientiam,
2963 3480 3093 3518 cum
3135 3481 3224 3518 res
3273 3465 3466 3536 aliqua
3512 3467 3681 3520 ﬁrma
3721 3468 3950 3523 ratione

2244 3550 2577 3620 percipitur.
2613 3552 2756 3605 Nam
2794 3552 3158 3622 respondisti,
3189 3558 3255 3607 ut
3293 3554 3516 3624 opinor,
3547 3555 3695 3609 hanc
3725 3557 3833 3610 tibi
3867 3559 3947 3611 vi-

2244 3639 2366 3693 deri
2401 3640 2716 3693 humanam
2759 3640 3054 3693 scientiam
3079 3657 3091 3694 :
3122 3657 3274 3694 nunc
3310 3657 3442 3696 vero
3473 3642 3613 3696 dicis
3642 3661 3810 3713 posse
3841 3647 3952 3700 ho-

2244 3727 2462 3780 minem
2508 3719 2734 3782 habere.
2761 3728 3015 3798 aliquam
3063 3729 3376 3796 scientiam,
3437 3747 3567 3785 cum
3615 3748 3738 3785 rem
3789 3735 3950 3788 nulla

2243 3813 2464 3868 ratione
2494 3816 2832 3886 perceperit.
2872 3816 3009 3879 Quis
3045 3822 3233 3870 autem
3276 3834 3388 3872 non
3428 3818 3615 3872 videat
3654 3820 3799 3873 nihil
3841 3823 3950 3876 sibi

2245 3903 2535 3956 adversius
2584 3920 2726 3970 esse,
2787 3921 2960 3974 quam
3005 3905 3114 3959 ista
3159 3905 3272 3958 duo
3317 3911 3488 3960 sunt:
3548 3912 3605 3960 et
3652 3924 3774 3961 non
3824 3925 3948 3965 esse

2243 3990 2558 4064 scientiam,
2592 3991 2701 4045 nisi
2732 4007 2862 4046 cum
2896 4009 2986 4046 res
3015 3993 3206 4064 aliqua
3233 3993 3400 4046 ﬁrma
3437 3994 3659 4048 ratione
3689 3997 3944 4067 percipi-

2243 4083 2366 4144 tur;
2407 4084 2463 4133 et
2510 4096 2630 4134 esse
2679 4080 2972 4149 cujusdam
3024 4081 3107 4133 rei
3159 4080 3453 4135 scientiam
3508 4083 3670 4136 nulla
3720 4085 3948 4141 ratione

2250 4171 2550 4236 perceptae.
2582 4169 2779 4238 Itaque
2809 4184 2973 4222 nosse
3011 4168 3200 4239 cupio,
3245 4174 3437 4223 utrum
3474 4171 3686 4225 horum
3722 4173 3944 4244 eligas;

2245 4270 2380 4308 nam
2412 4259 2722 4325 utrumque
2749 4272 2946 4309 verum
2976 4272 3095 4310 esse
3125 4257 3282 4310 nullo
3303 4265 3468 4327 pacto
3488 4263 3696 4328 potest.
3728 4263 3794 4315 E.
3828 4264 3945 4316 Hoc

2244 4342 2392 4412 eligo
2416 4343 2566 4414 quod
2594 4344 2765 4413 paulo
2788 4349 2916 4398 ante
2937 4344 3081 4398 dixi:
3111 4361 3246 4398 nam
3266 4345 3412 4401 illud
3436 4347 3698 4417 superius
3727 4353 3948 4405 temere

2242 4446 2335 4484 me
2366 4430 2584 4486 dedisse
2617 4431 2915 4487 conﬁteor.
2956 4433 3098 4486 Cum
3117 4433 3272 4487 enim
3301 4434 3521 4489 ratione
3542 4435 3696 4490 inter
3722 4452 3828 4491 nos
3859 4455 3950 4493 ve-

2242 4533 2372 4573 rum
2406 4536 2750 4590 quaeramus,
2791 4520 2963 4590 idque
3000 4521 3101 4576 ﬁat
3134 4523 3392 4592 rogando
3423 4527 3479 4577 et
3515 4526 3945 4594 respondendo;

2247 4608 2537 4678 quomodo
2568 4613 2756 4678 posset
2783 4609 2854 4663 ad
2884 4625 3166 4664 summam
3189 4611 3488 4680 pervenire
3515 4627 3629 4681 qua
3657 4615 3950 4670 concludi-

2242 4701 2338 4750 tur
2367 4696 2529 4761 ratio,
2575 4696 2686 4750 nisi
2732 4697 2891 4768 prius
2934 4698 3153 4768 aliquid
3199 4700 3650 4754 concederetur?
3697 4702 3948 4759 Concedi

2243 4789 2436 4839 autem
2467 4790 2617 4840 recte
2647 4785 2745 4856 qui
2773 4791 2968 4855 posset
2997 4786 3148 4856 quod
3180 4788 3526 4842 nesciretur?
3552 4791 3634 4843 Ita
3662 4789 3772 4845 ista
3802 4793 3948 4847 ratio

2244 4873 2355 4926 nisi
2381 4873 2662 4926 inveniret
2689 4873 2751 4926 in
2793 4889 2884 4926 me
2930 4873 3147 4943 aliquid
3195 4877 3508 4946 cognitum,
3542 4894 3655 4948 quo
3690 4878 3949 4935 innitens

2243 4960 2316 5014 ad
2343 4959 2697 5030 incognitum
2729 4959 2987 5026 duceret;
3023 4961 3161 5014 nihil
3189 4964 3424 5018 omnino
3450 4981 3554 5034 per
3582 4965 3741 5020 illam
3773 4967 3951 5023 disce-

2242 5063 2385 5115 rem,
2426 5064 2529 5101 nec
2559 5063 2685 5100 eam
2723 5063 2957 5117 prorsus
2988 5049 3269 5104 rationem
3308 5052 3694 5108 nominarem.
3735 5055 3952 5118 Quam-

2243 5136 2442 5189 obrem
2470 5135 2679 5188 frustra
2720 5134 2861 5188 mihi
2896 5152 3012 5190 non
3042 5139 3330 5193 assentiris
3359 5145 3492 5195 ante
3531 5142 3817 5198 rationem
3846 5162 3947 5200 ne-

2243 5223 2486 5277 cessario
2517 5238 2636 5276 esse
2665 5222 2727 5276 in
2765 5223 2931 5278 nobis
2969 5225 3222 5297 aliquam
3265 5228 3583 5297 scientiam,
3632 5232 3788 5286 unde
3823 5233 3949 5304 ipsa

2241 5310 2388 5364 ratio
2420 5314 2607 5364 sumat
2655 5311 2972 5369 exordium.
3017 5314 3088 5368 A.
3131 5316 3333 5370 Geram
3369 5316 3475 5370 tibi
3515 5335 3762 5385 morem,
3807 5327 3864 5376 et
3895 5327 3948 5376 te

2243 5398 2475 5469 quidem
2488 5403 2554 5453 ut
2573 5398 2815 5468 institui,
2829 5402 3053 5472 quoties
3073 5403 3313 5474 alicujus
3328 5405 3446 5458 dati
3468 5394 3730 5476 poenitet,
3745 5425 3949 5465 emen-

2245 5487 2380 5540 dare
2411 5487 2774 5557 permittam:
2804 5491 2901 5545 sed
2927 5507 3018 5558 ne,
3054 5508 3267 5562 quaeso,
3291 5492 3543 5548 abutaris
3563 5495 3671 5549 ista
3691 5497 3946 5554 licentia.
