4064 6394
88 309 215 361 ιοθδ

82 431 137 481 et
168 425 550 498 negligenter,
582 438 713 479 cum
759 422 1075 495 interrogo,
1120 423 1416 493 attendas;
1458 440 1531 481 ne
1560 425 1782 482 assidue

84 516 235 570 male
266 529 553 581 concessa,
589 512 759 567 etiam
789 510 858 566 de
883 510 956 566 iis
1005 528 1135 584 qua:
1181 512 1327 567 bene
1371 514 1784 585 conceduntur,

87 603 351 659 dubitare
380 606 435 657 te
449 606 674 673 cogant.
693 604 758 657 E.
786 602 964 672 Perge
992 600 1184 671 potius
1199 602 1270 656 ad
1296 606 1499 656 caetera
1532 620 1545 658 :
1578 619 1786 675 quam-

83 691 167 746 vis
222 691 377 746 enim
425 691 631 746 addam
670 688 979 760 vigilantia:
1037 705 1181 744 meae
1227 690 1503 763 quidquid
1553 709 1786 762 possum

87 781 247 850 (nam
289 784 345 835 et
373 795 466 835 me
495 778 673 851 pudet
702 778 770 833 de
815 779 1096 833 sententia
1142 779 1340 834 cadere
1381 780 1588 853 toties),
1632 796 1784 835 nun-

89 885 264 941 quam
295 873 491 923 tamen
517 868 807 922 deterrear
834 867 1042 938 pudori
1078 868 1211 923 huic
1238 868 1430 936 reniti,
1479 875 1536 924 et
1565 870 1787 941 lapsum

91 974 309 1025 meum,
339 962 393 1012 te
421 956 742 1028 praesertim
773 972 1011 1010 manum
1042 957 1231 1023 dante,
1251 958 1558 1027 corrigere.
1593 960 1788 1030 Neque

90 1046 249 1102 enim
282 1050 368 1100 est
404 1045 533 1100 ideo
584 1043 942 1116 suscipienda
988 1045 1322 1116 pertinacia,
1362 1046 1499 1117 quia
1538 1048 1791 1119 optanda

89 1135 431 1191 constantia.

329 1223 553 1279 CAPUT
582 1223 789 1281 XXVII.
822 1253 891 1262 —
921 1224 1081 1277 Ratio
1109 1226 1159 1277 et
1188 1224 1553 1278 ratiocinatio.

164 1311 260 1363 52.
296 1310 366 1363 A.
398 1307 703 1363 Proveniat
727 1306 831 1361 tibi
858 1306 1028 1377 plane
1056 1306 1161 1361 ista
1174 1308 1493 1362 constantia
1518 1325 1688 1379 quam
1712 1309 1791 1363 ci-

91 1396 310 1450 tissime
339 1394 728 1467 potestzmihi
773 1394 1037 1465 placitam
1089 1394 1429 1450 sententiam
1477 1396 1787 1467 protulisti.

88 1485 207 1540 Sed
236 1501 391 1540 nunc
422 1484 522 1539 fito
553 1499 726 1555 quam
755 1482 1236 1554 prasentissimus
1264 1482 1335 1537 ad
1363 1482 1471 1537 ista
1495 1500 1623 1555 quae
1642 1484 1790 1539 volo.

96 1575 309 1639 Quaero
342 1573 497 1629 enim
528 1572 627 1627 abs
655 1576 734 1641 te,
762 1571 898 1643 quid
928 1571 1032 1626 tibi
1062 1571 1332 1626 interesse
1362 1572 1620 1627 videatur
1648 1573 1796 1628 inter

96 1663 386 1717 rationem
420 1666 475 1716 et
501 1660 1019 1716 ratiocinationem.
1057 1664 1121 1716 E.
1156 1662 1282 1715 Non
1313 1660 1446 1715 satis
1493 1661 1651 1715 valeo
1689 1660 1796 1715 ista

98 1751 446 1807 discernere.
480 1753 557 1806 A.
589 1752 703 1805 Hoc
721 1766 855 1821 ergo
882 1749 1127 1816 intuere,
1162 1754 1355 1803 utrum
1385 1748 1670 1803 existimes
1697 1749 1799 1803 ho-

96 1839 247 1895 mini
292 1840 411 1910 jam
464 1839 832 1909 adolescenti,
888 1838 1008 1893 viro
1060 1841 1158 1892 aut
1199 1838 1285 1909 (ut
1322 1854 1557 1894 omnem
1602 1837 1795 1893 amba-

98 1945 232 2000 gem
263 1929 545 1998 auferam)
578 1927 824 1999 sapienti
862 1927 981 1982 sine
1023 1926 1447 1982 intermissione
1480 1927 1662 1982 inesse
1705 1942 1797 1981 ra-

96 2017 344 2085 tionem,
377 2017 513 2071 dum
545 2020 737 2071 mente
787 2033 959 2071 sanus
1001 2021 1105 2085 est,
1152 2016 1298 2071 sicut
1338 2017 1547 2071 bonam
1587 2016 1801 2070 valetu-

99 2106 299 2163 dinem
330 2105 574 2178 corpori,
626 2105 762 2160 dum
814 2109 973 2177 peste
1021 2121 1085 2160 ac
1126 2104 1461 2160 vulneribus
1506 2107 1696 2172 caret;
1727 2121 1800 2159 an

96 2194 249 2249 sicut
295 2194 610 2261 ambulare,
664 2194 881 2255 sedere,
919 2193 1098 2265 loqui,
1162 2193 1330 2248 modo
1386 2193 1571 2249 inesse
1627 2193 1800 2249 modo

101 2283 319 2339 deesse.
361 2285 436 2339 E.
460 2283 624 2339 Sanae
652 2283 834 2337 menti
860 2299 1083 2355 semper
1111 2286 1250 2354 puto
1279 2282 1465 2338 inesse
1496 2282 1796 2339 rationem.

98 2376 180 2428 A.
213 2371 359 2438 Quid
388 2372 538 2427 hoc?
565 2372 703 2427 dum
726 2388 833 2443 per
861 2388 928 2426 ea
956 2386 1084 2443 qua:
1104 2371 1496 2426 conceduntur
1524 2387 1589 2426 ac
1616 2370 1801 2427 mani-

99 2462 249 2517 festa
278 2464 427 2528 sunt,
458 2460 547 2515 vel
579 2460 986 2532 interrogando
1033 2458 1233 2526 alium,
1279 2460 1367 2514 vel
1414 2460 1802 2516 connectendo

101 2551 238 2620 alia,
280 2549 644 2622 perducimus
700 2566 803 2604 nos
852 2549 920 2604 ad
962 2548 1201 2621 alicujus
1243 2547 1327 2602 rei
1373 2548 1800 2620 cognitionem;

98 2642 402 2697 videturne
431 2641 535 2696 tibi
566 2643 663 2695 aut
696 2656 822 2707 nos,
855 2642 955 2693 aut
985 2638 1171 2711 quivis
1200 2638 1426 2710 sapiens
1467 2655 1693 2710 semper
1719 2638 1804 2693 fa-

100 2731 282 2785 cere?
303 2732 368 2785 E.
402 2730 523 2784 Non
556 2743 781 2799 semper
810 2745 827 2781 :
858 2743 974 2782 non
1005 2727 1160 2781 enim
1191 2742 1419 2797 semper
1441 2726 1617 2780 homo
1671 2724 1805 2796 qui—

98 2819 247 2874 libet
277 2821 377 2872 aut
407 2817 653 2889 sapiens,
675 2820 955 2888 quantum
968 2816 1217 2887 opinior,
1233 2817 1321 2871 vel
1347 2830 1540 2870 secum
1569 2815 1655 2868 vel
1676 2830 1804 2869 cum

100 2908 216 2963 alio
248 2906 455 2979 quaerit
480 2904 698 2977 aliquid
722 2904 1053 2960 disserendo
1078 2920 1243 2959 :nam
1276 2902 1377 2974 qui
1405 2901 1635 2974 quaerit,
1659 2917 1805 2956 non-

101 2998 243 3053 dum
274 2995 529 3062 invenit;
582 2994 662 3048 ita
691 2993 737 3048 si
768 3008 997 3063 semper
1026 2991 1252 3064 quaerit,
1299 3006 1596 3062 nunquam
1649 2990 1805 3044 inve-

100 3086 209 3141 nit.
245 3084 482 3155 Sapiens
506 3087 701 3137 autem
725 3081 848 3153 jam
879 3080 1114 3149 invenit,
1143 3085 1209 3136 ut
1237 3079 1383 3136 nihil
1414 3079 1569 3135 aliud
1598 3077 1804 3146 dicam,

100 3173 191 3228 vel
224 3172 408 3245 ipsam
436 3170 798 3243 sapientiam,
839 3186 1036 3241 quam,
1066 3186 1195 3225 cum
1226 3173 1375 3225 esset
1421 3170 1646 3237 stultus,
1696 3167 1806 3223 dis-

100 3261 348 3317 serendo
378 3260 643 3325 fortasse,
682 3263 780 3313 aut
811 3275 1045 3330 quoquo
1075 3258 1244 3313 modo
1268 3258 1378 3312 alio
1423 3261 1666 3329 poterat,
1717 3272 1807 3311 re-

104 3350 395 3423 quirebat.
430 3349 504 3404 A.
540 3349 710 3403 Recte
741 3347 917 3402 dicis:
952 3363 1128 3418 quare
1178 3346 1465 3418 intelligas
1516 3347 1646 3401 volo
1693 3362 1810 3401 non

102 3456 231 3496 esse
259 3439 430 3493 istam
460 3438 768 3505 rationem,
814 3437 952 3491 dum
995 3452 1101 3507 per
1148 3452 1215 3490 ea
1258 3452 1388 3508 quae
1419 3436 1811 3491 conceduntur

106 3534 285 3601 atque
316 3526 545 3599 cognita
574 3530 727 3595 sunt,
756 3526 827 3581 ad
858 3525 1075 3597 aliquid
1104 3524 1465 3597 incognitum
1499 3525 1763 3581 ducimur
1794 3541 1808 3580 :

106 3618 219 3672 hoc
250 3615 405 3670 enim
432 3631 549 3670 non
606 3630 854 3685 semper,
905 3618 971 3668 ut
1019 3614 1141 3684 jam
1198 3613 1609 3683 consensimus,
1664 3613 1814 3668 inest

106 3704 295 3762 menti
322 3720 474 3759 sane:
500 3724 515 3772 ;
547 3703 692 3758 ratio
722 3707 916 3758 autem
944 3718 1189 3773 semper.

181 3797 271 3850 53.
306 3797 369 3849 E.
402 3792 665 3864 Intelligo
690 3808 703 3860 ;
734 3793 833 3847 sed
864 3807 1139 3863 quorsum
1168 3791 1277 3845 ista
1297 3790 1326 3844 ?
1353 3791 1430 3845 Α.
1461 3789 1603 3854 Quia
1639 3789 1813 3861 paulo

105 3888 242 3939 ante
275 3882 485 3948 dixisti,
517 3885 824 3953 propterea
855 3896 946 3935 me
977 3879 1083 3934 tibi
1100 3880 1306 3935 debere
1337 3878 1599 3933 assentiri
1630 3878 1812 3933 scien-

106 3973 254 4029 tiam
280 3987 385 4026 nos
410 3970 622 4025 habere
652 3973 781 4024 ante
812 3968 1112 4035 rationem,
1160 3968 1312 4040 quod
1344 3966 1574 4039 cognito
1622 3968 1814 4039 aliquo

107 4061 348 4129 nititur,
380 4060 515 4114 dum
546 4075 647 4113 nos
678 4058 825 4113 ratio
846 4058 916 4113 ad
939 4056 1297 4129 incognitum
1317 4057 1473 4111 ducit
1496 4074 1508 4112 :
1530 4072 1682 4111 nunc
1709 4074 1815 4111 au-

104 4154 228 4205 tem
258 4146 587 4202 invenimus
619 4162 739 4200 non
757 4144 1045 4200 rationem
1072 4143 1386 4199 vocandam
1407 4161 1526 4199 esse
1549 4144 1687 4199 dum
1707 4145 1817 4199 hoc

107 4238 341 4310 agitur;
377 4252 492 4290 non
518 4235 671 4290 enim
704 4251 840 4290 sana
890 4249 1051 4289 mens
1080 4232 1197 4305 agit
1253 4233 1360 4289 hoc
1399 4249 1646 4304 semper,
1687 4250 1818 4289 cum

108 4347 348 4402 semper
375 4329 583 4384 habeat
623 4327 943 4384 rationem:
976 4326 1076 4381 sed
1122 4329 1273 4381 recte
1322 4325 1429 4381 ista
1466 4326 1701 4381 fortasse
1722 4342 1821 4381 ra-

108 4420 417 4478 tiocinatio
471 4417 839 4486 nominatur;
896 4419 960 4471 ut
1012 4416 1154 4471 ratio
1201 4415 1274 4469 sit
1329 4415 1564 4486 quidam
1613 4416 1822 4471 mentis

112 4513 410 4582 aspectus,
456 4506 821 4563 ratiocinatio
883 4508 1077 4560 autem
1118 4503 1352 4559 rationis
1401 4503 1716 4576 inquisitio,
1763 4505 1824 4560 id

112 4604 225 4667 est,
283 4602 547 4670 aspectus
604 4595 779 4664 illius,
825 4611 927 4667 per
987 4611 1053 4649 ea
1108 4610 1238 4665 quae
1293 4593 1617 4664 aspicienda
1669 4598 1822 4664 sunt,

113 4688 329 4744 motio.
364 4687 550 4752 Quare
596 4684 703 4739 ista
758 4700 903 4756 opus
950 4675 1033 4753 est
1073 4683 1141 4737 ad
1171 4682 1565 4753 quaerendum,
1598 4683 1697 4738 illa
1753 4683 1827 4738 ad

112 4776 456 4833 videndum.
504 4776 699 4846 Itaque
754 4789 886 4828 cum
936 4773 1032 4827 ille
1077 4771 1285 4826 mentis
1331 4776 1611 4843 aspectus,
1655 4788 1827 4843 quem

111 4866 409 4922 rationem
441 4879 728 4931 vocamus,
781 4862 1076 4934 conjectus
1102 4860 1162 4915 in
1215 4876 1337 4916 rem
1371 4859 1646 4932 aliquam,
1679 4860 1830 4916 videt

111 4952 305 5015 illam,
369 4948 607 5003 scientia
654 4947 1032 5003 nominatur:
1068 4962 1199 5002 cum
1255 4951 1446 5001 autem
1504 4963 1621 5000 non
1679 4946 1831 5001 videt

110 5056 309 5107 mens,
344 5036 605 5110 quamvis
635 5037 897 5092 intendat
934 5039 1261 5109 aspectum;
1298 5034 1520 5091 inscitia
1549 5035 1637 5090 vel
1665 5034 1828 5107 igno-

111 5128 313 5185 rantia
343 5127 574 5183 dicitur.
608 5127 737 5183 Non
793 5125 948 5181 enim
1004 5130 1060 5181 et
1094 5124 1185 5181 his
1234 5124 1625 5196 corporalibus
1656 5124 1834 5179 oculis

113 5217 317 5274 omnis
352 5216 452 5289 qui
496 5216 719 5288 aspicit,
751 5214 940 5282 videt;
974 5215 1129 5286 quod
1158 5215 1218 5269 in
1260 5214 1509 5270 tenebris
1564 5213 1834 5271 facillime

118 5304 662 5363 animadvertimus.
694 5305 772 5359 Ex
805 5318 920 5374 quo
951 5302 1152 5374 liquet,
1178 5306 1243 5357 ut
1269 5303 1495 5374 opinor,
1527 5303 1683 5358 aliud
1712 5318 1836 5358 esse

118 5401 450 5471 aspectum,
484 5394 640 5450 aliud
670 5393 981 5461 visionem;
1013 5408 1142 5463 qua:
1173 5392 1285 5447 duo
1308 5393 1367 5448 in
1417 5397 1609 5449 mente
1656 5393 1837 5448 ratio-

125 5501 267 5540 nem
299 5489 358 5539 et
390 5480 689 5537 scientiam
717 5478 1102 5555 nominamus.
1136 5477 1255 5532 Nisi
1292 5478 1429 5549 quid
1470 5483 1527 5533 te
1572 5479 1837 5534 adversus

126 5575 254 5629 haec
279 5574 500 5637 movet,
534 5570 634 5623 aut
660 5583 866 5639 parum
895 5565 1141 5621 dilucide
1171 5563 1279 5620 ista
1304 5565 1568 5623 distincta
1598 5566 1835 5622 arbitra-

455 5676 736 5742 PATROL.
790 5672 1032 5741 XXXII.

1599 303 1811 361 LIBER
1852 303 1949 362 UN
1954 304 2057 361 US.

3448 311 3583 365 i066

1892 427 1991 483 ris.
2024 431 2090 483 E.
2124 429 2231 483 Per
2259 428 2403 484 mihi
2447 429 2570 484 haec
2606 427 2895 485 distinctio
2936 428 3120 500 placet
3151 428 3200 497 ‘,
3240 433 3297 486 et
3338 420 3584 489 libenter

1892 517 2187 572 assentior.
2216 520 2292 573 Α.
2342 517 2479 573 Vide
2532 534 2669 589 ergo
2718 534 2894 585 nunc,
2942 522 3139 573 utrum
3183 534 3289 573 nos
3334 520 3585 591 aspicere

1890 610 2079 677 putes,
2157 610 2220 661 ut
2290 605 2619 674 videamus;
2681 623 2757 662 an
2826 606 3019 663 videre
3086 611 3152 662 ut
3222 607 3586 680 aspiciamus.

1890 698 1956 750 E.
1992 694 2134 749 Hinc
2158 710 2290 749 vero
2321 711 2392 750 ne
2421 711 2603 750 caicus
2652 696 2885 767 quidem
2933 696 3239 768 quisquam
3292 696 3585 751 dubitave-

1893 785 1987 852 rit,
2018 787 2309 855 aspectum
2362 800 2479 838 esse
2530 789 2765 855 propter
2818 785 3116 851 visionem,
3160 801 3281 840 non
3309 784 3585 840 visionem

1894 876 2129 943 propter
2156 876 2467 943 aspectum.
2497 875 2574 927 .4.
2609 873 2918 928 Fatendum
2946 873 3124 944 igitur
3150 873 3427 928 visionem
3454 873 3587 944 plu-

1895 960 1974 1015 ris
2010 978 2185 1032 quam
2226 965 2516 1031 aspectum
2572 976 2694 1015 esse
2748 961 3129 1031 pendendam.
3160 964 3232 1017 E.
3273 961 3592 1016 Fatendum

1897 1049 2153 1105 omnino.
2187 1051 2260 1105 Α.
2294 1051 2441 1120 Ergo
2472 1054 2528 1104 et
2557 1048 2853 1104 scientiam
2884 1050 3063 1118 pluris
3087 1066 3261 1120 quam
3285 1049 3588 1105 rationem.

1896 1142 1963 1194 E.
1995 1140 2356 1211 Consequens
2385 1138 2568 1193 video.
2602 1139 2676 1194 A.
2725 1139 2987 1193 Placetne
3039 1138 3144 1191 tibi
3188 1137 3455 1193 meliores
3492 1142 3592 1193 aut

1897 1227 2179 1282 feliciores
2233 1244 2353 1282 esse
2396 1226 2731 1283 hominibus
2780 1225 3035 1281 bestias?
3088 1228 3154 1280 E.
3186 1228 3414 1281 Avertat
3443 1228 3591 1281 Deus

1897 1316 2016 1369 tam
2046 1315 2359 1371 immanem
2388 1314 2719 1371 amentiam.
2750 1314 2822 1369 A.
2864 1314 3035 1369 Recte
3065 1330 3200 1368 sane
3228 1313 3592 1383 exhorruisti;

1900 1403 1999 1457 sed
2031 1402 2101 1457 ad
2125 1402 2184 1457 id
2213 1419 2316 1457 nos
2354 1402 2508 1473 cogit
2551 1400 2837 1456 sententia
2882 1406 2983 1456 tua
3016 1418 3029 1457 :
3070 1400 3263 1456 dixisti
3304 1401 3457 1456 enim
3500 1418 3594 1455 eas

1899 1489 2112 1546 habere
2142 1490 2460 1557 scientiam,
2497 1494 2553 1545 et
2582 1506 2695 1544 non
2723 1489 2935 1544 habere
2964 1489 3268 1545 rationem.
3294 1489 3596 1545 Rationem

1902 1583 2095 1633 autem
2120 1578 2292 1634 habet
2318 1578 2513 1646 homo,
2542 1595 2645 1649 per
2675 1594 2849 1650 quam
2880 1578 2967 1633 vix
3017 1579 3088 1633 ad
3134 1578 3430 1633 scientiam
3457 1594 3596 1649 per-

1903 1666 2146 1722 venitur.
2184 1667 2295 1722 Sed
2326 1671 2387 1722 ut
2415 1667 2724 1722 concedam
2752 1666 2913 1721 facile
2960 1667 3285 1738 perveniri;
3319 1667 3456 1737 quid
3492 1682 3599 1721 nos

1904 1755 1992 1826 adj
2003 1754 2197 1809 uvabit
2226 1754 2392 1823 ratio,
2417 1760 2481 1809 ut
2511 1754 2705 1809 bestiis
2723 1771 2825 1809 nos
2845 1756 3276 1826 anteponendos
3303 1760 3595 1826 putemus,

1906 1858 2037 1897 cum
2062 1842 2176 1897 illas
2204 1842 2455 1897 habeant
2481 1842 2799 1911 scientiam,
2830 1847 2886 1898 et
2913 1843 3060 1898 hanc
3096 1843 3276 1914 pluris
3305 1859 3477 1916 quam
3505 1859 3598 1898 ra-

1904 1930 2121 1987 tionem
2150 1931 2515 2002 pendendam
2543 1947 2663 1985 esse
2692 1934 3048 2002 compertum
3077 1931 3197 1986 sit?

1908 2019 2133 2075 CAPUT
2171 2019 2401 2075 XXVIII.
2443 2048 2512 2059 -—
2538 2020 2730 2075 Bestiae
2770 2021 2882 2074 vim
2923 2019 3191 2076 sentiendi
3231 2019 3448 2088 habent,
3494 2035 3601 2076 non

2608 2109 2911 2164 scientiam.

1981 2197 2067 2251 54.
2099 2198 2165 2252 Ε.
2214 2195 2398 2268 Cogor
2452 2194 2712 2265 omnino,
2769 2199 2871 2251 aut
2910 2194 3205 2251 scientiam
3244 2195 3442 2252 bestiis
3484 2212 3603 2253 non

1910 2285 2242 2356 concedere,
2275 2287 2375 2339 aut
2401 2283 2547 2340 nihil
2579 2300 2860 2352 recusare,
2890 2282 3033 2356 quin
3050 2284 3192 2340 mihi
3221 2284 3428 2340 merito
3444 2288 3604 2341 ante-

1909 2378 2223 2445 ponantur.
2265 2373 2395 2442 Sed,
2448 2390 2663 2445 quteso,
2709 2372 2928 2446 explica
2971 2373 3131 2439 illud,
3163 2374 3317 2446 quod
3358 2374 3429 2430 de
3465 2387 3606 2429 cane

1912 2464 2122 2535 Ulyssis
2152 2462 2618 2527 commemoravi,
2649 2463 2956 2533 qualenam
3011 2461 3086 2517 sit
3113 2477 3127 2516 :
3161 2478 3293 2517 nam
3346 2462 3468 2534 ejus
3496 2461 3606 2516 ad-

1911 2552 2220 2609 miratione
2250 2555 2567 2607 commotus
2593 2556 2713 2607 tam
2767 2550 3019 2606 inaniter
3071 2551 3291 2606 latravi.
3345 2553 3418 2607 A.
3462 2549 3609 2615 Quid

1915 2644 2106 2698 autem
2136 2641 2245 2697 hoc
2270 2644 2439 2713 putas
2470 2656 2613 2708 esse,
2646 2639 2757 2694 nisi
2784 2639 2901 2695 vim
2950 2640 3258 2711 quamdam
3306 2638 3609 2707 sentiendi,

1913 2747 2031 2787 non
2059 2729 2316 2786 sciendi?
2348 2729 2524 2784 Sensu
2556 2727 2711 2783 enim
2740 2744 2845 2783 nos
2871 2727 3069 2783 bestias
3095 2729 3293 2783 multm
3316 2731 3609 2799 superant,

1913 2821 2076 2891 cujus
2104 2818 2189 2874 rei
2235 2834 2465 2873 causam
2507 2833 2625 2871 non
2668 2816 2761 2871 hic
2806 2817 2966 2870 locus
3014 2820 3099 2870 est
3143 2819 3208 2870 ut
3260 2831 3610 2887 quaeramus,

1914 2912 2105 2964 mente
2135 2910 2348 2974 autem,
2379 2905 2622 2972 ratione,
2649 2903 2900 2971 scientia,
2934 2919 3036 2958 nos
3064 2903 3176 2957 illis
3205 2904 3356 2958 Deus
3384 2919 3611 2975 praapo-

1915 2997 2046 3053 suit.
2079 2997 2189 3053 Sed
2217 2995 2313 3051 ille
2344 3010 2542 3050 sensus
2571 3009 2639 3049 ea
2666 2992 2873 3065 quibus
2898 2992 3039 3047 tales
3083 2990 3290 3046 anima:
3323 2992 3613 3047 delectan-

1913 3090 2028 3152 tur,
2077 3085 2376 3140 accedente
2434 3081 2845 3138 consuetudine
2894 3080 3054 3151 cujus
3107 3096 3318 3150 magna
3368 3079 3452 3135 vis
3507 3085 3614 3148 est,

1913 3178 2105 3247 potest
2127 3174 2449 3230 discernere
2473 3193 2488 3241 ;
2519 3176 2691 3243 atque
2722 3186 2790 3225 eo
2820 3168 3057 3235 facilius,
3091 3169 3243 3240 quod
3271 3168 3465 3224 anima
3492 3168 3614 3224 bel-

1916 3265 2143 3319 luarum
2171 3262 2354 3334 magis
2373 3260 2602 3333 corpori
2647 3259 2815 3315 affixa
2830 3262 2935 3329 est,
2966 3258 3128 3329 cujus
3156 3257 3242 3311 illi
3264 3262 3399 3313 sunt
3416 3273 3615 3313 sensus

1917 3352 2126 3425 quibus
2157 3351 2342 3407 utitur
2386 3350 2461 3405 ad
2517 3349 2733 3404 victum
2788 3347 3278 3419 voluptatemque,
3320 3362 3495 3417 quam
3551 3362 3617 3402 ex

1918 3441 2123 3497 eodem
2149 3440 2250 3495 illo
2280 3454 2522 3511 corpore
2552 3437 2723 3509 capit.
2773 3438 3036 3492 Humana
3086 3451 3219 3491 vero
3274 3436 3468 3490 anima
3517 3451 3621 3507 per

1920 3528 2204 3585 rationem
2255 3531 2426 3599 atque
2461 3526 2776 3593 scientiam,
2836 3525 2904 3580 de
2955 3524 3164 3596 quibus
3193 3523 3436 3595 agimus,
3469 3524 3620 3595 quod

1920 3622 2055 3673 sunt
2082 3617 2189 3672 ista
2213 3616 2383 3687 longe
2410 3614 2810 3688 praestantiora
2850 3613 3130 3681 sensibus,
3162 3612 3459 3684 suspendit
3499 3627 3559 3666 se
3588 3627 3622 3665 a

1918 3721 2153 3776 corpore
2183 3708 2464 3775 quantum
2494 3707 2703 3774 potest,
2735 3706 2792 3758 et
2821 3719 2889 3757 ea
2917 3718 3047 3773 quas
3085 3701 3262 3768 intus,
3291 3704 3396 3768 est,
3429 3699 3616 3755 liben-

1921 3793 2035 3849 tius
2064 3792 2272 3847 fruitur
2298 3791 2596 3862 voluptate
2620 3807 2634 3857 ;
2666 3793 2993 3861 quantoque
3023 3778 3083 3842 in
3113 3804 3312 3843 sensus
3351 3787 3616 3856 declinat,

1921 3884 2080 3936 tanto
2111 3879 2295 3950 magis
2319 3878 2656 3934 similiorem
2684 3877 2976 3932 hominem
3000 3877 3193 3948 pecori
3206 3876 3361 3931 facit.
3383 3876 3518 3931 Inde
3536 3881 3622 3931 est

1925 3970 2080 4043 quod
2110 3969 2283 4023 etiam
2314 3967 2480 4040 pueri
2512 3967 2823 4039 vagientes,
2866 3970 3082 4038 quanto
3140 3965 3439 4021 alieniores
3467 3982 3501 4020 a
3528 3981 3620 4019 ra-

1923 4059 2080 4115 tione
2140 4061 2291 4126 sunt,
2352 4060 2510 4112 tanto
2560 4055 2782 4111 facilius
2835 4055 3162 4110 discernunt
3212 4070 3384 4109 sensu
3448 4053 3622 4109 etiam

1925 4149 2249 4203 contactum
2280 4143 2862 4216 conjunctionemque
2909 4143 3219 4211 nutricum,
3257 4158 3362 4197 nec
3390 4142 3623 4197 odorem

1927 4236 2170 4292 aliarum
2201 4238 2443 4307 possunt
2491 4233 2794 4304 sustinere,
2852 4248 2985 4288 cum
3013 4232 3222 4305 quibus
3271 4231 3624 4288 consuetudo

1926 4342 2046 4381 non
2074 4323 2200 4379 fuit.

2000 4419 2087 4470 55.
2123 4414 2532 4481 Quamobrem,
2589 4411 2852 4485 quamvis
2891 4410 3044 4466 aliud
3086 4427 3156 4467 ex
3199 4409 3313 4465 alio
3341 4408 3626 4477 inciderit,

1926 4502 2174 4558 libenter
2186 4506 2377 4558 tamen
2407 4502 2468 4557 in
2488 4519 2555 4557 eo
2569 4517 2831 4556 sermone
2857 4500 3145 4567 demoror,
3165 4516 3279 4571 quo
3290 4499 3631 4554 admonetur

1932 4592 2143 4660 anima,
2176 4608 2247 4646 ne
2279 4608 2338 4646 se
2365 4592 2517 4646 ultra
2546 4606 2718 4662 quam
2748 4588 3050 4644 necessitas
3073 4588 3244 4659 cogit,
3277 4588 3543 4643 refundat
3570 4587 3631 4642 in

1931 4697 2134 4736 sensus
2158 4698 2172 4748 ;
2201 4680 2302 4735 sed
2334 4680 2406 4734 ab
2432 4678 2520 4734 his
2532 4678 2725 4751 potius
2755 4677 2824 4732 ad
2839 4677 3083 4748 seipsam
3097 4676 3346 4747 colligat,
3366 4680 3423 4732 et
3434 4692 3637 4748 repue-

1934 4772 2119 4824 rascat
2136 4770 2279 4823 Deo:
2305 4766 2461 4839 quod
2480 4772 2564 4822 est
2583 4782 2797 4821 novum
2816 4764 3109 4820 hominem
3130 4765 3276 4832 ﬁeri,
3297 4769 3485 4837 vetere
3503 4781 3636 4821 exu—

1933 4861 1993 4912 to
2020 4874 2033 4925 ;
2064 4874 2097 4912 a
2126 4872 2241 4929 quo
2273 4855 2527 4927 incipere
2552 4858 2791 4927 propter
2818 4854 3136 4925 neglectam
3152 4854 3253 4909 Dei
3270 4854 3457 4926 legem
3484 4858 3639 4910 certa

1936 4950 2022 5002 est
2048 4944 2375 5007 necessitas,
2404 4960 2519 5016 quo
2546 4959 2732 5015 neque
2764 4943 2952 4998 verius
2971 4958 3157 5014 neque
3175 4943 3448 4998 secretius
3475 4943 3638 5015 quid-

1940 5052 2114 5108 quam
2143 5034 2446 5106 Scripturis
2474 5032 2683 5089 divinis
2712 5033 3051 5089 continetur.
3079 5034 3295 5089 Vellem
3319 5033 3453 5089 hinc
3469 5034 3636 5103 plura

1941 5124 2151 5190 dicere,
2173 5140 2236 5179 ac
2249 5122 2533 5194 meipsum
2545 5122 2956 5194 constringere,
2979 5123 3115 5177 dum
3130 5122 3292 5195 quasi
3310 5122 3413 5176 tibi
3432 5120 3634 5191 praeci-

1940 5213 2058 5285 pio,
2080 5217 2146 5267 ut
2172 5211 2317 5266 nihil
2350 5210 2508 5266 aliud
2526 5227 2753 5283 agerem
2767 5228 2941 5284 quam
2968 5211 3237 5267 redderer
3264 5209 3426 5276 mihi,
3444 5208 3639 5264 cuime

1941 5300 2195 5357 maxime
2250 5299 2429 5355 debeo
2477 5300 2522 5371 (ί
2559 5302 2824 5371 Retract.,
2860 5316 2980 5371 cap.
3026 5303 3080 5367 8,
3126 5316 3183 5355 n.
3224 5298 3274 5368 3)
3308 5314 3321 5352 :
3353 5300 3525 5367 atque
3560 5296 3642 5352 ita

1943 5391 2063 5447 Deo
2096 5388 2247 5460 ﬁeri,
2280 5389 2431 5462 quod
2464 5387 2545 5444 ait
2574 5388 2858 5457 Horatius,
2901 5390 3156 5444 Amicum
3185 5388 3514 5455 mancipium
3542 5386 3640 5442 do-

2010 5516 2027 5549 ι
2060 5513 2145 5565 Sic
2174 5526 2358 5577 omnes
2388 5526 2518 5577 quas
2534 5511 2767 5577 legimus
2792 5510 3079 5577 editiones;
3100 5521 3280 5577 nonne
3301 5506 3490 5561 melius
3504 5507 3643 5575 lege-

1948 5579 2094 5627 retur
2125 5591 2136 5624 :
2166 5579 2284 5625 Haec
2313 5571 2756 5627 disiinctio'miht
2776 5573 3077 5638 perplacet?
3138 5571 3209 5621 M.

2738 5673 3310 5757 (Trente-quatre.)
