4064 6374
479 306 500 357 ‘l
511 302 611 357 067

475 427 622 480 mino
643 424 828 495 (Serm.
862 421 980 476 Lib.
1022 424 1076 487 2,
1128 421 1305 474 satira
1333 423 1382 487 1,
1411 435 1464 473 υ.
1494 420 1549 486 2,
1595 419 1668 488 3).
1720 417 1883 481 Quod
1933 416 2166 470 omnino

475 515 604 568 ﬁeri
630 529 743 567 non
773 514 976 582 potest,
1009 509 1119 563 nisi
1146 509 1215 564 ad
1244 509 1366 580 ejus
1407 508 1785 564 reformemur
1831 504 2164 572 imaginem,

474 617 650 672 quam
680 599 843 653 nobis
873 602 938 653 ut
981 597 1462 668 pretiosissimum
1505 595 1782 667 quiddam
1804 597 1860 647 et
1903 591 2167 646 charissi-

479 704 640 742 mum
670 685 1098 741 custodiendam
1131 685 1306 752 dedit,
1339 685 1476 739 dum
1507 700 1612 736 nos
1642 682 1795 752 ipsos
1833 679 2000 734 nobis
2027 679 2167 732 tales

479 777 653 839 dedit,
687 775 950 847 qualibus
980 775 1124 829 nihil
1153 774 1334 844 possit
1375 777 1582 844 praeter
1632 772 1820 840 ipsum
1875 766 2164 837 anteponi.

479 865 592 918 Hac
617 869 810 919 autem
857 862 1078 917 actione
1127 861 1268 916 nihil
1321 860 1464 914 mihi
1492 859 1716 914 videtur
1764 857 2079 928 operosius,
2113 858 2169 908 et

479 952 623 1006 nihil
653 957 737 1005 est
764 950 1065 1005 cessatioui
1088 949 1332 1003 similius
1365 965 1377 1002 :
1407 963 1594 1018 neque
1620 950 1814 1000 tamen
1841 961 1967 999 eam
1997 942 2169 997 susci-

473 1055 612 1110 pere
639 1043 740 1094 aut
757 1039 996 1109 implere
1018 1037 1474 1109 animuspotest,
1494 1035 1605 1089 nisi
1627 1051 1693 1088 eo
1715 1035 1839 1104 ipso
1866 1033 2167 1104 adjuvaute

475 1126 567 1180 cui
596 1125 873 1180 redditur.
908 1125 1064 1178 Unde
1093 1124 1158 1177 ﬁt
1197 1127 1260 1177 ut
1287 1123 1460 1176 homo
1491 1122 1614 1191 ejus
1645 1118 1945 1174 clementia
1983 1117 2164 1172 refor-

474 1214 718 1267 mandus
747 1212 820 1266 sit
850 1212 1011 1282 cujus
1040 1211 1290 1266 bonitate
1322 1225 1384 1264 ac
1413 1211 1694 1279 potestate
1741 1207 2019 1261 formatus
2063 1209 2163 1258 est.

545 1305 632 1356 56.
665 1299 774 1355 Sed
802 1300 871 1354 ad
899 1299 1258 1370 propositum
1288 1297 1472 1352 redire
1501 1296 1779 1367 cogimur.
1809 1296 1994 1359 Quare
2040 1292 2166 1347 vide

473 1393 670 1444 utrum
699 1387 804 1443 tibi
831 1388 949 1458 jam
971 1387 1279 1458 probatum
1311 1385 1404 1455 sit,
1436 1385 1582 1439 feras
1605 1401 1722 1438 non
1746 1383 1955 1438 habere
1986 1382 2166 1436 scien-

471 1477 634 1540 tiam,
665 1480 954 1546 totamque
985 1475 1144 1529 illam
1173 1475 1328 1528 velut
1353 1473 1664 1544 imaginem
1695 1471 1961 1539 scientiae,
1994 1485 2166 1542 quam

473 1564 773 1631 miramur,
803 1564 918 1618 vim
949 1579 1069 1617 esse
1096 1561 1398 1617 sentiendi.
1448 1565 1513 1617 E.
1570 1561 1880 1615 Probatum
1909 1575 2042 1614 sane
2067 1578 2081 1626 ;
2111 1562 2167 1612 et

472 1653 521 1707 si
536 1653 674 1724 quid
697 1653 765 1707 de
779 1653 888 1706 hoc
899 1651 1230 1722 diligentius
1255 1650 1631 1722 quaerendum
1648 1654 1750 1715 est,
1773 1649 1925 1702 aliud
1940 1651 2163 1717 tempus

471 1741 800 1812 aucupabor
830 1756 844 1794 :
872 1755 1024 1793 nunc
1049 1755 1212 1793 nasse
1241 1739 1410 1808 cupio
1439 1738 1579 1808 quid
1609 1738 1742 1791 hinc
1771 1736 2056 1790 conﬁcias.

546 1829 770 1883 CAPUT
793 1828 975 1881 XXIX.
1009 1857 1078 1866 —
1106 1827 1344 1881 Scientia
1367 1829 1418 1880 et
1436 1840 1622 1880 sensus
1652 1816 1787 1893 quid
1815 1823 2090 1892 differant.

541 1917 612 1970 A.
641 1915 789 1980 Quid
819 1913 974 1968 aliud
1004 1919 1166 1984 puta,
1201 1913 1315 1968 nisi
1344 1914 1740 1968 deﬁnitionem
1760 1913 1918 1967 illam
1944 1927 2162 1978 sensus,

470 2009 537 2059 ut
566 2008 734 2058 antea
762 2003 918 2074 quod
950 2003 1141 2057 nescio
1173 2003 1313 2073 quid
1342 2005 1471 2073 plus
1499 2019 1672 2073 quam
1723 2017 1953 2055 sensum
1981 1999 2163 2054 inclu-

471 2092 658 2159 debat,
691 2092 772 2145 ita
801 2107 952 2145 nunc
981 2091 1266 2145 contrario
1325 2091 1462 2145 vitio
1511 2091 1793 2159 vacillare,
1843 2089 1997 2160 quod
2047 2103 2165 2142 non

469 2197 700 2236 omnem
726 2195 957 2234 sensum
983 2179 1174 2250 potuit
1202 2179 1536 2233 includere?
1567 2180 1788 2233 Habent
1830 2177 1984 2232 enim
2028 2176 2163 2230 fera:

470 2285 720 2336 sensum,
752 2283 858 2323 nec
884 2268 1100 2322 habent
1129 2267 1429 2322 scientiam
1463 2285 1475 2321 :
1504 2267 1785 2339 quidquid
1815 2271 2007 2322 autem
2046 2282 2162 2320 non

467 2359 627 2428 latet,
657 2357 833 2412 scitur
859 2373 874 2424 ;
899 2360 956 2410 et
985 2371 1155 2410 omne
1183 2356 1339 2426 quod
1365 2356 1558 2420 scitur,
1591 2356 1663 2410 ad
1709 2355 2000 2410 scientiam
2029 2371 2162 2425 pro-

467 2447 613 2500 fecto
667 2444 938 2516 pertinet.
973 2445 1052 2498 De
1083 2442 1290 2514 quibus
1343 2445 1611 2496 omnibus
1636 2443 1756 2513 jam
1802 2443 1946 2497 mihi
1975 2449 2162 2497 tecum

416 2563 427 2572 -
468 2534 750 2590 convenit.
781 2535 895 2586 Aut
924 2531 1101 2603 igitur
1129 2548 1246 2586 non
1267 2537 1353 2586 est
1383 2548 1602 2602 verum,
1629 2548 1856 2586 sensum
1889 2548 2009 2586 esse
2038 2548 2164 2602 pas-

470 2623 691 2678 sionem
716 2621 969 2692 corporis
982 2636 1099 2674 non
1124 2621 1400 2674 latentem
1429 2620 1679 2674 animam
1704 2637 1717 2687 ;
1749 2625 1848 2674 aut
1871 2636 1938 2674 eo
1969 2625 2165 2674 carent

467 2711 682 2777 bestiae,
697 2709 833 2781 quia
849 2709 1086 2763 scientia
1114 2713 1565 2763 carent:sensum
1587 2713 1780 2762 autem
1803 2708 2162 2764 concedimus

467 2800 690 2854 bestiis:
715 2798 968 2853 deﬁnitio
1000 2813 1135 2868 ergo
1163 2797 1261 2851 illa
1291 2797 1492 2852 vitiosa
1519 2800 1622 2851 est.
1657 2799 1722 2853 E.
1758 2798 1959 2852 Fateor
2013 2797 2158 2850 nihil

468 2905 560 2943 me
589 2888 843 2943 invenire
876 2903 990 2958 quo
1023 2886 1302 2941 resistam.

537 2980 623 3031 57.
656 2977 730 3031 A.
753 2976 955 3045 Accipe
977 2975 1133 3029 aliud
1163 2990 1277 3045 quo
1289 2974 1471 3044 magis
1495 2990 1600 3028 nos
1618 2974 1792 3045 hujus
1813 2971 2162 3028 deﬁnitionis

464 3066 696 3137 pudeat.
730 3067 872 3119 Nam
899 3064 1547 3134 meministi,utopiuor,
1566 3064 1801 3117 tertium
1814 3061 2162 3116 deﬁnitionis

464 3155 665 3209 vitium
677 3153 782 3208 tibi
797 3154 1398 3222 demonstratum,quo
1410 3167 1646 3221 prorsus
1658 3151 1804 3204 nihil
1817 3155 1901 3204 est
1912 3149 2161 3219 turpius;

463 3259 595 3297 cum
624 3259 689 3296 ex
717 3245 919 3295 neutra
955 3245 1119 3310 parte
1143 3256 1280 3293 vera
1309 3243 1413 3307 est,
1448 3239 1632 3310 qualis
1663 3244 1748 3293 est
1774 3239 1872 3292 illa
1890 3238 2157 3305 hominis,

460 3331 633 3384 homo
654 3333 738 3383 est
767 3329 979 3382 animal
1032 3328 1384 3399 quadrupes:
1415 3344 1547 3381 nam
1595 3327 1731 3393 sive,
1775 3326 1960 3381 omnis
1989 3327 2159 3381 homo

463 3418 675 3472 animal
703 3421 786 3472 est
808 3417 1172 3487 quadrupes;
1205 3416 1342 3485 sive,
1373 3431 1543 3470 omne
1595 3415 1806 3470 animal
1836 3415 2159 3486 quadrupes

459 3504 635 3560 homo
665 3507 770 3572 est,
801 3501 902 3574 qui
929 3502 1067 3557 dicit
1095 3507 1267 3572 atque
1323 3503 1590 3570 afﬁrmat,
1645 3503 1856 3557 insanit
1880 3504 2153 3574 profecto,

459 3592 506 3646 si
535 3609 651 3646 non
675 3591 920 3662 jocatur.
950 3594 1024 3648 E.
1061 3591 1270 3645 Verum
1301 3591 1458 3646 dicis.
1505 3592 1578 3646 A.
1612 3591 1759 3655 Quid
1793 3591 1821 3645 ‘i
1870 3591 2005 3646 siin
2045 3591 2155 3646 hoc

461 3680 632 3735 etiam
672 3680 808 3735 vitio
849 3679 956 3734 ista
984 3683 1176 3734 nostra
1206 3679 1670 3750 deprehenditur,
1705 3684 1958 3756 putasne.
1985 3681 2153 3752 quid-

461 3785 634 3840 quam
679 3769 859 3840 magis
889 3785 1008 3823 esse
1039 3769 1192 3840 quod
1223 3769 1293 3823 sit
1323 3769 1743 3840 explodendum
1775 3774 1942 3840 atque
1972 3773 2153 3823 exter-

460 3857 797 3912 minandum
828 3857 898 3911 de
919 3856 1112 3911 anima
1128 3859 1157 3912 ?
1175 3860 1240 3912 E.
1264 3857 1400 3921 Quis
1424 3857 1481 3912 id
1499 3862 1720 3912 recuset
1737 3857 1763 3911 ‘I
1789 3858 1894 3912 Sed
1916 3856 2150 3924 nollem,

455 3946 503 4000 si
529 3946 656 4001 ﬁeri
683 3949 887 4016 potest,
918 3945 1092 4001 etiam
1116 3944 1209 4000 hic
1237 3946 1459 4000 tamdiu
1491 3945 1758 4014 detineri,
1787 3950 1958 4017 atque
1975 3946 2150 3999 inter-

455 4035 868 4106 rogatiunculis
901 4035 1126 4105 agitari.
1147 4035 1220 4090 A.
1257 4035 1409 4089 Nihil
1449 4040 1532 4090 est
1561 4035 1717 4106 quod
1759 4039 1999 4100 metuas,
2029 4028 2151 4106 jam

454 4123 610 4177 enim
641 4123 959 4177 confectum
991 4127 1073 4176 est
1096 4123 1394 4192 negotium
1425 4139 1440 4176 :
1475 4139 1548 4176 an
1576 4123 1680 4177 tibi
1729 4124 1985 4177 nondum
2017 4140 2148 4194 per-

453 4227 688 4266 suasum
716 4215 820 4278 est,
851 4226 979 4265 cum
1011 4211 1078 4265 de
1110 4211 1432 4266 differentia
1462 4211 1713 4266 ferarum
1744 4217 1799 4266 et
1848 4212 2148 4267 hominum

452 4307 735 4372 ageretur,
767 4301 921 4355 aliud
954 4317 1074 4356 esse
1105 4302 1336 4368 sentire,
1369 4303 1523 4357 aliud
1548 4303 1731 4358 scire?
1759 4305 1833 4358 E.
1871 4305 1991 4358 Imo
2025 4321 2147 4358 ma-

451 4389 702 4445 xime.A.
719 4389 889 4444 Aliud
911 4405 1046 4460 ergo
1066 4406 1286 4457 sensus,
1306 4391 1458 4446 aliud
1488 4390 1740 4445 scientia.
1758 4395 1824 4448 E.
1841 4393 1921 4446 Ita
1945 4397 2050 4448 est.
2071 4395 2142 4447 A.

452 4479 574 4533 Non
600 4483 790 4532 autem
808 4478 1080 4532 sentimus
1105 4479 1347 4547 ratione,
1379 4481 1478 4535 sed
1498 4484 1594 4534 aut
1624 4481 1767 4548 visu,
1793 4486 1891 4535 aut
1919 4481 2145 4552 auditu,

452 4572 550 4621 aut
579 4567 807 4635 olfactu,
839 4572 940 4622 aut
966 4573 1216 4639 gustatu,
1256 4573 1353 4623 aut
1399 4573 1572 4624 tactu.
1607 4573 1668 4625 E.
1711 4569 2021 4625 Assentior.
2068 4572 2140 4625 Α.

450 4657 514 4710 Et
539 4672 708 4710 omne
734 4657 886 4728 quod
915 4657 1144 4725 scimus,
1199 4658 1422 4713 ratione
1452 4658 1661 4713 scimus
1696 4675 1709 4712 :
1744 4660 1936 4713 nullus
1966 4658 2144 4729 igitur

448 4760 644 4798 sensus
673 4745 908 4800 scientia
937 4751 1040 4802 est.
1097 4747 1388 4819 Quidquid
1444 4751 1636 4802 autem
1684 4763 1801 4801 non
1859 4748 2019 4813 latet,
2071 4747 2141 4802 ad

447 4832 742 4888 scientiam
769 4827 1019 4904 pertinet
1051 4851 1064 4892 :
1099 4837 1171 4891 ad
1201 4838 1429 4891 nullum
1458 4852 1595 4907 ergo
1624 4850 1854 4889 sensum
1892 4833 2142 4903 pertinet

445 4938 564 4977 non
592 4923 784 4990 latere,
800 4928 861 4978 ut
881 4925 1072 4979 nullus
1085 4926 1256 4980 homo
1271 4926 1599 4996 quadrupes
1623 4926 1774 4977 recte
1787 4921 1898 4976 dici
1924 4927 2129 4990 potest.

442 5011 825 5076 Quamobrem
853 5013 962 5068 ista
992 5019 1186 5068 nostra
1233 5012 1493 5068 deﬁnitio
1543 5014 1806 5080 suscepta
1848 5014 1966 5076 tua,
2018 5027 2137 5065 non

437 5101 618 5155 solum
643 5100 858 5156 alienos
886 5103 1164 5157 terminos
1221 5101 1516 5165 invasisse,
1547 5113 1736 5168 neque
1792 5097 2012 5168 aliquid
2041 5099 2132 5154 sui

430 5187 576 5258 juris
600 5189 918 5261 reliquisse,
950 5192 1048 5246 sed
1077 5189 1222 5244 nihil
1245 5187 1483 5242 omnino
1513 5185 1778 5240 habuisse
1808 5187 2130 5256 proprium,

433 5281 733 5348 totumque
761 5278 1014 5332 alienum
1070 5291 1375 5346 occupasse
1429 5273 1681 5328 convicta
1733 5278 1839 5329 est.
1890 5277 1951 5329 E.
1985 5275 2133 5340 Quid

437 5380 572 5434 ergo
603 5365 877 5435 agemus?
907 5363 1220 5420 Patierisne
1249 5362 1407 5415 illam
1456 5361 1526 5414 de
1574 5360 1785 5429 judicio
1836 5361 1915 5416 ita
1945 5363 2134 5418 disce-

435 5451 615 5506 dere?
641 5453 978 5524 Quanquam
1011 5451 1167 5506 enim
1193 5465 1298 5520 ego
1352 5448 1405 5502 ei
1453 5447 1843 5503 defensionem
1903 5452 2132 5522 qualem

433 5539 1052 5610 potuipraebuerim,tu
1081 5544 1274 5595 tamen
1295 5536 1480 5607 ipsam
1508 5535 1621 5591 litis
1645 5537 1971 5606 formulam,
1999 5557 2130 5610 quae

1544 295 1637 350 DE
1675 291 2128 360 QUANTITATE
2165 289 2435 356 ANIMZE,
2479 287 2532 344 S.
2574 285 2951 343 AUGUSTINI

3864 283 3996 335 1068

2274 429 2376 467 nos
2407 410 2647 483 decepit,
2679 407 3067 480 composuisti.
3087 409 3150 462 Et
3178 421 3284 478 ego
3314 405 3552 477 quidem
3575 405 3818 459 tametsi
3850 404 3993 459 obti-

2275 518 2412 556 nere
2440 517 2557 555 non
2583 499 2933 570 potui,bona
2962 497 3095 552 ﬁdei
3123 495 3300 562 adfui,
3339 496 3491 566 quod
3524 493 3673 547 mihi
3704 494 3850 548 satis
3878 499 3990 548 est:

2272 595 2334 645 tu
2366 607 2495 644 vero
2516 589 2563 642 si
2581 586 3059 659 praevaricationis
3085 583 3366 655 arguaris,
3397 583 3534 654 quid
3570 582 3774 650 facias,
3811 599 3844 636 a
3875 600 3990 654 quo

2273 683 2330 732 et
2353 678 2629 749 producta
2660 680 2743 730 est
2771 679 2831 729 ut
2852 675 3110 745 jurgaret
3139 673 3436 737 audenter,
3459 675 3515 724 et
3540 677 3895 742 oppugnata
3925 677 3984 726 ut

2273 766 2518 837 turpiter
2546 765 2812 820 cederet?
2840 765 2912 820 A.
2947 761 3371 833 Numquidnam
3417 765 3501 814 est
3543 761 3638 813 hic
3669 759 3984 830 quisquam

2268 855 2464 925 judex,
2499 872 2530 908 a
2559 870 2671 924 quo
2716 852 2850 906 huic
2896 853 2982 905 vel
3039 851 3181 904 mihi
3211 849 3588 903 metuendum
3622 848 3744 902 sit?
3780 849 3902 918 Ego
3933 852 3983 902 te

2271 942 2539 1012 privatim
2586 940 2747 1011 quasi
2801 939 3087 994 adhibitus
3131 937 3595 1008 jurisconsultus,
3654 936 3986 990 instruendi

2269 1046 2440 1085 causa
2459 1030 2714 1084 refellere
2726 1027 3108 1094 volui,utcum
3125 1026 3194 1081 ad
3209 1025 3490 1098 judicium
3507 1029 3742 1080 ventum
3785 1024 3981 1092 fuerit,

2273 1121 2504 1188 paratus
2533 1116 2779 1171 assistas.

2259 1197 2273 1209 ’
2345 1207 2430 1259 58.
2465 1208 2529 1260 Ε.
2567 1206 2658 1258 Est
2713 1218 2845 1273 ergo
2899 1201 3114 1274 aliquid
3170 1201 3323 1271 quod
3362 1217 3468 1272 pro
3520 1200 3632 1255 ista
3689 1200 3980 1271 proferas,

2275 1309 2447 1364 quam
2476 1292 2619 1347 mihi
2650 1289 3056 1346 invalidissimo
3090 1294 3300 1344 temere
3346 1289 3768 1344 defendendam
3806 1294 3982 1345 tuen-

2274 1382 2520 1452 damque
2548 1379 2954 1435 commendas?
2979 1379 3050 1432 A.
3085 1379 3178 1432 Est
3201 1382 3373 1431 certe.

2274 1471 2496 1525 CAPUT
2515 1471 2664 1525 XXX.
2687 1500 2756 1509 —
2783 1470 2988 1523 Anima
3019 1483 3136 1536 quae
3167 1466 3365 1534 ubique
3391 1471 3591 1520 sentiat
3638 1469 3699 1522 in
3731 1483 3982 1538 corpore,

2492 1573 2598 1613 non
2628 1558 2828 1613 idcirco
2857 1561 2932 1612 est
2952 1570 3054 1627 per
3085 1560 3252 1610 totum
3283 1569 3475 1624 corpus
3513 1555 3745 1623 diffusa.

2343 1649 2408 1701 E.
2436 1646 2720 1711 Quidnam
2762 1645 2820 1700 id
2877 1648 2980 1709 est,
3030 1643 3310 1698 obsecro?
3337 1644 3408 1699 A.
3464 1643 3609 1707 Quia
3639 1660 3985 1717 quanquam

2272 1735 2344 1790 sit
2374 1735 2530 1790 aliud
2560 1751 2779 1803 sensus,
2811 1734 2958 1788 aliud
2986 1733 3238 1798 scientia,
3270 1731 3413 1786 illud
3438 1736 3633 1786 tamen
3651 1749 3770 1787 non
3797 1734 3983 1789 latere

2271 1822 2502 1894 utrique
2529 1838 2831 1877 commune
2857 1827 2973 1889 est;
3004 1825 3069 1875 ut
3095 1819 3203 1891 ipsi
3222 1819 3443 1873 homini
3473 1825 3530 1874 et
3555 1821 3754 1875 bestiae
3779 1839 3985 1892 quam-

2271 1911 2354 1965 vis
2381 1911 2696 1981 plurimum
2723 1910 3008 1978 differant,
3038 1908 3249 1962 animal
3281 1912 3472 1962 tamen
3501 1924 3623 1963 esse
3663 1925 3983 1965 commune

2273 2005 2377 2056 est.
2410 2002 2532 2054 Non
2561 2001 2697 2055 latet
2726 1999 2878 2054 enim
2908 1998 3187 2070 quidquid
3207 1997 3415 2051 animae
3450 2003 3706 2068 apparet,
3732 1999 3855 2054 sive
3875 2017 3983 2071 per

2270 2089 2744 2160 temperationem
2775 2087 3030 2158 corporis
3060 2089 3100 2154 ¹,
3133 2085 3247 2141 sive
3276 2101 3380 2156 per
3428 2086 3837 2158 intelligentiae
3868 2106 3982 2161 pu-

2271 2178 2499 2234 ritatem
2524 2197 2536 2240 ;
2570 2183 2738 2250 atque
2767 2177 2911 2232 illud
2939 2177 3192 2248 primum
3218 2193 3436 2245 sensus,
3470 2177 3578 2231 hoc
3607 2183 3804 2233 autem
3835 2181 3984 2235 alte-

2270 2283 2401 2322 rum
2431 2267 2667 2322 scientia
2694 2266 2800 2321 sibi
2828 2266 3149 2321 vindicavit.
3199 2269 3264 2321 E.
3315 2267 3502 2320 Manet
3530 2282 3666 2336 ergo
3697 2268 3799 2322 illa
3831 2271 3983 2324 deﬁ-

2267 2355 2409 2411 uitio
2437 2359 2558 2410 tuta
2613 2359 2671 2410 et
2723 2355 3010 2426 probata?
3036 2355 3106 2410 A.
3173 2355 3359 2409 Manet
3415 2371 3570 2410 vero.
3604 2359 3670 2410 E.
3723 2357 3980 2414 Ubinam

2273 2460 2408 2516 ergo
2431 2445 2699 2515 deceptus
2721 2460 2847 2498 sum
2865 2445 2894 2497 ?
2922 2445 2994 2498 A.
3033 2442 3134 2498 Ubi
3156 2443 3370 2514 rogavi,
3407 2447 3599 2498 utrum
3629 2461 3800 2500 omne
3815 2449 3980 2518 quod

2270 2549 2387 2586 non
2425 2533 2582 2592 latet,
2634 2532 2844 2586 sciatur
2877 2547 2891 2585 :
2922 2537 2983 2585 tu
3014 2530 3168 2585 enim
3222 2530 3355 2585 huic
3415 2532 3701 2603 rogationi
3752 2539 3979 2590 temere

2271 2637 2533 2674 assensus
2563 2635 2641 2674 es.
2670 2623 2734 2674 E.
2769 2621 2910 2674 Nam
2941 2619 3080 2691 quid
3100 2620 3270 2674 velles
3300 2619 3585 2674 dicerem?
3602 2621 3671 2675 A.
3701 2623 3829 2676 Non
3846 2639 3980 2678 con-

2271 2710 2432 2764 tinuo
2461 2725 2582 2763 esse
2611 2708 2906 2762 scientiam
2937 2709 2982 2762 si
3013 2707 3150 2779 quid
3179 2724 3297 2762 non
3341 2709 3503 2776 latet,
3535 2709 3632 2762 sed
3663 2710 3711 2763 si
3740 2727 3849 2780 per
3878 2729 3974 2766 ra-

2270 2797 2489 2852 tionem
2517 2813 2634 2852 non
2665 2798 2836 2851 latet:
2869 2813 3000 2850 cum
3028 2800 3218 2850 autem
3247 2812 3350 2866 per
3388 2813 3608 2868 corpus.
3639 2814 3758 2852 non
3811 2800 3974 2868 latet,

2271 2902 2500 2940 sensum
2512 2884 2772 2954 vocari,si
2783 2901 2887 2955 per
2898 2884 3142 2954 seipsam
3160 2901 3274 2938 non
3289 2885 3460 2939 lateat
3479 2887 3735 2956 corporis
3754 2890 3973 2957 passio.

2268 2976 2357 3027 An
2380 2973 2606 3045 ignoras
2636 2973 2980 3044 quibusdam
2997 2973 3354 3043 philosophis
3384 2976 3438 3026 et
3469 2975 3757 3044 peracutis
3785 2978 3975 3032 visum

2270 3078 2411 3129 esse,
2433 3079 2504 3116 ne
2531 3062 2780 3132 idipsum
2800 3061 3030 3132 quidem
3046 3061 3199 3132 quod
3219 3065 3412 3115 mente
3434 3065 3972 3132 comprehenditur,

2268 3151 2339 3205 ad
2368 3166 2578 3204 nomen
2607 3149 2858 3220 aspirare
2888 3150 3160 3216 scientiae,
3191 3150 3306 3203 nisi
3335 3153 3450 3204 tam
3492 3151 3660 3205 ﬁrma
3698 3169 3971 3226 compre-

2267 3239 2466 3294 hensio
2485 3239 2576 3303 sit,
2592 3239 2734 3293 utab
2746 3255 2811 3292 ea
2839 3255 3002 3292 mens
3033 3239 3192 3292 nulla
3223 3238 3446 3293 ratione
3465 3245 3639 3311 queat
3654 3241 3974 3300 dimoveri?

2339 3331 2424 3382 59.
2459 3331 2524 3382 E.
2554 3327 2782 3398 Accipio
2807 3327 2914 3381 ista
2942 3325 3264 3398 gratissime
3291 3343 3304 3381 :
3329 3327 3426 3382 sed
3456 3345 3652 3399 quaeso
3689 3333 3973 3402 quoniam

2267 3416 2407 3487 quid
2436 3416 2508 3470 sit
2529 3433 2747 3484 sensus,
2779 3415 3145 3470 subtilissime
3196 3420 3476 3487 quantum
3509 3417 3756 3473 arbitror
3781 3423 3973 3493 expli-

2266 3508 2452 3559 catum
2485 3507 2588 3573 est,
2620 3503 2932 3559 referamus
2961 3519 3065 3558 nos
3093 3504 3163 3558 ad
3191 3503 3351 3558 illam
3381 3505 3780 3575 quaestionem.
3825 3527 3970 3580 pro-

2262 3597 2391 3664 pter
2415 3610 2589 3664 quam
2609 3592 3006 3664 explicandum
3026 3593 3131 3646 hoc
3157 3609 3606 3664 susceperamus.
3636 3597 3971 3654 Attuleram

2264 3682 2418 3736 enim
2447 3698 2552 3753 ego
2572 3685 3123 3753 argumentum,quo
3139 3686 3354 3736 tantam
3372 3683 3676 3753 probarem
3708 3685 3971 3742 animam

2263 3786 2404 3837 esse,
2438 3775 2716 3841 quantum
2744 3770 2866 3841 ejus
2895 3774 2977 3824 est
3006 3786 3231 3840 corpus,
3260 3787 3327 3825 eo
3383 3771 3536 3841 quod
3564 3776 3902 3844 tangentem
3938 3795 3972 3831 a

2261 3861 2444 3931 capite
2475 3876 2656 3932 usque
2687 3860 2756 3914 ad
2781 3859 2943 3930 pedis
2966 3864 3286 3914 extremum
3315 3859 3582 3928 pollicem
3615 3863 3790 3916 sentit
3820 3881 3969 3936 qua-

2261 3964 2602 4020 quaversum
2622 3948 2903 4018 tetigeris;
2932 3952 3103 4019 atque
3116 3947 3248 4002 inde
3261 3949 3333 4002 ad
3345 3965 3541 4002 sensus
3562 3949 3964 4008 deﬁnitionem

2260 4053 2555 4092 morarum
2598 4036 3010 4108 plenissimam,
3062 4037 3162 4092 sed
3214 4037 3359 4092 forte
3416 4039 3736 4093 necessario
3787 4033 3966 4097 delati

2258 4143 2475 4180 sumus.
2491 4127 2688 4196 Itaque
2709 4125 2900 4195 ipsum
2924 4126 3168 4180 fructum
3188 4125 3330 4180 tanti
3342 4127 3530 4197 operis
3547 4128 3670 4197 jam
3693 4132 3962 4198 ostende,

2257 4215 2303 4268 si
2327 4216 2710 4285 placet.A.Est
2729 4213 2982 4281 omnino,
3011 4218 3181 4285 atque
3204 4214 3530 4270 uberrimus
3557 4233 3570 4283 ;
3603 4233 3738 4272 nam
3771 4223 3965 4276 totum

2257 4303 2413 4374 quod
2439 4303 2855 4374 quaerebamus,
2886 4303 3151 4357 effectum
3207 4308 3311 4358 est.
3345 4304 3404 4359 Si
3434 4305 3588 4359 enim
3643 4323 3846 4363 sensus
3880 4317 3966 4365 est

2254 4392 2507 4462 corporis
2528 4390 2716 4462 passio
2746 4407 2851 4462 per
2870 4392 3114 4463 seipsam
3143 4407 3262 4446 non
3293 4393 3475 4447 latens
3508 4393 3962 4468 animam,quod

2252 4484 2317 4534 ut
2338 4479 2664 4533 ﬁrmissime
2689 4483 3037 4549 teneremus,
3069 4479 3284 4535 diutius
3315 4497 3490 4551 quam
3522 4483 3694 4536 velles
3735 4501 3961 4541 sermo-

2252 4567 2424 4622 cinati
2437 4584 2632 4622 sumus
2657 4587 2672 4636 ;
2702 4568 3090 4622 meministine
3115 4569 3345 4623 tandem
3377 4585 3480 4623 nos
3507 4573 3857 4642 comperisse
3880 4575 3962 4630 ibi

2251 4656 2460 4710 sentire
2500 4657 2695 4711 oculos
2724 4657 2822 4712 ubi
2847 4673 2964 4712 non
2994 4660 3146 4725 sunt,
3193 4657 3282 4711 vel
3326 4657 3518 4728 potius
3545 4658 3625 4712 ibi
3684 4662 3858 4731 pati?
3894 4667 3958 4718 E.

2251 4744 2501 4799 Memini.
2529 4745 2602 4800 A.
2637 4745 2818 4801 Etiam
2849 4745 2992 4800 illud
3017 4745 3244 4812 dedisti,
3266 4745 3379 4799 nisi
3413 4745 3600 4809 fallor,
3645 4764 3751 4802 uec
3782 4755 3960 4807 modo

2248 4832 2471 4887 dubitas
2501 4834 2756 4890 dandum
2813 4834 3005 4901 fuisse,
3036 4834 3289 4889 animam
3319 4836 3502 4890 multo
3539 4853 3711 4907 quam
3767 4844 3958 4895 totum

2248 4937 2453 4992 corpus
2483 4927 2587 4990 est,
2618 4939 2738 4977 esse
2789 4922 3089 4976 meliorem
3143 4939 3208 4977 ac
3261 4925 3670 4995 potentiorem.
3708 4929 3774 4983 E.
3812 4931 3960 4985 Ilinc

2245 5027 2380 5064 vero
2413 5011 2674 5065 dubitare
2706 5011 2988 5065 nefarium
3015 5015 3174 5082 puto.
3204 5013 3276 5068 A.
3301 5014 3441 5084 Age,
3476 5013 3521 5066 si
3538 5031 3744 5086 corpus
3764 5025 3960 5088 potest

2245 5097 2327 5151 ibi
2352 5099 2471 5169 pati
2498 5098 2714 5170 aliquid
2742 5099 2841 5153 ubi
2871 5115 2988 5153 non
3019 5104 3122 5168 est,
3173 5105 3413 5172 propter
3470 5104 3787 5173 quamdam
3821 5125 3953 5162 cum

2244 5187 2437 5241 anima
2474 5187 3075 5258 contemperationem,
3123 5191 3277 5261 quod
3323 5189 3504 5244 oculis
3555 5191 3616 5245 iu
3662 5197 3954 5251 cernendo

2245 5275 2494 5330 accidere
2523 5276 2819 5331 inventum
2869 5282 2994 5346 est;
3025 5279 3243 5333 adeone
3300 5279 3552 5334 animam
3593 5297 3851 5339 crassam
3899 5293 3954 5340 et

2243 5364 2465 5436 pigram
2494 5369 3088 5439 putamus,perquam
3117 5367 3226 5438 ipsi
3251 5369 3400 5422 oculi
3417 5373 3650 5424 tantum
3681 5383 3952 5443 possunt,

2303 5488 2467 5556 l__Bad.
2504 5488 2594 5536 Er.
2631 5493 2683 5538 et
2711 5491 2868 5556 Lov.,
2893 5504 2992 5554 per
3024 5494 3445 5555 temperantiam
3473 5494 3726 5556 corporis.
3747 5498 3792 5547 A
3823 5501 3952 5551 Mss.

2238 5549 2385 5598 nullo
2411 5549 2516 5600 fere
2547 5557 2762 5616 excepto
2787 5549 2999 5613 habent,
3033 5549 3635 5618 peftcmperattonein.
