4064 6382
167 348 304 401 1069

169 474 231 525 ut
264 485 393 524 eam
434 469 608 524 lateat
651 467 900 540 corporis
928 468 1142 539 passio,
1173 467 1219 521 si
1256 482 1373 523 non
1420 467 1499 523 ibi
1526 468 1729 539 jaceat,
1768 467 1868 523 ubi

162 559 356 630 passio
385 558 511 630 ipsa
538 557 867 629 contingit?

240 649 329 703 60.
370 649 436 702 E.
490 646 729 701 Multum
777 662 870 701 me
919 648 1111 700 movet
1158 644 1267 700 ista
1322 644 1632 713 conclusio,
1688 647 1746 699 et
1790 644 1869 699 ita

168 735 419 789 multum
449 737 516 788 ut
558 734 794 789 omnino
835 738 1117 805 stupeam,
1151 737 1207 789 et
1236 749 1350 788 non
1382 734 1568 789 solum
1598 733 1735 805 quid
1771 750 1891 811 re-r

167 824 505 894 spondeam,
547 823 645 877 sed
684 839 920 893 prorsus
956 822 1055 877 ubi
1098 822 1206 877 sim
1235 839 1354 877 non
1381 822 1689 877 inveniam.
1721 822 1867 887 Quid

170 912 326 967 enim
356 911 587 966 dicam?
628 928 859 965 sensum
898 927 1015 966 non
1045 927 1187 978 esse,
1218 927 1348 965 cum
1390 911 1642 981 corporis
1682 910 1868 981 passio

168 1016 280 1072 per
308 1000 553 1072 seipsam
572 1016 692 1054 non
718 1002 855 1055 latet
875 1000 1127 1055 animam
1142 1001 1172 1055 ?
1192 1000 1329 1071 quid
1352 1000 1461 1054 erit
1481 1000 1658 1066 aliud,
1691 1000 1737 1053 si
1761 1000 1869 1053 hoc

170 1106 289 1143 non
314 1091 443 1144 est?
472 1089 675 1145 Oculos
705 1089 846 1143 nihil
880 1090 1000 1160 pati
1032 1105 1163 1143 cum
1192 1087 1495 1142 videmus?
1526 1088 1869 1143 absurdissi-

169 1194 335 1233 mum
369 1181 470 1233 est.
508 1179 613 1232 Eos
654 1177 735 1232 ibi
780 1177 903 1249 pati
934 1178 1033 1232 ubi
1064 1179 1244 1232 sunt?
1283 1180 1339 1231 at
1377 1177 1591 1249 seipsos
1633 1193 1750 1231 non
1787 1176 1869 1231 vi-

171 1267 311 1322 dent
323 1270 362 1334 ¹,
378 1283 483 1322 nec
502 1267 604 1322 ubi
624 1271 756 1321 sunt
773 1266 1088 1338 quidquam
1102 1270 1189 1321 est
1205 1269 1412 1336 praeter
1424 1266 1595 1336 ipsos.
1611 1267 1736 1320 Non
1751 1280 1870 1319 esse

174 1356 355 1411 oculis
384 1356 635 1411 animam
677 1355 1085 1427 potentiorem,
1118 1371 1249 1409 cum
1281 1355 1477 1409 eadem
1518 1354 1591 1409 sit
1629 1354 1869 1408 istorum

170 1445 430 1516 potentia
448 1444 476 1499 ?
503 1445 645 1499 nihil
687 1448 771 1499 est
799 1444 1137 1499 dementius.
1168 1445 1256 1497 An
1296 1443 1404 1497 hoc
1432 1442 1733 1497 dicendum
1765 1446 1868 1507 est,

170 1533 464 1605 potentius
495 1549 614 1587 esse
641 1532 723 1588 ibi
753 1534 894 1603 pati,
916 1532 1014 1587 ubi
1034 1531 1285 1603 quidque
1312 1531 1405 1600 sit,
1430 1547 1601 1602 quam
1632 1530 1731 1585 ubi
1753 1546 1869 1584 non

169 1623 287 1678 sit?
316 1623 415 1677 sed
462 1622 510 1676 si
540 1622 647 1676 hoc
684 1638 884 1677 verum
932 1625 1101 1691 esset,
1148 1638 1265 1675 non
1310 1625 1457 1675 esset
1506 1618 1872 1691 prestantior

168 1712 325 1767 visus
351 1711 571 1766 caeteris
602 1711 879 1767 sensibus.
918 1712 989 1767 Α.
1024 1710 1173 1776 Quid
1210 1710 1363 1781 quod
1391 1709 1570 1764 ictum
1596 1708 1867 1779 aliquem,

170 1801 262 1856 vel
303 1800 559 1855 incidens
609 1799 929 1871 quidpiam,
957 1799 1047 1854 vel
1083 1798 1341 1853 humoris
1376 1797 1870 1868 perturbationem

170 1906 304 1945 cum
320 1889 401 1944 ibi
430 1889 723 1961 patiantur
748 1887 899 1943 oculi
926 1887 1026 1942 ubi
1055 1891 1191 1942 sunt
1216 1904 1230 1955 ;
1262 1903 1450 1959 neque
1482 1886 1589 1941 hoc
1620 1885 1870 1940 animam

170 1979 333 2049 latet,
365 1995 469 2033 nec
507 1978 613 2032 ista
660 1976 846 2049 passio
898 1976 1071 2044 visus,
1122 1976 1219 2031 sed
1269 1979 1453 2031 tactus
1495 1977 1764 2030 vocatur:
1816 1978 1872 2029 et

171 2075 366 2122 tamen
394 2066 531 2122 talia
556 2065 677 2137 pati
702 2065 898 2120 oculus
927 2067 1122 2136 posset
1154 2063 1324 2119 etiam
1355 2063 1414 2117 in
1455 2062 1718 2118 exanimo
1748 2078 1870 2116 cor-

172 2171 330 2229 pore,
365 2155 623 2227 quamvis
665 2154 884 2209 deesset
931 2152 1124 2209 anima
1160 2169 1333 2224 quam
1376 2151 1564 2222 passio
1615 2166 1736 2205 non
1780 2151 1871 2205 la-

171 2248 356 2312 teret;
389 2243 535 2299 illud
563 2246 758 2298 autem
794 2241 948 2313 quod
976 2240 1097 2312 pati
1133 2257 1250 2296 non
1289 2244 1477 2312 potest
1515 2240 1732 2308 oculus,
1764 2238 1873 2293 nisi

174 2332 324 2388 adsit
367 2332 577 2399 anima,
610 2331 668 2387 id
697 2335 781 2387 est
810 2330 967 2402 quod
995 2330 1241 2386 videndo
1272 2329 1507 2401 patitur,
1540 2330 1647 2385 hoc
1684 2329 1872 2383 solum

172 2422 257 2478 ibi
276 2414 520 2493 patitur,
554 2419 653 2475 ubi
699 2435 819 2475 non
866 2419 994 2473 est?
1041 2420 1120 2473 Ex
1167 2434 1280 2489 quo
1318 2418 1411 2473 cui
1441 2434 1557 2473 non
1588 2417 1871 2487 videatur,

172 2511 335 2567 nullo
364 2511 487 2565 loco
521 2509 772 2564 animam
800 2507 1126 2563 contineri?
1151 2506 1444 2579 Siquidem
1474 2508 1690 2574 oculus,
1716 2506 1873 2578 quod

174 2604 263 2655 est
290 2615 515 2671 corpus,
545 2598 604 2653 id
634 2602 858 2653 tantum
883 2613 1003 2652 non
1022 2598 1144 2652 loco
1175 2613 1278 2653 suo
1302 2597 1533 2668 patitur,
1557 2597 1709 2668 quod
1729 2612 1874 2652 nun-

174 2704 352 2763 quam
381 2688 504 2743 sine
536 2687 729 2742 anima
755 2690 1069 2758 pateretur.

248 2781 335 2833 61.
377 2779 441 2833 E.
493 2776 641 2842 Quid
671 2776 849 2847 igitur
876 2775 1103 2843 faciam,
1142 2791 1336 2847 quaeso
1366 2776 1470 2830 te?
1514 2775 1712 2829 Nonne
1750 2773 1872 2830 istis

173 2866 495 2921 rationibus
525 2865 729 2920 conﬁci
758 2868 964 2936 potest,
1000 2864 1221 2920 animas
1264 2869 1487 2919 nostras
1516 2879 1635 2919 non
1664 2879 1782 2918 esse
1812 2862 1873 2918 in

172 2955 558 3026 corporibus?
599 2954 753 3025 quod
796 2953 844 3009 si
884 2953 965 3009 ita
1004 2957 1107 3019 est,
1152 2969 1342 3008 nonne
1373 2951 1471 3007 ubi
1499 2952 1608 3006 sim
1636 2951 1876 3007 nescio?

170 3044 313 3109 Quis
342 3043 497 3099 enim
524 3042 667 3099 mihi
696 3042 884 3114 eripit,
918 3042 1067 3112 quod
1101 3058 1206 3113 ego
1236 3041 1358 3112 ipse
1380 3040 1571 3095 anima
1599 3041 1765 3096 sum?
1794 3043 1871 3095 Α.

174 3135 258 3189 Ne
293 3133 648 3205 perturbere,
682 3147 746 3187 ac
782 3131 967 3201 magis
994 3130 1146 3186 bono
1177 3130 1370 3185 animo
1410 3129 1579 3184 facito
1626 3129 1723 3184 sis.
1762 3130 1876 3184 Ista

173 3222 335 3278 enim
382 3221 651 3293 cogitatio
696 3225 755 3276 et
795 3219 1178 3275 consideratio
1225 3219 1295 3273 ad
1348 3217 1729 3289 nosmetipsos
1772 3233 1874 3273 nos

172 3312 398 3377 invitat,
419 3315 475 3366 et
500 3314 782 3382 quantum
804 3309 935 3364 licet
954 3308 1147 3362 avellit
1166 3324 1197 3361 a
1214 3322 1475 3378 corpore.
1498 3307 1659 3371 Quod
1681 3309 1873 3361 autem

173 3401 284 3456 tibi
315 3401 501 3455 visum
532 3403 639 3470 est,
676 3415 792 3453 non
821 3414 941 3453 esse
971 3396 1224 3451 animam
1260 3395 1322 3450 in
1368 3410 1607 3466 corpore
1636 3393 1875 3449 viventis

176 3488 509 3559 animantis,
531 3489 880 3560 fquanquam
900 3486 1160 3541 videatur
1180 3484 1510 3547 absurdum,
1542 3500 1661 3538 non
1681 3486 1876 3539 tamen

174 3577 486 3633 doctissimi
528 3576 813 3644 homines,
865 3574 1073 3647 quibus
1124 3574 1183 3630 id
1213 3573 1513 3645 placuerit,
1549 3574 1874 3642 defuerunt,

174 3681 366 3737 neque
392 3680 546 3719 nunc
593 3663 841 3718 arbitror
886 3662 1119 3717 deesse:
1160 3659 1281 3727 sed,
1312 3664 1377 3714 ut
1415 3659 1536 3729 ipse
1578 3659 1872 3730 intelligis,

176 3770 269 3809 res
316 3756 400 3809 est
445 3751 836 3817 subtilissima,
878 3754 936 3805 et
974 3750 1045 3804 ad
1075 3764 1249 3820 quam
1278 3739 1620 3802 cernendam
1665 3747 1875 3802 mentis

176 3842 328 3897 acies
373 3842 509 3896 satis
548 3840 853 3912 purganda
882 3841 983 3893 est.
1029 3838 1189 3892 Nunc
1228 3835 1456 3891 attende
1499 3834 1690 3906 potius
1736 3834 1875 3907 quid

178 3931 335 3986 aliud
374 3930 599 3998 afferas,
644 3945 759 4001 quo
792 3926 1091 3982 convincas
1132 3925 1385 3980 animam
1412 3924 1501 3978 vel
1530 3924 1763 3994 longam
1786 3924 1874 3978 vel

178 4021 355 4075 latam
378 4034 520 4087 esse,
548 4019 637 4073 vel
658 4016 797 4089 quid
818 4014 1097 4087 ejusmodi
1122 4031 1135 4070 :
1159 4029 1294 4069 nam
1310 4013 1451 4068 illud
1468 4017 1876 4084 argumentum

176 4113 345 4164 tuum
385 4108 454 4163 de
483 4106 759 4178 tangendi
807 4120 996 4171 sensu,
1045 4102 1221 4158 sentis
1257 4119 1374 4158 non
1417 4102 1697 4174 attingere
1726 4100 1875 4157 veri-

176 4201 379 4262 tatem,
420 4211 528 4251 nec
564 4196 753 4251 valere
795 4192 1031 4265 aliquid,
1065 4196 1128 4247 ut
1169 4208 1294 4247 eam
1323 4207 1429 4263 per
1456 4195 1644 4246 totum
1672 4206 1878 4263 corpus

177 4290 460 4357 tanquam
480 4284 817 4356 sanguinem
834 4282 1099 4337 diffusam
1110 4296 1232 4335 esse
1249 4279 1545 4335 convincat
1560 4296 1572 4335 :
1588 4283 1687 4334 aut
1701 4279 1746 4335 si
1757 4280 1879 4351 jam

180 4375 342 4447 quod
378 4374 579 4430 afferas
608 4372 733 4428 nhil
764 4372 958 4439 habes,
987 4370 1279 4426 videamus
1306 4385 1435 4441 quae
1465 4372 1696 4424 restant.

180 4464 411 4520 CAPUT
438 4464 612 4518 XXXI.
652 4492 722 4503 —
763 4461 1057 4519 Vermiculi
1082 4462 1213 4515 secti
1234 4463 1421 4530 partes
1449 4462 1752 4515 moventur.
1788 4460 1880 4515 An

256 4557 633 4620 argumentum
662 4553 735 4607 sit
771 4552 965 4606 animae
1000 4565 1101 4619 per
1139 4553 1307 4603 totum
1336 4562 1528 4618 corpus
1557 4552 1805 4603 extemae.

257 4644 347 4697 62.
370 4644 435 4696 E.
459 4640 613 4696 Nihil
628 4640 901 4695 haberem
928 4638 1184 4704 fortasse,
1209 4636 1319 4691 nisi
1345 4636 1675 4692 recordarer
1696 4652 1881 4708 quan-

181 4735 313 4785 tum
324 4728 492 4800 pueri
506 4728 704 4783 mirari
725 4728 1035 4783 soleremus
1045 4725 1388 4797 palpitantes
1403 4725 1745 4780 lacertarum
1756 4739 1885 4779 cau-

182 4820 291 4875 das
338 4822 660 4889 amputatas
690 4835 723 4873 a
752 4821 959 4873 caetero
990 4830 1228 4887 corpore
1253 4831 1268 4882 ;
1308 4829 1481 4885 quem
1509 4816 1734 4868 motum
1764 4812 1885 4867 sine

181 4907 384 4964 anima
402 4907 530 4963 ﬁeri
557 4907 718 4962 nullo
747 4906 921 4961 modo
944 4905 1089 4960 mihi
1118 4903 1459 4976 persuadere
1490 4916 1761 4973 possum:
1789 4916 1886 4956 ne-

184 5012 304 5069 que
324 5012 439 5068 quo
460 4999 627 5066 pacto
638 4995 759 5064 ﬁat,
787 5000 849 5051 ut
867 4995 1095 5050 nullum
1113 4994 1187 5048 sit
1208 4991 1416 5048 animze
1428 4990 1694 5064 spatium,
1711 5005 1888 5061 quan-

186 5087 265 5140 do
310 5084 547 5156 praecidi
590 5085 763 5140 etiam
806 5101 938 5140 cum
979 5098 1215 5156 corpore
1252 5086 1457 5154 potest,
1490 5079 1775 5150 intelligo.
1812 5081 1883 5135 A.

186 5176 423 5231 Possem
448 5174 798 5246 respondere
825 5190 1016 5229 aerem
1045 5176 1101 5228 et
1118 5172 1335 5243 ignem,
1360 5186 1488 5243 quae
1510 5170 1622 5225 duo
1642 5185 1744 5240 per
1765 5169 1888 5224 ani-

185 5280 304 5320 mae
329 5263 692 5336 praesentiam
720 5265 990 5317 tenentur
1009 5261 1069 5315 in
1096 5276 1335 5331 corpore
1364 5264 1591 5315 terreno
1622 5262 1679 5313 et
1706 5257 1892 5313 humi-

186 5354 289 5422 do,
320 5358 386 5409 ut
411 5352 670 5408 omnium
702 5355 949 5424 quatuor
976 5349 1077 5405 ﬁat
1100 5348 1571 5420 contemperatio,
1602 5347 1737 5403 dum
1761 5353 1893 5419 post

258 5508 272 5541 1
311 5505 372 5554 In
402 5503 659 5552 hactenus
683 5500 868 5551 editis:
891 5497 1351 5549 Absurdissimum
1370 5502 1445 5548 est
1463 5511 1550 5548 eos
1577 5498 1648 5548 ibi
1674 5498 1789 5560 pati
1806 5497 1897 5548 ubi

192 5571 343 5625 sunt.
367 5568 626 5628 utseipsos
642 5576 752 5628 non
769 5560 983 5628 uideant
993 5578 1013 5621 ,-
1035 5564 1253 5628 excepto
1273 5564 1446 5628 tamen
1462 5560 1609 5628 Bad.,
1631 5560 1719 5623 qui
1738 5573 1896 5623 prope

198 5623 407 5679 accedit
436 5623 649 5677 ad'Mss.
671 5625 970 5685 lectionem,
995 5636 1153 5686 quam
1182 5623 1266 5671 hic
1292 5623 1633 5671 restituimus.

1682 342 1895 401 LIBER
1948 342 2151 401 UNUS.

3534 358 3670 412 10⁵70

1976 468 2234 538 ejusdem
2276 468 2482 525 anima:
2513 470 2837 527 abscessum
2884 470 2952 527 ad
3002 486 3250 544 superna
3313 477 3557 534 evadunt
3610 497 3673 535 ac

1976 572 2095 611 sese
2137 557 2466 629 expediunt,
2501 575 2730 615 movere
2776 560 2876 615 illa
2907 564 3246 632 corpuscula
3282 568 3441 621 tanto
3476 568 3672 623 conci-

1973 645 2160 711 tatius,
2198 650 2413 717 quanto
2442 648 2614 719 plaga
2644 648 2961 705 recentiore
2983 650 3170 706 subito
3201 658 3543 726 erumpunt:
3574 657 3671 712 de-

1973 733 2107 789 inde
2145 751 2317 805 porro
2367 740 2590 793 motum
2639 739 3024 811 languescere,
3063 745 3355 812 postremo
3392 744 3671 812 desinere,

1975 822 2115 877 dum
2136 822 2327 878 minus
2347 823 2657 896 minusque
2679 826 2743 881 ﬁt
2762 828 2911 899 quod
2937 829 3157 900 effugit,
3180 847 3245 885 ac
3266 831 3470 887 deinde
3487 836 3671 888 totum

1976 912 2178 966 evolat.
2227 913 2337 968 Sed
2365 913 2436 968 ab
2475 914 2582 969 hoc
2616 930 2709 970 me
2739 923 2965 971 revocat
2992 918 3145 988 quod
3172 919 3262 973 his
3289 920 3454 975 hausi
3492 921 3674 976 oculis

1976 1016 2123 1071 pene
2152 1000 2332 1055 serius
2365 1018 2540 1073 quam
2581 1003 2739 1058 credi
2771 1009 3000 1073 potest;
3028 1006 3127 1060 sed
3157 1012 3307 1063 certe
3338 1025 3454 1063 non
3490 1009 3674 1065 serius

1977 1103 2152 1158 quam
2183 1088 2469 1144 deberem.
2495 1090 2637 1145 Cum
2661 1089 2816 1145 enim
2838 1107 3023 1162 nuper
3049 1093 3111 1147 in
3143 1110 3279 1165 agro
3308 1112 3559 1151 essemus
3582 1096 3674 1151 Li-

1978 1176 2178 1246 guriae,
2211 1177 2389 1232 nostri
2424 1177 2510 1233 illi
2543 1178 2932 1234 adolescentes
2963 1180 3063 1251 qui
3090 1186 3225 1237 tunc
3261 1199 3482 1239 mecum
3512 1188 3674 1240 erant

1978 1266 2300 1321 studiorum
2331 1283 2568 1323 suorum
2601 1268 2804 1338 gratia,
2838 1268 3363 1327 animadverterunt
3388 1273 3553 1327 humi
3585 1275 3673 1345 ja-

1977 1358 2166 1408 centes
2200 1354 2259 1408 in
2306 1372 2482 1426 opaco
2530 1356 2671 1424 loco,
2716 1360 3036 1427 reptantem
3076 1357 3374 1413 bestiolam
3404 1361 3673 1432 multipo-

1979 1440 2130 1508 dem,
2150 1443 2389 1512 longum
2411 1443 2534 1499 dico
2551 1444 2860 1514 quemdam
2877 1444 3253 1502 vermiculum
3278 1464 3292 1502 :
3317 1448 3488 1518 vulgo
3508 1453 3675 1504 notus

1979 1536 2085 1597 est,
2116 1531 2223 1586 hoc
2252 1536 2448 1588 tamen
2478 1533 2631 1604 quod
2672 1534 2859 1589 dicam
2887 1551 3186 1606 nunquam
3217 1536 3281 1590 in
3310 1553 3376 1591 eo
3409 1542 3675 1609 expertus

1979 1633 2154 1674 eram.
2188 1621 2361 1676 Verso
2392 1638 2642 1693 namque
2674 1622 2801 1677 stilo
2842 1639 3015 1695 quem
3060 1624 3208 1679 forte
3239 1624 3485 1681 habebat
3524 1643 3675 1682 unus

1978 1705 2230 1775 illorum,
2262 1709 2476 1764 animal
2495 1710 2752 1765 medium
2778 1710 3059 1781 percussit
3085 1728 3098 1766 :
3131 1716 3254 1767 tum
3277 1713 3462 1769 ambas
3482 1719 3673 1786 partes

1978 1797 2230 1867 corporis
2246 1797 2316 1853 ab
2338 1798 2435 1853 illo
2455 1799 2688 1854 vulnere
2712 1799 2773 1853 in
2793 1799 3077 1854 contraria
3098 1799 3491 1868 discesserunt,
3516 1807 3676 1858 tanta

1976 1885 2191 1955 pedum
2219 1885 2524 1953 celeritate,
2552 1902 2615 1941 ac
2634 1885 2815 1941 nihilo
2841 1886 3213 1943 imbecilliore
3240 1889 3392 1956 nisu,
3424 1905 3597 1961 quam
3626 1890 3675 1945 si

1977 1972 2089 2029 duo
2119 1973 2517 2045 hujuscemodi
2546 1974 2859 2035 animantia
2886 1974 3087 2031 forent.
3119 1977 3242 2041 Quo
3270 1977 3546 2034 miraculo
3576 1995 3673 2034 ex-

1977 2060 2183 2129 territi,
2211 2078 2511 2134 causaaque
2532 2062 2760 2131 curiosi,
2779 2064 2849 2119 ad
2866 2080 2990 2132 nos,
3012 2064 3114 2119 ubi
3144 2065 3317 2121 simul
3331 2083 3439 2138 ego
3461 2071 3517 2122 et
3540 2068 3673 2140 Aly-

1976 2149 2110 2221 pius
2145 2151 2594 2219 considebamus,
2639 2151 2900 2207 alacriter
2927 2151 3176 2208 viventia
3204 2154 3392 2219 frusta
3439 2154 3537 2210 illa
3574 2156 3673 2212 de-

1978 2239 2252 2295 tulerunt.
2304 2241 2499 2313 Neque
2544 2258 2649 2296 nos
2689 2258 2894 2314 parum
2926 2244 3218 2311 commoti,
3250 2259 3318 2300 ea
3353 2260 3580 2301 currere
3612 2246 3674 2300 in

1978 2327 2173 2383 tabula
2213 2344 2672 2401 quaquaversum
2716 2334 3002 2401 poterant,
3047 2332 3458 2389 cernebamus:
3500 2337 3673 2405 atque

1979 2433 2161 2472 unum
2189 2416 2445 2488 ipsorum
2472 2417 2601 2473 stilo
2630 2421 2867 2489 tactum,
2897 2421 3312 2492 contorquebat
3334 2438 3392 2477 se
3412 2422 3484 2477 ad
3513 2421 3674 2477 dolo-

1979 2505 2057 2560 ris
2079 2507 2288 2572 locum,
2308 2506 2453 2561 nihil
2473 2506 2749 2562 sentiente
2772 2507 2904 2576 alio,
2934 2524 2998 2563 ac
3018 2525 3149 2565 suos
3169 2510 3306 2565 alibi
3325 2514 3515 2565 motus
3543 2526 3673 2582 per-

1979 2599 2205 2667 agente.
2230 2595 2375 2660 Quid
2395 2596 2562 2666 plura
2578 2596 2608 2650 ?
2630 2596 3013 2663 Tentavimus,
3037 2602 3319 2669 quatenus
3347 2599 3407 2655 id
3431 2600 3672 2667 valeret;

1982 2688 2150 2755 atque
2169 2684 2567 2747 vermiculum,
2591 2684 2707 2740 imo
2721 2685 2843 2756 jam
2869 2685 3204 2742 vermiculos
3233 2687 3294 2742 in
3317 2687 3527 2743 multas
3542 2704 3675 2761 par-

1980 2776 2066 2828 tes
2086 2773 2440 2829 concidimus
2459 2790 2474 2829 :
2505 2773 2586 2829 ita
2602 2789 2801 2829 omnes
2820 2775 3216 2845 movebantur,
3244 2780 3309 2831 ut
3328 2776 3438 2832 nisi
3454 2793 3487 2831 a
3506 2776 3673 2832 nobis

1980 2861 2145 2917 illum
2174 2862 2391 2918 factum
2428 2868 2594 2928 esset,
2624 2867 2681 2919 et
2706 2868 3107 2934 comparerent
3134 2865 3374 2920 vulnera
3404 2864 3673 2928 recentia,

1980 2952 2221 3007 totidem
2251 2950 2378 3007 illos
2408 2951 2717 3023 separatim
2740 2956 2918 3019 natos,
2943 2968 3008 3008 ac
3026 2952 3135 3009 sibi
3162 2968 3450 3026 quemque
3470 2952 3673 3009 vixisse

1982 3040 2362 3095 crederemus.

2054 3131 2141 3183 63.
2175 3128 2286 3183 Sed
2304 3132 2443 3184 tunc
2462 3143 2569 3200 ego
2588 3128 2743 3201 quod
2763 3128 2877 3184 illis
2900 3128 3351 3185 adolescentibus
3374 3128 3511 3195 dixi,
3528 3129 3673 3202 Icum

1980 3216 2189 3272 intenti
2217 3233 2309 3272 me
2337 3217 2722 3286 intuerentur,
2752 3217 2857 3274 tibi
2888 3234 3041 3273 nunc
3070 3218 3257 3274 dicere
3283 3234 3523 3274 vereor:
3549 3218 3671 3290 jam

1983 3306 2137 3362 enim
2160 3309 2383 3362 tantum
2404 3307 2808 3379 processimus,
2822 3310 2888 3362 ut
2903 3306 3011 3362 nisi
3023 3307 3129 3362 tibi
3148 3307 3314 3363 aliter
3330 3306 3673 3380 respondero

1983 3396 2137 3468 quod
2157 3396 2471 3451 secundum
2488 3411 2677 3451 meam
2688 3410 2917 3450 causam
2938 3395 3316 3467 probabiliter
3325 3396 3494 3465 valet,
3515 3399 3675 3452 tanta

1984 3490 2178 3540 nostra
2198 3484 2440 3540 intentio
2466 3501 2571 3557 per
2589 3489 2707 3540 tam
2727 3485 2968 3557 longum
2990 3484 3214 3540 munita
3237 3501 3581 3553 sermonem,
3603 3486 3674 3541 ab

1982 3590 2100 3629 uno
2126 3574 2434 3629 vermiculo
2449 3577 2749 3645 penetrata
2769 3572 3131 3630 succubiusse
3150 3573 3566 3644 videaturﬁlllis
3580 3589 3677 3628 au-

1982 3666 2100 3717 tem
2121 3678 2531 3733 praeceperam,
2565 3667 2627 3717 ut
2656 3662 2717 3717 in
2736 3662 2956 3729 studiis,
2985 3662 3151 3717 sicuti
3173 3666 3483 3734 cmperant,
3509 3679 3676 3718 suum

1983 3767 2213 3806 cursum
2251 3754 2543 3819 tenerent;
2595 3750 2677 3806 ita
2723 3766 2819 3806 eos
2848 3749 3231 3822 opportunius
3266 3750 3573 3821 aliquando
3603 3751 3676 3806 ad

1984 3839 2295 3912 quaerenda
2320 3842 2375 3894 et
2394 3837 2683 3905 {discenda
2708 3837 2835 3902 ista,
2870 3838 2917 3891 si
2945 3853 3037 3892 res
3065 3841 3342 3904 moneret,
3374 3853 3496 3893 esse
3538 3853 3675 3892 ven-

1982 3931 2161 3981 turos.
2192 3925 2302 3981 Sed
2333 3942 2462 3997 quas
2486 3925 2598 3979 illis
2624 3924 3044 3980 discedentibus
3072 3940 3202 3979 cum
3231 3925 3433 3997 Alypio
3464 3941 3677 3980 sermo-

1983 4015 2204 4070 cinatus
2242 4031 2390 4082 sum,
2436 4030 2565 4068 cum
2602 4017 2840 4085 uterque
2870 4017 3133 4068 nostrum
3169 4028 3275 4084 pro
3307 4029 3408 4067 suo
3435 4012 3678 4085 quisque

1983 4103 2217 4158 modulo
2228 4103 2627 4158 recordaretur
2656 4105 2711 4157 et
2740 4102 3082 4173 conjectaret
3110 4104 3167 4155 et
3190 4105 3492 4173 quaereret,
3515 4100 3564 4156 si
3580 4119 3676 4156 ex-

1982 4207 2198 4263 ponere
2239 4191 2445 4259 velim;
2468 4192 2640 4263 longe
2661 4191 2827 4263 plura
2854 4190 3023 4246 nobis
3053 4190 3294 4245 dicenda
3321 4193 3473 4258 sunt,
3506 4206 3680 4262 quam

1984 4280 2054 4335 ab
2085 4280 2209 4352 ipso
2247 4279 2532 4352 principio
2567 4280 2735 4335 tantis
2765 4278 3102 4350 ambagibus
3131 4282 3304 4349 atque
3335 4278 3683 4333 anfractibus

1987 4370 2137 4425 dicta
2166 4373 2333 4424 sunt:
2387 4385 2503 4424 non
2549 4368 2704 4440 apud
2744 4372 2798 4423 te
2836 4372 3031 4424 tamen
3060 4367 3256 4423 tacebo
3289 4367 3443 4438 quod
3474 4367 3680 4423 sentio.

1988 4457 2105 4514 Nisi
2138 4457 2282 4512 mihi
2315 4461 2452 4512 tunc
2484 4458 2664 4512 multa
2684 4456 2808 4528 jam
2843 4460 2982 4511 nota
3012 4460 3199 4510 essent
3223 4454 3291 4511 de
3321 4470 3581 4526 corpore,
3614 4455 3685 4510 de

1989 4546 2175 4619 specie
2196 4562 2327 4619 quae
2354 4545 2504 4601 inest
2522 4545 2770 4617 corpori,
2796 4546 2864 4600 de
2890 4545 3035 4611 loco,
3061 4544 3130 4600 de
3154 4548 3434 4615 tempore,
3461 4544 3530 4599 de
3559 4560 3687 4599 mo-

1989 4640 2070 4705 tu,
2097 4652 2226 4707 quae
2254 4634 2618 4690 subtilissime
2647 4638 2814 4704 atque
2836 4631 3255 4689 abstrusissime
3279 4636 3513 4703 propter
3539 4632 3690 4688 hanc

1988 4724 2170 4796 ipsam
2212 4722 2587 4795 quaestionem
2629 4722 3021 4787 disseruntur;
3054 4720 3122 4775 ad
3160 4721 3406 4775 dandam
3436 4720 3688 4792 palmam

1990 4812 2080 4881 iis,
2110 4811 2209 4883 qui
2235 4828 2440 4883 corpus
2469 4827 2590 4867 esse
2620 4809 2872 4865 animam
2902 4810 3119 4874 dicunt,
3153 4809 3519 4865 declinarem.
3547 4809 3691 4874 Qua-

1991 4905 2224 4973 propter
2252 4905 2326 4967 te,
2359 4904 2424 4956 ut
2451 4916 2702 4972 possum,
2736 4900 2909 4954 etiam
2947 4902 3117 4970 atque
3151 4898 3325 4954 etiam
3352 4914 3583 4965 moneo,
3617 4913 3691 4953 ne

1992 4994 2208 5046 temere
2240 4993 2337 5044 aut
2383 4988 2443 5044 in
2483 4989 2658 5045 libros
2687 4992 2786 5043 aut
2820 4988 2881 5043 in
2911 4987 3328 5060 disputationes
3356 4984 3688 5060 loquacissi-

1995 5095 2221 5134 morum
2253 5078 2580 5147 hominum,
2618 5077 2981 5150 nimiumque
3012 5077 3272 5132 sensibus
3317 5075 3406 5131 his
3435 5072 3691 5145 corporis

1998 5167 2355 5223 credentium
2398 5171 2454 5223 te
2501 5166 2846 5238 praecipites,
2888 5167 3068 5221 donec
3097 5164 3345 5237 corrigas
3382 5162 3691 5232 ﬁrmesque

1996 5256 2257 5328 vestigia,
2288 5273 2417 5329 qua:
2448 5273 2627 5328 usque
2652 5257 2721 5311 ad
2745 5256 2934 5327 ipsum
2956 5256 3137 5311 Deum
3162 5252 3411 5309 animam
3440 5249 3689 5305 ducunt:

2000 5361 2071 5400 ne
2098 5344 2167 5399 ab
2196 5344 2293 5399 illo
2322 5343 2700 5400 secretissimo
2727 5348 2784 5399 et
2808 5342 3276 5416 tranquillissima
3300 5338 3506 5394 mentis
3534 5337 3696 5394 habi-

2000 5433 2207 5495 taculo,
2241 5449 2273 5487 a
2318 5449 2432 5505 quo
2478 5448 2650 5499 nunc,
2680 5432 2817 5487 dum
2856 5433 2979 5487 haec
3006 5428 3221 5496 incolit,
3252 5425 3556 5497 peregrina
3587 5432 3693 5494 est,

2004 5521 2208 5577 studiis
2235 5521 2456 5578 facilius
2485 5526 2541 5578 et
2583 5520 2896 5588 laboribus,
2929 5533 3100 5590 quam
3129 5514 3335 5572 inertia
3366 5514 3695 5587 desidiaque

2007 5612 2297 5668 averteris.
