4064 6398
422 342 551 394 10³71

490 467 578 522 64.
613 465 772 519 Nunc
803 467 997 518 autem
1027 461 1214 534 accipe
1251 467 1449 517 contra
1475 461 1620 517 illud
1649 478 1782 534 quo,
1813 466 1877 517 ut
1903 463 2105 528 sentio,

418 555 666 610 multum
710 552 976 619 moveris,
1007 568 1122 607 non
1162 552 1317 623 quod
1344 551 1634 606 robustius
1665 552 1734 606 de
1763 551 1976 618 multis,
2009 551 2108 605 sed

418 642 571 714 quod
587 641 815 696 brevius
841 656 1061 712 ;neque
1081 640 1238 712 quod
1258 639 1401 694 mihi
1430 639 1780 711 probabilius
1807 655 1978 710 quam
2007 654 2109 694 cte-

416 735 558 798 tera,
581 730 679 784 sed
709 730 861 801 quod
885 729 987 784 tibi
1010 729 1196 800 aptius
1223 730 1433 800 eligere
1465 728 1643 799 potui.
1667 731 1731 783 E.
1769 729 1886 795 Dic,
1910 744 2007 782 ore
2029 732 2104 790 te,

417 834 591 890 quam
606 817 875 882 citissime
895 822 1077 888 potes.
1097 818 1170 873 A.
1193 817 1448 872 Primum
1469 816 1610 870 illud
1632 816 1776 883 dico,
1796 815 1841 869 si
1859 816 2106 869 maxime

413 923 583 961 causa
614 907 802 972 lateat,
828 922 929 960 cur
959 905 1020 960 in
1049 905 1372 960 concisione
1393 905 1774 975 quorumdam
1805 919 2107 974 corporum

411 994 510 1048 illa
535 993 887 1064 contingant,
921 1010 1036 1048 non
1062 993 1334 1047 continuo
1365 1009 1470 1046 nos
1495 992 1602 1046 hoc
1631 1008 1746 1046 uno
1775 992 1856 1046 ita
1879 997 2104 1062 pertur-

413 1080 539 1135 bari
559 1085 843 1152 oportere,
864 1085 932 1134 ut
949 1089 1068 1134 tam
1089 1080 1269 1134 multa
1290 1096 1417 1151 quin
1438 1080 1698 1149 superius
1719 1079 1842 1133 luce
1869 1079 2108 1132 clariora

416 1168 522 1223 tibi
549 1167 669 1222 visa
693 1174 848 1235 sunt,
875 1168 1016 1222 falsa
1035 1183 1156 1222 esse
1181 1167 1541 1222 arbitremur.
1570 1167 1717 1221 Fieri
1748 1167 1902 1221 enim
1923 1169 2107 1238 potest

414 1260 478 1311 ut
505 1256 676 1326 hujus
698 1255 780 1310 rei
801 1271 970 1310 causa
989 1271 1092 1310 nos
1113 1257 1304 1323 lateat,
1327 1273 1456 1326 quae
1481 1257 1566 1309 vel
1592 1257 1859 1310 humanae
1887 1260 2106 1309 naturae

414 1345 692 1399 occultata
707 1347 792 1398 est
806 1361 820 1411 ;
835 1345 921 1398 vel
934 1345 1007 1398 sit
1025 1343 1195 1399 alicui
1214 1344 1434 1398 homini
1447 1344 1692 1414 cognita,
1715 1361 1820 1398 nec
1839 1344 1942 1398 iste
1957 1362 1988 1398 a
2008 1360 2107 1398 no-

414 1432 503 1486 bis
523 1431 864 1502 interrogari
879 1432 1090 1502 possit";
1110 1437 1215 1487 'aut
1226 1432 1397 1486 etiam
1408 1433 1524 1500 ,hoc
1538 1432 1771 1502 ingenio
1784 1432 1893 1503 ipsi
1907 1432 2102 1498 simus,

418 1523 481 1574 ut
501 1519 820 1574 satisfacere
839 1520 1003 1575 nobis
1023 1519 1405 1592 interrogatus
1428 1537 1542 1575 non
1566 1521 1761 1591 possit.
1789 1522 1832 1574 N
1842 1520 2105 1591 nmquid-

417 1623 551 1662 nam
576 1625 641 1662 ex
670 1624 737 1662 eo
763 1608 1045 1680 quidquid
1075 1625 1138 1663 ex
1163 1609 1450 1664 contraria
1478 1615 1636 1680 parte
1665 1609 1989 1663 ﬁrmissime
2019 1608 2104 1662 di-

415 1696 679 1764 dicimus,
711 1713 775 1750 ac
807 1697 1166 1752 verissimum
1213 1714 1332 1752 esse
1372 1698 1734 1767 conﬁtemur,
1781 1698 1895 1752 labi
1940 1697 2105 1751 nobis

413 1788 584 1854 atque
603 1785 929 1856 extorqueri
949 1787 1110 1840 decet
1126 1786 1156 1838 ?
1174 1785 1344 1856 Atqui
1365 1784 1412 1838 si
1437 1785 1536 1838 illa
1558 1790 1828 1838 maneant
1856 1783 2101 1854 integra,

413 1888 542 1943 quas
573 1871 960 1944 interrogatus
1002 1877 1158 1927 certa
1185 1877 1242 1927 et
1285 1872 1526 1926 indubia
1563 1889 1683 1926 esse
1720 1871 2099 1943 respondisti;
2151 1903 2160 1910 -

412 1960 555 2016 nihil
574 1966 659 2015 est
677 1961 831 2032 quod
852 1961 1026 2016 istum
1041 1961 1419 2016 vermiculum
1434 1960 1737 2030 pueriliter
1755 1965 2098 2026 metuamus,

411 2064 744 2122 quanquam
789 2049 1101 2104 vivacitatis
1149 2055 1206 2104 et
1247 2049 1672 2104 numerositatis
1711 2050 1834 2120 ejus
1863 2062 2103 2118 causam

412 2154 530 2194 non
552 2139 841 2194 valeamus
862 2138 1084 2194 afferre.
1113 2137 1172 2192 Si
1191 2137 1347 2192 enim
1376 2138 1527 2209 apud
1547 2143 1600 2192 te
1621 2139 1690 2192 de
1715 2137 1905 2208 aliquo
1923 2136 2103 2191 ﬁxum

411 2226 834 2299 immotumque
854 2230 1139 2281 constaret
1167 2227 1321 2297 quod
1353 2231 1499 2280 esset
1526 2227 1610 2280 vir
1626 2226 1832 2292 bonus,
1855 2241 2102 2296 eumque

410 2315 470 2371 in
498 2317 788 2371 latronum
814 2314 1068 2370 convivio
1099 2329 1243 2384 quos
1272 2329 1681 2384 persequerere
1712 2313 2105 2385 deprehende-

410 2419 521 2472 res,
566 2409 736 2476 atque
781 2402 974 2474 aliquo
1013 2418 1168 2470 casu,
1199 2406 1506 2472 antequam
1536 2401 1636 2457 abs
1665 2407 1721 2457 te
1759 2400 2103 2473 interrogari

409 2497 624 2564 posset,
651 2495 1008 2558 moreretur;
1044 2490 1359 2561 quamlibet
1389 2506 1616 2545 causam
1652 2495 1883 2561 putares
1913 2491 2101 2561 potius

405 2579 562 2635 illius
626 2594 757 2632 cum
816 2576 1102 2631 sceleratis
1149 2576 1568 2647 conjunctionis
1618 2581 1787 2647 atque
1834 2575 2098 2642 convivii,

410 2665 637 2724 etiamsi
653 2670 708 2720 te
739 2681 965 2735 semper
984 2665 1206 2732 lateret,
1230 2680 1404 2735 quam
1425 2665 1606 2719 scelus
1627 2669 1683 2718 et
1706 2663 2035 2719 societatem
2059 2661 2099 2719 ¹.

409 2755 522 2810 Cur
550 2770 686 2825 ergo
729 2769 866 2820 non,
898 2768 1031 2807 cum
1067 2755 1186 2806 tam
1226 2752 1424 2806 multis
1455 2752 1806 2823 argumentis
1838 2751 2100 2822 superius

410 2842 594 2910 editis,
636 2846 807 2913 atque
852 2840 950 2895 abs
989 2843 1044 2895 te
1074 2839 1401 2894 ﬁrmissime
1430 2839 1836 2910 comprobatis,
1865 2840 2102 2910 planum

405 2930 509 2986 tibi
536 2931 750 2986 factum
781 2929 854 2984 sit
887 2944 1002 2984 non
1031 2929 1155 2984 loco
1194 2928 1449 2983 animam
1481 2928 1785 2995 contineri,
1818 2932 1986 3000 atque
2026 2928 2099 2982 ob

406 3020 514 3074 hoc
533 3018 746 3073 nullius
767 3017 896 3072 talis
917 3034 1036 3072 esse
1055 3018 1409 3088 quantitatis,
1433 3018 1663 3089 qualem
1686 3017 1746 3071 in
1766 3016 2100 3087 corporibus

406 3107 712 3174 cernimus,
745 3106 997 3178 aliquam
1041 3107 1342 3178 suspicaris
1369 3111 1500 3176 esse
1543 3123 1792 3176 causam,
1826 3122 1927 3161 cur
1953 3121 2096 3160 non-

406 3195 632 3251 nullum
662 3193 872 3249 animal
902 3193 1195 3248 concisum
1233 3195 1294 3248 in
1334 3194 1599 3249 omnibus
1623 3195 1882 3266 partibus
1910 3193 2092 3258 vivat;

406 3299 521 3338 non
549 3298 676 3338 eam
703 3287 895 3337 tamen
924 3282 1075 3354 quod
1101 3297 1231 3337 cum
1261 3299 1498 3355 corpore
1524 3283 1715 3338 anima
1739 3282 1959 3337 concidi
1989 3297 2115 3352 po-~

407 3369 629 3426 tuerit?
660 3371 841 3435 Quam
893 3370 940 3424 si
979 3370 1231 3441 reperire
1274 3387 1391 3424 non
1422 3387 1745 3441 possumus,
1789 3371 2096 3441 quaerenda

406 3475 600 3516 nonne
629 3463 712 3514 est
740 3458 930 3530 potius
959 3473 1114 3529 vera,
1147 3474 1321 3530 quam
1345 3458 1486 3514 falsa
1517 3459 1847 3514 credenda?

407 3585 631 3640 CAPUT
667 3584 868 3639 XXXII.
903 3613 970 3624 —
999 3585 1233 3638 Dissecto
1268 3599 1486 3654 corpore
1515 3585 1699 3643 anima
1726 3599 1831 3638 non
1858 3587 2089 3639 secatur.

475 3674 670 3730 Frusta
711 3672 929 3728 dissecti
970 3674 1208 3741 corporis
1265 3675 1442 3727 vivere
1475 3677 1718 3742 possunt,
1759 3688 1878 3749 cum
1907 3674 2092 3727 anima

471 3766 614 3815 secta
655 3775 761 3815 non
788 3763 880 3815 sit.
916 3763 1174 3831 Deinceps
1207 3761 1272 3816 de
1300 3763 1495 3817 animas
1524 3763 1848 3831 quantitate,
1881 3764 2092 3816 ratione

469 3850 691 3903 virtutis
717 3863 779 3903 ac
801 3851 1071 3917 potentiae.

469 3955 552 4007 65.
587 3951 801 4007 Deinde
848 3968 1044 4023 quaero
1094 3951 1194 4006 abs
1245 3957 1324 4022 te,
1369 3955 1564 4006 utrum
1601 3955 1768 4021 putes
1797 3950 1859 4004 in
1902 3949 2088 4005 verbis

397 4039 604 4118 nostris
633 4040 789 4094 aliud
813 4056 931 4094 esse
949 4040 1138 4110 ipsum
1163 4056 1388 4108 sonum,
1415 4040 1568 4094 aliud
1590 4037 1743 4110 quod
1755 4056 1892 4093 sono
1915 4039 2089 4110 signi-

395 4129 615 4184 ﬁcatur.
638 4131 703 4184 E.
738 4130 852 4198 Ego
873 4133 1182 4199 utrumque
1198 4128 1348 4182 idem
1370 4133 1528 4199 puto.
1553 4130 1624 4182 Α.
1645 4128 1743 4182 Dic
1759 4127 1901 4181 mihi
1924 4145 2083 4199 ergo,

395 4233 566 4272 sonus
597 4216 717 4287 ipse
756 4216 908 4270 unde
947 4217 1217 4287 procedat
1245 4233 1376 4269 cum
1404 4216 1678 4286 loqueris.
1716 4219 1776 4271 E.
1813 4216 1948 4280 Quis
1978 4217 2085 4271 du-

393 4305 537 4361 bitet
575 4321 607 4358 a
651 4321 743 4358 me
775 4305 1123 4375 procedere?
1154 4306 1224 4360 A.
1257 4304 1372 4358 Abs
1418 4309 1473 4358 te
1502 4320 1652 4375 ,ergo
1692 4306 1773 4359 sol
1805 4305 2081 4376 procedit,

394 4394 532 4449 dum
560 4391 824 4446 nominas
852 4393 1076 4446 solem?
1105 4395 1171 4447 E.
1206 4393 1284 4445 De
1315 4407 1452 4447 sono
1486 4409 1598 4459 me,
1628 4409 1745 4447 non
1773 4394 1840 4448 de
1870 4411 1930 4448 re
1959 4394 2082 4464 ipsa

390 4479 770 4551 interrogasti.
803 4481 876 4536 Α.
909 4479 1078 4534 Aliud
1109 4495 1244 4550 ergo
1274 4496 1446 4535 sonus
1476 4486 1574 4547 est,
1612 4483 1768 4536 aliud
1790 4499 1880 4537 res
1907 4500 2079 4554 quam

389 4569 668 4640 signiﬁcat
696 4584 895 4623 sonus:
931 4573 995 4622 tu
1030 4573 1220 4622 autem
1252 4573 1561 4641 utrumque
1595 4570 1747 4625 idem
1778 4588 1899 4626 esse
1929 4572 2080 4626 dixe-

388 4675 498 4712 ras.
530 4660 596 4712 E.
628 4659 766 4728 Age,
793 4657 912 4727 jam
941 4657 1188 4712 concedo
1223 4657 1378 4712 aliud
1408 4675 1528 4713 esse
1552 4659 1967 4730 signiﬁcantem
1989 4678 2078 4715 so-

386 4762 548 4812 num,
579 4746 734 4800 aliud
753 4761 875 4798 rem
904 4761 1031 4816 quae
1063 4745 1435 4816 significatur.
1467 4749 1538 4802 A.
1567 4747 1665 4802 Dic
1695 4765 1849 4820 ergo,
1881 4755 2078 4803 utrum

385 4849 574 4905 posses
591 4849 803 4904 gnarus
823 4833 1016 4887 latinas
1039 4833 1251 4904 linguae
1278 4833 1574 4889 nominare
1595 4835 1656 4889 in
1682 4837 1972 4906 loquendo
1994 4852 2079 4889 so-

382 4920 518 4988 lem,
562 4922 608 4974 si
657 4937 773 4975 non
810 4920 1136 4976 intellectus
1173 4922 1304 4976 solis
1354 4924 1706 4993 praecederet
1747 4941 1973 4980 sonum.
2005 4927 2071 4978 E.

382 5010 546 5066 Nullo
564 5009 732 5064 modo
747 5025 991 5080 possem.
1013 5012 1085 5066 A.
1110 5010 1257 5076 Quid
1275 5013 1304 5066 ?
1324 5016 1629 5084 antequam
1654 5013 1843 5083 ipsum
1865 5029 2073 5066 nomen

380 5099 450 5154 de
489 5115 586 5153 ore
614 5098 906 5169 procedat,
939 5099 986 5153 si
1015 5099 1210 5154 volens
1240 5100 1297 5155 id
1327 5101 1628 5156 enuntiare
1659 5102 1988 5173 aliquandiu
2016 5105 2070 5155 te

378 5188 440 5242 in
475 5186 703 5242 silentio
733 5191 964 5255 teneas;
1015 5204 1205 5244 nonne
1235 5189 1296 5243 in
1338 5193 1437 5245 tua
1481 5190 1826 5261 cogitatione
1855 5193 2066 5257 manet,

379 5277 529 5347 quod
571 5292 832 5347 expressa
861 5293 996 5331 voce
1040 5278 1180 5332 alius
1212 5279 1511 5333 auditurus
1547 5279 1678 5333 est?
1705 5281 1772 5332 E.
1807 5278 2067 5333 Manifes-

376 5369 497 5420 tum
524 5370 626 5420 est.
653 5367 726 5420 Α.
756 5365 945 5431 Quid?
983 5382 1112 5422 cum
1142 5370 1260 5438 ipse
1291 5369 1376 5422 sol
1414 5371 1585 5422 tantae
1615 5367 1685 5420 sit
1711 5367 2064 5436 magnitudi-

438 5525 455 5560 ι
484 5525 604 5591 Mss.
636 5525 874 5591 Floriac.,
894 5539 1059 5591 quam
1092 5527 1298 5579 sceleris
1322 5530 1374 5577 et
1401 5527 1682 5576 societatis.
1709 5525 1946 5577 Fortasse
1976 5527 2061 5577 hic

373 5585 652 5649 legendum
677 5602 689 5636 :
720 5589 882 5649 Quam
899 5585 1122 5644 sceleris
1149 5603 1257 5640 esse
1286 5591 1608 5640 societatem.

1449 337 1540 390 DE
1578 335 2036 404 QUANTI'I‘ATE
2075 334 2342 402 ANIMAS,
2390 334 2443 388 S.
2505 329 2886 390 AUGUSTINI

3797 333 3937 381 1071’

2216 459 2329 529 nis,
2355 475 2493 514 num
2515 458 2612 512 illa
2629 456 2789 511 notio
2819 455 2962 527 ejus,
2990 469 3162 525 quam
3182 452 3528 524 cogitatione
3561 456 3696 508 ante
3726 467 3935 506 vocem

2217 556 2397 615 tenes,
2446 551 2544 602 aut
2579 548 2773 616 longa,
2804 548 2903 598 aut
2938 545 3070 612 lata,
3103 547 3199 598 aut
3237 543 3372 614 quid
3415 542 3703 613 ejusmodi
3737 541 3937 596 videri

2215 635 2440 709 potest?
2471 639 2534 691 E.
2569 635 2736 690 Nullo
2767 633 2956 688 modo.

2288 728 2373 779 66.
2407 725 2474 779 A.
2507 727 2645 794 Age,
2673 724 2794 794 jam
2835 722 2923 776 dic
2951 720 3132 779 mihi:
3177 735 3307 774 cum
3337 735 3432 774 ore
3465 720 3663 790 ipsum
3710 734 3933 772 nomen

2217 812 2466 884 erumpit
2494 818 2613 878 tuo,
2635 816 2806 882 atque
2834 811 2891 864 id
2914 825 3020 880 ego
3042 809 3278 864 audiens
3303 810 3480 863 solem
3501 809 3719 878 cogito,
3749 824 3930 878 quem

2215 905 2280 955 tu
2309 907 2437 955 ante
2465 917 2653 955 vocem
2677 904 2733 954 et
2757 915 2886 954 cum
2912 899 3035 969 ipsa
3066 915 3197 952 voce
3226 897 3510 968 cogitasti,
3544 903 3600 952 et
3624 914 3788 950 nunc
3809 896 3930 951 for-

2216 994 2362 1043 tasse
2393 990 2560 1043 ambo
2582 989 2895 1059 cogitamus
2923 1009 2937 1055 ;
2966 1003 3158 1041 nonne
3188 987 3295 1041 tibi
3329 986 3550 1040 videtur
3579 1002 3810 1040 nomen
3837 985 3930 1056 ip-

2216 1093 2345 1132 sum
2373 1078 2548 1132 veluti
2577 1078 2857 1148 accepisse
2889 1077 2987 1131 abs
3017 1079 3070 1129 te
3097 1074 3596 1146 signiﬁcationem,
3629 1089 3827 1144 quam
3858 1073 3928 1128 ad

2215 1181 2308 1220 me
2355 1181 2458 1236 per
2485 1183 2650 1220 aures
2681 1165 3051 1236 deportaret?
3082 1167 3146 1218 E.
3188 1164 3437 1218 Videtur.
3485 1164 3558 1218 A.
3603 1163 3749 1217 Cum
3786 1177 3930 1233 ergo

2216 1270 2427 1308 nomen
2442 1254 2632 1325 ipsum
2664 1271 2801 1308 sono
2821 1259 2876 1308 et
2900 1252 3317 1324 signiﬁcatione
3341 1257 3578 1318 constet,
3611 1268 3797 1306 sonus
3819 1267 3926 1305 au-

2216 1348 2330 1398 tem
2356 1344 2424 1397 ad
2450 1360 2637 1412 aures,
2661 1343 2994 1414 signiﬁcatio
3013 1343 3084 1396 ad
3104 1346 3357 1395 mentem
3376 1340 3661 1412 pertineat
3687 1357 3700 1406 ;
3723 1356 3926 1393 nonne

2215 1432 2507 1486 arbitraris
2527 1432 2589 1486 in
2618 1431 2870 1496 nomine,
2893 1431 3048 1484 velut
3070 1430 3129 1483 in
3152 1429 3342 1501 aliquo
3367 1429 3684 1494 animante,
3702 1444 3924 1483 sonum

2214 1536 2336 1574 esse
2360 1537 2584 1591 corpus,
2616 1519 3083 1590 signiﬁcationem
3113 1523 3306 1572 autem
3337 1517 3499 1588 quasi
3529 1517 3793 1571 animam
3829 1533 3926 1570 so-

2213 1608 2323 1662 ni?
2350 1612 2412 1665 E.
2449 1609 2600 1664 Nihil
2633 1609 2774 1662 mihi
2805 1607 3030 1662 videtur
3059 1606 3321 1662 similius.
3356 1606 3428 1660 A.
3461 1606 3708 1660 Attende
3742 1620 3931 1674 nunc,

2213 1701 2407 1752 utrum
2445 1697 2692 1751 nominis
2723 1713 2894 1750 sonus
2937 1712 3037 1767 per
3083 1695 3300 1750 litteras
3339 1693 3516 1750 dividi
3543 1694 3744 1765 possit,
3783 1710 3926 1748 cum

2215 1785 2409 1840 anima
2453 1787 2595 1856 ejus,
2637 1786 2695 1840 id
2723 1790 2808 1838 est
2835 1783 3195 1855 signiﬁcatio,
3226 1800 3343 1837 non
3375 1782 3575 1853 possit.
3608 1783 3921 1854 Siquidem

2214 1874 2339 1944 ipsa
2367 1879 2453 1928 est
2481 1890 2654 1945 quam
2683 1873 2855 1942 paulo
2876 1876 3006 1926 ante
3026 1872 3087 1925 in
3109 1876 3307 1926 nostra
3337 1871 3684 1941 cogitatione
3712 1887 3825 1924 nec
3847 1871 3930 1924 la-

2213 1966 2331 2016 tam
2362 1978 2465 2016 nec
2511 1963 2743 2033 longam
2789 1960 3135 2032 respondisti
3166 1960 3270 2014 tibi
3308 1960 3508 2015 videri.
3554 1963 3621 2015 E.
3673 1962 3926 2014 Prorsus

2213 2051 2512 2105 assentior.
2534 2052 2604 2105 A.
2631 2049 2795 2118 Quid,
2821 2066 2951 2104 cum
2975 2065 3079 2120 per
3099 2049 3317 2103 litteras
3337 2048 3593 2118 singulas
3613 2065 3794 2102 sonus
3818 2049 3928 2103 ille

2214 2139 2507 2207 dividitur,
2535 2137 2758 2193 videtur
2785 2137 2892 2192 tibi
2921 2137 3395 2208 signiﬁcationem
3423 2137 3582 2191 illam
3610 2137 3875 2192 retinere
3899 2137 3929 2192 ?

2211 2231 2277 2283 E.
2312 2227 2608 2293 Quomodo
2634 2231 2875 2298 possunt
2903 2227 3143 2297 singulae
3166 2226 3371 2280 litteras
3390 2226 3736 2298 signiﬁcare,
3760 2227 3926 2298 quod

2212 2332 2428 2371 nomen
2456 2317 2610 2387 quod
2633 2333 2701 2370 ex
2719 2315 2809 2370 his
2831 2315 3024 2381 conﬁt,
3051 2315 3372 2386 signiﬁcat?
3392 2317 3463 2370 Α.
3495 2317 3568 2370 At
3594 2331 3749 2385 cum,
3783 2332 3928 2386 per-

2211 2405 2324 2458 dita
2354 2404 2768 2474 signiﬁcatione
2795 2404 3105 2475 discerptus
3133 2405 3191 2457 in
3211 2403 3416 2458 litteris
3443 2419 3615 2458 sonus
3629 2408 3746 2470 est;
3774 2419 3927 2458 num

2212 2492 2370 2547 aliud
2395 2497 2560 2564 putas
2593 2509 2714 2547 esse
2744 2492 2978 2560 factum,
3013 2479 3187 2564 quam
3218 2492 3492 2546 dilaniato
3523 2509 3759 2563 corpore
3794 2493 3920 2546 dis-

2212 2581 2443 2636 cessisse
2474 2581 2740 2644 animam,
2773 2587 2830 2636 et
2855 2581 3018 2653 quasi
3045 2585 3290 2635 mortem
3321 2581 3631 2652 quamdam
3659 2581 3928 2635 nominis

2211 2669 2555 2740 contigisse?
2587 2673 2649 2725 E.
2689 2671 2814 2724 Non
2854 2672 3041 2724 solum
3069 2670 3367 2739 assentior,
3402 2670 3498 2723 sed
3528 2670 3608 2724 ita
3640 2670 3922 2736 libenter,

2209 2762 2273 2812 ut
2298 2758 2440 2813 nihil
2471 2774 2561 2812 me
2593 2758 2775 2828 magis
2802 2758 2862 2812 in
2893 2758 3001 2813 hoc
3030 2774 3291 2812 sermone
3322 2757 3712 2812 delectaverit.

2283 2850 2369 2901 6'7.
2398 2848 2470 2901 A.
2507 2846 2567 2901 Si
2595 2863 2730 2918 ergo
2758 2847 2892 2900 satis
2921 2846 3261 2918 perspexisti
3284 2846 3344 2900 in
3372 2847 3478 2900 hac
3508 2846 3917 2913 similitudine,

2210 2935 2495 3007 quomodo
2532 2935 2710 3006 possit
2749 2935 2986 2990 dissecto
3032 2951 3264 3006 corpore
3309 2935 3501 2990 anima‘
3537 2952 3652 2989 non
3691 2936 3919 3003 secari;

2207 3023 2399 3095 accipe
2442 3040 2593 3080 nunc
2628 3025 2915 3096 quomodo
2946 3025 3125 3080 frusta
3154 3025 3277 3095 ipsa
3312 3024 3589 3095 corporis,
3620 3041 3754 3079 cum
3788 3024 3924 3079 ani-

2207 3127 2302 3166 ma
2317 3117 2466 3166 secta
2493 3129 2609 3167 non
2633 3113 2726 3180 sit,
2753 3113 2940 3167 vivere
2961 3113 3200 3183 possint.
3225 3114 3252 3167 ,Ι
3259 3129 3351 3166 am
3373 3112 3528 3166 enim
3549 3112 3915 3180 concessisti,

2207 3203 2263 3255 et
2290 3204 2462 3271 recte,
2495 3205 2560 3255 ut
2588 3201 2812 3272 opinor,
2845 3200 3320 3271 signiﬁcationem
3350 3217 3478 3272 quae
3509 3201 3676 3271 quasi
3705 3201 3913 3256 anima

2206 3289 2333 3343 soni
2361 3294 2464 3356 est,
2497 3290 2634 3345 dum
2663 3305 2875 3344 nomen
2909 3289 3119 3360 editur,
3140 3306 3245 3361 per
3271 3289 3517 3360 seipsam
3546 3290 3707 3343 nullo
3734 3296 3912 3360 pacto

2205 3377 2380 3433 dividi
2405 3395 2591 3449 posse,
2629 3395 2760 3433 cum
2786 3378 2908 3450 ipse
2939 3395 3133 3446 sonus,
3167 3379 3319 3451 quod
3346 3380 3502 3433 velut
3531 3394 3740 3448 corpus
3777 3377 3913 3448 ejus

2205 3472 2309 3534 est,
2353 3467 2549 3538 possit.
2582 3467 2689 3522 Sed
2729 3467 2792 3521 in
2820 3467 2954 3521 solis
2979 3467 3212 3522 nomine
3241 3468 3320 3522 ita
3351 3468 3477 3522 soni
3508 3472 3593 3523 est
3621 3467 3772 3522 facta
3804 3469 3911 3522 'di-

2201 3555 2362 3622 visio,
2394 3558 2458 3608 ut
2487 3555 2643 3608 nulla
2671 3571 2800 3626 pars
2821 3555 2944 3626 ejus
2968 3555 3446 3626 signiﬁcationem
3479 3555 3732 3626 aliquam
3762 3556 3912 3610 reti-

2200 3647 2380 3698 neret.
2406 3644 2602 3714 Itaque
2624 3643 2751 3697 illas
2774 3644 3007 3710 litteras,
3036 3645 3342 3700 dilacerato
3364 3661 3598 3715 corpore
3621 3645 3908 3713 nominis,

2203 3736 2476 3803 tanquam
2507 3733 2768 3787 exanima
2807 3733 3082 3803 membra,
3113 3733 3172 3788 id
3205 3738 3311 3803 est,
3346 3733 3766 3806 signiﬁcatione
3810 3751 3910 3790 ca-

2199 3820 2384 3875 rentia
2403 3821 2921 3876 considerabamus.
2945 3821 3327 3885 Quamobrem
3351 3823 3397 3877 si
3423 3823 3654 3894 aliquod
3684 3839 3912 3880 nomen

2198 3909 2607 3977 invenerimus,
2627 3911 2781 3982 quod
2804 3910 3046 3965 divisum
3069 3916 3241 3982 queat
3262 3911 3437 3966 etiam
3458 3911 3701 3983 singulis
3719 3915 3907 3984 parti-

2195 3997 2302 4052 bus
2323 3998 2617 4070 quidpiam
2639 3998 2988 4070 signiﬁcare;
3015 4001 3287 4055 concedas
3308 4006 3546 4072 oportet,
3572 4017 3688 4055 non
3713 4003 3909 4057 omni-

2196 4087 2425 4141 modam
2449 4087 2624 4141 veluti
2645 4092 2889 4142 mortem
2901 4087 2998 4142 tali
3018 4087 3354 4158 praecisione
3375 4089 3582 4142 factam
3604 4105 3750 4154 esse,
3767 4107 3908 4146 eum

2194 4175 2299 4229 tibi
2332 4176 2588 4230 membra
2626 4175 2931 4246 separatim
2961 4175 3318 4230 considerata
3346 4177 3642 4247 quodlibet
3672 4178 3903 4249 signiﬁ-

2193 4264 2381 4318 cantia
2395 4267 2450 4318 et
2470 4264 2633 4335 quasi
2653 4264 2930 4334 spirantia
2949 4263 3312 4319 videbuntur.
3335 4269 3399 4320 E.
3428 4266 3750 4321 Concedam
3777 4284 3906 4322 om—

2191 4348 2351 4415 nino,
2375 4351 2429 4402 et
2449 4348 2646 4419 utjam
2668 4347 2918 4419 idipsum
2934 4365 3118 4412 sones,
3143 4349 3360 4420 ﬂagito.
3386 4352 3463 4404 Α.
3490 4350 3695 4422 Accipe
3721 4368 3734 4406 :
3759 4368 3902 4407 nam

2190 4437 2327 4490 dum
2357 4436 2620 4490 viciniam
2643 4437 2776 4491 solis
2802 4438 3053 4505 attendo,
3081 4438 3151 4492 de
3173 4439 3334 4509 cujus
3365 4439 3599 4493 nomine
3627 4441 3901 4511 superius

2191 4526 2433 4596 egimus,
2466 4525 2688 4580 Lucifer
2719 4526 2863 4580 mihi
2895 4526 3170 4597 occurrit;
3203 4527 3303 4598 qui
3334 4529 3589 4598 profecto
3621 4528 3780 4583 inter
3806 4548 3898 4585 se-

2189 4615 2435 4669 cundam
2468 4618 2525 4668 et
2562 4613 2787 4669 tertiam
2834 4615 3112 4685 syllabam
3149 4615 3354 4670 scissus
3394 4616 3654 4670 nonnihil
3699 4618 3898 4688 priore

2186 4706 2349 4772 parte
2370 4701 2672 4773 signiﬁcat,
2696 4719 2825 4758 cum
2848 4703 3108 4768 dicimus,
3135 4703 3286 4774 Luci,
3311 4707 3368 4758 et
3382 4703 3510 4760 ideo
3529 4704 3590 4759 in
3610 4705 3722 4759 hoc
3739 4707 3899 4776 plus-

2188 4807 2363 4861 quam
2394 4791 2634 4846 dimidio
2681 4809 2918 4863 corpore
2959 4793 3210 4847 nominis
3243 4792 3394 4847 vivit.
3429 4794 3689 4848 Extrema
3717 4795 3895 4849 etiam

2184 4894 2318 4949 pars
2349 4879 2521 4935 habet
2549 4880 2835 4937 animam:
2882 4897 3017 4936 nam
3047 4899 3178 4936 cum
3219 4881 3368 4937 ferre
3398 4882 3616 4953 aliquid
3640 4881 3892 4953 juberis,

2183 4967 2330 5021 hanc
2358 4970 2539 5024 audis.
2570 4969 2677 5033 Qui
2702 4969 2856 5023 enim
2884 4987 3077 5041 posses
3106 4971 3528 5042 obtemperare,
3552 4970 3600 5024 si
3629 4971 3762 5042 quis
3783 4973 3893 5027 tibi

2183 5055 2415 5124 diceret,
2465 5059 2570 5112 Fer
2598 5057 2869 5125 codicem,
2904 5057 2946 5112 si
2994 5059 3137 5114 nihil
3165 5059 3512 5130 signiﬁcaret
3542 5059 3691 5114 Fer?
3734 5062 3892 5131 quod

2180 5159 2311 5198 cum
2341 5145 2568 5200 additur
2594 5147 2747 5212 Luci,
2775 5147 2996 5201 Lucifer
3017 5153 3200 5216 sonat,
3225 5153 3280 5203 et
3300 5147 3587 5220 signiﬁcat
3615 5149 3845 5203 stellam
3869 5167 3882 5217 ;

2180 5248 2310 5286 cum
2323 5237 2514 5287 autem
2529 5234 2801 5306 demitur,
2816 5236 3081 5292 nonnihil
3097 5237 3401 5308 signiﬁcat,
3426 5241 3482 5291 et
3496 5237 3568 5292 ob
3589 5237 3699 5292 hoc
3721 5239 3887 5310 quasi

2179 5320 2388 5374 retinet
2417 5321 2608 5376 vitam.

2247 5411 2334 5464 68.
2370 5408 2509 5463 Cum
2551 5415 2742 5465 autem
2783 5413 2935 5467 locus
2973 5417 3029 5468 et
3061 5418 3285 5484 tempus
3321 5413 3414 5482 sit,
3446 5413 3656 5484 quibus
3685 5416 3887 5473 omnia

2175 5511 2302 5567 quin
2330 5496 2654 5554 sentiuntur
2679 5505 3049 5574 occupantur,
3079 5503 3168 5557 vel
3196 5501 3386 5574 potius
3413 5519 3541 5573 quas
3573 5511 3883 5576 occupant,

2174 5585 2323 5655 quod
2356 5586 2534 5641 oculis
2565 5590 2860 5656 sentimus,
2893 5606 2998 5661 per
3025 5591 3253 5658 locum;
3287 5591 3443 5662 quod
3486 5593 3746 5658 auribus,
3781 5611 3885 5666 per
