4064 6356
179 288 327 340 1073

172 414 410 484 tempus
440 410 731 468 dividitur.
757 412 827 466 Ut
845 409 1000 467 enim
1020 410 1362 467 vermiculus
1388 411 1484 468 ille
1505 413 1635 484 plus
1663 413 1774 469 loci
1791 417 1874 468 to-

171 504 296 570 tus,
328 517 500 572 quam
529 518 664 572 pars
691 501 812 573 ejus
832 501 1170 570 occupabat;
1199 500 1278 555 ita
1306 501 1581 573 majorem
1601 502 1877 574 temporis

173 606 403 645 moram
436 595 614 658 tenet,
647 607 778 645 cum
811 589 1033 644 Lucifer
1059 589 1284 658 dicitur,
1319 607 1491 663 quam
1521 591 1567 646 si
1600 593 1730 647 Luci
1756 596 1878 647 tan-

175 679 484 734 tummodo
515 679 823 734 diceretur.
854 679 1038 744 Quare
1070 679 1116 732 si
1155 679 1264 734 hoc
1295 680 1711 751 significatione
1740 680 1877 734 vivit

176 766 242 822 in
277 785 341 822 ea
373 767 758 822 diminutione
778 767 1072 838 temporis,
1091 784 1220 838 qua:
1246 768 1422 823 diviso
1442 769 1540 822 illo
1572 785 1710 823 sono
1730 769 1878 824 facta

177 860 288 916 est,
319 873 448 910 cum
481 857 682 910 eadem
713 854 1053 926 signiﬁcatio
1087 855 1268 911 divisa
1299 871 1414 910 non
1449 857 1520 911 sit
1551 857 1690 925 (non
1720 857 1874 912 enim

174 943 309 1015 ipsa
335 960 440 1015 per
463 949 694 1015 tempus
725 944 1175 1014 distendebatur,
1203 945 1300 1000 sed
1327 945 1516 1014 sonus)
1539 963 1552 1013 ;
1582 945 1662 1000 ita
1691 946 1879 1000 existi-

176 1033 461 1086 mandum
493 1037 597 1099 est,
631 1036 781 1086 secto
823 1032 1120 1086 vermiculi
1159 1049 1417 1104 corpore,
1449 1050 1778 1105 quanquam
1817 1034 1879 1089 in

178 1121 412 1176 minore
444 1123 564 1175 loco
605 1137 736 1192 pars
773 1136 841 1176 eo
881 1122 1004 1192 ipso
1033 1137 1146 1193 quo
1175 1138 1305 1192 pars
1339 1127 1462 1176 erat
1496 1122 1730 1191 viveret,
1764 1139 1878 1178 non

179 1209 421 1264 omnino
469 1209 719 1264 animam
753 1214 984 1277 sectam,
1017 1225 1120 1264 nec
1162 1211 1286 1265 loco
1328 1210 1549 1264 minore
1591 1211 1878 1267 minorem

178 1315 305 1354 esse
348 1299 576 1364 factam,
620 1298 753 1353 licet
783 1298 992 1370 integri
1037 1297 1342 1353 animantis
1389 1299 1648 1354 membra
1682 1301 1879 1356 omnia

175 1403 288 1459 per
324 1387 603 1457 majorem
642 1388 831 1442 locum
868 1391 1131 1459 porrecta
1168 1386 1335 1440 simul
1378 1387 1715 1457 possederit.
1751 1389 1878 1442 Non

175 1475 336 1530 enim
360 1477 546 1530 locum
579 1475 722 1546 ipsa,
742 1475 835 1529 sed
861 1491 1067 1546 corpus
1088 1475 1242 1546 quod
1267 1475 1336 1530 ab
1357 1475 1556 1529 eadem
1579 1475 1873 1546 agebatur,

175 1564 412 1619 tenebat
445 1582 458 1618 :
492 1564 638 1619 sicut
665 1565 761 1618 illa
797 1563 1140 1635 signiﬁcatio
1173 1580 1290 1618 non
1325 1563 1569 1618 distenta
1599 1580 1702 1635 per
1731 1568 1874 1619 tem-

171 1670 310 1725 pus,
364 1669 562 1708 omnes
606 1658 798 1707 tamen
845 1652 1095 1707 nominis
1140 1652 1358 1707 litteras
1405 1668 1536 1706 suas
1576 1668 1766 1707 moras
1812 1669 1877 1708 ac

174 1734 448 1814 tempora
473 1742 849 1813 possidentes,
872 1742 1027 1796 velut
1048 1740 1398 1794 animaverat
1427 1745 1598 1812 atque
1622 1743 1873 1813 complc-

171 1835 358 1885 verat.
397 1833 508 1885 Hac
551 1829 924 1884 similitudine
974 1829 1200 1883 interim
1251 1833 1556 1884 contentus
1601 1830 1677 1884 sis
1714 1835 1870 1902 peto,

177 1937 297 1992 qua
326 1925 380 1974 te
410 1919 592 1973 sentio
625 1919 992 1973 delectatum.
1024 1919 1161 1983 Quae
1190 1923 1380 1973 autem
1406 1919 1772 1974 subtilissime
1804 1921 1872 1975 de

173 2010 290 2065 hoc
320 2008 597 2080 disputari
628 2011 878 2078 possunt,
901 2008 979 2062 ita
1007 2012 1070 2062 ut
1094 2024 1212 2062 non
1244 2007 1711 2063 similitudinibus
1743 2025 1873 2079 quae

174 2100 522 2171 plerumque
569 2097 795 2164 fallunt,
843 2097 938 2151 sed
983 2097 1152 2151 rebus
1190 2096 1326 2168 ipsis
1373 2096 1508 2150 satis
1537 2096 1655 2163 ﬁat,
1687 2113 1760 2152 ne
1811 2097 1871 2153 in

173 2187 482 2260 praesentia
525 2190 813 2256 eXspectes
847 2202 860 2240 :
906 2202 1040 2240 nam
1087 2189 1144 2240 et
1188 2185 1613 2240 concludendus
1642 2189 1726 2240 est
1754 2191 1872 2240 tam

173 2279 386 2348 longus
416 2291 626 2344 sermo,
649 2279 706 2330 et
727 2274 920 2330 multis
949 2273 1074 2329 aliis
1108 2290 1234 2345 quae
1263 2273 1367 2328 tibi
1394 2274 1616 2342 desunt,
1647 2275 1872 2330 animus

177 2367 248 2421 ad
287 2367 410 2420 haec
447 2365 722 2419 intuenda
759 2368 817 2418 et
856 2362 1205 2434 dispicienda
1241 2363 1634 2433 precolendus
1674 2367 1774 2429 est,
1808 2367 1872 2418 ut

173 2453 360 2525 possis
375 2453 693 2524 intelligere
710 2451 1306 2523 liquidissime,utrum
1319 2450 1472 2521 quod
1487 2468 1515 2504 a
1528 2451 1870 2522 quibusdam

175 2544 524 2598 doctissimis
551 2544 683 2598 viris
709 2543 936 2610 dicitur,
968 2543 1046 2596 ita
1078 2559 1197 2596 sese
1225 2542 1449 2604 habeat,
1483 2542 1737 2597 animam
1766 2559 1872 2613 per

171 2633 253 2686 sei
261 2649 422 2704 psam
435 2633 592 2687 nullo
604 2633 798 2700 modo,
813 2632 910 2686 sed
926 2636 1115 2686 tamen
1132 2647 1234 2702 per
1253 2647 1456 2703 corpus
1468 2648 1630 2702 posse
1646 2631 1865 2702 partiri.

246 2726 335 2778 69.
382 2723 541 2776 Nunc
582 2721 770 2792 accipe
815 2737 848 2774 a
890 2737 1005 2788 me,
1056 2720 1102 2774 si
1141 2721 1316 2790 voles,
1355 2720 1443 2774 vel
1483 2720 1673 2791 potius
1709 2735 1867 2774 reco-

173 2825 385 2882 gnosce
416 2827 517 2882 per
543 2826 658 2873 me,
693 2812 908 2880 quanta
938 2809 1010 2862 sit
1048 2808 1257 2874 anima,
1290 2825 1407 2863 non
1451 2807 1632 2879 spatio
1663 2807 1772 2862 loci
1805 2823 1869 2862 ac

168 2899 472 2969 temporis,
505 2899 604 2952 sed
633 2898 687 2951 vi
727 2914 790 2952 ac
826 2897 1084 2967 potentia
1113 2916 1129 2952 :
1162 2913 1291 2951 nam
1336 2897 1416 2950 ita
1454 2896 1497 2950 si
1530 2896 1864 2962 meministi,

167 2987 532 3057 propositum
565 3002 628 3040 ac
657 2985 1021 3040 distributum
1047 2985 1267 3056 jamdiu
1306 2985 1473 3039 nobis
1503 2989 1610 3040 est.
1651 2987 1729 3040 De
1757 3001 1866 3039 nu-

172 3090 336 3128 mero
372 3091 506 3128 vero
547 3073 887 3138 animarum,
921 3073 1110 3128 nescio
1147 3074 1286 3145 quid
1327 3073 1429 3128 tibi
1468 3075 1864 3146 respondeam,

165 3179 301 3218 cum
332 3163 441 3218 hoc
476 3164 547 3218 ad
588 3163 755 3217 istam
798 3163 1174 3235 quaestionem
1208 3163 1496 3234 pertinere
1533 3163 1818 3234 putaveris
1849 3179 1863 3218 :

167 3252 339 3306 citius
384 3252 537 3306 enim
584 3249 830 3306 dixerim
865 3267 982 3305 non
1022 3267 1142 3304 esse
1191 3251 1428 3306 omnino
1469 3252 1866 3323 quarendum,

168 3345 273 3396 aut
302 3345 452 3395 certe
485 3340 590 3394 tibi
619 3356 772 3395 nunc
799 3340 1198 3408 differendum,
1230 3356 1402 3411 quam
1439 3341 1528 3395 vel
1560 3356 1867 3395 numerum

170 3447 235 3485 ac
275 3429 710 3484 multitudinem
750 3445 869 3483 non
915 3429 1199 3500 pertinere
1242 3430 1312 3484 ad
1344 3429 1740 3500 quantitatem,
1780 3430 1868 3483 vel

170 3524 290 3574 tam
323 3518 638 3573 involutam
672 3518 1051 3589 quaestionem
1077 3519 1246 3573 modo
1270 3535 1303 3572 a
1333 3535 1423 3574 me
1455 3519 1558 3573 tibi
1587 3535 1752 3590 posse
1782 3534 1871 3574 ex-

172 3609 373 3679 pediri.
408 3608 465 3663 Si
498 3608 652 3662 enim
683 3608 879 3662 dixero
910 3623 1082 3662 unam
1110 3623 1229 3662 esse
1258 3607 1532 3677 animam,
1559 3607 1867 3662 conturba-

171 3697 346 3762 beris,
382 3697 536 3768 quod
566 3697 626 3751 in
657 3696 835 3750 altero
866 3697 1030 3751 beata
1063 3700 1168 3762 est,
1199 3696 1259 3750 in
1289 3696 1466 3750 altero
1494 3696 1733 3764 misera;
1765 3710 1870 3749 nec

169 3803 289 3842 una
318 3803 407 3840 res
434 3786 602 3840 simul
631 3789 687 3840 et
712 3786 876 3840 beata
905 3789 960 3840 et
987 3785 1196 3839 misera
1224 3788 1412 3855 potest
1440 3801 1578 3838 esse.
1603 3785 1660 3839 Si
1693 3800 1870 3838 unam

169 3876 346 3930 simul
377 3879 432 3929 et
457 3875 670 3929 multas
702 3875 884 3929 dicam
919 3890 1060 3940 esse,
1091 3872 1333 3937 ridebis;
1364 3889 1468 3927 nec
1507 3872 1648 3926 mihi
1683 3873 1868 3942 facile,

174 3964 328 4018 unde
358 3967 520 4018 tuum
561 3962 743 4018 risum
781 3961 1176 4032 comprimam,
1213 3961 1483 4032 suppetit.
1524 3961 1620 4016 Sin
1659 3962 1870 4015 multas

170 4053 574 4108 tantummodo
607 4068 726 4106 esse
777 4051 994 4117 dixero,
1035 4050 1157 4122 ipse
1194 4067 1284 4106 me
1313 4049 1532 4117 ridebo,
1565 4049 1868 4122 minusque

174 4158 271 4196 me
294 4141 435 4196 mihi
455 4140 870 4211 displicentem,
895 4156 1068 4211 quam
1087 4139 1213 4210 tibi,
1234 4139 1536 4210 perferam.
1560 4139 1708 4193 Audi
1731 4156 1868 4211 ergo

171 4229 330 4301 quod
363 4244 427 4281 ex
457 4244 548 4282 me
579 4228 722 4282 bene
742 4232 797 4281 te
825 4227 1022 4281 audire
1043 4243 1208 4298 posse
1229 4227 1535 4297 polliceor;
1566 4227 1717 4298 quod
1740 4243 1870 4282 vero

173 4321 276 4372 aut
307 4316 605 4382 ambobus,
626 4320 735 4369 .aut
758 4315 918 4369 alteri
948 4320 1209 4370 nostrum
1238 4315 1315 4368 ita
1341 4331 1644 4370 onerosum
1675 4319 1776 4383 est,
1810 4319 1874 4370 ut

174 4407 414 4461 fortasse
436 4405 744 4475 Opprimat,
771 4421 842 4458 ne
863 4405 1051 4458 subire
1077 4408 1176 4459 aut
1197 4405 1492 4475 imponere
1507 4405 1660 4459 velis.
1685 4408 1748 4460 E.
1770 4405 1870 4459 Ce-

175 4496 250 4551 do
275 4510 524 4566 prorsus,
548 4494 769 4564 etquod
790 4493 894 4547 tibi
908 4497 1290 4564 congruenter
1310 4509 1530 4547 mecum
1548 4493 1771 4547 videtur
1783 4493 1874 4564 agi

177 4599 368 4656 posse,
402 4587 684 4654 quantum
711 4583 896 4636 valeat
923 4582 1134 4649 anima,
1159 4585 1417 4652 exspecto
1444 4585 1505 4635 ut
1534 4597 1798 4652 exponas.

181 4689 413 4746 CAPUT
454 4689 681 4744 XXXIII.
715 4719 782 4728 -—
827 4689 921 4743 Vis
962 4689 1155 4742 animae
1198 4690 1256 4742 in
1302 4703 1536 4758 corpore,
1578 4689 1636 4742 in
1671 4690 1871 4758 seipse,

249 4783 299 4832 et
335 4778 486 4846 apud
518 4780 701 4844 Deum,
727 4781 923 4847 septem
949 4778 1063 4847 ejus
1092 4776 1485 4844 magnitudinis
1509 4776 1714 4846 gradus
1744 4792 1876 4832 con-

252 4870 455 4923 stituti.

702 4939 906 4987 Primus
934 4938 1127 5001 gradus
1156 4937 1364 4986 animae.

249 5029 345 5083 70.
370 5030 421 5081 Α
437 5067 449 5080 .
473 5027 516 5081 Ο
539 5026 759 5082 utinam
778 5027 1166 5081 doctissimum
1189 5027 1459 5097 aliquem,
1479 5042 1662 5097 neque
1683 5025 1736 5078 id
1761 5030 1879 5080 tan-

177 5121 329 5182 tum,
347 5116 444 5169 sed
465 5115 636 5169 etiam
651 5115 1201 5186 eloquentissimum,
1220 5120 1276 5169 et
1288 5114 1522 5169 omnino
1539 5113 1882 5184 sapientissi-

177 5221 362 5266 mum,
379 5203 812 5276 perfectumque
825 5204 1118 5258 hominem
1137 5205 1204 5258 de
1221 5204 1326 5258 hoc
1339 5204 1507 5257 ambo
1526 5202 1881 5272 interrogare

177 5291 513 5364 possemus!
548 5293 805 5356 Quonam
836 5292 934 5345 ille
971 5292 1136 5345 modo
1167 5293 1304 5362 quid
1333 5292 1526 5346 anima
1555 5291 1612 5344 in
1645 5307 1881 5362 corpore

179 5383 424 5450 valeret,
439 5380 576 5451 quid
591 5380 650 5434 in
672 5381 877 5452 seipsa,
894 5380 1030 5450 quid
1047 5381 1198 5450 apud
1213 5382 1388 5434 Deum
1403 5380 1491 5434 cui
1508 5379 1882 5433 mundissima

176 5471 442 5543 proxima
453 5475 539 5524 est
551 5474 601 5523 et
617 5469 675 5523 in
688 5487 802 5542 quo
819 5470 985 5523 habet
998 5485 1286 5523 summum
1303 5475 1471 5540 atque
1486 5485 1654 5522 omne
1667 5470 1881 5522 bonum

183 5577 374 5628 suum,
410 5559 649 5614 dicendo
683 5576 744 5613 ac
776 5559 1114 5628 disputando
1147 5559 1475 5628 explicaret!
1506 5560 1661 5612 Nunc
1690 5563 1876 5611 autem

1700 289 1912 348 LIBER
1953 292 2046 348 UN
2056 292 2156 348 US.

3547 304 3682 358 1074

1985 431 2114 470 cum
2136 416 2279 471 mihi
2300 417 2370 473 ad
2390 416 2535 473 hanc
2555 433 2676 474 rem
2695 419 2840 475 desit
2855 419 3022 490 alius,
3036 421 3217 476 audeo
3237 425 3429 478 tamen
3444 423 3549 480 tibi
3561 441 3682 484 non

1985 504 2178 559 deesse
2211 522 2225 560 :
2259 507 2357 561 sed
2385 507 2492 562 hoc
2522 509 2800 564 mercedis
2829 513 2932 578 est,
2965 511 3118 582 quod
3149 511 3308 579 dum,
3334 512 3471 582 quid
3498 514 3683 569 valeat

1985 593 2198 660 anima,
2230 594 2490 649 indoctus
2529 597 2802 668 expedio;
2839 599 2978 670 quid
3016 599 3138 670 ipse
3175 601 3416 668 valeam,
3449 615 3680 656 securus

1985 682 2268 753 experior.
2301 684 2365 736 In
2397 683 2599 754 primis
2629 690 2822 740 tamen
2864 688 2969 742 tibi
3012 692 3304 759 amputem
3343 689 3680 744 latissimam

1987 772 2292 840 quamdam
2316 775 2373 826 et
2390 772 2675 827 inﬁnitam
2700 777 3202 846 exspectationem,
3225 793 3298 831 ne
3319 794 3410 832 me
3431 779 3501 833 de
3522 778 3681 834 omni

1986 859 2179 913 anima
2206 860 2491 920 dicturum
2513 867 2702 930 putes,
2725 863 2824 917 sed
2853 869 3076 918 tantum
3107 866 3176 920 de
3207 865 3480 933 humana,
3505 883 3679 938 quam

1987 949 2168 1003 solam
2197 965 2394 1004 curare
2427 950 2720 1018 debemus,
2750 951 2797 1004 si
2820 953 3244 1026 nobismetipsis
3273 971 3424 1010 cura:
3458 972 3676 1011 sumus.

1988 1041 2118 1094 Haec
2153 1040 2334 1110 igitur
2374 1043 2584 1112 primo,
2617 1043 2770 1112 quod
2811 1043 2988 1097 cuivis
3026 1045 3477 1102 animadvertere
3514 1047 3680 1102 facile

1987 1131 2088 1194 est,
2114 1145 2320 1200 corpus
2343 1130 2450 1184 hoc
2470 1134 2766 1185 terrenum
2785 1135 2956 1203 atque
2977 1134 3216 1188 mortale
3250 1135 3551 1204 praesentia
3577 1151 3680 1190 sua

1985 1216 2256 1284 viviﬁcat;
2291 1219 2510 1290 colligit
2535 1219 2597 1274 in
2645 1235 2848 1288 unum,
2882 1224 3051 1291 atque
3097 1221 3157 1275 in
3203 1238 3318 1276 uno
3356 1227 3529 1287 tenet,
3569 1224 3678 1278 dif-

1985 1305 2164 1361 ﬂuere
2209 1312 2382 1378 atque
2429 1309 2826 1366 contabescere
2874 1325 2992 1364 non
3039 1309 3213 1377 sinit;
3260 1310 3532 1366 alimenta
3576 1327 3680 1383 per

1985 1395 2244 1449 membra
2271 1397 2588 1467 aequaliter,
2621 1398 2736 1452 suis
2773 1399 2981 1469 cuique
3015 1398 3270 1465 redditis,
3304 1398 3566 1454 distribui
3593 1399 3676 1454 fa-

1985 1485 2093 1553 cit;
2139 1487 2579 1558 congruentiam
2623 1487 2746 1558 ejus
2799 1488 3152 1559 modumque
3202 1491 3519 1554 conservat,
3561 1503 3680 1542 non

1984 1575 2210 1628 tantum
2232 1574 2290 1629 in
2309 1575 2759 1645 pulchritudine,
2783 1576 2880 1630 sed
2903 1575 3073 1630 etiam
3102 1575 3165 1629 in
3186 1576 3487 1630 crescendo
3509 1579 3679 1646 atque

1983 1662 2290 1733 gignendo.
2324 1663 2430 1718 Sed
2477 1664 2600 1718 haec
2632 1664 2803 1718 etiam
2831 1663 3056 1718 homini
3084 1679 3215 1718 cum
3247 1663 3495 1718 arbustis
3522 1679 3680 1718 com-

1982 1751 2181 1805 munia
2208 1751 2389 1806 videri
2427 1756 2646 1824 queunt
2688 1753 2855 1807 :haec
2899 1751 3054 1806 enim
3097 1752 3272 1806 etiam
3315 1751 3557 1806 dicimus
3593 1751 3676 1805 vi-

1981 1853 2137 1908 vere,
2169 1840 2230 1894 in
2259 1857 2361 1895 suo
2397 1857 2530 1895 vero
2569 1839 2821 1911 quidque
2860 1840 3095 1894 illorum
3142 1855 3353 1910 genere
3382 1839 3675 1910 custodiri,

1983 1928 2076 1996 ali,
2111 1945 2384 1996 crescere,
2416 1929 2653 2000 gignere
2685 1930 2943 1984 videmus
2971 1933 3142 2000 atque
3164 1928 3438 1986 fatemur.

2461 2027 2736 2076 Secundus
2761 2027 2956 2089 gradus
2985 2026 3194 2076 animae.

2051 2109 2139 2160 7t.
2170 2106 2427 2162 Ascende
2465 2106 2657 2178 itaque
2694 2107 2938 2161 alterum
2968 2106 3230 2177 gradum,
3279 2109 3335 2161 et
3375 2105 3502 2161 vide
3534 2106 3675 2178 quid

1979 2193 2160 2264 possit
2186 2194 2380 2249 anima
2409 2195 2471 2249 in
2502 2195 2782 2262 sensibus,
2815 2194 2915 2249 ubi
2945 2193 3263 2249 evidentior
3289 2194 3676 2250 manifestior-

1981 2299 2092 2354 que
2122 2282 2234 2338 vita
2273 2284 2632 2353 intelligitur.
2668 2285 2797 2338 Non
2840 2283 2995 2338 enim
3033 2283 3319 2338 audienda
3361 2287 3445 2338 est
3482 2283 3675 2340 nescio

1981 2388 2111 2443 quas
2158 2371 2422 2444 impietas
2462 2373 2532 2444 (α)
2573 2372 2863 2427 rusticana
2913 2373 3093 2444 plane,
3144 2371 3442 2442 magisque
3485 2371 3676 2443 lignea

1980 2476 2154 2532 quam
2199 2465 2330 2514 sunt
2358 2461 2500 2532 ipsas
2538 2462 2771 2516 arbores
2819 2460 3026 2532 quibus
3069 2459 3482 2530 pratrocinium
3524 2476 3672 2531 prai-

1977 2550 2095 2615 bet,
2128 2566 2255 2621 qum
2283 2550 2474 2604 dolere
2500 2551 2674 2605 vitem
2706 2550 2936 2621 quando
2966 2565 3077 2604 uva
3106 2549 3449 2619 decerpitur,
3471 2553 3528 2603 et
3556 2565 3671 2604 non

1979 2639 2164 2692 solum
2196 2639 2409 2693 sentire
2439 2639 2547 2693 ista
2567 2655 2699 2693 cum
2729 2639 3047 2704 caeduntur,
3066 2637 3164 2692 sed
3187 2637 3362 2692 etiam
3384 2637 3574 2692 videre
3597 2641 3677 2692 at-

1979 2744 2090 2798 que
2121 2727 2317 2782 audire
2345 2727 2524 2782 credit
2563 2744 2575 2781 :
2614 2728 2683 2782 de
2721 2744 2836 2798 quo
2871 2743 3064 2781 errore
3092 2728 3366 2797 sacrilego
3405 2726 3548 2781 alius
3591 2732 3678 2782 est

1978 2816 2292 2871 disserendi
2320 2818 2496 2872 locus.
2519 2817 2678 2871 Nunc
2699 2816 2851 2888 quod
2880 2815 3261 2883 institueram,
3279 2814 3512 2869 intende
3541 2831 3673 2886 quas

1977 2905 2050 2959 sit
2071 2905 2154 2958 vis
2183 2905 2388 2959 animo:
2418 2904 2476 2958 in
2508 2904 2788 2970 sensibus,
2822 2907 2991 2974 atque
3029 2902 3090 2957 in
3123 2903 3248 2973 ipso
3287 2906 3447 2957 motu
3484 2903 3670 2957 mani-

1974 2989 2222 3044 festioris
2259 2990 2592 3060 animantis,
2623 3005 2869 3061 quorum
2909 2987 3074 3043 nobis
3101 3004 3232 3043 cum
3258 2988 3328 3042 iis
3361 3005 3489 3059 quae
3519 2989 3672 3043 radi-

1977 3078 2137 3134 cibus
2163 3077 2274 3132 fixa
2299 3083 2452 3146 sunt,
2488 3079 2647 3132 nulla
2674 3082 2861 3150 potest
2890 3093 3011 3132 esse
3041 3076 3390 3132 communio.
3425 3076 3676 3132 Intendit

1978 3184 2036 3224 se
2065 3167 2257 3222 anima
2285 3167 2347 3221 in
2375 3171 2612 3234 tactum,
2658 3171 2714 3221 et
2743 3182 2810 3222 eo
2839 3165 3042 3233 calida,
3073 3165 3303 3237 frigida,
3335 3181 3554 3237 aspera,
3589 3167 3672 3220 le-

1977 3255 2094 3322 nia,
2126 3255 2290 3318 dura,
2321 3255 2536 3323 mollia,
2570 3253 2735 3323 levia,
2758 3254 2954 3324 gravia
2982 3253 3156 3307 sentit
3183 3257 3352 3324 atque
3383 3253 3670 3308 discernit.

1981 3344 2194 3400 Deinde
2222 3344 2674 3399 innumerabiles
2705 3341 3055 3398 differentias
3085 3357 3372 3413 saporum,
3405 3341 3670 3411 odorum,

1979 3450 2273 3502 sonorum,
2304 3433 2645 3500 formarum,
2678 3432 2986 3504 gustando,
3019 3430 3356 3496 olfaciendo,
3390 3429 3672 3485 audiendo

1979 3521 2337 3592 videndaque
2372 3520 2666 3591 dijudicat.
2700 3522 2885 3590 Atque
2924 3518 2984 3572 in
3027 3518 3097 3572 iis
3136 3517 3401 3572 omnibus
3445 3533 3511 3571 ea
3545 3533 3673 3589 quin

1979 3610 2295 3664 secundum
2324 3614 2588 3663 naturam
2635 3607 2724 3662 sui
2753 3606 3006 3678 corporis
3033 3610 3186 3674 sunt,
3217 3605 3472 3660 adsciscit
3502 3609 3671 3676 atque

1979 3697 2227 3770 appetit;
2260 3697 2448 3767 rejicit
2476 3696 2738 3768 fugitque
2769 3694 3071 3750 contraria.
3098 3696 3371 3750 Removet
3399 3709 3458 3747 se
3487 3694 3557 3747 ab
3584 3693 3674 3748 his

1981 3787 2239 3842 sensibus
2269 3789 2423 3840 certo
2455 3785 2754 3839 intervallo
2783 3788 3127 3854 temporum,
3161 3786 3217 3838 et
3254 3797 3453 3837 eorum
3482 3786 3674 3837 motus

1981 3876 2144 3947 quasi
2181 3891 2288 3945 per
2325 3875 2600 3945 quasdam
2630 3873 2800 3927 ferias
2831 3887 3125 3943 reparans,
3163 3870 3442 3942 imagines
3479 3886 3673 3924 rerum

1980 3980 2121 4037 quas
2148 3979 2252 4035 per
2280 3979 2377 4017 eos
2407 3962 2618 4031 hausit,
2649 3977 2839 4015 secum
2885 3959 3217 4014 catervatim
3256 3963 3313 4013 et
3339 3957 3673 4029 multiplici-

1978 4058 2066 4108 ter
2091 4055 2297 4118 versat,
2331 4053 2386 4105 et
2419 4050 2525 4104 hoc
2555 4054 2742 4104 totum
2771 4053 2856 4104 est
2882 4063 3120 4102 somnus
3148 4051 3205 4101 et
3235 4045 3476 4101 somnia.
3510 4046 3672 4118 Saepe

1980 4141 2150 4196 etiam
2182 4138 2480 4210 gestiendo
2522 4154 2585 4192 ac
2622 4138 2880 4208 vagando
2909 4136 3182 4191 facilitate
3211 4138 3399 4189 motus
3429 4135 3676 4189 delecta-

1979 4234 2092 4295 tur,
2126 4232 2181 4282 et
2213 4227 2335 4281 sine
2365 4227 2559 4280 labore
2591 4227 2818 4281 ordinat
2847 4224 3243 4279 membrorum
3274 4223 3675 4291 concordiam;

1979 4335 2081 4390 pro
2116 4315 2477 4387 copulatione
2506 4332 2671 4369 sexus
2701 4314 2820 4386 agit
2851 4314 3003 4385 quod
3036 4317 3245 4384 potest,
3277 4316 3449 4383 atque
3479 4312 3539 4365 in
3569 4313 3674 4367 du-

1979 4405 2114 4478 plici
2154 4409 2380 4472 natura,
2423 4405 2689 4459 societate
2734 4409 2904 4474 atque
2953 4417 3148 4457 amore
3190 4401 3428 4456 molitur
3470 4417 3674 4456 unum.

1983 4495 2210 4550 Fetibus
2238 4510 2362 4548 non
2375 4495 2496 4566 jam
2514 4493 2819 4565 gignendis
2839 4491 3259 4560 tantummodo,
3282 4490 3380 4545 sed
3405 4490 3577 4545 etiam
3599 4491 3681 4545 fo-

1981 4583 2201 4650 vendis,
2248 4583 2478 4636 tuendis
2533 4581 2870 4652 alendisque
2925 4579 3233 4650 conspirat.
3286 4579 3475 4634 Rebus
3526 4578 3680 4633 inter

1983 4689 2122 4745 quas
2148 4687 2354 4742 corpus
2383 4670 2519 4741 agit,
2552 4673 2608 4724 et
2637 4669 2844 4741 quibus
2869 4683 3076 4738 corpus
3107 4670 3406 4731 sustentat,
3437 4681 3677 4720 consue-

1983 4761 2180 4815 tudine
2209 4775 2328 4814 sese
2351 4758 2608 4825 innectit,
2629 4763 2687 4811 et
2715 4757 2786 4811 ab
2813 4757 2896 4810 eis
2925 4755 3090 4826 quasi
3119 4753 3393 4809 membris
3414 4770 3566 4825 egre
3592 4769 3679 4808 se-

1983 4852 2254 4921 paratur:
2283 4863 2412 4918 quae
2443 4844 2872 4900 consuetudinis
2900 4844 2984 4898 vis
3013 4843 3184 4898 etiam
3211 4843 3563 4914 seju'nctione
3590 4857 3679 4895 re-

1986 4954 2114 4992 rum
2145 4937 2401 5007 ipsarum
2443 4939 2615 5006 atque
2645 4933 2946 4988 intervallo
2975 4931 3254 5003 temporis
3282 4947 3401 4986 non
3429 4929 3678 4994 discissa,

1986 5025 2267 5081 memoria
2297 5028 2546 5078 vocatur.
2581 5023 2691 5078 Sed
2732 5023 2855 5077 haec
2885 5038 3082 5076 rursus
3121 5020 3314 5077 omnia
3357 5035 3519 5092 posse
3558 5017 3681 5072 ani-

1988 5131 2142 5170 mam
2174 5113 2346 5169 etiam
2377 5113 2436 5167 in
2465 5111 2662 5166 bestiis
2691 5127 2860 5166 nemo
2891 5115 3081 5181 negat.

2505 5209 2711 5258 Tertius
2741 5208 2934 5272 gradus
2959 5207 3170 5257 animae.

2057 5295 2146 5345 72.
2183 5292 2328 5361 Ergo
2363 5290 2624 5345 attollere
2657 5289 2718 5344 in
2754 5289 2989 5344 tertium
3024 5287 3287 5359 gradum,
3327 5281 3426 5354 qui
3450 5281 3570 5351 jam
3601 5286 3686 5335 est

1989 5378 2214 5434 homini
2241 5379 2534 5450 proprius,
2569 5384 2627 5434 et
2656 5379 2841 5450 cogita
2870 5376 3204 5431 memoriam
3234 5387 3351 5426 non
3378 5374 3684 5424 consuetu-

1992 5468 2124 5523 dine
2181 5467 2540 5534 inolitarum,
2603 5468 2703 5522 sed
2753 5461 3240 5520 animadversione
3293 5463 3461 5529 atque
3509 5458 3686 5528 signis

2051 5567 2120 5627 (ιι)
2154 5566 2558 5615 Manichaeorqu
2590 5578 2749 5612 error.
