4064 6350
378 278 511 331 1075

374 398 905 458 commendaturum
943 414 1008 453 ac
1047 403 1392 453 retentarum
1432 412 1626 452 rerum
1668 397 2061 453 innumerabi-

373 485 535 554 lium,
560 486 647 538 tot
688 486 836 537 artes
865 482 1155 553 opiﬁcum,
1188 499 1456 553 agrorum
1484 484 1688 552 cultus,
1731 483 2063 539 exstructio-

376 588 478 629 nes
531 571 784 637 urbium,
832 571 1121 625 variorum
1172 570 1546 627 mdiﬁciorum
1592 588 1656 627 ac
1702 572 2064 627 moliminum

377 660 720 717 multimoda
777 659 1083 725 miracula;
1124 659 1481 715 inventiones
1528 665 1613 716 tot
1660 661 1953 732 signorum
2004 661 2066 715 in

378 748 604 811 litteris,
634 747 695 801 in
726 746 930 813 verbis,
972 747 1032 800 in
1070 750 1254 817 gestu,
1294 748 1355 803 in
1397 749 1779 820 cujuscemodi
1819 765 1979 815 sono,
2005 748 2066 802 in

379 837 615 912 picturis
641 842 807 908 atque
837 836 1153 907 ﬁgmentis;
1186 842 1271 893 tot
1299 839 1560 909 gentium
1589 839 1834 910 linguas,
1865 843 1950 894 tot
1977 838 2067 893 in-

380 927 596 993 stituta,
627 930 712 981 tot
737 940 902 992 nova,
926 929 1011 979 tot
1034 924 1380 995 instaurata;
1404 931 1628 982 tantum
1657 928 1933 982 librorum
1960 942 2065 981 nu-

379 1031 623 1081 merum,
646 1017 701 1068 et
720 1013 1107 1084 cujuscemodi
1128 1020 1635 1070 monumentorum
1659 1016 1727 1070 ad
1750 1014 2069 1069 custodien-

380 1104 512 1160 dam
548 1104 908 1169 memoriam,
940 1106 1274 1175 tantamque
1304 1119 1497 1159 curam
1534 1103 1906 1175 posteritatis;
1940 1092 2068 1158 ofﬁQ

379 1192 613 1259 ciorum,
639 1194 1002 1262 potestatum,
1025 1192 1311 1247 honorum
1332 1191 1791 1262 dignitatumque
1820 1190 2067 1258 ordines,

379 1280 495 1335 sive
527 1280 589 1335 in
632 1279 884 1347 familiis,
918 1279 1035 1334 sive
1078 1279 1234 1335 domi
1279 1280 1614 1351 militimque
1658 1280 1719 1334 in
1756 1279 2067 1350 republica,

380 1368 494 1424 sive
514 1368 576 1423 in
599 1367 871 1440 profanis,
890 1367 1005 1422 sive
1025 1368 1084 1422 in
1114 1368 1285 1424 sacris
1316 1368 1711 1440 apparatibus;
1742 1368 1858 1422 vim
1887 1367 2069 1422 ratio-

381 1457 610 1513 cinandi
638 1460 694 1512 et
723 1455 1102 1528 excogitandi,
1134 1456 1337 1512 ﬂuvios
1363 1457 1728 1528 eloquentim,
1753 1456 2070 1511 carminum

381 1546 698 1613 varietates,
735 1545 969 1601 ludendi
1012 1562 1075 1600 ac
1110 1546 1343 1617 jocandi
1379 1562 1548 1600 causa
1588 1545 1960 1600 milleformes
1997 1544 2070 1598 si-

384 1634 745 1704 mulationes,
773 1634 1107 1689 modulandi
1130 1633 1413 1706 peritiam,
1437 1633 1773 1689 dimetiendi
1796 1632 2071 1687 subtilita-

382 1728 519 1790 tem,
547 1722 887 1778 numerandi
908 1722 1292 1794 disciplinam,
1318 1722 1744 1794 praeteritorum
1770 1737 1834 1775 ac
1853 1721 2072 1776 futuro-

383 1827 511 1866 rum
523 1825 587 1865 ex
598 1810 975 1883 prmsentibus
986 1811 1392 1882 conjecturam.
1409 1813 1610 1882 Magna
1627 1811 1749 1865 hmc
1770 1813 1824 1864 et
1838 1809 2071 1864 omnino

382 1901 648 1956 humana.
684 1900 794 1956 Sed
823 1904 908 1955 est
935 1900 1119 1955 adhuc
1142 1900 1251 1955 ista
1270 1899 1482 1971 partim
1506 1900 1683 1955 doctis
1711 1903 1882 1970 atque
1904 1897 2071 1952 indo-

383 1988 506 2059 etis,
537 1988 744 2061 partim
771 1988 933 2045 bonis
962 2005 1027 2044 ac
1054 1989 1217 2044 malis
1241 1989 1448 2044 animis
1473 1989 1635 2060 copia
1658 1986 1998 2043 communis.

876 2083 1105 2141 Quartus
1139 2082 1333 2147 gradus
1366 2084 1577 2133 animm.

450 2165 542 2219 '73.
580 2163 811 2235 Suspice
858 2163 1037 2235 igitur
1075 2168 1249 2235 atque
1286 2163 1444 2218 insili
1490 2167 1694 2234 quarto
1737 2160 1961 2232 gradui,
2006 2175 2075 2215 ex

384 2266 499 2323 quo
527 2251 753 2307 bonitas
780 2251 998 2322 incipit,
1030 2256 1201 2323 atque
1232 2254 1421 2305 omnis
1456 2266 1588 2305 vera
1630 2250 1904 2305 laudatio.
1937 2248 2075 2304 Hinc

383 2340 539 2395 enim
568 2339 762 2395 anima
790 2356 849 2395 se
877 2356 998 2395 non
1024 2341 1208 2395 solum
1240 2356 1366 2410 suo,
1388 2339 1435 2393 si
1467 2355 1641 2410 quam
1674 2338 1924 2393 universi
1948 2353 2075 2409 par-

384 2432 501 2483 tem
529 2428 669 2499 agit,
700 2428 797 2483 sed
827 2427 938 2498 ipsi
968 2427 1139 2483 etiam
1168 2427 1436 2483 universo
1465 2426 1693 2498 corpori
1723 2426 1893 2481 audet
1922 2442 2072 2496 prm-

384 2532 621 2589 ponere,
654 2517 917 2587 bonaque
962 2516 1085 2587 ejus
1123 2516 1275 2571 bona
1318 2532 1420 2570 sua
1467 2531 1583 2570 non
1630 2519 1854 2585 putare,
1901 2519 2071 2586 atque

383 2604 658 2677 potentim
687 2604 1219 2676 pulchritudinique
1250 2620 1366 2658 sum
1396 2608 1726 2674 comparata
1753 2602 2074 2658 discernere

385 2697 555 2765 atque
583 2698 949 2748 contemnere
982 2709 995 2748 :
1028 2698 1083 2748 et
1110 2692 1243 2747 inde
1273 2708 1387 2763 quo
1421 2691 1605 2762 magis
1636 2707 1694 2747 se
1723 2691 1985 2760 delectat,
2007 2708 2073 2746 eo

384 2781 567 2853 magis
594 2797 715 2837 sese
744 2780 1071 2836 abstrahere
1111 2797 1145 2835 a
1186 2780 1472 2847 sordibus,
1510 2784 1806 2850 totamque
1846 2794 2073 2833 emacu-

385 2870 504 2925 lare
532 2884 597 2924 ac
639 2864 1343 2924 mundissimam’reddere
1378 2872 1434 2923 et
1470 2867 1950 2939 comptissimam;
1982 2884 2075 2921 ro~

384 2959 589 3014 borare
618 2974 677 3013 se
705 2958 973 3013 adversus
1006 2957 1220 3024 omnia,
1252 2973 1382 3028 qum
1418 2956 1487 3011 de
1524 2955 1818 3027 proposito
1850 2971 1913 3009 ac
1945 2970 2075 3009 sen-

382 3047 562 3102 tentia
615 3047 903 3103 dimovere
951 3046 1313 3112 moliuntur;
1373 3045 1706 3099 societatem
1760 3044 2075 3098 humanam

384 3134 580 3207 magni
606 3135 880 3206 pendere,
911 3133 1171 3206 nihilque
1209 3133 1352 3188 velle
1380 3133 1545 3187 alteri
1586 3132 1742 3203 quod
1782 3131 1890 3187 sibi
1933 3130 2078 3185 nolit

384 3223 664 3291 accidere;
689 3222 850 3293 sequi
882 3222 1277 3277 auctoritatem
1306 3237 1370 3275 ac
1398 3225 1681 3292 prmcepta
1706 3219 2074 3290 sapientium,

384 3316 441 3367 et
468 3327 572 3382 per
597 3312 719 3366 hmc
748 3310 903 3382 loqui
927 3310 1035 3365 sibi
1063 3311 1243 3365 Deum
1272 3309 1520 3364 credere.
1554 3310 1619 3362 In
1648 3308 1756 3362 hoc
1783 3313 1902 3362 tam
1931 3323 2077 3377 prm-

384 3401 536 3455 claro
567 3404 697 3454 actu
729 3398 935 3453 animm
978 3397 1126 3453 inest
1156 3397 1343 3452 adhuc
1375 3396 1551 3465 labor,
1585 3400 1643 3451 et
1677 3400 1875 3450 contra
1902 3396 2076 3464 hujus

386 3487 591 3544 mundi
617 3487 904 3543 molestias
928 3490 1100 3558 atque
1133 3484 1434 3541 blanditias
1463 3500 1706 3555 magnus
1735 3483 2076 3539 acerrimus-

386 3592 499 3650 que
523 3576 837 3632 conﬂictus.
870 3577 936 3631 In
964 3575 1087 3647 ipso
1118 3574 1271 3629 enim
1303 3572 1659 3645 purgationis
1688 3571 1920 3644 negotio
1950 3571 2078 3626 sub-

385 3668 469 3721 est
498 3670 685 3721 metus
724 3664 924 3720 mortis
970 3679 1120 3735 smpe
1163 3678 1282 3717 non
1322 3677 1587 3733 magnus,
1622 3676 1772 3731 smpe
1819 3676 1949 3715 vero
1980 3676 2077 3715 ve-

385 3753 848 3811 hementissimus
901 3769 915 3808 :
965 3768 1084 3808 non
1142 3767 1383 3823 magnus
1430 3754 1554 3805 tum
1608 3766 1739 3804 cum
1795 3748 2078 3805 robustis-

387 3844 527 3899 sime
556 3843 808 3899 creditur
830 3843 988 3913 (nam
1015 3841 1205 3897 videre
1246 3842 1352 3896 hoc
1380 3844 1576 3895 utrum
1605 3838 1677 3894 sit
1708 3854 1931 3906 verum,
1961 3853 2079 3892 non

386 3932 499 3988 nisi
525 3935 887 4004 perpurgatm
929 3930 1139 3985 animm
1184 3929 1331 3995 licet)
1380 3932 1539 3983 tanta
1587 3927 1687 3983 Dei
1724 3925 2080 3999 providentia

381 4021 717 4094 justitiaque
746 4018 1052 4091 gubernari
1081 4018 1292 4081 omnia,
1325 4021 1388 4072 ut
1414 4016 1557 4070 nulli
1586 4031 1740 4070 mors
1768 4014 1965 4087 inique
1993 4030 2080 4069 ac-

388 4110 575 4166 cidere
598 4107 798 4181 possit,
825 4105 1051 4161 etiamsi
1082 4120 1209 4160 eam
1236 4104 1380 4159 forte
1405 4102 1639 4172 iniquus
1664 4101 1940 4156 intulerit.
1974 4102 2077 4155 Ve-

389 4199 686 4254 hementer
711 4200 905 4250 autem
934 4193 1278 4248 formidatur
1306 4207 1461 4245 mors
1489 4190 1551 4245 in
1579 4190 1687 4244 hoc
1713 4189 1835 4260 jam
1873 4188 2075 4260 gradu,

387 4301 519 4340 cum
561 4289 620 4340 et
663 4283 807 4339 illud
853 4298 921 4335 eo
966 4279 1215 4335 creditur
1262 4276 1570 4343 inﬁrmius,
1616 4292 1730 4347 quo
1780 4275 2078 4329 sollicitius

389 4372 698 4445 qumritur;
725 4375 781 4426 et
804 4386 871 4424 eo
899 4369 1023 4440 ipso
1054 4368 1244 4422 minus
1271 4366 1517 4435 videtur,
1549 4381 1661 4437 quo
1694 4364 2079 4435 tranquillitas

388 4464 625 4534 propter
658 4463 877 4514 metum
914 4456 1108 4512 minor
1156 4460 1259 4522 est,
1299 4452 1708 4524 investigandis
1749 4452 2079 4507 obscurissi-

388 4550 498 4605 mis
522 4549 693 4605 rebus
720 4545 1157 4621 pernecessaria.
1186 4543 1400 4599 Deinde
1430 4559 1544 4614 quo
1572 4541 1755 4612 magis
1782 4542 2079 4613 magisque

391 4638 567 4695 sentit
594 4637 807 4708 anima,
834 4653 900 4692 eo
930 4636 1053 4707 ipso
1095 4651 1208 4706 quo
1250 4632 1495 4705 proﬁcit,
1537 4637 1817 4704 quantum
1858 4631 2081 4687 intersit

391 4728 542 4783 inter
566 4743 773 4798 puram
817 4731 874 4781 et
913 4724 1387 4790 contaminatam;
1414 4738 1481 4776 eo
1529 4720 1711 4793 magis
1756 4721 1938 4789 timet,
1984 4738 2076 4788 ne,

391 4816 645 4887 deposito
687 4815 792 4870 isto
830 4829 1086 4885 corpore,
1129 4812 1319 4867 minus
1354 4826 1481 4866 eam
1520 4809 1697 4881 possit
1726 4812 1874 4865 Deus
1905 4826 2081 4881 quam

391 4904 580 4975 seipsa
603 4903 751 4958 ferre
779 4903 1080 4973 pollutam.
1107 4900 1260 4956 Nihil
1292 4902 1484 4954 autem
1506 4897 1796 4953 difﬁcilius
1820 4914 1994 4968 quam
2025 4902 2082 4953 et

390 4998 649 5049 metuere
678 4996 925 5047 mortem
954 4988 995 5056 ί,
1030 4994 1086 5044 et
1113 4989 1183 5044 ab
1214 4986 1494 5043 ﬁlecebris
1524 4987 1697 5059 hujus
1726 4986 1947 5054 mundi,
1980 4987 2083 5041 sic-

390 5088 456 5140 ut
476 5082 728 5155 pericula
745 5080 869 5151 ipsa
890 5078 1199 5150 postulant,
1218 5080 1560 5147 temperare.
1586 5077 1763 5130 Tanta
1784 5080 1869 5130 est
1889 5080 2080 5130 tamen

292 5178 305 5187 '
392 5172 603 5239 anima,
635 5174 698 5225 ut
742 5168 915 5224 etiam
954 5168 1063 5221 hoc
1109 5164 1292 5236 possit
1336 5165 1640 5236 adjuvante
1685 5180 1819 5219 sane
1859 5164 2080 5234 justitia

392 5259 605 5315 summi
633 5262 689 5313 et
716 5257 837 5313 veri
867 5256 984 5319 Dei,
1008 5272 1121 5327 qua
1148 5254 1271 5309 hmo
1297 5254 1631 5309 universitas
1657 5256 2004 5308 sustentatur
2024 5257 2082 5307 et

393 5349 769 5419 regitur;qua
780 5345 954 5401 etiam
975 5346 1186 5400 factum
1207 5348 1312 5411 est,
1329 5348 1389 5399 ut
1406 5360 1526 5398 non
1546 5343 1714 5398 modo
1736 5342 1849 5397 sint
1861 5341 2073 5406 omnia,

393 5437 493 5492 sed
521 5436 600 5491 ita
624 5436 759 5503 sint,
789 5440 854 5491 ut
882 5435 1115 5490 omnino
1146 5433 1350 5488 melius
1388 5450 1508 5487 esse
1552 5448 1668 5486 non
1704 5429 1939 5501 possint.
1975 5429 2078 5484 Cui

457 5536 470 5570 ι
493 5534 576 5585 Er.
594 5536 646 5584 et
656 5546 794 5584 unus
806 5547 834 5585 e
850 5532 1043 5585 nostris
1062 5533 1206 5600 Mss,
1227 5544 1382 5597 quam
1400 5535 1569 5583 etnon
1586 5531 1817 5581 metuere
1828 5529 2073 5579 mortem.

1413 274 1504 328 DE
1542 274 1999 340 QUANTITATE
2038 274 2311 341 ΑΝΙΜΑΞ,
2356 274 2408 329 S.
2453 272 2831 330 AUGUSTINI

3750 279 3892 329 l076

2171 414 2291 453 sese
2322 398 2383 453 in
2411 413 2582 469 opere
2614 401 2730 451 tam
2764 394 2982 451 difﬁcili
3010 396 3408 452 mundationis
3448 413 3567 454 sum
3595 399 3893 470 adjuvan-

2173 486 2306 541 dam
2333 490 2390 543 et
2418 485 2825 559 perﬁciendam
2845 484 3100 555 piissime
3119 485 3519 559 tutissimeque
3539 487 3888 543 committit.

2668 583 2896 640 Quintus
2930 580 3124 644 gradus
3157 583 3370 638 animm.

2242 666 2331 720 74.
2362 664 2521 731 Quod
2562 679 2693 718 cum
2740 662 3004 717 effectum
3034 661 3161 728 erit,
3192 662 3251 717 id
3280 667 3384 730 est,
3423 678 3557 717 cum
3595 663 3785 720 fuerit
3815 665 3892 720 ab

2175 752 2333 807 omni
2359 753 2483 808 tabe
2513 751 2704 806 anima
2728 750 2908 805 libera
2935 750 3287 822 maculisque
3309 751 3513 819 diluta,
3538 757 3666 807 tum
3694 770 3758 809 se
3792 753 3892 808 de-

2174 840 2350 911 nique
2376 840 2436 894 in
2467 839 2654 910 seipsa
2682 837 2969 892 lmtissime
3010 840 3187 904 tenet,
3236 853 3339 892 nec
3369 838 3607 893 omnino
3658 839 3887 911 aliquid

2178 928 2383 983 metuit
2410 927 2516 982 sibi
2548 930 2648 981 aut
2675 926 2794 981 ulla
2823 941 2923 980 sua
2951 940 3120 980 causa
3148 925 3463 997 quidquam
3492 926 3753 997 angitur.
3790 929 3889 981 Est

2178 1033 2314 1088 ergo
2340 1016 2445 1071 iste
2464 1016 2699 1089 quintus
2716 1015 2924 1087 gradus
2953 1030 2966 1069 :
2991 1014 3147 1069 aliud
3163 1018 3249 1069 est
3268 1014 3423 1069 enim
3443 1015 3695 1083 efﬁcere,
3720 1015 3888 1070 aliud

2176 1110 2370 1161 tenere
2400 1105 2740 1177 puritatem;
2772 1108 2829 1158 et
2856 1102 2969 1158 alia
2996 1119 3231 1174 prorsus
3261 1103 3409 1157 actio
3440 1120 3556 1175 qua
3586 1120 3648 1159 se
3679 1103 3886 1175 inqui-

2177 1199 2370 1249 natam
2393 1194 2762 1264 redintegrat,
2795 1192 2905 1247 alia
2934 1208 3047 1263 qua
3076 1208 3193 1245 non
3225 1191 3439 1262 patitur
3470 1207 3527 1246 se
3559 1208 3766 1246 rursus
3794 1192 3887 1246 in-

2179 1283 2425 1355 quinari.
2452 1284 2515 1337 In
2534 1283 2642 1337 hoc
2662 1282 2845 1353 gradu
2872 1279 3237 1335 omnifariam
3257 1278 3507 1349 concipit
3524 1282 3748 1349 quanta
3770 1277 3847 1333 sit
3874 1294 3888 1332 :

2178 1372 2329 1444 quod
2360 1387 2490 1425 cum
2533 1369 2877 1440 conceperit,
2910 1373 3045 1423 tunc
3091 1383 3223 1422 vero
3273 1367 3497 1438 ingenti
3526 1367 3784 1437 quadam
3832 1371 3896 1420 et

2177 1457 2495 1513 incredibili
2516 1457 2722 1512 ﬁducia
2742 1456 2934 1527 pergit
2955 1456 3014 1509 in
3037 1457 3242 1522 Deum,
3264 1454 3320 1508 id
3342 1458 3445 1522 est,
3460 1454 3521 1508 in
3544 1455 3734 1526 ipsam
3751 1470 3893 1509 con-

2179 1543 2611 1615 templationem
2635 1543 2984 1613 veritatis,et
3010 1541 3176 1609 illud,
3202 1546 3438 1612 propter
3467 1541 3620 1612 quod
3648 1545 3891 1595 tantum

2181 1633 2504 1688 laboratum
2522 1636 2624 1700 est,
2651 1630 2989 1685 altissimum
3009 1634 3064 1686 et
3084 1628 3524 1685 secretissimum
3544 1629 3887 1701 prmmium.

2700 1727 2891 1777 Sextus
2916 1726 3110 1789 gradus
3135 1726 3345 1775 animm.

2249 1811 2339 1861 75.
2367 1807 2476 1863 Sed
2504 1808 2625 1862 hmc
2650 1807 2818 1874 actio,
2851 1806 2909 1861 id
2947 1811 3049 1874 est,
3082 1806 3381 1877 appetitio,
3412 1805 3785 1877 intelligendi
3821 1822 3896 1860 ea

2183 1912 2311 1967 qum
2337 1912 2466 1951 vere
2504 1912 2840 1968 summeque
2872 1899 3024 1962 sunt,
3058 1911 3315 1950 summus
3344 1900 3605 1965 aspectus
3633 1898 3725 1949 est
3756 1895 3891 1949 ani-

2183 2000 2314 2053 mm,
2355 2001 2467 2055 quo
2506 1984 2923 2055 perfectiorem,
2969 1984 3267 2039 meliorem
3305 1983 3725 2055 rectioremque
3766 1999 3893 2037 non

2183 2072 2373 2129 habet.
2404 2072 2603 2127 Sextus
2632 2088 2768 2143 ergo
2799 2072 2907 2126 erit
2936 2072 3042 2126 iste
3072 2072 3285 2143 gradus
3310 2072 3549 2127 actionis
3575 2089 3587 2127 :
3618 2072 3777 2127 aliud
3801 2076 3894 2127 est

2184 2161 2339 2216 enim
2367 2160 2633 2215 mundari
2655 2162 2883 2215 oculum
2914 2160 3104 2230 ipsum
3131 2160 3359 2227 animm,
3381 2177 3453 2215 ne
3475 2160 3686 2215 frustra
3715 2166 3776 2215 et
3807 2164 3892 2215 te-

2184 2266 2339 2304 mere
2368 2248 2622 2320 aspiciat,
2655 2254 2712 2304 et
2739 2264 2909 2320 prave
2935 2248 3151 2315 videat;
3185 2248 3341 2303 aliud
3378 2248 3563 2319 ipsam
3591 2249 3890 2303 custodire

2185 2342 2352 2409 atque
2396 2338 2625 2393 ﬁrmare
2664 2337 2996 2405 sanitatem;
3044 2337 3199 2392 aliud
3236 2337 3357 2408 jam
3403 2353 3672 2392 serenum
3709 2342 3889 2408 atque

2184 2431 2402 2481 rectum
2430 2430 2723 2497 aspectum
2750 2426 2809 2479 in
2842 2425 2901 2479 id
2930 2426 3084 2496 quod
3116 2425 3426 2481 videndum
3467 2429 3569 2495 est,
3605 2426 3888 2497 dirigere.

2185 2515 2348 2580 Quod
2376 2515 2475 2587 qui
2503 2515 2663 2585 prius
2692 2514 2891 2569 volunt
2909 2514 3094 2569 facere
3118 2530 3293 2586 quam
3319 2513 3585 2570 mundati
3612 2519 3668 2569 et
3696 2516 3891 2570 sanati

2183 2601 2415 2667 fuerint,
2450 2602 2527 2657 ita
2554 2602 2653 2656 illa
2698 2602 2822 2656 luce
2864 2602 3302 2657 reverberantur
3347 2603 3623 2670 veritatis,
3658 2607 3719 2657 ut
3767 2620 3890 2658 non

2184 2691 2369 2745 solum
2398 2690 2544 2745 nihil
2572 2689 2725 2757 boni,
2751 2690 2849 2745 sed
2875 2690 3048 2745 etiam
3076 2691 3215 2746 mali
3238 2691 3557 2761 plurimum
3588 2692 3648 2745 in
3678 2708 3746 2746 ea
3780 2708 3890 2762 pu-

2185 2782 2307 2833 tent
2333 2795 2475 2848 esse,
2506 2784 2675 2850 atque
2707 2779 2776 2833 ab
2807 2794 2874 2833 ea
2908 2795 3122 2834 nomen
3153 2779 3405 2834 veritatis
3445 2780 3798 2850 abjudicent,
3833 2786 3895 2835 et

2185 2883 2316 2921 cum
2344 2866 2592 2937 quadam
2622 2867 2856 2922 libidine
2883 2873 2939 2921 et
2987 2868 3275 2939 voluptate
3326 2868 3639 2923 miserabili
3663 2869 3724 2923 in
3756 2886 3894 2924 suas

2184 2960 2467 3023 tenebras,
2498 2971 2639 3026 quas
2668 2971 2869 3010 eorum
2904 2956 3140 3011 morbus
3178 2956 3297 3026 pati
3339 2962 3547 3028 potest,
3583 2957 3895 3014 medicinm

2185 3044 2585 3099 maledicentes
2613 3043 2917 3115 refugiant.
2963 3044 3119 3099 Unde
3156 3045 3350 3100 divino
3380 3046 3599 3113 afﬂatu,
3634 3050 3691 3101 et
3720 3063 3893 3117 pror-

2187 3149 2282 3187 sus
2306 3132 2726 3187 ordinatissime
2753 3132 2896 3187 illud
2924 3149 2958 3187 a
2986 3134 3270 3203 Propheta
3299 3134 3506 3188 dicitur
3540 3150 3553 3189 :
3587 3134 3688 3191 Cor
3718 3151 3893 3190 mun-

2186 3222 2317 3277 dum
2361 3237 2483 3275 crea
2527 3223 2585 3275 in
2610 3236 2709 3288 me,
2740 3223 2897 3288 Deus,
2938 3225 2989 3275 et
3023 3223 3280 3291 spiritum
3332 3226 3533 3277 rectum
3579 3224 3783 3278 innova
3829 3227 3892 3278 in

2185 3310 2477 3365 visceribus
2508 3311 2637 3363 meis
2668 3308 2839 3379 (Psal.
2872 3326 2909 3374 ι,
2949 3309 3053 3381 t2).
3086 3309 3329 3381 Spiritus
3354 3310 3510 3365 enim
3555 3316 3742 3366 rectus
3772 3318 3889 3379 est,

2185 3397 2377 3465 credo,
2408 3412 2521 3469 quo
2551 3396 2617 3451 ﬁt
2646 3400 2709 3451 ut
2738 3396 2930 3451 anima
2958 3397 3018 3451 in
3046 3398 3281 3453 veritate
3310 3400 3619 3470 qumrenda
3650 3399 3893 3457 deviare

2187 3488 2358 3556 atque
2389 3500 2579 3539 errare
2608 3500 2725 3539 non
2766 3484 2964 3556 possit.
2994 3485 3103 3550 Qui
3145 3487 3399 3557 profecto
3431 3487 3492 3541 in
3535 3503 3602 3542 ea
3646 3504 3765 3542 non
3800 3489 3891 3543 in-

2187 3576 2493 3640 stauratur,
2525 3571 2637 3626 nisi
2662 3572 2821 3643 prius
2852 3589 2950 3627 cor
2976 3574 3258 3629 mundum
3281 3574 3474 3643 fuerit,
3506 3575 3615 3631 hoc
3644 3580 3754 3646 est,
3774 3576 3896 3631 nisi

2186 3661 2345 3734 prius
2374 3661 2497 3732 ipsa
2521 3661 2787 3733 cogitatio
2821 3661 2891 3716 ab
2919 3662 3076 3716 omni
3102 3662 3409 3733 cupiditate
3434 3680 3499 3718 ac
3527 3663 3665 3719 fmce
3690 3680 3893 3721 rerum

2187 3750 2516 3807 mortalium
2545 3766 2667 3806 sese
2689 3750 3011 3806 cohibuerit
3038 3756 3094 3806 et
3116 3751 3480 3823 eliquaverit.

2674 3844 2938 3907 Septimus
2971 3845 3167 3907 gradus
3195 3846 3406 3900 animm.

2257 3929 2347 3982 76.
2378 3927 2639 3981 Jamvero
2683 3924 2745 3978 in
2777 3923 2901 3995 ipsa
2929 3924 3146 3980 visione
3185 3931 3356 3997 atque
3406 3928 3894 3999 contemplatione

2187 4010 2459 4077 veritatis,
2493 4009 2593 4081 qui
2632 4008 2905 4081 septimus
2939 4014 3111 4081 atque
3145 4010 3379 4064 ultimus
3432 4012 3642 4068 animm
3675 4015 3895 4085 gradus

2188 4104 2298 4168 est;
2324 4115 2509 4171 neque
2535 4099 2655 4170 jam
2685 4098 2917 4168 gradus,
2939 4098 3039 4152 sed
3067 4099 3330 4169 qumdam
3361 4100 3606 4169 mansio,
3631 4118 3748 4174 quo
3774 4103 3894 4159 illis

2187 4188 2454 4260 gradibus
2480 4185 2839 4258 pervenitur;
2869 4202 2997 4257 qum
3019 4186 3133 4241 sint
3160 4188 3391 4258 gaudia,
3414 4205 3544 4260 qum
3573 4190 3893 4262 perfructio

2190 4277 2400 4332 summi
2426 4281 2482 4330 et
2512 4276 2630 4331 veri
2657 4275 2813 4343 boni,
2848 4276 3009 4346 cujus
3039 4276 3361 4330 serenitatis
3393 4282 3565 4349 atque
3595 4279 3892 4335 mternita-

2187 4365 2259 4420 tis
2288 4365 2533 4431 afﬂatus,
2572 4363 2711 4436 quid
2740 4379 2846 4435 ego
2876 4364 3099 4418 dicam?
3131 4364 3407 4420 Dixerunt
3442 4367 3569 4421 hmc
3602 4373 3893 4439 quantum

2188 4455 2428 4509 dicenda
2456 4469 2576 4508 esse
2600 4453 3017 4524 judicaverunt,
3043 4468 3267 4524 magum
3288 4455 3554 4526 quaedam
3587 4461 3643 4510 et
3671 4456 3894 4513 incom-

2188 4542 2470 4614 parabiles
2518 4541 2744 4609 animm,
2790 4557 2931 4613 quas
2965 4540 3139 4596 etiam
3177 4542 3386 4597 vidisse
3433 4560 3499 4599 ac
3540 4544 3733 4599 videre
3781 4546 3896 4601 ista

2189 4632 2493 4687 credimus.
2525 4630 2669 4685 Illud
2694 4630 2863 4701 plane
2894 4646 2999 4701 ego
3026 4647 3178 4685 nunc
3202 4632 3385 4686 audeo
3416 4632 3521 4687 tibi
3552 4633 3762 4700 dicere,
3787 4650 3897 4688 nos

2190 4721 2235 4776 si
2261 4736 2488 4775 cursum
2518 4735 2691 4791 quem
2720 4718 2885 4773 nobis
2914 4720 3060 4774 Deus
3088 4718 3356 4791 imperat,
3389 4725 3447 4776 et
3475 4738 3651 4794 quem
3682 4728 3893 4778 tenen-

2191 4811 2328 4866 dum
2357 4808 2730 4880 suscepimus,
2759 4808 3212 4863 constantissime
3244 4811 3622 4878 tenuerimus,
3648 4828 3898 4883 perven-

2188 4904 2346 4954 turos
2370 4914 2473 4970 per
2500 4898 2780 4953 Virtutem
2806 4896 2907 4952 Dei
2936 4902 3106 4969 atque
3130 4898 3481 4969 Sapientiam
3506 4900 3580 4955 ad
3600 4916 3897 4955 summam

2188 4987 2347 5042 illam
2375 5002 2624 5053 causam,
2666 4988 2753 5041 vel
2795 5001 3086 5041 summum
3116 4992 3427 5055 auctorem,
3460 4989 3547 5043 vel
3591 5004 3894 5044 summum

2189 5076 2536 5147 principium
2566 5090 2758 5129 rerum
2792 5074 3075 5143 omnium,
3110 5077 3194 5130 vel
3224 5076 3271 5129 si
3301 5093 3415 5147 quo
3445 5077 3559 5132 alio
3588 5079 3763 5133 modo
3795 5094 3893 5133 res

2188 5169 2343 5220 tanta
2382 5163 2788 5234 congruentius
2832 5162 3109 5232 appellari
3137 5168 3323 5237 potest
3368 5181 3381 5219 :
3428 5182 3542 5236 quo
3574 5166 3891 5235 intellecto,

2188 5268 2318 5307 vere
2347 5252 2664 5306 videbimus
2693 5268 2865 5323 quam
2897 5251 3012 5305 sint
3038 5252 3229 5307 omnia
3259 5253 3364 5308 sub
3396 5255 3514 5308 sole
3545 5254 3768 5310 vanitas
3799 5274 3897 5311 va-

2190 5341 2492 5395 nitanlium
2534 5340 2725 5411 (Eccle.
2774 5359 2810 5408 ι,
2859 5344 2891 5394 2
2922 5340 3042 5413 [α]).
3074 5342 3303 5395 Vanitas
3340 5343 3495 5397 enim
3526 5348 3612 5398 est
3640 5343 3893 5408 fallacia,

2189 5430 2507 5485 vanitantes
2538 5433 2727 5483 autem
2755 5430 2842 5483 vel
2889 5430 3036 5498 falsi,
3084 5430 3169 5484 vel
3218 5430 3499 5498 fallentes,
3536 5433 3625 5487 vel
3655 5434 3893 5507 utrique

2253 5527 2318 5586 (η)
2349 5528 2424 5575 Ita
2458 5526 2753 5587 frequenter
2782 5526 2923 5575 citat.
2951 5524 3080 5575 Vide
3113 5529 3131 5575 1
3166 5526 3413 5585 Retract.,
3446 5540 3558 5591 cap.
3586 5531 3632 5583 7,
3663 5542 3715 5576 n.
3746 5533 3795 5579 3.
