4064 6362
91 307 225 358 1οἳ7

84 431 514 503 intelliguntur.
561 430 712 487 Licet
741 435 934 486 tamen
969 431 1302 503 dignoscere
1329 436 1607 503 quantum
1640 431 1788 487 inter

83 520 232 585 haec,
267 526 324 575 et
351 537 417 575 ea
446 538 574 592 quas
605 537 734 575 vere
765 525 917 588 sunt,
954 520 1158 588 distet;
1193 525 1252 575 et
1297 521 1787 592 quemadmodum

81 612 286 664 tamen
313 611 489 664 etiam
513 610 618 664 ista
647 611 840 664 omnia
869 611 984 664 Deo
1011 614 1238 664 auctore
1267 615 1456 664 creata
1476 611 1607 677 sint,
1640 614 1694 664 et
1727 611 1786 664 in

78 697 325 752 illorum
357 699 786 770 comparatione
812 700 970 753 nulla
1000 699 1141 765 sint;
1173 715 1276 770 per
1306 716 1363 753 se
1388 705 1579 754 autem
1608 700 1786 753 consi-

77 788 304 856 derata,
339 788 486 841 mira
514 793 683 858 atque
718 787 973 858 pulchra.
1001 789 1156 842 Tunc
1195 805 1571 858 agnoscemus
1612 805 1784 860 quam

75 892 216 930 vera
242 877 408 931 nobis
437 877 718 932 credenda
747 877 1027 947 imperata
1057 877 1189 942 sint,
1233 892 1521 947 quamque
1569 876 1784 946 optime

75 981 142 1018 ac
173 965 554 1020 saluberrime
583 966 732 1036 apud
765 971 1009 1020 matrem
1040 965 1340 1020 Ecclesiam
1371 965 1573 1019 nutriti
1606 965 1781 1019 fueri-

75 1070 232 1123 mus,
271 1071 469 1125 qnznve
518 1055 591 1108 sit
644 1055 858 1108 utilitas
893 1054 1051 1108 laetis
1097 1054 1252 1108 illius
1291 1055 1443 1125 quod
1494 1055 1783 1124 apostolus

73 1143 294 1196 Paulus
340 1143 592 1214 parvulis
645 1159 702 1196 se
735 1148 935 1214 potum
975 1143 1195 1198 dedisse
1239 1143 1564 1214 praedicavit
1597 1144 1636 1211 (ῐ
1659 1144 1778 1198 Cor.

73 1249 158 1296 ιιι,
186 1232 239 1300 ‘2)
269 1249 280 1285 :
313 1233 465 1302 quod
491 1232 824 1286 alimentum
859 1232 1114 1304 accipere
1144 1249 1272 1286 cum
1316 1231 1444 1302 quis
1469 1235 1650 1285 matre
1681 1247 1782 1285 nu-

70 1320 277 1387 tritur,
311 1320 680 1375 utilissimum
711 1324 832 1389 est;
868 1338 997 1375 cum
1018 1322 1140 1392 jam
1167 1321 1396 1392 grandis
1428 1324 1530 1386 est,
1563 1319 1779 1390 puden-

72 1409 222 1463 dum
245 1425 258 1463 :
285 1426 553 1480 respuere
574 1426 704 1464 cum
732 1427 874 1480 opus
897 1414 997 1477 est,
1022 1409 1444 1476 miserandum;
1473 1407 1782 1478 reprehen-

69 1497 214 1552 dere
247 1499 558 1570 aliquando
598 1504 697 1552 aut
726 1499 928 1566 odisse,
961 1498 1186 1553 sceleris
1215 1503 1270 1552 et
1293 1497 1636 1569 impietatis:
1665 1501 1778 1550 tra-

68 1592 232 1640 ctare
266 1591 457 1641 autem
487 1604 550 1641 ac
581 1587 907 1658 dispensare
930 1587 1248 1653 commode,
1284 1586 1468 1641 laudis
1499 1590 1554 1640 et
1590 1585 1778 1640 chari-

69 1675 209 1728 tatis
241 1675 641 1745 plenissimum
665 1681 773 1732 est.
810 1676 1138 1731 Videbimus
1165 1676 1336 1729 etiam
1367 1680 1586 1729 naturm
1608 1675 1780 1743 hujus

67 1781 371 1834 corporeae
402 1769 585 1818 tantas
610 1765 1084 1818 commutationes
1097 1769 1151 1818 et
1179 1763 1616 1829 vicissitudines,
1641 1764 1778 1817 dum

66 1853 284 1906 divinis
315 1853 536 1923 legibus
568 1854 755 1919 servit,
789 1858 853 1906 ut
882 1853 1055 1908 etiam
1093 1853 1273 1924 ipsam
1305 1852 1779 1906 resurrectionem

65 1941 285 2001 carnis,
319 1958 448 2012 qum
479 1942 934 2012 partimtardius,
962 1942 1172 2013 partim
1204 1941 1440 1996 omnino
1465 1957 1577 1995 non
1596 1941 1777 1995 credi-

64 2034 187 2097 tur,
226 2029 308 2083 ita
354 2034 562 2084 certam
610 2035 928 2098 teneamus,
971 2035 1035 2084 ut
1072 2030 1280 2084 certius
1323 2030 1485 2084 nobis
1514 2045 1632 2084 non
1681 2030 1772 2096 sit,

67 2118 279 2184 solem,
313 2134 443 2173 cum
489 2119 774 2179 occiderit,
811 2119 1111 2173 oriturum.
1155 2121 1414 2173 Jamvero
1453 2136 1546 2173 eos
1576 2120 1675 2191 qui
1705 2121 1775 2174 ad

68 2208 405 2278 exemplum
435 2207 633 2262 salutis
651 2211 859 2262 nostras
889 2224 953 2260 ac
986 2207 1291 2279 primitias,
1325 2225 1357 2262 a
1378 2207 1516 2262 Filio
1546 2208 1644 2262 Dei
1671 2225 1773 2278 po-

68 2296 418 2364 tentissimo,
462 2300 694 2364 esterno,
726 2295 1179 2351 incommutabili
1208 2301 1530 2368 susceptum
1580 2297 1772 2352 homi-

67 2401 229 2450 nem,
263 2386 644 2456 eumdemque
685 2391 884 2439 natum
914 2401 1033 2440 esse
1074 2386 1142 2440 de
1176 2385 1418 2456 virgine,
1456 2389 1774 2458 caateraque

69 2474 250 2544 hujus
295 2475 544 2529 historiae
585 2474 856 2529 miracula
901 2473 1161 2542 irrident,
1213 2473 1291 2528 sic
1321 2478 1772 2545 contemnemus,

69 2567 351 2633 tanquam
377 2579 474 2617 eos
505 2579 732 2632 pueros,
767 2562 865 2633 qui
894 2578 1023 2616 cum
1052 2563 1328 2632 pictorem
1349 2564 1656 2634 propositis
1685 2567 1772 2618 ta—

70 2650 246 2717 bulis,
277 2667 417 2722 quas
438 2651 752 2718 intueatur,
771 2651 1106 2721 pingentem
1131 2651 1406 2718 viderint;
1428 2667 1546 2706 non
1572 2656 1776 2724 putent

69 2755 242 2810 posse
272 2739 566 2794 hominem
588 2739 770 2810 pingi,
791 2739 902 2793 nisi
923 2739 1094 2794 aliam
1117 2740 1420 2810 picturam,
1441 2740 1538 2811 qui
1560 2739 1769 2811 pingit,

68 2828 376 2898 aspexerit.
411 2830 590 2882 Tanta
617 2832 809 2882 autem
843 2827 902 2882 in
932 2829 1372 2899 contemplanda
1410 2828 1646 2883 veritate
1675 2846 1771 2882 vo-

66 2917 261 2986 luptas
292 2921 395 2982 est,
428 2920 888 2988 quantacumque
920 2933 984 2970 ex
1017 2921 1176 2987 parte
1211 2934 1335 2971 eam
1368 2918 1609 2988 quisque
1637 2934 1770 2972 con-

66 3004 342 3076 templari
392 3009 592 3076 potest,
644 3008 801 3059 tanta
852 3005 1089 3076 puritas,
1123 3010 1281 3060 tanta
1311 3006 1622 3073 sinceritas,
1656 3011 1771 3062 tam

67 3093 448 3148 indubitanda
479 3110 671 3148 rerum
702 3093 863 3160 fides,
896 3097 962 3148 ut
989 3110 1174 3164 neque
1204 3095 1514 3166 quidquam
1546 3100 1774 3166 praster-

67 3202 137 3240 ea
169 3185 340 3239 scisse
380 3202 438 3240 se
487 3185 792 3256 aliquando
845 3184 1050 3256 aliquis
1080 3190 1261 3255 putet,
1319 3202 1448 3240 cum
1494 3186 1601 3241 sibi
1631 3187 1772 3240 scire

67 3273 401 3340 videbatur;
433 3278 490 3328 et
516 3291 629 3344 quo
675 3273 864 3328 minus
904 3273 1248 3344 impediatur
1276 3274 1468 3328 anima
1509 3275 1615 3329 toti
1655 3279 1773 3330 tota

70 3363 359 3418 inhaerere
391 3362 632 3431 veritati,
666 3380 820 3417 mors
851 3379 978 3434 qua:
1009 3368 1176 3418 antea
1206 3363 1587 3427 metuebatur,
1620 3364 1676 3418 id
1691 3370 1774 3420 est

70 3452 142 3506 ab
163 3451 274 3505 hoc
303 3467 537 3521 corpore
568 3451 898 3505 omnimoda
917 3452 1052 3523 fuga
1074 3456 1128 3506 et
1152 3452 1384 3523 elapsio,
1417 3469 1521 3524 pro
1547 3469 1772 3508 summo

72 3534 709 3594 munere'desideretur.

71 3630 303 3683 CAPUT
335 3629 553 3684 XXXIV.
587 3659 656 3669 —
683 3629 886 3683 Anima
915 3631 1057 3684 solus
1092 3633 1229 3685 Deus
1281 3632 1489 3701 melior,
1536 3631 1772 3700 adeoque

609 3719 753 3772 solus
784 3719 833 3770 ei
866 3719 1112 3772 colendus
1142 3724 1237 3773 est.

141 3811 235 3861 ‘77.
270 3805 494 3861 Audisti
532 3809 745 3875 quanta
771 3807 818 3860 is
841 3805 910 3860 sit
952 3806 1158 3861 anima:
1184 3823 1248 3860 ac
1273 3807 1558 3878 potentia:
1617 3807 1770 3878 quod

71 3901 136 3950 ut
173 3895 424 3950 breviter
469 3895 755 3966 colligam,
798 3896 1282 3967 quemadmodum
1323 3896 1620 3950 fatendum
1664 3900 1765 3958 est,

66 3984 328 4038 animam
349 3983 658 4038 humanam
689 4001 804 4039 non
845 4000 966 4037 esse
999 3983 1156 4055 quod
1191 3985 1337 4038 Deus
1365 3988 1478 4048 est;
1516 3983 1593 4036 ita
1622 3999 1771 4054 prte-

67 4073 440 4140 sumendum,
474 4073 618 4128 nihil
658 4073 808 4127 inter
840 4071 1033 4126 omnia
1064 4088 1191 4144 qua:
1224 4071 1450 4139 creavit,
1493 4073 1606 4125 Deo
1649 4086 1768 4125 esse

64 4161 470 4232 propinquius.
501 4163 745 4233 Ideoque
785 4161 974 4216 divine
1003 4177 1064 4214 ac
1094 4160 1458 4230 singulariter
1492 4160 1552 4214 in
1583 4160 1767 4214 Eccle-

66 4251 151 4303 sia
181 4250 462 4304 catholica
491 4250 753 4319 traditur,
783 4251 988 4304 nullam
1035 4254 1335 4305 creaturam
1362 4249 1633 4304 colendam
1660 4263 1770 4302 esse

66 4341 269 4392 animae
306 4338 592 4408 (libentius
638 4338 792 4392 enim
825 4339 1030 4409 loquor
1062 4338 1150 4393 his
1179 4337 1365 4392 verbis
1393 4337 1600 4409 quibus
1625 4335 1770 4392 mihi

67 4429 194 4481 haec
226 4427 513 4481 insinuata
551 4432 722 4495 sunt),
756 4427 853 4481 sed
896 4427 1084 4498 ipsum
1113 4427 1509 4481 tantummodo
1550 4443 1766 4493 rerum,

68 4531 201 4585 quas
235 4519 387 4580 sunt,
444 4516 702 4570 omnium
753 4517 1095 4578 Creatorem,
1145 4532 1213 4569 ex
1251 4532 1365 4587 quo
1413 4515 1626 4582 omnia,
1666 4531 1770 4586 per

68 4618 248 4673 quem
278 4603 488 4669 omnia,
536 4604 593 4657 in
638 4620 753 4675 quo
811 4604 1040 4669 omnia;
1090 4604 1146 4657 id
1185 4609 1271 4658 est
1300 4603 1768 4658 incommutabile

65 4691 443 4762 principium,
475 4692 998 4747 incommutabilem
1025 4692 1771 4763 sapientiam,incommuta-

64 4780 246 4833 bilem
269 4780 622 4848 charitatem,
649 4783 1041 4848 unumjDeum
1070 4796 1270 4835 verum
1297 4780 1314 4814 ⁴
1347 4785 1519 4852 atque
1544 4781 1764 4850 perfec-

67 4874 216 4934 tum,
253 4868 351 4939 qui
383 4885 697 4940 numquam
737 4886 854 4924 non
883 4870 1076 4936 fuerit,
1121 4885 1416 4940 nunquam
1465 4885 1584 4922 non
1641 4869 1762 4934 erit,

69 4973 392 5027 numquam
426 4957 589 5012 aliter
616 4957 807 5027 fuerit,
835 4975 1133 5030 nunquam
1165 4958 1330 5012 aliter
1351 4959 1612 5029 erit;quo
1627 4957 1767 5012 nihil

71 5045 142 5098 sit
171 5046 464 5109 secretius,
498 5045 640 5099 nihil
683 5047 1037 5116 praesentius:
1089 5046 1188 5118 qui
1225 5045 1452 5101 difﬁcile
1482 5045 1769 5100 invenitur

69 5133 170 5187 ubi
203 5133 294 5201 sit,
324 5133 611 5188 difﬁcilius
640 5134 739 5188 ubi
763 5151 876 5188 non
908 5135 1014 5202 sit;
1041 5151 1172 5190 cum
1212 5151 1325 5206 quo
1368 5151 1486 5188 esse
1511 5151 1625 5188 non
1647 5151 1770 5190 om-

140 5260 154 5292 ¹
187 5257 275 5306 Sic
300 5257 534 5320 plerique
557 5257 1000 5320 Mss.cumEr.rAt
1015 5259 1143 5306 Bad.
1177 5262 1229 5307 et
1255 5259 1377 5307 Lov.
1391 5257 1610 5307 habent:
1636 5258 1770 5307 idest

74 5322 120 5366 in
131 5319 560 5369 commutabilem
583 5322 884 5379 veritatem,
906 5319 1386 5370 incommutabilem
1408 5323 1768 5376 a'ternitatem,

72 5381 571 5431 incommutabilem
610 5383 860 5430 virtutem
911 5382 1390 5431 incommutabilem
1439 5384 1768 5440 charitatem,

75 5458 239 5493 unum
268 5457 458 5493 verum
494 5447 678 5492 Deum.
726 5445 844 5490 Mss.
887 5448 991 5492 tres
1019 5457 1030 5490 :
1064 5443 1116 5491 id
1144 5448 1218 5493 est
1261 5445 1768 5500 incommutabilem,

73 5507 447 5562 a'ternimtem,
464 5505 950 5554 incommutabilem
973 5507 1260 5564 veritatem,
1279 5506 1772 5557 incommutabilem

74 5567 406 5627 rharitatem,
439 5581 606 5617 unum
627 5581 807 5617 rerum
843 5571 1029 5617 Deum

1611 308 1824 364 LIBER
1875 309 2084 365 UNUS.

3458 327 3594 382 1078

1899 448 1999 486 nes
2029 437 2285 503 possunt,
2318 439 2374 489 et
2399 435 2520 492 sine
2551 453 2664 508 quo
2694 453 2814 494 esse
2844 454 3012 494 nemo
3041 443 3255 511 potest:
3291 447 3348 498 et
3376 443 3423 498 si
3452 447 3590 518 quid

1897 521 1964 574 de
1995 521 2093 575 illo
2118 523 2523 591 incredibilius,
2547 527 2974 582 convenientius
2989 532 3180 584 tamen
3207 535 3377 602 atque
3401 534 3588 604 aptius

1895 609 2160 664 homines
2191 611 2376 666 dicere
2407 614 2677 670 valemus.
2715 617 2813 670 llic
2843 633 2978 688 ergo
3007 619 3161 672 solus
3201 621 3349 674 Deus
3379 622 3587 677 anima:

1894 699 2161 752 colendus
2195 705 2298 766 est,
2349 717 2534 772 neque
2585 703 2845 773 discreta,
2895 723 3080 778 neque
3123 709 3375 764 confuse.
3411 711 3586 774 Quid-

1894 787 2033 858 quid
2061 787 2217 842 enim
2247 788 2437 843 anima
2463 791 2596 844 colit
2613 797 2675 846 ut
2690 795 2888 860 Deum,
2924 812 3149 850 necesse
3179 802 3263 851 est
3291 802 3354 852 ut
3383 799 3586 854 melius

1893 890 2031 941 esse,
2061 892 2233 946 quam
2264 877 2530 946 seipsam,
2563 884 2737 947 putet.
2772 882 2992 935 Animae
3022 888 3212 938 autem
3244 889 3448 940 natura
3481 903 3586 942 nec

1890 967 2062 1029 terra,
2094 980 2197 1017 nec
2229 964 2428 1030 maria,
2457 982 2561 1019 nec
2607 967 2813 1037 sidera,
2846 986 2946 1022 nec
2975 972 3132 1038 luna,
3166 989 3268 1026 nec
3314 975 3418 1042 sol,
3467 991 3584 1030 non

1891 1051 2208 1123 quidquam
2251 1054 2487 1108 omnino
2537 1055 2690 1126 quod
2736 1057 2916 1127 tangi,
2960 1064 3056 1112 aut
3084 1061 3170 1113 his
3199 1063 3374 1116 oculis
3401 1064 3583 1119 videri

1890 1145 2096 1210 potest,
2129 1158 2244 1195 non
2277 1142 2524 1213 denique
2566 1143 2754 1214 ipsum
2783 1146 2940 1216 quod
2980 1147 3156 1202 videri
3195 1165 3227 1202 a
3259 1151 3422 1205 nobis
3465 1169 3583 1208 non

1887 1232 2094 1298 potest,
2121 1231 2328 1284 coelum
2376 1232 2582 1286 melius
2615 1249 2735 1287 esse
2766 1234 3111 1310 credendum
3142 1241 3242 1291 est.
3295 1239 3414 1294 Imo
3460 1241 3584 1296 haec

1890 1317 2085 1371 omnia
2132 1320 2298 1389 longe
2343 1320 2629 1375 deteriora
2661 1339 2804 1392 esse,
2838 1339 3012 1393 quam
3051 1329 3136 1379 est
3160 1327 3430 1397 quaslibet
3458 1330 3581 1384 ani-

1887 1421 2001 1470 ma,
2031 1405 2174 1460 ratio
2207 1412 2359 1462 certa
2391 1409 2671 1463 convincit
2705 1430 2719 1478 ;
2763 1411 2809 1464 si
2842 1412 3010 1466 modo
3043 1429 3170 1468 eam
3208 1415 3325 1469 veri
3367 1421 3581 1472 amato-

1888 1508 1978 1547 res
2006 1493 2307 1548 ducentem
2332 1512 2435 1566 per
2482 1497 2713 1552 insolita
2741 1499 3026 1569 quaedam,
3057 1505 3114 1555 et
3143 1501 3214 1556 ob
3245 1503 3354 1557 hoc
3381 1504 3580 1572 ardua,

1887 1582 2336 1637 constantissime
2367 1589 2537 1656 atque
2586 1587 3079 1643 observantissime
3121 1591 3282 1662 sequi
3314 1593 3579 1648 audeant.

1954 1673 2043 1724 78.
2076 1671 2135 1725 Si
2162 1672 2297 1742 quid
2326 1689 2457 1727 vero
2485 1673 2639 1728 aliud
2664 1679 2748 1729 est
2792 1675 2853 1729 in
2901 1694 3095 1731 rerum
3128 1683 3334 1734 natura
3370 1687 3581 1750 praeter

1886 1757 1992 1812 ista
2020 1769 2150 1830 quas
2179 1761 2437 1815 sensibus
2466 1767 2598 1816 nota
2625 1767 2776 1829 sunt,
2809 1769 2866 1817 et
2905 1781 3138 1834 prorsus
3180 1783 3308 1838 quae
3347 1769 3581 1840 aliquod

1887 1848 2132 1918 spatium
2157 1849 2266 1902 loci
2297 1849 2574 1918 obtinent,
2597 1852 2802 1922 quibus
2823 1853 3088 1908 omnibus
3117 1857 3576 1924 prmstantiorem

1886 1935 2137 1990 animam
2165 1937 2476 1992 humanam
2501 1955 2618 1992 esse
2653 1939 2935 1994 diximus:
2972 1942 3017 1995 si
3057 1942 3195 2012 quid
3243 1961 3380 2016 ergo
3421 1946 3577 2001 aliud

1886 2027 1972 2078 est
1997 2040 2194 2078 eorum
2223 2041 2351 2095 qum
2382 2027 2529 2079 Deus
2575 2027 2804 2096 creavit,
2846 2029 3119 2100 quiddam
3169 2035 3254 2086 est
3305 2033 3575 2101 deterius,

1885 2112 2158 2183 quiddam
2196 2130 2332 2184 par:
2395 2115 2663 2182 deterius,
2704 2121 2766 2171 ut
2795 2117 2987 2172 anima
3036 2120 3285 2189 pecoris;
3334 2138 3456 2192 par,
3515 2129 3580 2179 ut

1884 2201 2112 2272 angeli:
2138 2202 2341 2256 melius
2370 2208 2583 2270 autem,
2612 2205 2777 2258 nihil.
2812 2207 2878 2260 Et
2906 2206 2953 2260 si
2985 2208 3216 2277 quando
3247 2214 3331 2264 est
3362 2211 3579 2282 aliquid

1884 2289 2093 2344 horum
2121 2289 2346 2354 melius,
2381 2291 2488 2345 hoc
2518 2297 2747 2362 peccato
2794 2294 2915 2364 ejus
2941 2295 3025 2360 ﬁt,
3055 2312 3171 2350 non
3201 2301 3422 2352 natura.
3456 2300 3578 2364 Quo

1883 2381 2076 2432 tamen
2096 2395 2212 2433 non
2243 2396 2423 2450 usque
2453 2380 2591 2434 adeo
2623 2381 2688 2435 ﬁt
2717 2381 2985 2451 deterior,
3010 2388 3072 2438 ut
3101 2383 3154 2438 ei
3193 2387 3412 2456 pecoris
3451 2388 3576 2442 ani-

1883 2481 1976 2520 ma
2003 2468 2378 2538 praeferenda,
2426 2472 2524 2522 aut
2555 2469 2897 2524 conferenda
2925 2471 3015 2526 sit.
3051 2473 3393 2544 Deusigitur
3425 2477 3577 2529 solus

1884 2555 1937 2609 ei
1969 2556 2236 2609 colendus
2265 2561 2368 2625 est,
2399 2557 2497 2628 qui
2529 2559 2682 2612 solus
2715 2560 2835 2629 ejus
2877 2564 2960 2614 est
3004 2565 3218 2616 auctor.
3263 2563 3442 2617 Homo
3473 2579 3579 2618 au-

1883 2647 1998 2698 tem
2026 2644 2266 2714 quilibet
2289 2646 2455 2714 alius,
2481 2664 2811 2718 quanquam
2834 2649 3286 2718 sapientissimus
3315 2655 3371 2705 et
3397 2651 3578 2722 perle-

1883 2732 2188 2799 ctissimus,
2221 2735 2308 2787 vel
2324 2751 2558 2803 prorsus
2586 2737 2856 2806 quaelibet
2871 2737 3064 2792 anima
3091 2739 3326 2793 rationis
3345 2757 3578 2810 compos

1881 2823 2054 2890 atque
2091 2821 2438 2887 beatissima,
2471 2825 2717 2879 amanda
2755 2827 3154 2881 tantummodo
3190 2831 3244 2882 et
3300 2828 3578 2884 imitanda

1881 2913 1980 2971 est,
2013 2908 2203 2980 eique,
2234 2927 2338 2980 pro
2371 2912 2574 2965 merito
2613 2917 2784 2984 atque
2805 2914 3025 2981 ordine,
3059 2916 3213 2985 quod
3233 2915 3285 2970 ei
3314 2917 3578 2987 congruit

1882 2997 2278 3055 deferendum.
2315 3001 2475 3067 Nam,
2507 3004 2791 3056 Dominum
2829 3006 2993 3057 Deum
3025 3008 3174 3058 tuum
3217 3005 3494 3071 adorabis,
3525 3011 3576 3061 et

1880 3086 1967 3140 illi
1978 3087 2080 3140 soli
2106 3088 2208 3141 soli
2235 3091 2431 3142 servies
2459 3088 2629 3158 (Deut.
2661 3093 2853 3158 v1,13;
2888 3092 3081 3146 Matth.
3111 3108 3183 3158 IV,
3212 3094 3575 3163 lO.)Erranti—

1880 3174 1986 3228 bus
2015 3190 2147 3228 vero
2179 3175 2434 3246 cognatis
2481 3177 2686 3232 animis
2732 3182 2788 3232 et
2833 3178 3242 3247 laborantibus,
3290 3186 3572 3251 quantum

1880 3262 2006 3316 licet
2026 3265 2194 3333 atque
2232 3268 2581 3335 praeceptum
2620 3270 2719 3332 est,
2755 3283 2924 3338 opem
2947 3267 3244 3323 ferendam
3277 3285 3396 3324 esse
3427 3270 3572 3324 scia-

1881 3365 2025 3412 mus,
2058 3349 2137 3404 ita
2163 3355 2226 3404 ut
2248 3352 2353 3405 hoc
2383 3353 2572 3423 ipsum
2594 3369 2724 3408 cum
2742 3355 2887 3410 bene
2902 3355 3115 3426 agitnr,
3143 3358 3322 3412 Deum
3343 3374 3446 3428 per
3471 3375 3574 3413 nos

1879 3454 2049 3509 agere
2077 3438 2486 3510 intelligamus.
2523 3444 2714 3514 Neque
2737 3444 3051 3515 quidquam
3078 3445 3242 3500 nobis
3275 3447 3573 3518 proprium

1879 3528 2233 3584 vindicemus
2264 3531 2450 3586 inanis
2483 3533 2680 3602 gloriae
2706 3535 3014 3605 cupiditate
3045 3535 3283 3607 decepti,
3315 3554 3428 3608 quo
3461 3555 3575 3592 uno

1879 3619 2030 3671 malo
2055 3635 2087 3672 a
2107 3634 2330 3674 summo
2359 3620 2420 3673 in
2450 3620 2565 3674 ima
2586 3621 2975 3693 demergimur
3005 3620 3044 3679 ⁸.
3072 3625 3266 3695 Neque
3295 3625 3446 3679 vitiis
3477 3643 3574 3698 op-

1878 3722 2122 3776 pressos,
2176 3708 2271 3762 sed
2353 3707 2478 3777 ipsa
2532 3709 2702 3775 vitia;
2740 3727 2925 3780 neque
2963 3717 3280 3782 peccantes,
3324 3714 3421 3768 sed
3451 3714 3576 3784 ipsa

1873 3799 2103 3864 peccata
2146 3795 2452 3849 oderimus.
2471 3796 2746 3850 Omnibus
2766 3798 2920 3852 enim
2943 3799 3282 3854 subventum
3313 3802 3454 3855 velle
3469 3803 3569 3855 de-

1879 3883 2286 3950 bemus,etiam
2317 3884 2415 3955 qui
2454 3901 2558 3938 nos
2597 3886 2890 3953 laeserunt,
2925 3887 3572 3951 aut]a3dere,automni-

1880 3987 1954 4025 no
1988 3971 2121 4026 lredi
2146 3973 2359 4026 volunt.
2397 3974 2525 4027 Haec
2555 3977 2639 4027 est
2668 3990 2819 4039 vera,
2849 3974 2969 4029 hanc
2995 3976 3264 4046 perfecta,
3304 3976 3422 4030 htec
3451 3978 3570 4031 sola

1875 4060 2096 4131 religio,
2126 4077 2230 4130 per
2251 4077 2424 4131 quam
2440 4063 2550 4115 Deo
2572 4061 2927 4116 reconciliari
2957 4063 3210 4132 pertinet
3227 4064 3298 4118 ad
3329 4063 3560 4131 animae,

1878 4149 1945 4202 de
1977 4165 2091 4219 qua
2123 4149 2455 4221 quaerimus,
2488 4150 2965 4221 magnitudinem,
3000 4168 3111 4222 qua
3131 4152 3462 4206 selibertate
3481 4153 3568 4206 di-

1878 4252 2048 4308 gnam
2075 4237 2244 4292 facit:
2271 4255 2404 4292 nam
2437 4239 2530 4293 ille
2581 4240 2650 4293 ab
2690 4240 2955 4294 omnibus
2983 4240 3204 4306 liberat,
3240 4240 3331 4294 cui
3361 4241 3570 4294 servire

1877 4326 2143 4380 omnibus
2163 4326 2538 4382 utilissimum
2567 4331 2672 4393 est,
2707 4333 2762 4382 et
2810 4328 2871 4383 in
2903 4329 3062 4398 cujus
3091 4328 3318 4384 servitio
3347 4330 3571 4400 placere

1875 4413 2127 4483 perfecta
2154 4419 2212 4467 et
2239 4415 2360 4468 sola
2397 4414 2420 4447 ³
2476 4415 2708 4469 libertas
2765 4421 2866 4470 est.
2915 4416 3023 4471 Sed
3059 4417 3223 4472 video
3279 4432 3369 4470 me
3423 4433 3570 4486 pene

1879 4501 2180 4556 excessisse
2211 4507 2391 4557 metas
2416 4503 2697 4574 propositi
2728 4502 2863 4566 mei,
2896 4519 2960 4558 ac
2989 4503 3108 4557 sine
3129 4504 3247 4557 ulla
3265 4503 3573 4574 interroga-

1876 4589 2029 4643 tione
2055 4590 2273 4644 tamdiu
2305 4591 2410 4645 tibi
2433 4592 2616 4646 multa
2637 4591 2867 4646 dixisse:
2901 4607 3086 4662 neque
3111 4591 3171 4645 id
3192 4607 3284 4646 me
3308 4591 3568 4662 paenitet.

1878 4678 2018 4731 Nam
2049 4694 2180 4732 cum
2211 4678 2325 4732 sint
2343 4678 2448 4732 ista
2478 4695 2582 4750 per
2607 4684 2724 4734 tam
2753 4680 2961 4733 multas
2976 4679 3236 4733 Ecclesiae
3265 4679 3572 4750 scripturas

1876 4765 2150 4836 dispersa,
2184 4782 2512 4836 quanquam
2543 4783 2609 4820 ea
2637 4784 2752 4821 non
2775 4767 3134 4822 incommode
3175 4768 3467 4838 collegisse
3487 4767 3570 4822 vi-

1876 4854 2132 4920 deamur,
2164 4855 2332 4923 plene
2358 4859 2552 4908 tamen
2579 4854 2822 4926 intelligi
2844 4859 3170 4926 nequeunt;
3199 4849 3570 4927 nisi'quisque

1875 4941 1936 4995 in
1974 4941 2206 4995 illorum
2229 4945 2446 5011 septem
2477 4946 2680 5013 quarto
2710 4943 2890 5013 gradu
2912 4943 3134 4998 fortiter
3162 4943 3569 5015 agens,.pieta-

1875 5033 2106 5098 temque
2137 5028 2475 5096 custodiens,
2509 5033 2565 5082 et
2594 5030 2663 5083 ad
2696 5045 2760 5083 ea
2790 5030 3155 5102 percipienda
3181 5032 3479 5085 sanitatem
3506 5045 3570 5084 ac

1875 5117 2051 5171 robur
2078 5131 2432 5186 comparans,
2462 5115 2718 5188 inquirat
2744 5119 2936 5172 omnia
2965 5117 3569 5190 singillatim,diligen-

1877 5205 2093 5259 tissime
2122 5220 2185 5257 ac
2215 5204 2575 5274 sagacissime
2599 5223 2612 5260 :
2664 5223 2912 5278 namque
2942 5208 3055 5262 illis
3084 5208 3347 5262 omnibus
3375 5204 3566 5275 gradi-

1877 5293 1983 5347 bus
2010 5292 2156 5346 inest
2184 5292 2448 5348 distincta
2478 5299 2534 5348 ct
2562 5295 2793 5365 propria
2822 5296 3205 5367 pulchritudo,
3240 5309 3380 5364 quos
3409 5296 3566 5346 actus

1879 5382 2084 5435 melius
2113 5383 2481 5452 appellamus.

1946 5507 1957 5538 ¹
1985 5507 2061 5554 Ita
2096 5506 2212 5554 Par.
2239 5506 2323 5555 Er.
2346 5507 2480 5557 Ven.
2515 5509 2638 5556 Lov.
2676 5509 2730 5555 In
2757 5509 2840 5561 Β..
2871 5506 3215 5567 demergitur.
3252 5503 3315 5567 At.

1943 5568 2240 5628 2Siclegend
2250 5583 2276 5617 ιι
2287 5584 2333 5617 ui
2348 5585 2408 5617 ex
2425 5571 2730 5619 auctoritate
2743 5561 3396 5630 Mss.Ebrulp'h..{perfecte
3409 5561 3564 5624 solm]
