4064 6356
445 313 579 367 1079

584 436 810 493 CAPUT
837 436 1030 493 XXXV.
1076 466 1143 477 --
1168 436 1339 492 Actus
1384 438 1577 491 animae
1594 437 1764 507 juxta
1791 441 1993 507 septem

746 520 1009 588 praefatos
1032 517 1236 586 gradus
1262 519 1414 572 varie
1441 518 1816 587 appellantur.

512 608 598 662 79.
646 605 964 671 Quaerimus
992 605 1204 678 quippe
1244 606 1313 661 de
1353 605 1559 661 animae
1596 604 1876 677 potentia,
1909 608 1967 658 et
2011 602 2137 658 fieri

447 697 633 766 potest
672 699 738 749 ut
779 694 901 749 haec
945 693 1140 748 omnia
1167 693 1337 749 simul
1379 698 1529 766 agat,
1572 695 1669 749 sed
1695 694 1756 749 id
1812 694 2000 748 solum
2028 691 2139 747 sibi

450 798 619 856 agere
680 781 939 837 videatur
980 783 1128 854 quod
1175 783 1295 854 agit
1322 799 1449 838 cum
1481 783 1836 851 difﬁcultate,
1866 786 1965 836 aut
1993 785 2139 835 certe

451 887 583 927 cum
612 869 815 924 timore
835 869 876 925 ¹.
901 871 1033 940 Agit
1057 870 1212 926 enim
1239 871 1345 926 hoc
1377 872 1557 926 multo
1600 886 1773 943 quam
1822 874 2026 925 caetera
2055 872 2139 923 at-

452 958 684 1015 tentior.
722 959 1173 1014 Ascendeutibus
1220 960 1398 1032 igitur
1425 978 1651 1016 sursum
1676 976 1891 1027 versus,
1922 958 2142 1031 primus

453 1053 630 1115 actus,
679 1047 923 1103 docendi
971 1064 1158 1116 causa,
1205 1050 1425 1105 dicatur
1473 1050 1793 1117 animatio;
1840 1048 2139 1113 secundus,

455 1152 652 1192 sensus
683 1152 697 1203 ;
723 1135 946 1205 tertius,
980 1153 1106 1204 ars;
1155 1142 1411 1210 quartus,
1453 1140 1630 1193 virtus
1655 1158 1670 1205 ;
1700 1137 1954 1209 quintus,
1985 1141 2143 1191 tran-

457 1224 746 1297 quillitas;
781 1228 992 1292 sextus,
1024 1225 1341 1298 ingressio;
1387 1227 1681 1298 septimus,
1718 1225 2144 1297 contemplatio.

458 1316 702 1369 Possunt
722 1316 780 1368 et
809 1314 918 1369 hoc
940 1315 1110 1369 modo
1140 1315 1453 1387 appellari:
1487 1315 1557 1370 de
1587 1330 1856 1385 corpore;
1887 1330 1990 1385 per
2017 1328 2146 1366 cor-

459 1418 607 1474 pus;
628 1401 777 1458 circa
802 1417 1037 1473 corpus;
1068 1403 1139 1458 ad
1172 1403 1453 1476 seipsam;
1482 1403 1542 1458 in
1573 1403 1792 1474 seipsa;
1826 1403 1892 1456 ad
1930 1403 2146 1468 Deum;

464 1492 615 1564 apud
644 1492 840 1547 Deum.
874 1493 1119 1546 Possunt
1147 1496 1205 1547 et
1224 1491 1331 1547 sic:
1370 1493 1607 1564 pulchre
1638 1492 1706 1547 de
1737 1491 1848 1546 alio
1873 1508 1887 1558 ;
1914 1491 2150 1561 pulchre

460 1596 566 1652 per
591 1579 770 1647 aliud;
796 1580 1031 1651 pulchre
1062 1579 1209 1635 circa
1238 1580 1424 1647 aliud;
1452 1580 1689 1651 pulchre
1712 1580 1778 1634 ad
1811 1579 2150 1651 pulchrum;

464 1668 700 1740 pulchre
711 1667 772 1722 in
782 1668 1039 1740 pulchro;
1055 1669 1291 1740 pulchre
1305 1670 1376 1724 ad
1387 1669 1898 1739 pulchritudinem;
1915 1668 2154 1739 pulchre

466 1756 617 1829 apud
645 1757 1149 1828 pulchritudinem.
1183 1758 1260 1812 De
1291 1758 1497 1828 quibus
1523 1757 1787 1812 omnibus
1816 1760 1942 1828 post
1970 1754 2158 1827 requi-

465 1861 579 1916 res,
605 1843 653 1898 si
680 1844 818 1916 quid
844 1845 1128 1900 videbitur
1149 1845 1554 1917 aperiendum:
1582 1861 1734 1900 nunc
1751 1846 1882 1901 ideo
1902 1844 2059 1899 volui
2080 1847 2160 1897 to-

466 1932 574 1988 ties
600 1932 710 1988 ista
730 1932 955 2004 signare
983 1934 1286 2003 vocabulis,
1315 1951 1389 1990 ne
1425 1938 1480 1990 te
1501 1938 1725 1990 moveat
1754 1950 1885 1989 cum
1912 1933 2009 1988 alii
2036 1931 2161 1987 aliis

470 2020 800 2077 nominibus
819 2021 1019 2077 eadem
1034 2028 1255 2090 vocant,
1284 2026 1379 2078 aut
1408 2023 1573 2078 aliter
1599 2022 1772 2077 etiam
1799 2021 2159 2093 partiuntur;

472 2112 530 2165 et
557 2109 630 2165 ob
656 2108 765 2164 hoc
789 2113 889 2165 aut
916 2109 1024 2165 ista
1052 2115 1151 2165 aut
1176 2111 1275 2165 illa
1303 2110 1610 2183 improbas.
1645 2094 2165 2166 Irinumerabilibus

474 2196 631 2254 enim
659 2198 845 2253 modis
870 2199 1085 2261 easdem
1104 2215 1195 2253 res
1219 2204 1276 2254 et
1308 2199 1607 2271 appellari,
1639 2204 1698 2255 et
1727 2198 1904 2254 dividi
1924 2202 2166 2270 possunt

475 2285 788 2341 rectissime
826 2302 891 2341 ac
919 2286 1319 2355 subtilissime;
1352 2288 1450 2342 sed
1493 2287 1555 2341 in
1582 2291 1741 2341 tanta
1782 2288 1943 2359 copia
1970 2287 2166 2341 modo-

476 2390 609 2429 rum
636 2374 816 2430 utitur
838 2374 1123 2446 _quisque,»
1140 2392 1253 2447 quo
1265 2392 1323 2430 se
1352 2380 1733 2447 congruenter
1758 2376 1842 2431 uti
1864 2375 2166 2431 existimat.

554 2462 782 2519 CAPUT
809 2465 1029 2518 XXXVI.
1057 2493 1127 2505 —
1154 2465 1521 2533 Attinguntur
1561 2466 1783 2534 reliquae
1824 2464 1889 2519 de
1917 2468 2103 2519 anima

838 2546 1174 2612 quaestiones.
1203 2547 1330 2615 Quae
1350 2546 1424 2599 sit
1450 2545 1643 2614 reliin
1669 2560 1814 2599 vera.

555 2632 644 2686 80.
680 2631 828 2685 Deus
883 2629 1062 2702 igitur
1113 2647 1371 2687 summus
1427 2635 1484 2687 et
1539 2649 1703 2686 verus
1758 2633 1882 2704 lege
1939 2633 2173 2687 inviola-

486 2718 590 2774 bili
619 2723 678 2773 et
723 2718 1075 2790 incorrupta,
1130 2736 1243 2791 qua
1292 2736 1464 2775 omne
1520 2721 1673 2792 quod
1722 2721 1978 2777 condidit
2005 2722 2171 2793 regit,

486 2805 714 2879 subjicit
731 2808 938 2863 animae
960 2824 1184 2880 corpus,
1207 2808 1459 2863 animam
1488 2809 1619 2876 sibi,
1650 2813 1706 2864 et
1726 2809 1804 2865 sic
1825 2810 2021 2865 omnia
2045 2811 2173 2867 sibi:

486 2911 673 2967 neque
701 2895 763 2950 in
790 2897 910 2951 ullo
949 2901 1079 2952 actu
1107 2913 1234 2953 eam
1260 2898 1485 2967 deserit,
1519 2898 1633 2955 sive
1661 2916 1852 2971 poena,
1883 2900 1997 2955 sive
2023 2916 2180 2970 prae-

486 2984 622 3041 mio.
656 2985 717 3041 Id
745 2985 899 3041 enim
938 2986 1212 3058 judicavit
1251 3003 1371 3042 esse
1404 2988 1879 3059 pulcherrimum,
1924 2993 1988 3044 ut
2034 2993 2181 3044 esset

488 3073 730 3147 quiquid
760 3079 865 3145 est,
887 3075 1174 3146 quomodo
1199 3080 1312 3144 est;
1342 3080 1398 3132 et
1421 3076 1501 3131 ita
1541 3081 1761 3132 naturas
1789 3077 2057 3149 gradibus
2087 3093 2179 3131 or-

488 3162 805 3229 dinaretur,
831 3166 892 3217 ut
910 3163 1335 3219 considerantes
1360 3164 1789 3220 universitatem
1816 3167 1975 3220 nulla
2002 3166 2180 3221 offen-

491 3250 654 3305 deret
681 3266 749 3304 ex
762 3250 875 3304 ulla
900 3255 1063 3321 parte
1092 3250 1423 3306 deformitas
1446 3269 1460 3320 ;
1496 3253 1797 3324 omnisque
1818 3253 2023 3308 animae
2057 3270 2179 3324 pce-

489 3352 567 3391 na
593 3340 651 3392 et
678 3353 846 3392 omne
893 3338 1198 3407 praemium
1226 3338 1506 3394 conferret
1533 3356 1757 3412 semper
1798 3340 2017 3413 aliquid
2042 3358 2180 3412 pro-

490 3424 752 3496 portione
777 3427 947 3497 justaa
976 3426 1392 3498 pulchritudini
1420 3426 1445 3461 ²
1473 3428 1948 3501 dispositionique
1988 3446 2183 3485 rerum

493 3513 773 3569 omnium.
807 3515 1013 3570 Datum
1039 3519 1125 3571 est
1152 3515 1305 3570 enim
1336 3516 1544 3571 animae
1577 3517 1821 3572 liberum
1862 3518 2181 3587 arbitrium,

494 3603 651 3676 quod
681 3602 781 3675 qui
809 3604 1126 3677 nugatoriis
1155 3604 1687 3660 ratiocinationibus
1725 3607 2063 3663 labefactare
2093 3625 2185 3664 co-

494 3695 725 3763 nantur,
753 3708 935 3765 usque
963 3693 1106 3749 adeo
1128 3693 1262 3751 caeci
1291 3697 1443 3761 sunt,
1474 3698 1540 3750 ut
1565 3711 1635 3749 ne
1664 3694 1772 3751 ista
1796 3696 1920 3767 ipsa
1949 3698 2184 3770 quidem

492 3796 639 3837 vana
665 3785 835 3854 atque
857 3783 1131 3854 sacrilega
1165 3782 1402 3854 propria
1440 3783 1730 3839 voluntate
1770 3801 1828 3840 se
1859 3785 2046 3841 dicere
2090 3787 2183 3842 in-

492 3870 781 3943 telligant.
820 3872 932 3927 Nec
960 3876 1153 3927 tamen
1173 3871 1253 3927 ita
1279 3872 1522 3927 liberum
1548 3872 1845 3929 arbitrium
1865 3874 2072 3931 anima:
2093 3876 2188 3931 da-

493 3962 619 4015 tum
646 3964 750 4027 est,
779 3963 844 4015 ut
864 3961 1160 4032 quodlibet
1180 3976 1246 4015 eo
1274 3961 1539 4029 moliens,
1562 3963 1741 4016 ullam
1762 3968 1987 4033 partem
2009 3964 2186 4020 divini

560 4050 577 4111 ι
608 4049 677 4111 [τι
700 4049 828 4111 Mss.
859 4052 1085 4111 quatuor
1110 4049 1343 4099 melioris
1371 4054 1531 4109 notas,
1552 4063 1673 4100 cum
1689 4064 1889 4103 amore.
2096 4068 2099 4071 ·

559 4110 581 4146 9
607 4109 758 4177 Edd.,
779 4109 983 4177 alidum
997 4114 1332 4177 proportioni
1331 4111 1501 4177 justas
1509 4112 1943 4177 pulchritudinis.
1965 4116 2186 4177 AtMss.,

494 4171 1187 4237 proportioneftumiwe’ex
1207 4172 1310 4223 illis
1326 4171 1451 4234 tres,
1470 4171 1633 4236 justas
1649 4174 2063 4238 pulchritudini.

1204 309 1600 367 ADMONITIO
1639 311 1733 365 DE
1771 310 2268 379 SEQUENTIBUS
2306 313 2444 369 SEX
2483 313 2714 371 LIBltlS
2753 312 2847 367 DE
2886 311 3149 369 MUSICA

3832 317 3849 367 l
3865 315 3979 367 080

2242 438 2457 494 ordinis
2491 438 2749 510 legisque
2777 436 3090 509 perturbet.
3118 434 3321 491 Datum
3348 440 3433 492 est
3458 436 3619 491 enim
3652 453 3687 491 a
3722 434 3975 508 sapien-

2241 527 2458 583 tissimo
2505 532 2675 600 atque
2723 525 3089 581 invictissimo
3140 525 3313 580 totius
3363 528 3639 580 creaturas
3679 525 3972 581 Domino.

2243 617 2351 672 Sed
2379 616 2487 671 ista
2514 620 2577 671 ut
2604 616 2846 671 videnda
2866 618 2996 669 sunt
3021 614 3232 682 videre,
3260 630 3573 685 paucorum
3599 620 3723 681 est;
3755 631 3974 687 neque

2246 706 2316 760 ad
2344 706 2450 761 hoc
2476 705 2779 778 quisquam
2815 704 2927 759 nisi
2959 720 3089 762 vera
3123 703 3401 774 religione
3434 703 3497 758 ﬁt
3545 703 3826 758 idoneus.
3871 706 3973 758 Est

2247 794 2402 849 enim
2422 795 2620 866 religio
2644 810 2796 862 vera,
2829 809 2943 865 qua
2971 808 3030 848 se
3058 792 3157 847 uni
3190 794 3303 847 Deo
3326 792 3538 861 anima,
3559 793 3715 847 unde
3741 808 3807 846 se
3834 808 3973 863 pec-

2247 887 2368 939 cato
2398 884 2550 939 velut
2574 883 2897 954 abruperat,
2930 881 3389 937 reconciliatione
3432 881 3660 952 religat.
3699 882 3973 936 lnnectit

2250 989 2385 1044 ergo
2416 973 2667 1028 animam
2697 972 2755 1026 in
2775 972 2872 1027 illo
2894 975 3023 1026 actu
3050 970 3241 1040 tertio,
3273 975 3444 1042 atque
3473 969 3677 1041 incipit
3712 970 3971 1035 ducere;

2249 1066 2459 1133 purgat
2486 1062 2546 1116 in
2578 1066 2817 1133 quarto;
2852 1061 3123 1115 reformat
3152 1059 3212 1114 in
3243 1058 3442 1131 quinto
3468 1078 3483 1127 ;
3515 1058 3849 1113 introducit
3913 1059 3975 1113 in

2251 1153 2441 1217 sexto;
2472 1150 2652 1221 pascit
2704 1150 2765 1204 in
2809 1149 3074 1221 septimo.
3112 1150 3297 1220 Atque
3337 1148 3443 1201 hoc
3472 1147 3538 1201 tit
3582 1146 3726 1201 alias
3758 1146 3966 1213 citius,

2254 1238 2390 1292 alias
2432 1238 2670 1305 tardius,
2720 1242 2785 1292 ut
2827 1253 3068 1309 quasque
3108 1253 3301 1291 amore
3339 1252 3403 1290 ac
3444 1236 3659 1290 meritis
3710 1236 3963 1291 valent:

2255 1326 2449 1382 omnia
2507 1330 2696 1381 tamen
2738 1328 2887 1381 Deus
2926 1325 3262 1397 justissima,
3310 1324 3792 1392 moderatissime,
3830 1326 3977 1397 pul-

2256 1414 2536 1470 cherrime
2565 1414 2715 1482 facit,
2750 1431 2978 1487 quoquo
3006 1414 3175 1469 modo
3193 1430 3313 1468 sese
3336 1414 3545 1468 habere
3575 1414 3881 1468 voluerint
3900 1414 3971 1467 de

2259 1503 2466 1575 quibus
2486 1502 2636 1557 facit.
2666 1504 2924 1557 Jamvero
2945 1501 3117 1557 etiam
3142 1517 3452 1573 puerorum
3480 1501 3797 1555 infantium
3824 1516 3972 1555 con-

2260 1591 2597 1647 secrationes
2640 1595 2918 1663 quantum
2962 1589 3204 1662 prosint,
3264 1589 3668 1645 obscurissima
3706 1589 3972 1660 quaastio

2263 1684 2367 1749 est,
2396 1680 2657 1734 nonnihil
2686 1686 2875 1734 tamen
2905 1680 3169 1751 prodesse
3199 1679 3544 1733 credendum
3558 1682 3661 1732 est.
3694 1677 3976 1732 Inveniet

2264 1768 2372 1823 hoc
2412 1768 2575 1836 ratio,
2613 1785 2742 1823 cum
2773 1768 2952 1840 quaeri
2982 1768 3335 1839 oportuerit:
3385 1782 3719 1838 quanquam
3763 1769 3823 1820 et
3856 1766 3975 1819 alia

2265 1857 2446 1912 multa
2463 1857 2688 1928 jamdiu
2716 1858 3024 1929 quaerenda
3051 1857 3155 1911 tibi
3192 1855 3383 1927 potius
3416 1853 3754 1926 aliquando,
3790 1868 3972 1925 quam

2267 1946 2661 2015 cognoscenda
2687 1945 3046 2016 protulerim.
3073 1945 3234 2011 Quod
3263 1943 3363 1999 ﬁet
3398 1943 3722 2010 utilissime,
3749 1941 3801 1995 si
3821 1942 3968 1996 duce

2269 2033 2478 2104 pietate
2508 2034 2896 2105 requirantur.

2343 2135 2402 2187 8t
2423 2174 2435 2187 .
2465 2132 2602 2197 Quae
2632 2148 2760 2187 cum
2782 2133 2861 2187 ita
2888 2131 3021 2199 sint,
3055 2131 3182 2202 quis
3206 2134 3291 2184 est
3320 2128 3418 2201 qui
3445 2128 3596 2199 juste
3637 2126 3973 2182 stomache-

2272 2224 2385 2283 tur,
2418 2221 2572 2292 quod
2601 2221 2823 2292 agendo
2854 2225 3023 2291 atque
3054 2218 3503 2273 administrando
3526 2215 3755 2287 corpori
3777 2215 3981 2269 anima

2276 2310 2407 2365 data
2434 2309 2529 2379 sit,
2558 2326 2687 2364 cum
2717 2314 2907 2365 tantus
2937 2313 2993 2363 et
3029 2313 3146 2362 tam
3175 2306 3399 2362 divinus
3428 2321 3623 2360 rerum
3657 2305 3806 2359 ordo
3838 2320 3977 2358 con-

2278 2396 2427 2452 necti
2455 2397 2661 2452 melius
2690 2414 2807 2452 non
2836 2397 3048 2468 possit;
3072 2396 3559 2467 autquaarendum
3580 2397 3759 2465 putet,
3789 2394 3979 2465 qualis

2277 2483 2337 2539 in
2367 2485 2474 2539 hoc
2502 2485 2727 2540 mortali
2751 2490 2808 2540 et
2834 2485 3023 2557 fragili
3053 2500 3287 2556 corpore
3312 2483 3615 2546 efﬁciatur,
3650 2499 3787 2537 cum
3823 2486 3882 2536 et
3912 2483 3972 2536 in

2282 2576 2526 2627 mortem
2554 2578 2787 2645 propter
2815 2578 3111 2645 peccatum
3135 2573 3263 2644 jure
3284 2577 3551 2626 contrusa
3581 2571 3674 2640 sit,
3690 2575 3748 2626 et
3770 2570 3981 2625 virlutc

2282 2661 2373 2715 hic
2402 2660 2573 2715 etiam
2602 2662 2783 2732 possit
2808 2663 3080 2717 excellere
3106 2678 3118 2729 ;
3151 2660 3449 2733 autqualis
3478 2664 3607 2731 post
3634 2661 3744 2715 hoc
3779 2676 3988 2730 corpus

2282 2748 2475 2804 futura
2511 2750 2602 2818 sit,
2629 2766 2759 2805 cum
2780 2755 2836 2805 et
2862 2766 3031 2822 poena
3058 2750 3256 2805 mortis
3276 2748 3596 2805 necessario
3620 2764 3864 2803 manere
3895 2749 3992 2802 de-

2283 2838 2415 2894 beat
2463 2845 2731 2895 manente
2770 2845 3020 2911 peccato,
3054 2842 3109 2894 et
3152 2838 3348 2893 virtuti
3376 2837 3692 2910 pictatique
3730 2836 3809 2892 sit
3845 2838 3991 2892 Deus

2286 2927 2428 2999 ipse,
2459 2929 2519 2983 id
2549 2934 2631 2984 est
2659 2929 2866 2983 veritas
2892 2928 3036 3000 ipsa,
3056 2927 3364 2999 praemium
3383 2927 3615 2992 ?Quare
3642 2926 3691 2980 si
3713 2925 3845 2996 jam
3875 2926 3993 2998 pla-

2287 3022 2394 3085 cet,
2425 3022 2542 3073 tam
2564 3018 2801 3089 longum
2830 3033 3155 3072 sermonem
3186 3015 3559 3071 terminemus
3573 3014 3915 3086 aliquando,
3944 3018 3995 3067 et

2288 3106 2593 3178 implendis
2622 3106 2724 3161 Dei
2752 3106 3050 3178 praeceptis
3103 3104 3539 3177 vigilantissime
3586 3107 3643 3158 et
3670 3102 3993 3174 religiosis-

2289 3195 2431 3250 sime
2453 3212 2685 3267 operam
2711 3195 2940 3250 demus:
2973 3211 3090 3249 non
3110 3199 3197 3250 est
3226 3195 3380 3249 enim
3408 3193 3520 3247 alia
3550 3193 3687 3265 fuga
3713 3192 3785 3247 de
3818 3192 3995 3247 tantis

2288 3284 2477 3338 malis.
2512 3284 2569 3339 Si
2600 3284 2737 3355 quid
2763 3288 2955 3338 autem
2976 3282 3269 3338 obscurius
3292 3300 3325 3337 a
3353 3298 3444 3337 me
3466 3281 3681 3337 dictum
3703 3285 3793 3336 est
3817 3296 3994 3353 quam

2290 3372 2665 3438 velles,facito
2688 3376 2751 3427 ut
2769 3371 3065 3427 memorias
3088 3372 3421 3427 mandatum
3440 3370 3577 3425 alias
3606 3370 3996 3441 opportunius

2290 3461 2567 3532 requiras.
2584 3461 2778 3532 Neque
2799 3460 2955 3515 enim
2974 3460 3155 3516 deerit
3170 3459 3335 3515 nobis
3365 3458 3755 3531 quaerentibus
3786 3475 3870 3525 se,
3894 3459 3995 3529 qui

2289 3550 2534 3621 desuper
2582 3554 2667 3605 est
2710 3551 2972 3621 Magister
3009 3549 3289 3605 omnium.
3322 3551 3388 3605 E.
3451 3550 3566 3620 Ego
3601 3563 3735 3602 vero
3789 3551 3848 3602 et
3889 3548 3996 3602 hac

2293 3638 2548 3693 oratione
2577 3638 2656 3693 ita
2705 3656 2831 3694 sum
2862 3639 3114 3706 affectus,
3148 3644 3211 3693 ut
3257 3654 3385 3693 eam
3429 3637 3799 3709 interpellare
3833 3637 3997 3692 nefas

2292 3726 2647 3798 putaverim:
2706 3731 2763 3783 et
2808 3727 2855 3782 si
2908 3728 3014 3783 tibi
3068 3727 3272 3783 modus
3317 3725 3599 3781 sermonis
3636 3725 3730 3779 hic
3781 3726 3993 3797 placet,

2294 3818 2521 3887 tresque
2549 3815 2661 3871 illas
2688 3816 3030 3888 quaestiones
3058 3832 3189 3888 qua:
3232 3814 3624 3883 remanebant,
3656 3818 3776 3868 tam
3804 3814 3993 3869 brevi-

2294 3906 2383 3959 ter
2408 3905 2857 3977 perstringendae
2886 3905 2947 3960 in
2978 3904 3284 3977 praesentia
3312 3904 3444 3958 visa:
3475 3906 3644 3969 sunt;
3677 3900 3880 3958 cedam
3902 3904 3996 3975 ju-

2296 3992 2442 4048 dicio
2458 3998 2577 4057 tuo,
2608 4010 2673 4049 ac
2685 3993 2950 4065 deinceps
2976 3998 3095 4049 tam
3118 3992 3341 4065 magnis
3360 3992 3528 4047 rebus
3548 3991 3991 4063 investigandis,

2298 4098 2416 4137 non
2464 4082 2630 4137 modo
2673 4086 2901 4154 tempus
2946 4086 3181 4155 propter
3236 4088 3358 4137 tuas
3415 4080 3841 4152 occupationes,
3898 4081 3993 4135 sed

2296 4170 2469 4227 etiam
2494 4172 2779 4245 meipsum
2809 4172 3281 4244 opportuniorem
3314 4170 3645 4227 observabo.

1802 4473 2679 4582 ADMONITIO

1383 4665 1489 4731 DE
1535 4660 2075 4745 SEQUENTIBUS
2120 4671 2277 4737 SEX
2324 4671 2576 4741 LIBRIS
2624 4673 2729 4740 DE
2775 4671 3093 4743 MUSICA.

570 4955 647 5011 Ex
671 4952 1098 5026 disciplinarum
1118 4957 1279 5013 libris
1300 4974 1444 5032 quos
1468 4958 1822 5032 Augustinus
1851 4959 2172 5028 Mediolani,
2201 4978 2329 5018 cum
2358 4969 2504 5022 esset
2533 4966 2889 5038 Baptismum
2918 4968 3291 5037 percepturus
3346 4981 3498 5020 anno
3528 4963 3737 5020 Christi
3771 4968 3989 5020 trecen-

499 5044 703 5127 msimo
735 5044 1081 5115 octogesimo
1109 5047 1353 5118 septimo
1393 5048 1660 5103 delibavit
1691 5048 1849 5119 (Vide
1868 5052 2103 5106 Retract.
2137 5051 2231 5105 lib.
2260 5056 2308 5119 l,
2330 5068 2452 5123 cap,
2479 5057 2552 5125 6),
2576 5071 2905 5127 quanquam
2936 5055 3128 5109 caeteri
3155 5054 3434 5126 perierint
3466 5054 3629 5125 (nam
3684 5052 3754 5107 de
3795 5054 3990 5109 Gram-

499 5133 725 5202 matice,
752 5133 1035 5204 Principia
1067 5135 1401 5206 Dialecticee,
1452 5137 1786 5208 Categoriee,
1820 5142 1876 5193 et
1905 5139 2191 5210 Principia
2222 5140 2569 5207 Rhetoricaa,
2627 5143 2727 5215 qui
2773 5142 2906 5197 libri
2955 5143 3105 5198 inter
3160 5144 3282 5215 ejus
3326 5160 3500 5215 opera
3536 5148 3671 5197 sunt
3716 5143 3987 5198 hactenus

499 5222 732 5296 vulgati,
760 5222 1148 5294 supposititios
1168 5240 1287 5278 esse
1307 5223 1367 5279 in
1397 5226 1709 5296 appendice
1740 5227 2143 5295 ostendemus),
2176 5243 2271 5282 sex
2301 5228 2393 5283 isti
2438 5232 2506 5285 de
2534 5232 2755 5298 Musica,
2782 5232 2938 5303 iique
2963 5232 3320 5303 integerrimi
3344 5233 3412 5287 ad
3444 5249 3547 5286 nos
3574 5247 3757 5303 usque
3785 5248 3986 5303 pervc-

498 5316 743 5379 nerunt;
775 5311 1086 5367 studiosius
1110 5311 1384 5367 nimirum
1408 5330 1438 5367 a
1468 5312 1713 5368 librariis
1742 5314 2031 5387 descripti,
2065 5332 2191 5370 cum
2217 5316 2332 5373 suis
2346 5319 2609 5373 omnibus
2623 5320 2877 5375 numeris
2888 5322 3132 5376 absoluti
3157 5322 3502 5393 prodiissent
3525 5320 3751 5375 circiter
3775 5338 3985 5376 annum

500 5401 730 5469 Christi,
763 5404 826 5455 ut
854 5402 1097 5469 videtur,
1130 5402 1593 5457 trecentesimum
1625 5404 2033 5475 octogesimum
2066 5421 2302 5473 nonum,
2336 5424 2449 5479 quo
2477 5414 2735 5480 tempore
2776 5416 2907 5481 post
2937 5410 3119 5465 editos
3144 5411 3317 5465 libros
3343 5412 3412 5465 de
3434 5410 3635 5464 Genesi
3661 5416 3858 5463 contra
3876 5412 3984 5465 Ma-

499 5489 746 5545 nichazos
814 5490 884 5545 iis
926 5490 1300 5563 perﬁciendis
1348 5491 1410 5546 in
1454 5491 1643 5546 Africa
1690 5508 1748 5547 se
1806 5494 2084 5549 vacavisse
2141 5493 2331 5549 innuit
2382 5495 2733 5565 Augustinus
2783 5494 2930 5550 libro
2983 5495 3170 5567 primo
3237 5494 3749 5561 Rctractationum,
3808 5495 3981 5566 capite
4040 5555 4043 5563 η

502 5578 824 5641 undecimo.
881 5583 1022 5639 Eum
1078 5597 1252 5658 porro
1299 5581 1553 5655 dialogos
1600 5582 1766 5639 hosce
1814 5600 1942 5638 cum
1998 5583 2246 5640 Licentio
2295 5583 2559 5639 habuisse
2602 5585 2795 5640 ferunt
2850 5583 3223 5655 manuscripti
3276 5584 3538 5655 plerique
3593 5583 3766 5638 etiam
3827 5590 3979 5639 vetu-
