4064 6356
194 319 327 371 1081
1179 318 1274 375 DE
1312 318 1599 389 MUSICA,
1643 319 1702 376 S.
1739 321 1799 377 A‘

2083 323 2126 379 II
2167 323 2380 381 LIBER
2418 324 2702 383 PRIMUS.
3558 330 3688 384 1082

179 436 424 509 stiores;
477 441 627 513 quod
673 441 959 497 nescimus
997 456 1074 497 an
1119 439 1367 515 intelligi
1411 443 1588 516 possit
1636 460 1706 500 ex
1739 443 1854 500 illis
1887 443 2123 502 Licentii
2163 449 2232 503 ad
2273 449 2658 522 Augustinum
2700 449 2954 507 versibus
3004 451 3067 507 in
3113 451 3352 524 epistola
3397 451 3688 525 vigesima

184 530 367 583 sena.
939 602 1258 652 Praesentem
1288 603 1402 667 ipsa
1427 603 1558 653 mihi
1579 609 1630 654 te
1660 603 1904 671 reddent,
1931 604 1975 654 si
1995 604 2126 654 mihi
2152 619 2354 656 morem

936 683 1182 742 Gesseris,
1203 686 1256 732 et
1280 683 1461 743 libros,
1495 684 1685 748 quibus
1713 684 1766 733 in
1799 687 1848 733 te
1877 683 2021 734 lenta
2048 687 2306 736 recumbit.

936 761 1152 822 Musica,
1182 762 1484 824 tradideris;
1517 777 1641 813 nam
1671 764 1848 813 ferveo
1877 767 2020 814 totus
2049 766 2106 814 in
2131 765 2268 815 illos.

265 857 326 911 ln
364 856 552 928 primo
599 857 744 913 libro
787 858 1040 914 deﬁnitio
1088 861 1333 929 Musicae,
1363 865 1420 916 et
1448 861 1547 934 qui
1576 863 1648 918 ad
1693 863 1930 934 hujusce
1976 863 2291 935 disciplinae
2327 863 2838 920 considerationem
2881 869 3190 938 pertinent,
3236 883 3676 925 numerosorum

187 949 454 1000 motuum
483 946 700 1018 species
729 948 1110 1018 explicantur.
1146 951 1212 1004 In
1241 951 1485 1006 secundo
1518 951 1842 1023 disputatur
1871 953 1940 1007 de
1971 953 2200 1025 syllabis
2220 954 2575 1025 pedibusque
2605 954 2874 1009 metricis.
2906 957 2968 1010 In
2998 956 3164 1012 tertio
3188 958 3530 1029 proponitur
3567 963 3685 1014 tra-

185 1039 465 1093 ctandum
495 1039 827 1111 singillatim
859 1041 928 1096 de
956 1043 1248 1113 rhythmo,
1280 1043 1350 1097 de
1378 1047 1561 1098 metro
1593 1048 1650 1099 et
1675 1045 1745 1099 de
1776 1061 1967 1112 versu;
2003 1047 2170 1114 atque
2199 1041 2290 1096 hic
2330 1042 2584 1113 primum
2611 1042 2865 1113 rhythmi
2895 1043 3040 1098 ratio
3071 1049 3127 1099 et
3155 1047 3533 1116 preprietates
3566 1051 3685 1101 tra-

187 1126 439 1183 duntur:
472 1133 710 1201 tumque
741 1129 942 1201 incipit
987 1132 1245 1186 tractatio
1294 1132 1364 1186 de
1393 1137 1602 1200 metro;
1639 1149 1766 1204 quae
1796 1132 1856 1189 in
1886 1136 2087 1205 quarto
2132 1131 2279 1186 libro
2327 1130 2707 1187 continuatur.
2740 1132 2806 1185 In
2834 1131 3033 1202 quinto
3064 1133 3358 1188 disseritur
3386 1135 3456 1189 de
3485 1151 3678 1190 versu.

188 1215 331 1281 Quae
357 1233 526 1288 porro
557 1218 830 1272 hactenus
857 1219 1036 1274 multa
1059 1236 1188 1274 cum
1219 1221 1539 1276 eruditione
1560 1222 1820 1277 tractavit
1836 1222 2212 1294 Augustinus,
2234 1225 2393 1276 vocat
2419 1221 2539 1292 ipse
2571 1220 2971 1292 nugacitatem,
2993 1236 3166 1292 quam
3195 1223 3348 1293 apud
3373 1223 3685 1279 benevolos

188 1303 433 1360 ofﬁciosi
461 1306 670 1361 laboris
699 1307 934 1362 nomine
964 1309 1299 1380 deprecatur
1323 1309 1488 1365 initio
1518 1310 1652 1366 libri
1683 1312 1844 1380 sexti,
1875 1311 1974 1367 ubi
2021 1311 2287 1382 deinceps
2326 1310 2707 1365 studiosorum
2752 1313 2973 1365 mentes
3003 1326 3072 1366 ex
3098 1326 3473 1368 numerorum
3499 1313 3687 1368 consi-

187 1391 488 1449 deratione
517 1395 588 1450 ad
621 1397 799 1451 Deum
830 1398 1114 1469 provehit.

1251 1486 1295 1524 s.
1336 1487 1685 1534 AUGUSTINUS,
1726 1488 1889 1526 EPIST.
1936 1473 2057 1538 101,
2099 1484 2340 1525 menenio
2379 1484 2648 1524 EPISCOPO.

264 1575 289 1604 ε
334 1556 541 1611 Verum
570 1556 706 1628 quia
732 1557 794 1612 in
824 1558 1090 1614 omnibus
1113 1573 1307 1614 rerum
1337 1560 1584 1615 motibus
1605 1561 1741 1633 quid
1771 1559 2000 1616 numeri
2023 1560 2270 1625 valeant,
2303 1557 2524 1612 facilius
2551 1558 2940 1629 consideratur
2972 1558 3032 1613 in
3060 1557 3311 1625 vocibus,
3340 1575 3521 1632 eaque
3551 1576 3686 1616 con-

185 1643 460 1699 sideratio
489 1645 831 1716 quibusdam
850 1647 1013 1718 quasi
1041 1647 1294 1718 gradatis
1324 1648 1624 1704 itineribus
1654 1649 1857 1704 nititur
1881 1649 1953 1703 ad
1979 1663 2225 1718 superna
2250 1645 2452 1700 intima
2470 1645 2741 1708 veritatis,
2778 1646 2837 1700 in
2863 1645 3072 1717 quibus
3101 1646 3206 1700 viis
3236 1647 3489 1702 ostendit
3514 1663 3572 1703 se
3595 1665 3689 1703 sa-

183 1732 410 1803 pientia
435 1733 714 1800 hilariter,
737 1739 792 1788 et
812 1735 871 1790 in
895 1736 1050 1790 omni
1075 1737 1432 1807 providentia
1461 1738 1705 1793 occurrit
1723 1736 2082 1792 amantibus:
2113 1735 2278 1790 initio
2309 1735 2486 1789 nostri
2512 1734 2616 1788 otii
2644 1751 2775 1790 cum
2807 1751 2838 1788 a
2869 1735 3018 1789 curis
3038 1735 3354 1806 majoribus
3384 1735 3688 1808 magisque

185 1821 522 1877 necessariis
553 1824 782 1878 vacabat
810 1824 1056 1893 animus,
1086 1825 1240 1880 volui
1269 1842 1372 1897 per
1399 1825 1505 1880 ista
1533 1843 1662 1898 quae
1691 1844 1724 1881 a
1746 1827 1909 1880 nobis
1940 1823 2271 1880 desiderasti
2295 1823 2504 1895 scripta
2534 1825 2858 1894 proludere,
2884 1825 3111 1896 quando
3136 1824 3445 1895 conscripsi
3471 1825 3541 1880 de
3564 1826 3690 1880 solo

185 1910 458 1980 rhythmo
491 1927 587 1965 sex
612 1911 878 1978 libros,et
907 1916 976 1968 de
1007 1914 1157 1968 melo
1187 1915 1430 1968 scribere
1451 1915 1594 1970 alios
1621 1915 1860 1970 forsitan
1879 1929 1998 1981 sex,
2021 1913 2222 1981 fateor,
2246 1912 2638 1984 disponebam,
2662 1928 2792 1967 cum
2818 1912 2960 1967 mihi
2987 1912 3169 1967 otium
3196 1913 3458 1968 futurum
3492 1929 3691 1984 spera-

185 1998 342 2053 bam.
375 1999 482 2054 Sed
511 2003 888 2072 posteaquam
916 2001 1061 2056 mihi
1088 2019 1354 2058 curarum
1385 2003 1891 2058 ecclesiasticarum
1916 2002 2133 2057 sarcina
2157 2001 2423 2072 imposita
2446 2005 2549 2068 est,
2573 2017 2770 2056 omnes
2799 2001 2912 2056 illa:
2937 2001 3156 2056 deliciae
3184 2001 3384 2073 fugere
3415 2002 3484 2056 de
3507 2001 3694 2057 mani-

184 2087 318 2155 bus,
349 2087 429 2142 ita
454 2091 517 2142 ut
535 2088 624 2143 vix
655 2104 808 2144 nunc
836 2089 1028 2160 ipsum
1055 2091 1307 2147 codicem
1336 2091 1646 2160 inveniam,
1675 2091 1948 2164 quoniam
1968 2093 2127 2144 tuam
2147 2089 2520 2156 voluntatem,
2551 2106 2654 2144 nec
2674 2089 3034 2160 petitionem,
3062 2090 3162 2144 sed
3183 2089 3524 2161 jussionem,
3550 2106 3690 2146 con-

189 2180 450 2231 temnere
475 2193 716 2249 nequeo.
741 2178 904 2243 Quod
927 2195 1061 2233 sane
1082 2180 1422 2250 opusculum
1444 2180 1491 2233 si
1523 2183 1763 2249 potuero
1793 2181 2042 2246 mittere,
2075 2194 2192 2233 non
2219 2178 2451 2250 quidem
2483 2193 2572 2233 me
2597 2177 2703 2233 tibi
2732 2179 3173 2248 obtemperasse,
3207 2183 3605 2234 verumtamen
3629 2183 3686 2234 te

184 2263 299 2318 hoc
328 2279 361 2317 a
389 2279 482 2319 me
510 2268 806 2335 tantopere
837 2266 1120 2336 flagitasse
1150 2266 1465 2338 pcenitebit.
1499 2267 1841 2322 Difficillime
1869 2267 2084 2339 quippe
2115 2266 2518 2337 intelliguntur
2544 2265 2604 2321 in
2629 2283 2696 2320 eo
2723 2268 2977 2338 quinque
3006 2265 3157 2328 libri,
3190 2265 3237 2320 si
3263 2283 3378 2321 non
3410 2267 3560 2322 adsit
3589 2267 3693 2339 qui

187 2367 310 2406 non
339 2353 525 2407 solum
555 2351 965 2423 disputantium
998 2353 1176 2424 possit
1203 2370 1466 2425 separare
1492 2371 1784 2426 personas,
1812 2373 2012 2411 verum
2041 2357 2214 2412 etiam
2244 2355 2666 2428 pronuntiando
2697 2355 2774 2410 ita
2801 2372 3003 2410 sonare
3032 2356 3287 2410 morulas
3317 2357 3692 2428 syllabarum,

188 2443 256 2494 ut
275 2439 358 2494 eis
378 2439 771 2512 exprimantur
790 2457 1136 2514 sensumque
1155 2442 1382 2498 aurium
1402 2443 1606 2498 feriant
1624 2459 1836 2514 genera
1856 2461 2260 2503 numerorum:
2280 2446 2528 2502 maxime
2543 2447 2679 2518 quia
2697 2446 2758 2500 in
2775 2447 3118 2518 quibusdam
3139 2446 3312 2502 etiam
3333 2447 3693 2502 silentiorum

191 2527 457 2583 dimensa
485 2529 780 2584 intervalla
826 2530 1156 2598 miscentur,
1189 2547 1319 2603 quas
1349 2531 1584 2587 omnino
1621 2533 1820 2587 sentiri
1858 2539 2172 2607 nequeunt,
2211 2534 2325 2590 nisi
2352 2534 2670 2590 auditorem
2698 2534 3099 2605 pronuntiator
3136 2534 3423 2589 informet.
3457 2535 3690 2590 Sextum

185 2633 328 2672 sane
356 2617 570 2674 librum
591 2635 766 2690 quem
785 2620 1153 2675 emendatum
1181 2621 1394 2693 reperi,
1423 2622 1523 2677 ubi
1545 2626 1630 2677 est
1659 2623 1847 2678 omnis
1866 2623 2082 2680 fructus
2100 2628 2462 2692 cmterorum,
2495 2640 2610 2679 non
2628 2623 2823 2680 distuli
2844 2623 3071 2679 mittere
3098 2624 3373 2680 Charitati
3402 2628 3516 2680 tuae
3537 2641 3550 2680 :
3574 2625 3696 2680 for—

186 2705 353 2760 tassis
384 2707 503 2778 ipse
535 2712 694 2763 tuam
720 2724 836 2763 non
869 2710 1116 2764 multum
1144 2710 1390 2782 refugiet
1418 2711 1776 2782 gravitatem.
1820 2733 1848 2766 ι)

291 2792 445 2860 Vide
465 2806 797 2882 praeterea
835 2794 1081 2863 librum
1122 2805 1184 2878 1,
1217 2819 1363 2886 cap.
1403 2806 1510 2879 11,
1545 2801 2140 2883 Retractationum,
2173 2799 2295 2867 col.
2334 2807 2649 2884 600-602,
2683 2823 2726 2868 a
2765 2800 3000 2884 verbis,
3037 2803 3313 2884 Deinde,
3351 2809 3425 2868 ut
3457 2823 3690 2888 supra,

180 2913 250 2956 η.
289 2899 347 2972 1,
383 2912 592 2980 usque
619 2891 714 2958 ad
737 2892 936 2959 verba
964 2916 1032 2960 η.
1063 2903 1125 2976 4,
1161 2896 1336 2962 Satis
1369 2899 1484 2962 diu
1517 2917 1708 2982 pene.

418 2912 592 2980 Isque
619 2891 714 2958 ad
737 2892 936 2959 verba
964 2916 1032 2960 η.
1063 2903 1125 2976 4,
1161 2896 1336 2962 Satis
1369 2899 1484 2962 diu
1517 2917 1708 2982 pene.
1939 2901 2023 2964 M.

1033 3132 1142 3238 S.
1249 3135 1898 3242 AURELII
1996 3134 2845 3241 AUGUSTINI

1447 3301 2000 3358 HIPPONENSIS
2050 3301 2433 3358 EPISCOPI

731 3435 1350 3626 DE!
1549 3433 3167 3630 MUSICA

1571 3700 1887 3778 LIBRI
1975 3699 2304 3787 SEX“).

1253 3863 2609 4094 LIBEREIMUS.

239 4151 483 4203 Traditur
511 4153 728 4204 musicas
749 4151 1012 4215 deﬁnitio;
1044 4156 1096 4204 et
1123 4153 1214 4218 qui
1240 4153 1306 4203 ad
1329 4151 1551 4218 hujusce
1571 4152 1864 4266 disciplilntiie
1888 4153 2362 4268 consliderattionem
2390 4155 2678 4220 pertinent,
2709 4156 2950 4204 motuum
2977 4165 3384 4204 numerosorum
3411 4153 3611 4218 species
3632 4167 3694 4203 ac

840 4249 844 4262 .
1606 4230 1773 4268 prono
1845 4230 1876 4267 ο
1905 4231 2006 4268 exn
2031 4231 2147 4267 ican
2171 4231 2253 4268 ur.

1606 4230 1876 4280 proportio
1905 4230 2253 4281 explicantur.

176 4422 408 4479 CAPUT
438 4422 732 4480 PRIMUM.
760 4451 827 4464 —
853 4421 1114 4479 Sonorum
1138 4425 1311 4478 certas
1332 4421 1686 4478 dimensiones
1715 4421 1885 4477 obser-
1991 4422 2064 4477 M.
2097 4424 2294 4491 Bonus,
2324 4421 2426 4495 qui
2454 4436 2558 4493 pes
2585 4420 2710 4476 est?
2730 4422 2792 4476 D.
2827 4418 2988 4476 Idem
3017 4418 3118 4492 qui
3147 4422 3204 4474 et
3232 4417 3441 4474 modus.
3472 4419 3546 4474 Μ.
3579 4419 3697 4474 Hoc

251 4527 382 4567 vare
417 4527 523 4568 non
562 4513 638 4567 ad
667 4513 1080 4582 grammaticam
1112 4515 1339 4582 spectat,
1374 4511 1470 4567 sed
1498 4511 1573 4566 ad
1599 4512 1880 4566 musicam.
1992 4515 2077 4566 est
2119 4527 2256 4584 ergo
2302 4511 2510 4578 modus,
2562 4510 2720 4582 quod
2768 4509 2956 4566 bonus.
2986 4512 3053 4565 D.
3103 4509 3249 4564 Non.
3303 4512 3372 4564 Μ.
3415 4507 3528 4563 Cur
3555 4523 3694 4580 ergo
3761 4555 3764 4558 .

257 4605 306 4655 1.
360 4601 668 4657 ΜΑαιεἸ-ειιε
726 4601 934 4669 Modus,
994 4600 1094 4672 qui
1150 4616 1253 4672 pes
1300 4601 1423 4655 est?
1475 4601 1795 4655 DISCIPULUS
1823 4597 1877 4655 ':
1990 4600 2186 4655 idem?
2219 4603 2283 4656 D.
2316 4599 2460 4666 Quia
2489 4599 2642 4655 idem
2671 4599 2733 4653 in
2776 4613 2938 4660 sono,
2967 4597 3030 4652 in
3057 4596 3474 4668 signiﬁcatione
3503 4596 3688 4654 aliud.

182 4688 569 4760 Pyrrhichius.
637 4691 715 4746 Μ.
767 4689 915 4755 Quot
980 4692 1307 4760 temporum
1371 4690 1500 4744 est?
1550 4692 1612 4744 D.
1670 4691 1879 4744 Duum.
1990 4690 2066 4744 M.
2099 4689 2372 4744 Concedis
2410 4703 2544 4760 ergo
2576 4687 2842 4743 eumdem
2869 4701 3079 4742 sonum
3109 4701 3234 4741 esse
3265 4701 3394 4740 cum
3431 4684 3693 4754 dicimus,

1504 4790 1778 4827 ADIONITIO
1813 4791 1888 4827 PP.
1924 4789 2378 4828 BBNEDICTINOBUI.

246 4855 290 4927 A_
305 4855 510 4927 mendis
523 4853 685 4927 prepe
697 4857 787 4906 inn
795 4857 990 4927 umeris
1008 4856 1282 4927 expurgati
1296 4859 1422 4927 sunt
1436 4856 1675 4927 (Libriﬁde
1692 4856 1906 4927 Musica)
1925 4856 1990 4927 ad
2005 4857 2126 4906 Mss.
2146 4857 2511 4927 Qorbeiensem
2526 4855 2738 4927 eptimge
2749 4858 2910 4927 notas,
2923 4852 3315 4927 Arnulfensem,
3333 4852 3671 4927 Albinensem
3682 4882 3696 4901 .

179 4915 779 4987 Yictorinumﬂtegium,
795 4915 1105 4987 Vaticanum
1121 4915 1228 4987 ;_ad
1236 4915 1489 4987 lectiones
1502 4933 1565 4987 ex
1586 4919 1804 4987 Belgicis
1815 4915 2042 4987 quatuor
2053 4933 2144 4987 per
2164 4919 2516 4987 Lovanienses
2529 4915 2773 4987 collectas
2787 4933 2800 4978 ;
2822 4921 2874 4967 et
2889 4917 2954 4987 ad
2979 4917 3242 4987 editiones
3254 4917 3369 4987 Am.
3393 4915 3488 4987 Er._
3501 4920 3553 4965 et
3561 4916 3689 4987 ρον.

178 4982 438 5045 Praeterea
461 4977 578 5045 libri
603 4977 835 5045 quinque
861 4982 1060 5045 priores
1089 4977 1154 5030 ad
1185 4977 1702 5045 aliumivictorinuni
1728 4984 1780 5045 et
1799 4977 1864 5029 ad
1896 4977 2234 5045 Navarricum
2264 4983 2398 5045 Mss.
2417 4981 2783 5045 collatisunt;
2815 4984 2996 5045 sextus
3021 4979 3237 5028 demum
3267 4979 3402 5028 liber
3426 4977 3493 5027 ad
3527 4977 3690 5026 alium

176 5044 368 5092 Navar.
399 5047 451 5092 et
479 5042 641 5093 alium
668 5042 877 5092 Victor.—
892 5045 956 5093 ad
984 5057 1150 5092 unum
1180 5043 1394 5107 majoris
1425 5047 1720 5092 conventus
1749 5043 2259 5106 Augustiuianorum
2288 5043 2449 5092 Paris.
2481 5046 2533 5092 et
2561 5043 2625 5092 ad
2656 5042 3070 5106 Benignianum.

241 5124 687 5192 (Temperavimus
705 5123 1573 5192 prmtereaeasomnes_eryti_ones
1603 5125 1755 5192 initio
1777 5124 2225 5192 Retractationum
2247 5127 2298 5173 et
2327 5121 2734 5192 Qonfessionum
2761 5124 3102 5192 memoratas,
3127 5132 3336 5192 necnon
3364 5118 3496 5192 duo;
3527 5119 3691 5192 ftegias

175 5181 509 5254 Bibliotheca:
533 5187 654 5254 Mss.
687 5181 929 5254 numeris
945 5187 1024 5254 AA,
1042 5188 1187 5245 7200,
1212 5190 1264 5237 et
1292 5187 1346 5254 Β,
1371 5188 1488 5254 7231
1514 5185 1836 5254 designatos,
1865 5197 1928 5236 ac
1952 5189 2126 5254 operis
2144 5184 3102 5254 {iugastinianiquamctamepitomcn
3123 5181 3686 5254 eatipsispotisstmum

173 5251 460 5310 Augustini
482 5249 652 5298 verbis
667 5243 1074 5306 concinnatam,
1099 5243 1253 5310 quam
1278 5243 1514 5310 Angelus
1539 5243 1709 5297 Maius
1737 5252 1786 5311 in
1803 5243 2116 5311 pervetusto
2139 5243 2327 5300 Codice
2344 5243 2678 5298 Bibliotheca:
2708 5248 3195 5311 ,Valieaiuereperit
3210 5243 3688 5311 ediditqueﬁomw,

173 5305 481 5368 ann01828,
510 5311 566 5359 in
596 5314 738 5359 tome
765 5312 810 5365 3,
838 5313 983 5372 parte
1009 5305 1198 5373 3,p'ag.
1228 5305 1454 5368 1164⁷34,
1483 5323 1634 5358 novus
1660 5305 1994 5359 Collectionis
2021 5311 2334 5374 scriptorum
2363 5313 2600 5359 veterum
2619 5323 2646 5360 e
2678 5310 2944 5360 Vaticanis
2975 5305 3104 5358 Cdd.
3129 5317 3408 5369 expressae.
3478 5305 3548 5352 Μ.

240 5412 254 5444 ¹
291 5410 352 5476 In
382 5409 550 5476 capite
572 5407 771 5476 Operis,
797 5407 934 5476 apud
952 5406 1291 5476 Albinensem
1307 5408 1438 5476 _Mss_.
1460 5407 1709 5476 habetur:
1742 5408 1878 5476 Inci-
1990 5409 2388 5476 interlocutores
2404 5409 2730 5476 Augustinus
2742 5413 2794 5458 et
2809 5407 3076 5476 Licentius
3087 5417 3154 5476 ex
3178 5401 3393 5476 nomine
3399 5401 3690 5476 designant

170 5472 258 5537 pit
287 5463 633 5542 άὲ-ᾳζρρρνιιπί
649 5463 928 5542 Augustini
957 5470 1007 5519 et
1036 5468 1364 5542 {.icen‘tii‘de.
1381 5473 1581 5542 Musiea
1613 5469 1881 5542 ιίιξεερτέ-
1987 5475 2075 5542 tur
2098 5485 2189 5542 per
2208 5475 2400 5542 totum
2412 5463 2571 5542 opus,
2582 5471 2904 5542 ubicumque
2931 5470 2989 5518 in
3017 5465 3169 5516 editis
3195 5468 3336 5513 notua
3363 5463 3544 5512 afﬁxas"
3564 5470 3690 5513 sunt

177 5530 907 5597 mus.Titulumpersimilem
928 5530 1218 5597 praeierunt
1240 5532 1432 5597 Regius
1453 5533 1690 5597 codex_et
1711 5530 1879 5597 chto-
1988 5530 2221 5591 Magistri
2247 5549 2312 5597 ac
2343 5530 2613 5597 Discipuli.
2650 5595 2657 5597 _
2719 5596 2724 5597 ί
2819 5530 2836 5534 ”
2995 5591 3011 5597 _
3073 5589 3104 5597 Δ,
3167 5589 3176 5596 ο
3245 5587 3273 5597 __

177 5598 277 5648 rini
311 5598 436 5646 duo.
478 5597 536 5645 In
570 5590 692 5645 les.
730 5599 903 5644 autem
930 5590 1090 5643 'Corl).
1124 5590 1413 5646 Arnultfct
1443 5595 1556 5644 aliis
1596 5594 1876 5660 plerisque.
2052 5597 2119 5648 ml
2153 5596 2384 5646 inchoati
2421 5590 2507 5644 δυ’.
2541 5595 2728 5644 Christi
2758 5597 2864 5644 387.
2898 5590 3106 5654 perfecti
3135 5590 3338 5636 ciri'ilcr
3369 5602 3453 5636 an.
3489 5591 3593 5636 389.
