4064 6352
367 288 501 343 1083

363 409 574 477 modus,
606 413 682 477 et,
718 410 900 464 bonus.
950 414 1014 466 D.
1060 410 1394 464 Litterarum
1433 427 1570 465 sono
1599 410 1704 478 ista
1736 409 1897 464 video
1933 408 2047 465 dis-

365 515 618 570 crepare,
642 503 846 553 caetera
869 502 1062 552 autem
1078 499 1238 569 paria
1259 515 1397 553 esse.
1418 503 1490 554 Μ.
1519 499 1664 564 Quid
1679 501 1706 553 ?
1728 515 1855 552 cum
1875 515 2050 552 enun-

363 587 590 654 tiamus,
619 603 756 656 pone
791 587 1048 654 verbum,
1089 593 1144 640 et
1177 603 1316 656 pone
1350 588 1716 652 adverbium;
1746 590 1954 657 printer
1991 586 2048 639 id

367 675 518 746 quod
559 675 897 745 significatio
933 675 1152 729 diversa
1181 680 1285 743 est,
1321 675 1462 729 nihil
1493 675 1596 730 tibi
1626 676 1848 730 videtur
1876 691 2048 728 sonus

365 762 618 816 distare?
661 766 725 817 D.
779 763 957 817 Distat
1003 764 1254 817 omnino.
1287 766 1361 819 Μ.
1397 765 1553 819 Unde
1591 764 1780 830 distat,
1823 779 1952 816 cum
1993 765 2050 815 et

364 851 568 906 iisdem
596 852 948 923 temporibus
979 857 1308 922 utrumque,
1356 855 1412 906 et
1447 852 1652 907 iisdem
1685 851 1887 906 litteris
1917 866 2046 904 con-

362 939 516 993 stet?
534 943 597 994 D.
629 941 743 1010 Ego
774 940 942 994 distat
964 942 980 978 ¹
1007 941 1156 1010 quod
1180 941 1239 994 in
1265 940 1499 995 diversis
1522 941 1656 995 locis
1683 940 1893 994 habent
1918 956 2048 993 acu-

366 1043 519 1082 men.
551 1031 625 1082 M.
655 1029 824 1098 Cujus
851 1029 1080 1083 tandem
1110 1029 1247 1083 artis
1273 1034 1359 1083 est
1382 1029 1491 1083 ista
1510 1029 1840 1099 dignoscere
1861 1030 1889 1082 ?
1915 1032 1978 1082 D.
2004 1029 2050 1081 Α

365 1116 750 1186 grammaticis
785 1118 908 1171 haec
954 1118 1152 1172 audire
1190 1118 1366 1184 soleo,
1399 1121 1455 1171 et
1481 1117 1560 1171 ibi
1591 1133 1656 1171 ea
1699 1116 1910 1183 didici;
1949 1116 2048 1170 sed

365 1209 562 1258 utrum
609 1205 716 1260 hoc
765 1205 1016 1274 ejusdem
1062 1206 1196 1260 artis
1236 1206 1307 1260 sit
1334 1207 1653 1276 proprium,
1699 1222 1771 1258 an
1820 1204 2048 1258 aliunde

365 1297 725 1363 usurpatum,
776 1292 983 1347 nescio.
1032 1295 1104 1348 Μ.
1150 1296 1284 1348 Post
1331 1293 1438 1346 ista
1489 1293 1839 1348 videbimus:
1899 1307 2050 1346 nunc

361 1380 502 1434 illud
525 1397 742 1451 qumro,
767 1385 957 1435 utrum
979 1380 1025 1434 si
1045 1386 1379 1452 tympanum
1400 1381 1483 1434 vel
1517 1382 1791 1436 chordam
1820 1380 1906 1435 bis
1926 1397 2049 1450 per-

363 1471 615 1523 cuterem
645 1473 762 1522 tam
791 1470 996 1540 raptim
1028 1475 1080 1524 et
1116 1469 1380 1524 velociter
1413 1486 1585 1540 quam
1624 1487 1752 1524 cum
1781 1469 2049 1524 enuntia-

362 1573 491 1610 mus
535 1558 743 1623 modus,
781 1562 878 1612 aut
941 1559 1137 1625 bonus;
1193 1574 1532 1628 agnosceres
1588 1563 1645 1613 et
1698 1558 1804 1612 tibi
1852 1558 2049 1612 eadem

363 1650 624 1716 tempora
664 1663 802 1712 esse,
852 1662 925 1700 an
971 1663 1109 1701 non.
1141 1650 1206 1700 D.
1259 1647 1657 1718 Agnoscerem.
1696 1650 1769 1702 Μ.
1813 1648 2048 1699 Vocares

365 1751 500 1805 ergo
550 1735 752 1804 pedem
805 1735 1214 1806 pyrrhichium.
1258 1740 1317 1790 D.
1375 1738 1666 1789 Vocarem.
1716 1740 1786 1790 Μ.
1831 1736 2050 1789 Nomen

363 1822 534 1892 hujus
563 1823 721 1892 pedis
764 1840 796 1877 a
835 1840 970 1894 quo,
1011 1823 1122 1877 nisi
1154 1840 1184 1877 a
1212 1823 1606 1895 grammatico,
1639 1823 1900 1878 didicisti.
1925 1823 1953 1876 ?
1982 1827 2045 1878 D.

367 1912 584 1965 Fateor.
619 1913 695 1966 Μ.
728 1913 872 1982 Ergo
915 1912 984 1965 de
1018 1911 1283 1966 omnibus
1313 1913 1642 1982 hujusmodi
1675 1913 1827 1966 sonis
1860 1927 2048 1982 gram-

363 1999 605 2054 maticus
636 2000 954 2070 judicabit;
987 2017 1059 2054 an
1100 2017 1204 2071 per
1232 2002 1478 2072 teipsum
1506 2001 1642 2056 istos
1677 2002 1872 2072 pulsus
1905 2000 2050 2056 didi-

364 2089 508 2151 cisti,
555 2089 651 2143 sed
681 2105 892 2143 nomen
929 2089 1081 2160 quod
1115 2089 1460 2161 imponeres,
1493 2107 1522 2143 a
1553 2090 1922 2160 grammatico
1951 2106 2051 2143 au-

365 2177 592 2232 dieras?
637 2182 700 2232 D.
752 2180 834 2232 Ita
881 2183 978 2233 est.
1027 2181 1103 2233 Μ.
1161 2180 1228 2232 Et
1269 2195 1439 2232 ausus
1485 2195 1544 2232 es
1576 2194 1783 2233 nomen
1816 2179 1968 2249 quod
1998 2183 2052 2232 te

366 2265 733 2336 grammatica
758 2265 969 2335 docuit,
996 2266 1301 2320 transferre
1321 2267 1391 2320 ad
1417 2281 1542 2320 eam
1573 2282 1714 2332 rem,
1743 2283 1916 2336 quam
1938 2281 2054 2320 non

363 2355 648 2426 pertinere
687 2356 754 2409 ad
785 2353 1213 2424 grammaticam
1247 2354 1582 2409 conﬁteris?
1617 2355 1689 2408 D.
1733 2355 1906 2409 Video
1935 2371 2053 2408 non

367 2443 438 2497 ob
465 2443 618 2497 aliud
661 2444 795 2513 pedi
826 2460 1034 2497 nomen
1067 2443 1414 2514 impositum,
1448 2460 1620 2514 quam
1657 2449 1893 2514 propter
1915 2447 2054 2498 tem-

367 2547 573 2601 porum
589 2531 996 2585 dimensionem
1018 2551 1032 2598 ;
1057 2547 1226 2602 quam
1252 2530 1960 2603 ubicumquefcognovero,
1987 2549 2052 2585 eo

368 2619 674 2674 transferre
715 2620 855 2674 illud
899 2619 1236 2674 vocabulum
1274 2636 1373 2674 cur
1401 2635 1516 2674 non
1543 2620 1772 2675 audeo?
1809 2621 1917 2676 Sed
1951 2620 2056 2674 etsi

371 2708 484 2763 alia
524 2708 797 2762 vocabula
834 2712 966 2762 sunt
993 2708 1358 2778 imponenda,
1391 2725 1519 2762 cum
1552 2709 1804 2778 ejusdem
1833 2709 2054 2764 dimen-

373 2796 550 2850 sionis
575 2797 698 2850 soni
729 2802 881 2862 sunt,
913 2797 1012 2851 sed
1034 2798 1104 2850 ad
1134 2798 1535 2867 grammaticos
1565 2801 1758 2852 tamen
1781 2813 1895 2851 non
1926 2811 2055 2868 per-

371 2885 586 2952 tinent;
612 2885 747 2956 quid
788 2885 929 2939 mihi
952 2889 1033 2939 est
1053 2885 1122 2939 de
1144 2886 1471 2940 nominibus
1499 2886 1779 2956 laborare,
1811 2902 1940 2940 cum
1969 2902 2057 2939 res

373 2979 570 3044 aperta
602 2973 672 3027 sit
700 2974 727 3027 ?
779 2976 852 3028 Μ.
897 2975 1006 3028 Nec
1035 2990 1138 3044 ego
1176 2974 1236 3027 id
1274 2975 1401 3028 volo
1431 2991 1443 3029 :
1478 2975 1573 3029 sed
1605 2980 1794 3029 tamen
1823 2991 1950 3030 cum
1981 2973 2060 3027 vi-

307 3099 313 3104 -
373 3063 504 3118 deas
530 3062 970 3117 innumerabilia
999 3078 1208 3132 genera
1237 3080 1526 3132 sonorum,
1567 3063 1626 3117 in
1655 3064 1860 3135 quibus
1890 3069 2057 3117 certa:

374 3150 756 3205 dimensiones
795 3149 1080 3204 observari
1112 3156 1365 3222 possunt,
1404 3168 1533 3222 quae
1579 3168 1788 3222 genera
1817 3152 2060 3206 fatemur

373 3238 729 3311 grammatim
778 3238 1090 3309 disciplinae
1138 3256 1255 3294 non
1303 3256 1423 3294 esse
1470 3240 1806 3308 tribuenda;
1865 3257 2058 3294 nonne

374 3343 566 3381 censes
589 3343 709 3380 esse
735 3326 904 3380 aliam
935 3327 1187 3398 aliquam
1213 3329 1590 3399 disciplinam,
1624 3345 1750 3400 quae
1780 3329 2060 3400 quidquid

375 3416 437 3469 in
464 3415 794 3485 hujusmodi
815 3415 882 3470 sit
903 3416 1135 3470 vocibus
1156 3433 1526 3472 numerosum
1550 3417 2056 3488 artiﬁciosumque,

375 3503 707 3558 contineat?
735 3507 799 3558 D.
841 3504 1137 3559 Probabile
1178 3504 1320 3558 mihi
1350 3504 1592 3559 videtur.
1622 3507 1696 3559 Μ.
1738 3506 1899 3569 Quod
1939 3506 2060 3575 ejus

372 3608 492 3647 esse
523 3608 733 3646 nomen
781 3593 1112 3648 existimas?
1152 3596 1294 3648 Nam
1324 3593 1527 3665 opinor
1553 3611 1672 3649 non
1699 3593 1803 3648 tibi
1847 3609 2059 3648 novum

373 3697 492 3735 esse
532 3681 1006 3751 omnipotentiam
1059 3683 1366 3753 quamdam
1405 3682 1643 3737 canendi
1681 3683 1850 3737 Musis
1879 3683 2059 3736 solere

377 3770 628 3825 concedi.
661 3772 788 3824 Haec
809 3774 912 3841 est,
937 3771 1046 3826 nisi
1074 3771 1256 3836 fallor,
1283 3772 1380 3826 illa
1408 3789 1537 3843 qua:
1566 3772 1770 3827 Musica
1799 3771 2059 3826 nomina-

372 3863 482 3913 tur.
516 3862 580 3914 D.
615 3861 678 3914 Et
707 3876 810 3931 ego
839 3861 985 3915 hanc
1015 3876 1134 3916 esse
1166 3861 1445 3917 existimo.

446 3949 669 4003 CAPUT
703 3951 769 4004 ll.
801 3979 869 3990 —
899 3952 1109 4005 Musica
1140 3950 1273 4020 quid
1299 3952 1390 4006 sit.
1419 3949 1696 4005 Modulari
1721 3948 1856 4018 quid
1881 3951 1978 4003 sit.

442 4039 602 4092 2..M.
650 4038 758 4092 Sed
792 4038 912 4109 jam
942 4041 1128 4110 placet
1154 4039 1316 4093 nobis
1346 4039 1414 4093 de
1444 4038 1676 4093 nomine
1705 4037 1942 4092 minime
1972 4037 2054 4090 1a-

372 4127 612 4182 borare:
646 4127 813 4182 modo
841 4127 1220 4198 inquiramus,
1257 4127 1305 4180 si
1333 4127 1576 4194 videtur,
1609 4141 1780 4196 quam
1813 4125 2060 4194 diligen-

372 4215 588 4271 tissime
651 4231 969 4284 possumus,
1023 4231 1253 4270 omnem
1319 4215 1492 4285 hujus
1548 4229 1923 4285 quascumque
1977 4217 2062 4267 est

377 4290 693 4373 disciplinae
721 4302 836 4356 vim
871 4307 1042 4373 atque
1071 4302 1368 4356 rationem.
1400 4305 1466 4356 D.
1499 4300 1860 4372 Inquiramus
1889 4315 2055 4354 sane:

374 4407 508 4446 nam
538 4391 646 4444 hoc
674 4394 854 4445 totum
883 4390 1162 4462 quidquid
1190 4393 1291 4458 est,
1321 4391 1565 4444 multum
1587 4405 1752 4444 nosse
1779 4389 2058 4444 desidero.

303 4528 313 4538 .
375 4482 451 4536 M.
505 4479 687 4534 Deﬁni
729 4495 866 4550 ergo
906 4479 1203 4534 musicam.
1247 4482 1311 4534 D.
1361 4479 1485 4532 Non
1540 4479 1738 4533 audeo.
1779 4480 1854 4532 M.
1894 4480 2062 4532 Potes

377 4568 577 4622 saltem
619 4567 1008 4622 deﬁnitionem
1056 4584 1244 4622 meam
1285 4567 1527 4639 probare
1553 4567 1580 4622 ?
1623 4570 1688 4623 D.
1730 4566 2061 4637 Experibor,

379 4656 426 4710 si
473 4656 700 4712 dixeris.
732 4659 805 4712 Μ.
853 4657 1061 4712 Musica
1110 4661 1196 4712 est
1233 4656 1468 4711 scientia
1509 4656 1653 4711 bene
1703 4655 2061 4725 modulandi,

374 4747 461 4799 An
490 4743 594 4797 tibi
643 4761 755 4798 non
796 4744 1063 4800 videtur?
1112 4748 1176 4800 D.
1227 4745 1524 4799 Videretur
1552 4745 1804 4812 fortasse,
1842 4745 1890 4799 si
1919 4744 2063 4798 mihi

375 4831 620 4901 liqueret
635 4832 772 4903 quid
799 4833 871 4886 sit
890 4833 1012 4904 ipsa
1037 4833 1372 4888 modulatio.
1407 4837 1476 4890 M.
1506 4834 1934 4905 Numquidnam
1957 4834 2064 4887 hoc

375 4920 611 4974 verbum
642 4921 795 4991 quod
827 4922 1108 4977 modulari
1134 4921 1359 4990 dicitur,
1391 4927 1489 4977 aut
1507 4939 1802 4994 nunquam
1831 4921 2061 4986 audisti,

375 5013 474 5063 aut
493 5008 716 5079 uspiam
738 5010 846 5064 nisi
863 5010 922 5064 in
947 5027 1011 5065 eo
1037 5011 1192 5082 quod
1218 5012 1286 5066 ad
1307 5013 1647 5067 cantandum
1673 5012 2064 5067 saltandumve

373 5098 688 5170 pertineret
718 5099 745 5154 i’
781 5103 839 5154 D.
869 5101 949 5153 Ita
979 5105 1063 5154 est
1091 5100 1350 5170 quidem:
1381 5102 1477 5156 sed
1506 5102 1640 5172 quia
1667 5101 1830 5155 video
1861 5099 2064 5154 modu-

378 5187 482 5241 lari
512 5205 545 5241 a
575 5189 745 5242 modo
777 5204 896 5243 esse
929 5187 1163 5256 dictum,
1194 5206 1322 5243 cum
1353 5189 1412 5244 in
1443 5190 1708 5244 omnibus
1732 5190 1877 5243 bene
1905 5187 2066 5242 factis

378 5277 582 5331 modus
613 5278 919 5332 servandus
951 5278 1040 5344 sit,
1081 5282 1138 5332 et
1188 5279 1364 5333 multa
1413 5278 1584 5332 etiam
1621 5278 1684 5332 in
1721 5275 1974 5331 canendo
2004 5291 2067 5327 ac

380 5366 635 5420 saltando
667 5367 924 5436 quamvis
955 5367 1253 5435 delectent,
1285 5367 1554 5422 vilissima
1579 5366 1726 5433 sint;
1763 5365 1890 5418 volo
1936 5364 2068 5432 ple-

380 5452 612 5507 nissime
640 5455 890 5526 accipere
912 5456 1049 5528 quid
1077 5467 1310 5528 prorsus
1340 5457 1411 5511 sit
1435 5456 1558 5528 ipsa
1587 5451 1922 5518 modulatio,
1953 5467 2066 5522 quo

449 5555 458 5585 ¹
485 5554 716 5611 Distant,
745 5554 893 5616 juxta
923 5556 1011 5605 Cd.
1045 5557 1165 5604 Mss.
1203 5557 1241 5605 Α
1267 5560 1318 5604 et
1351 5556 1466 5604 edd.
1496 5555 1578 5602 Er.
1609 5550 1773 5611 Lugd.
1845 5549 1908 5596 Μ.

1610 289 1704 343 DE
1742 287 2026 355 MUSICA,
2069 287 2122 344 S.
2167 285 2551 345 AUGUSTINI

3731 291 3889 346 1084

2157 426 2273 464 uno
2301 425 2447 481 pene
2477 409 2647 464 verbo
2673 412 2846 465 tantae
2875 409 3191 481 disciplinae
3219 409 3477 465 deﬁnitio
3509 411 3885 466 continetur.

2159 499 2285 552 Non
2317 498 2469 552 enim
2500 499 2610 552 tale
2642 498 2857 569 aliquid
2888 498 2980 552 hic
3017 498 3351 553 discendum
3391 503 3494 566 est,
3527 501 3703 572 quale
3738 499 3885 573 qui-

2157 587 2294 641 libet
2319 592 2576 641 cantores
2613 587 3036 658 histrionesque
3073 593 3372 643 noverunt.
3405 591 3478 643 Μ.
3513 590 3661 643 Illud
3692 606 3885 660 supe-

2157 674 2294 738 rius,
2337 676 2489 746 quod
2525 675 2585 728 in
2617 675 2885 730 omnibus
2921 676 3094 730 etiam
3131 680 3342 746 praeter
3381 677 3664 733 musicam
3700 678 3887 733 factis

2157 763 2361 817 modus
2399 763 2708 818 servandus
2739 768 2844 832 est,
2876 768 2931 818 et
2958 767 3152 818 tamen
3181 765 3244 818 in
3283 765 3502 819 musica
3541 767 3885 821 modulatio

2157 851 2382 918 dicitur,
2415 868 2530 906 non
2561 856 2615 906 te
2645 857 2901 919 moveat;
2939 852 3048 906 nisi
3075 853 3219 907 forte
3267 853 3500 923 ignoras
3549 853 3886 909 dictionem

2155 940 2392 994 oratoris
2421 940 2648 1011 proprie
2674 940 2979 994 nominari.
3013 944 3076 994 Ι).
3113 942 3237 995 Non
3268 941 3471 1012 ignoro
3499 958 3512 996 :
3547 943 3650 996 sed
3680 959 3882 1014 quor-

2156 1045 2284 1084 sum
2309 1029 2485 1085 istuc?
2515 1031 2590 1084 Μ.
2626 1029 2770 1094 Quia
2798 1034 2853 1084 et
2882 1045 3027 1100 puer
3057 1035 3188 1084 tuus
3210 1031 3530 1102 quamlibet
3555 1031 3886 1103 impolitis-

2154 1118 2331 1172 simus
2352 1122 2408 1172 et
2423 1117 2846 1185 rusticissimus,
2872 1134 3002 1172 cum
3023 1119 3110 1172 vel
3131 1133 3246 1172 uno
3277 1119 3449 1173 verbo
3473 1118 3881 1190 interroganti

2155 1205 2259 1261 tibi
2287 1206 2612 1276 respondet,
2646 1206 2838 1261 fateris
2869 1223 3000 1261 eum
3029 1207 3244 1277 aliquid
3274 1207 3501 1261 dicere?
3532 1211 3593 1264 D.
3633 1210 3879 1263 Fateor.

2155 1297 2229 1350 Μ.
2253 1296 2396 1365 Ergo
2420 1299 2475 1349 et
2494 1295 2588 1349 ille
2610 1299 2802 1350 orator
2820 1295 2938 1349 est?
2957 1298 3018 1350 D.
3044 1297 3188 1361 Non,
3212 1297 3290 1350 Μ.
3321 1289 3639 1366 Nonigitur
3661 1297 3879 1351 dictio-

2157 1399 2229 1436 ne
2259 1399 2394 1436 usus
2419 1386 2503 1436 est
2531 1399 2659 1437 cum
2689 1382 2905 1453 aliquid
2934 1382 3159 1450 dixerit,
3194 1383 3454 1453 quamvis
3483 1383 3808 1438 dictionem
3843 1402 3881 1438 a

2158 1471 2394 1526 dicendo
2416 1471 2623 1525 dictam
2647 1487 2765 1524 esse
2784 1471 3082 1526 fateamur.
3116 1474 3178 1526 D.
3208 1470 3467 1525 Concedo
3495 1488 3507 1526 :
3545 1472 3646 1526 sed
3673 1478 3734 1528 et
3757 1473 3879 1528 hoc

2156 1573 2270 1627 quo
2300 1556 2581 1628 pertineat
2609 1557 2857 1627 requiro.
2896 1559 2966 1611 M.
3003 1557 3084 1611 Ad
3123 1557 3180 1610 id
3212 1557 3428 1612 scilicet
3458 1563 3524 1612 ut
3563 1557 3879 1630 intelligas

2156 1645 2608 1700 modulationem
2653 1661 2817 1715 posse
2863 1646 2935 1699 ad
2981 1646 3158 1699 solam
3209 1645 3488 1700 musicam
3538 1647 3876 1717 pertinere,

2157 1734 2414 1804 quamvis
2435 1734 2636 1788 modus
2656 1733 2809 1787 unde
2831 1733 3039 1787 ﬂexum
3065 1735 3303 1789 verbum
3337 1740 3441 1803 est,
3478 1736 3656 1806 possit
3687 1736 3878 1791 etiam

2160 1823 2218 1876 in
2236 1822 2358 1877 aliis
2370 1823 2540 1876 rebus
2557 1838 2676 1876 esse
2693 1839 2705 1876 :
2721 1822 3202 1892 quemadmodum
3219 1822 3393 1876 dictio
3408 1823 3642 1894 proprie
3665 1824 3880 1878 tribui-

2159 1916 2252 1967 tur
2275 1911 2619 1980 oratoribus,
2651 1909 2910 1981 quamvis
2932 1910 3080 1965 dicat
3102 1911 3320 1981 aliquid
3345 1911 3533 1964 omnis
3556 1912 3656 1982 qui
3680 1911 3879 1983 loqui-

2159 2006 2272 2068 tur,
2299 2004 2354 2054 et
2373 2018 2406 2054 a
2433 1999 2700 2054 discendo
2725 1999 2890 2054 dictio
2912 1999 3208 2054 nominata
3231 1999 3321 2054 sit.
3348 2003 3409 2056 D.
3431 2001 3554 2054 Jam
3573 2001 3871 2072 intelligo.

2231 2093 2281 2145 3.
2305 2092 2383 2146 Μ.
2409 2089 2553 2142 Illud
2581 2105 2716 2158 ergo
2737 2088 2888 2160 quod
2915 2089 3010 2142 abs
3031 2093 3084 2142 te
3100 2091 3300 2159 postea
3323 2088 3536 2143 dictum
3556 2092 3660 2155 est,
3681 2091 3878 2144 multa

2161 2194 2281 2232 esse
2306 2177 2365 2232 in
2388 2178 2638 2232 canendo
2663 2181 2719 2231 et
2746 2177 3004 2231 saltando
3028 2176 3179 2244 vilia,
3215 2176 3272 2230 in
3289 2177 3511 2247 quibus
3532 2177 3580 2231 si
3604 2178 3877 2232 modula-

2159 2265 2332 2320 tionis
2369 2282 2578 2320 nomen
2619 2263 2947 2334 accipimus,
2992 2280 3137 2336 pene
3175 2264 3367 2319 divina
3407 2265 3516 2320 ista
3557 2266 3874 2337 disciplina

2160 2354 2409 2421 vilescit;
2443 2353 2767 2409 cautissime
2788 2353 3022 2407 omnino
3053 2354 3152 2408 abs
3175 2357 3231 2408 te
3262 2353 3727 2410 animadversum
3756 2360 3866 2410 est.

2162 2445 2356 2514 Itaque
2377 2443 2746 2497 discutiamus
2766 2442 3019 2512 primum
3048 2442 3185 2514 quid
3210 2442 3282 2496 sit
3311 2443 3619 2511 modulari,
3652 2444 3872 2499 deinde

2163 2530 2301 2602 quid
2329 2529 2399 2584 sit
2425 2529 2571 2583 bene
2607 2529 2921 2584 modulari:
2953 2545 3071 2583 non
3109 2529 3266 2584 enim
3304 2531 3515 2585 frustra
3545 2536 3632 2586 est
3656 2531 3869 2586 defini-

2161 2619 2303 2673 tioni
2334 2618 2614 2672 additum.
2649 2619 2940 2672 Postremo
2971 2617 3142 2672 etiam
3171 2618 3324 2689 quod
3364 2618 3444 2672 ibi
3486 2619 3729 2674 scientia
3757 2636 3868 2690 po-

2165 2708 2272 2761 sita
2300 2711 2403 2772 est,
2436 2722 2553 2760 non
2583 2709 2668 2759 est
2686 2706 3167 2760 contemnendum
3191 2723 3204 2760 :
3232 2722 3366 2760 nam
3395 2707 3484 2760 his
3514 2708 3720 2773 tribus,
3755 2709 3872 2763 nisi

2163 2797 2350 2865 fallor,
2387 2794 2643 2850 definitio
2672 2793 2770 2848 illa
2795 2795 3042 2865 perfecta
3071 2799 3179 2848 est.
3220 2798 3282 2850 D.
3315 2797 3398 2850 Ita
3426 2796 3543 2850 ﬁat.
3571 2799 3646 2851 Μ.
3685 2798 3874 2868 Igitur

2165 2884 2435 2956 quoniam
2465 2883 2710 2938 fatemur
2738 2883 3183 2938 modulationem
3205 2901 3237 2938 a
3257 2885 3423 2939 modo
3445 2901 3566 2940 esse
3596 2886 3871 2941 nomina-

2165 2978 2310 3041 tam;
2358 2972 2777 3042 numquidnam
2824 2971 2928 3024 tibi
2974 2971 3198 3025 videtur
3244 2973 3616 3027 metuendum
3665 2989 3738 3028 ne
3767 2980 3873 3030 aut

2167 3061 2469 3115 excedatur
2516 3060 2738 3126 modus,
2771 3063 2870 3113 aut
2909 3075 3028 3113 non
3076 3059 3384 3131 impleatur
3431 3061 3541 3114 nisi
3589 3062 3650 3115 in
3694 3063 3872 3118 rebus

2166 3168 2294 3222 quae
2323 3154 2481 3204 motu
2509 3149 2701 3220 aliquo
2730 3148 2912 3202 ﬁunt?
2943 3151 3042 3202 aut
3072 3148 3118 3202 si
3147 3149 3293 3204 nihil
3319 3155 3635 3220 moveatur,
3665 3169 3869 3222 possu-

2166 3257 2294 3294 mus
2313 3238 2618 3293 formidare
2643 3253 2714 3291 ne
2736 3241 2944 3306 praeter
2959 3237 3194 3292 modum
3217 3237 3430 3310 aliquid
3450 3238 3586 3294 ﬁat?
3607 3243 3671 3294 1).
3698 3241 3869 3296 Nullo

2166 3332 2348 3400 pacto.
2382 3330 2455 3382 M.
2487 3328 2630 3396 Ergo
2673 3326 2983 3380 modulatio
3016 3343 3128 3380 non
3157 3326 3472 3398 incongrue
3503 3327 3711 3383 dicitur
3740 3345 3868 3384 mo-

2165 3417 2333 3472 vendi
2371 3415 2635 3488 quaedam
2674 3413 2896 3486 peritia,
2935 3415 3020 3469 vel
3061 3419 3210 3469 certe
3247 3432 3357 3486 qua
3387 3417 3452 3470 fit
3480 3421 3545 3471 ut
3578 3417 3723 3472 bene
3753 3417 3868 3472 ali-

2168 3505 2304 3577 quid
2333 3507 2647 3558 moveatur.
2683 3504 2805 3558 Non
2838 3503 2994 3557 enim
3022 3519 3326 3573 possumus
3355 3505 3540 3560 dicere
3569 3507 3715 3562 bene
3744 3523 3870 3562 mo-

2166 3593 2284 3648 veri
2313 3591 2551 3662 aliquid,
2585 3590 2630 3644 si
2659 3591 2895 3645 modum
2924 3607 3040 3646 non
3071 3597 3274 3646 servat.
3307 3596 3372 3647 D.
3408 3594 3529 3648 Non
3561 3611 3869 3666 possumus

2167 3681 2433 3753 quidem:
2476 3681 2568 3735 sed
2603 3693 2829 3734 necesse
2858 3679 2966 3734 erit
2989 3697 3185 3734 rursus
3211 3681 3378 3736 istam
3404 3683 3868 3739 modulationem

2167 3771 2227 3824 in
2255 3769 2520 3824 omnibus
2547 3769 2693 3823 bene
2728 3768 2886 3822 factis
2926 3768 3264 3839 intelligere.
3308 3769 3458 3824 Nihil
3504 3771 3722 3843 quippe
3755 3772 3871 3827 nisi

2166 3859 2312 3913 bene
2341 3857 2643 3924 movendo,
2677 3856 2821 3910 bene
2850 3855 2976 3909 ﬁeri
3006 3855 3191 3910 video.
3223 3857 3297 3911 M.
3331 3857 3478 3932 Quid
3505 3857 3552 3910 si
3578 3857 3725 3912 forte
3755 3859 3869 3913 ista

2165 3945 2358 4000 omnia
2389 3961 2491 4017 per
2520 3943 2796 3999 musicam
2831 3944 2988 4012 fiant,
3022 3944 3282 4016 quamvis
3310 3946 3721 4001 modulationis
3754 3965 3868 4003 no-

2167 4051 2298 4089 men
2328 4035 2386 4088 in
2431 4031 2852 4104 cujuscemodi‘
2881 4033 3111 4104 organis
3158 4033 3340 4105 magis
3381 4033 3582 4088 tritum
3630 4035 3722 4103 sit,
3764 4052 3872 4091 nec

2169 4123 2495 4178 immerito?
2522 4123 2663 4176 Nam
2693 4121 2863 4176 credo
2899 4121 3077 4175 videri
3107 4121 3212 4176 tibi
3241 4122 3395 4176 aliud
3425 4139 3545 4177 esse
3570 4127 3870 4180 tornatum

2169 4212 2382 4284 aliquid
2410 4211 2690 4281 ligneum,
2709 4210 2797 4263 vel
2826 4214 3182 4280 argenteum,
3205 4212 3290 4264 vel
3321 4211 3548 4281 cujusce
3570 4212 3866 4280 materiae;

2167 4301 2322 4356 aliud
2352 4304 2544 4354 autem
2571 4299 2759 4369 ipsum
2788 4302 3010 4352 motum
3047 4298 3299 4366 artificis,
3333 4315 3461 4353 cum
3494 4298 3592 4353 illa
3628 4303 3867 4354 tornan-

2166 4395 2280 4446 tur.
2311 4393 2372 4444 D.
2400 4387 2694 4442 Assentior
2737 4387 2980 4441 multum
3029 4385 3273 4441 differre.
3307 4389 3384 4441 Μ.
3437 4387 3868 4460 Numquidnam

2168 4494 2304 4550 ergo
2335 4479 2457 4547 ipse
2488 4480 2676 4530 motus
2706 4478 2937 4547 propter
2965 4491 3023 4530 se
3054 4476 3353 4546 appetitur,
3390 4481 3447 4531 et
3482 4492 3598 4530 non
3629 4482 3871 4549 propter

2168 4568 2226 4622 id
2259 4567 2410 4638 quod
2442 4566 2563 4620 vult
2607 4580 2728 4620 esse
2769 4563 3100 4619 tornatum?
3124 4567 3187 4619 D.
3239 4564 3597 4619 Manifestum
3636 4570 3744 4620 est.
3785 4569 3861 4622 Μ.

2170 4654 2360 4721 Quid?
2382 4653 2428 4708 si
2447 4653 2704 4708 membra
2715 4669 2830 4708 non
2846 4653 2918 4707 ob
2937 4651 3093 4707 aliud
3114 4657 3388 4720 moveret,
3407 4653 3521 4707 nisi
3544 4659 3607 4708 ut
3626 4655 3866 4724 pulchre

2170 4761 2234 4799 ac
2249 4744 2450 4798 decore
2473 4746 2850 4810 moverentur,
2882 4757 3012 4795 eum
3043 4741 3226 4795 facere
3252 4741 3404 4796 aliud
3427 4741 3534 4795 nisi
3555 4743 3761 4797 saltare
3783 4743 3868 4799 di-

2169 4833 2466 4887 ceremus?
2496 4834 2558 4888 D.
2593 4833 2677 4886 Ita
2710 4831 2948 4885 videtur.
2977 4831 3048 4884 Μ.
3087 4829 3325 4893 Quando
3355 4846 3492 4901 ergo
3528 4847 3724 4885 censes
3757 4833 3863 4886 ali-

2172 4937 2343 4993 quam
2354 4937 2476 4975 rem
2497 4924 2766 4991 praestare
2789 4923 2845 4973 et
2867 4918 3029 4990 quasi
3049 4917 3370 4973 dominari?
3393 4925 3864 4990 cumpropterse-

2172 5010 2372 5080 ipsam,
2399 5025 2472 5063 an
2494 5025 2623 5062 curn
2651 5011 2883 5078 propter
2905 5007 3054 5071 aliud
3088 5007 3408 5077 appetitur?
3438 5011 3498 5062 D.
3531 5007 3668 5073 Quis
3697 5016 3872 5080 negat

2171 5115 2301 5154 cum
2329 5102 2566 5169 propter
2590 5095 2872 5166 seipsam?
2901 5098 2973 5150 Μ.
3011 5097 3222 5166 Repete
3251 5112 3404 5150 nunc
3433 5096 3576 5150 illud
3606 5099 3869 5167 superius

2173 5187 2324 5258 quod
2353 5187 2420 5241 de
2452 5184 2834 5240 modulatione
2860 5183 3140 5238 diximus:
3172 5199 3306 5238 nam
3338 5184 3416 5238 ita
3439 5201 3566 5238 eam
3595 5201 3872 5254 posuera-

2173 5293 2318 5342 mus,
2350 5274 2511 5346 quasi
2558 5272 2860 5343 quamdam
2893 5273 3161 5326 movendi
3188 5289 3305 5326 esse
3334 5272 3626 5343 peritiam,
3659 5277 3714 5327 et
3744 5273 3869 5328 vide

2174 5363 2274 5418 ubi
2295 5362 2476 5432 magis
2498 5360 2706 5414 habere
2729 5360 2919 5414 sedem
2931 5361 3134 5415 debeat
3153 5361 3257 5414 hoc
3273 5376 3513 5414 nomen:
3537 5359 3597 5414 in
3623 5377 3690 5415 eo
3713 5367 3870 5417 motu

2175 5452 2275 5524 qui
2302 5452 2456 5506 velut
2484 5449 2628 5504 liber
2657 5452 2759 5516 est,
2792 5448 2851 5506 id
2882 5454 2965 5506 est
2992 5453 3228 5521 propter
3257 5466 3315 5503 se
3346 5449 3470 5520 ipse
3500 5450 3792 5522 appetitur
3815 5457 3872 5507 et

2241 5551 2251 5582 ¹
2281 5548 2363 5597 Sic
2386 5549 2478 5600 Ms.
2501 5549 2567 5605 B;
2590 5554 2639 5597 at
2661 5548 2752 5597 Ms.
2778 5547 2836 5606 A,
2859 5546 3255 5612 hujuscemodi.
3277 5547 3408 5596 Edd.
3429 5546 3780 5609 ejuscemodz‘.
3801 5550 3866 5597 M.
