4064 6358
104 275 240 328 1085

96 413 206 468 per
223 413 285 454 se
305 397 427 471 ipse
447 398 720 469 delectat;
743 417 818 456 an
836 402 897 456 in
926 417 994 457 eo
1015 401 1116 474 qui
1140 401 1312 458 servit
1331 401 1757 474 quodammodo
1781 418 1796 458 :

95 501 239 542 nam
264 487 427 560 quasi
457 488 709 544 serviunt
738 490 930 546 omnia
958 507 1087 562 quas
1122 506 1240 545 non
1275 490 1384 546 sibi
1412 495 1563 554 sunt,
1596 491 1696 546 sed
1726 490 1800 545 ad

95 576 319 648 aliquid
348 577 501 633 aliud
525 579 868 634 referuntur.
901 583 964 635 D.
1001 581 1065 634 In
1095 595 1162 634 eo
1196 579 1412 635 scilicet
1437 579 1537 651 qui
1563 583 1800 651 prOpter

92 680 157 719 se
192 667 498 736 appetitur.
531 669 605 722 M.
641 669 787 739 Ergo
817 667 1117 723 scientiam
1154 667 1491 723 modulandi
1515 669 1636 740 jam
1667 684 1796 739 pro-

91 751 290 808 habile
319 758 402 810 est
431 771 551 811 esse
584 755 880 811 scientiam
909 757 1055 811 bene
1085 757 1383 824 movendi;
1409 757 1490 812 ita
1518 761 1584 812 ut
1611 761 1798 812 motus

89 856 204 910 per
233 858 292 897 se
331 842 454 914 ipse
493 848 818 915 appetatur,
863 849 1034 916 atque
1074 845 1144 900 ob
1180 846 1285 901 hoc
1319 861 1424 916 per
1461 861 1520 900 se
1547 845 1668 916 ipse
1699 845 1797 900 de-

89 929 287 985 lectet.
319 934 386 986 D.
418 933 718 988 Probabile
750 950 903 988 sane.

91 1017 328 1075 CAPUT
367 1021 463 1076 III.
491 1051 563 1063 —
600 1023 740 1077 Bene
781 1023 1053 1078 modulari
1080 1023 1216 1093 quid
1242 1025 1336 1092 sit,
1366 1027 1416 1078 et
1452 1038 1550 1078 cur
1585 1025 1644 1077 in
1671 1039 1794 1078 mu-

577 1113 700 1166 sica
729 1111 1035 1182 deﬁnitione
1057 1115 1314 1182 positum.

167 1198 224 1252 4.
255 1197 334 1252 Μ.
368 1197 481 1253 Cur
518 1215 654 1271 ergo
694 1200 952 1255 additum
991 1205 1094 1267 est,
1135 1201 1315 1268 bene;
1359 1216 1491 1255 cum
1523 1201 1641 1272 jam
1673 1200 1797 1270 ipsa

91 1287 412 1342 modulatio
447 1288 557 1342 nisi
600 1289 746 1344 bene
785 1295 1099 1356 moveatur,
1145 1306 1265 1345 esse
1309 1306 1428 1345 non
1474 1290 1688 1361 possit?
1726 1294 1791 1345 Ι).

90 1375 320 1443 Nescio,
353 1381 411 1430 et
441 1377 934 1448 quemadmodum
972 1377 1115 1433 mihi
1148 1383 1408 1450 ereptum
1439 1378 1510 1432 sit
1537 1378 1743 1450 ignoro
1779 1394 1792 1433 :

88 1479 234 1518 nam
283 1465 391 1518 hoc
438 1465 848 1537 requirendum
891 1466 1082 1522 animo
1128 1468 1390 1522 haeserat.
1439 1469 1513 1523 Μ.
1568 1469 1798 1522 Poterat

89 1551 339 1608 omnino
371 1555 530 1608 nulla
557 1556 626 1609 de
663 1555 770 1610 hoc
797 1556 969 1610 verbo
1000 1556 1379 1610 controversia
1410 1557 1554 1623 ﬁeri,
1588 1560 1652 1610 ut
1672 1556 1796 1627 jam

86 1641 376 1696 musicam
403 1643 626 1698 sublato
658 1659 725 1698 eo
765 1644 921 1716 quod
950 1644 1199 1716 positum
1234 1650 1340 1714 est,
1371 1646 1537 1713 bene,
1569 1648 1795 1699 tantum

87 1729 397 1786 scientiam
426 1732 763 1787 modulandi
783 1733 1173 1788 deﬁniremus.
1196 1737 1262 1789 D.
1285 1733 1421 1798 Quis
1451 1734 1602 1788 enim
1629 1734 1792 1803 ferat,

88 1818 139 1872 si
192 1819 440 1874 enodare
487 1823 673 1875 totum
717 1821 796 1875 ita
843 1821 1023 1876 velis?
1061 1825 1133 1878 M.
1181 1823 1388 1877 Musica
1429 1826 1513 1877 est
1561 1821 1796 1876 scientia

86 1907 242 1962 bene
271 1908 558 1964 movendi.
587 1909 695 1964 Sed
725 1909 860 1981 quia
887 1910 1032 1965 bene
1055 1911 1268 1966 moveri
1291 1911 1416 1982 jam
1445 1910 1556 1965 dici
1587 1914 1790 1982 potest,

89 1996 378 2068 quidquid
406 2013 710 2053 numerose
749 1999 980 2054 servatis
1008 2003 1331 2070 temporum
1359 1998 1378 2033 ¹
1416 2005 1585 2072 atque
1613 1999 1795 2054 inter-

87 2085 380 2141 vallorum
408 2085 862 2142 dimensionibus
891 2093 1154 2144 movetur
1181 2088 1318 2160 (jam
1346 2088 1500 2143 enim
1531 2089 1792 2158 delectat,

91 2178 152 2230 et
173 2175 250 2230 ob
279 2175 386 2230 hoc
407 2176 720 2231 modulatio
750 2193 868 2231 non
897 2177 1209 2249 incongrue
1220 2179 1342 2249 jam
1363 2177 1608 2247 vocatur)
1631 2194 1644 2245 ;
1668 2177 1794 2232 ﬁeri

90 2268 292 2318 autem
321 2269 529 2337 potest,
556 2270 622 2320 ut
648 2266 758 2321 ista
786 2267 1166 2322 numerositas
1195 2272 1365 2339 atque
1390 2267 1670 2322 dimensio
1700 2267 1794 2322 de-

89 2353 288 2420 lectet,
321 2354 549 2425 quando
580 2370 699 2409 non
729 2372 869 2426 opus
899 2359 1013 2422 est;
1036 2360 1102 2410 ut
1131 2355 1178 2409 si
1198 2356 1325 2427 quis
1346 2356 1677 2411 suavissime
1706 2371 1794 2410 ca-

91 2458 262 2509 nens,
296 2446 352 2496 et
379 2443 614 2514 pulchre
650 2445 883 2514 saltans,
929 2444 1064 2498 velit
1089 2461 1157 2499 eo
1195 2445 1320 2516 ipso
1359 2445 1631 2512 lascivire,
1663 2461 1793 2499 cum

91 2545 188 2584 res
213 2530 573 2586 severitatem
599 2531 883 2587 desiderat
909 2548 921 2586 :
949 2548 1067 2588 non
1087 2533 1234 2588 bene
1256 2533 1457 2605 utique
1486 2549 1796 2590 numerosa

93 2619 490 2674 modulatione
522 2620 730 2687 utitur;
756 2620 811 2676 id
841 2625 924 2676 est
953 2637 1020 2676 ea
1039 2621 1293 2678 motione
1315 2639 1446 2694 qua:
1465 2623 1591 2694 jam
1619 2623 1790 2691 bona,

93 2725 163 2763 ex
194 2725 264 2762 eo
296 2708 432 2780 quia
461 2725 770 2764 numerosa
801 2714 904 2777 est,
936 2709 1046 2764 dici
1072 2714 1279 2781 potest,
1305 2713 1450 2765 male
1482 2712 1598 2778 ille,
1621 2711 1680 2765 id
1710 2717 1796 2767 est

92 2796 545 2868 incongruenter
574 2797 773 2853 utitur.
808 2799 966 2853 Unde
1009 2799 1164 2854 aliud
1193 2804 1278 2854 est
1307 2800 1609 2868 modulari,
1642 2799 1795 2855 aliud

92 2884 247 2938 bene
268 2885 570 2940 modulari.
595 2886 737 2941 Nam
767 2887 1076 2942 modulatio
1102 2888 1170 2942 ad
1201 2889 1460 2960 quemvis
1480 2893 1792 2955 cautorem,

93 2977 327 3028 tantum
359 2973 458 3046 qui
488 2991 603 3029 non
628 2980 777 3030 erret
807 2975 868 3029 in
892 2975 1006 3030 illis
1035 2975 1489 3032 dimensionibus
1509 2993 1709 3032 vocum
1731 2993 1796 3032 ac

94 3079 376 3118 sonorum
397 3083 412 3131 ;
432 3064 584 3119 bona
611 3081 742 3119 vero
767 3065 1082 3121 modulatio
1099 3067 1168 3121 ad
1190 3067 1336 3121 hanc
1361 3066 1657 3121 liberalem
1679 3066 1794 3121 dis-

94 3150 395 3222 ciplinam,
419 3151 477 3207 id
502 3156 586 3207 est
603 3153 676 3208 ad
706 3153 1003 3222 musicam,
1029 3154 1317 3224 pertinere
1338 3155 1669 3210 arbitranda
1689 3159 1792 3210 est.

94 3239 268 3304 Quod
296 3239 344 3294 si
372 3256 476 3296 nec
509 3241 606 3296 illa
635 3241 788 3296 bona
819 3242 921 3296 tibi
951 3241 1130 3296 motio
1169 3242 1406 3307 videtur,
1453 3259 1523 3298 ex
1551 3259 1618 3298 eo
1661 3243 1797 3315 quia

95 3328 298 3400 inepta
317 3333 421 3397 est,
436 3331 694 3401 quamvis
713 3331 1014 3386 artiﬁciose
1032 3347 1396 3386 numerosam
1419 3347 1538 3387 esse
1553 3334 1793 3400 fateare;

94 3420 397 3472 teneamus
420 3417 563 3472 illud
591 3423 871 3486 nostrum,
895 3419 1046 3490 quod
1077 3419 1290 3491 ubique
1315 3421 1656 3475 servandum
1687 3424 1791 3488 est,

96 3521 174 3560 ne
199 3509 487 3561 certamen
530 3506 708 3574 verbi,
750 3524 812 3561 re
848 3508 985 3562 satis
1027 3509 1308 3578 elucente,
1350 3525 1454 3564 nos
1494 3513 1792 3580 torqueat;

96 3593 362 3665 nihilque
388 3609 674 3663 curemus,
701 3599 897 3650 utrum
926 3597 1146 3652 musica
1173 3597 1526 3665 modulandi,
1548 3614 1622 3652 an
1651 3600 1796 3653 bene

95 3682 440 3738 modulandi
463 3683 696 3738 scientia
719 3684 1088 3741 describatur.
1109 3689 1172 3741 D.
1210 3689 1355 3741 Amo
1385 3687 1619 3758 quidem
1647 3687 1797 3742 rixas

95 3771 406 3826 verborum
449 3771 743 3844 praeterire
796 3778 964 3845 atque
1003 3778 1390 3843 contemnere,
1441 3792 1559 3831 non
1604 3780 1796 3831 tamen

94 3859 246 3914 mihi
274 3859 535 3931 displicet
561 3860 670 3916 ista
692 3860 1002 3916 distinctio.

97 3949 233 4003 CAP
243 3949 326 4004 UT
350 3950 439 4004 IV.
463 3978 532 3989 —
551 3950 786 4005 Scientia
804 3965 900 4004 cur
918 3952 978 4004 in
994 3952 1209 4006 musica
1230 3951 1536 4022 deﬁnitione
1547 3953 1793 4021 ponitur.

172 4040 224 4091 5.
255 4039 330 4092 M.
377 4038 568 4092 Restat
616 4043 682 4092 ut
728 4054 1054 4109 quaeramus
1099 4055 1200 4094 cur
1243 4040 1314 4095 sit
1357 4041 1418 4096 in
1465 4039 1797 4097 deﬁnitione

95 4123 357 4183 scientia.
391 4129 455 4182 D.
487 4128 575 4181 Ita
603 4126 703 4181 ﬁat
735 4142 750 4180 :
780 4143 915 4181 nam
953 4129 1060 4182 hoc
1093 4129 1354 4200 ﬂagitare
1384 4129 1644 4184 ordinem
1671 4146 1797 4185 me-

97 4213 266 4269 mini.
298 4216 373 4270 M.
404 4215 708 4285 Responde
752 4215 948 4286 igitur,
979 4220 1175 4271 utrum
1214 4217 1317 4272 tibi
1359 4218 1619 4272 videatur
1652 4219 1797 4276 bene

97 4302 387 4357 modulari
423 4319 621 4358 vocem
651 4304 892 4359 luscinia
933 4320 1107 4360 verna
1143 4311 1304 4376 parte
1343 4307 1480 4361 anni
1512 4323 1525 4362 :
1567 4323 1703 4361 nam
1742 4311 1800 4363 et

98 4406 442 4446 numerosus
473 4396 559 4446 est
583 4396 640 4446 et.
665 4391 1035 4448 suavissimus
1062 4393 1158 4448 ille
1187 4399 1408 4463 cantus,
1441 4400 1515 4464 et,
1550 4395 1657 4450 nisi
1685 4396 1798 4451 fal-

95 4479 209 4547 lor,
241 4479 488 4551 tempori
514 4480 796 4552 congruit.
839 4484 903 4536 D.
946 4481 1182 4536 Videtur
1223 4483 1480 4538 omnino.
1511 4487 1585 4540 Μ.
1621 4485 1797 4540 Num-

98 4568 380 4639 quidnam
399 4568 650 4623 liberalis
670 4570 840 4640 hujus
863 4569 1177 4642 disciplinas
1199 4571 1382 4643 perita
1413 4575 1536 4628 est?
1558 4577 1623 4628 D.
1651 4576 1794 4631 Non.

95 4658 173 4712 M.
208 4656 376 4711 Vides
404 4656 580 4729 igitur
608 4673 819 4713 nomen
851 4658 1098 4713 scientiaa
1137 4659 1459 4716 deﬁnitioni
1491 4679 1795 4733 perneces-

95 4745 335 4800 sarium.
375 4749 446 4802 Β.
489 4746 663 4801 Video
700 4763 951 4818 prorsus.
984 4750 1058 4803 M.
1092 4748 1193 4803 Dic
1232 4749 1376 4804 mihi
1413 4766 1571 4821 ergo,
1603 4768 1796 4824 quaeso

95 4839 186 4901 te;
216 4849 407 4889 nonne
439 4835 577 4890 tales
609 4835 712 4890 tibi
738 4852 936 4890 omnes
965 4836 1252 4904 videntur,
1285 4838 1470 4910 qualis
1496 4840 1594 4894 illa
1622 4841 1795 4895 lusci-

94 4923 193 4977 nia
222 4927 326 4993 est,
356 4923 455 4994 qui
483 4940 650 4978 sensu
678 4925 931 4995 quodam
960 4925 1115 4981 ducti
1142 4926 1288 4981 bene
1318 4933 1550 4992 canunt,
1581 4929 1689 4984 hoc
1713 4935 1797 4985 est

93 5027 400 5066 numerose
430 5012 488 5066 id
516 5012 738 5068 faciunt
769 5029 834 5068 ac
865 5014 1133 5083 suaviter,
1164 5015 1424 5087 quamvis
1451 5016 1795 5089 interrogati

91 5101 164 5155 de
191 5100 330 5171 ipsis
352 5101 628 5166 numeris,
653 5101 738 5155 vel
764 5101 833 5156 de
855 5101 1167 5158 intervallis
1197 5108 1492 5159 acutarum
1513 5105 1798 5177 gravium-

95 5204 209 5260 que
247 5205 475 5258 vocum,
514 5191 859 5260 respondere
905 5207 1023 5246 non
1069 5193 1330 5263 possint?
1352 5197 1428 5251 D.
1464 5195 1796 5251 Simillimos

95 5294 191 5334 eos
220 5282 381 5349 puto.
406 5280 480 5334 Μ.
510 5279 696 5344 Quid?
721 5279 760 5333 ii
789 5279 889 5351 qui
916 5279 1045 5335 illos
1073 5281 1196 5336 sine
1224 5282 1331 5337 ista
1357 5283 1590 5339 scientia
1619 5285 1797 5341 liben-

159 5431 174 5465 ι
203 5428 288 5497 Sic
296 5427 362 5497 in
381 5429 504 5497 Mss.
520 5443 533 5488 ;
549 5431 604 5497 at
616 5429 758 5497 Lov_.,
778 5427 1032 5497 quidquid
1047 5432 1449 5497 numerositate
1470 5435 1790 5497 tem-porum.

95 5492 208 5541 Am.
225 5496 278 5540 et
295 5491 382 5562 Er_.
400 5491 612 5562 habent,
628 5491 883 5602 quidquid
901 5492 1323 5564 numerositate.
1336 5507 1454 5605 qua
1465 5491 1788 5561 temporum.

96 5581 154 5590 —
180 5554 536 5605 Benedicttnis
562 5553 766 5605 adstmu
795 5557 911 5603 atur
935 5553 1095 5604 Vatic.
1129 5555 1221 5603 Cd.
1318 5557 1349 5605 lt
1375 5594 1385 5605 .

96 5581 154 5590 —
180 5553 536 5605 Benedictinis
562 5553 911 5616 adstipulatur
935 5553 1095 5604 Vatic.
1129 5555 1221 5603 Cd.
1318 5553 1385 5605 Μ.

1585 278 1799 336 LIBER
1837 280 2120 340 PRIMUS.

3467 291 3598 345 1086

1907 406 1996 458 ter
2023 403 2289 471 audiunt;
2317 419 2448 461 cum
2471 404 2763 462 videamus
2795 407 3149 477 elephantos,
3167 424 3351 478 ursos,
3373 410 3597 484 aliaque

1906 493 2185 547 nonnulla
2211 509 2421 565 genera
2451 494 2764 550 bestiarum
2785 495 2856 549 ad
2876 499 3074 550 cantus
3091 497 3326 564 moveri,
3351 515 3597 571 avesque
3659 487 3664 492 ’

1905 581 2056 654 ipsas
2101 582 2365 637 delectari
2415 583 2528 638 suis
2575 585 2802 640 vocibus
2846 586 2978 655 (non
3025 585 3179 640 enim
3227 587 3384 640 nullo
3443 594 3599 644 extra

1905 671 2199 741 proposito
2239 671 2258 704 ¹
2295 672 2590 726 commodo
2632 678 2748 728 tam
2793 673 3052 743 impense
3099 674 3156 729 id
3201 679 3436 747 agerent
3478 677 3598 731 sine

1907 759 2155 830 quadam
2182 759 2468 829 libidine);
2499 777 2689 816 nonne
2713 763 3012 832 pecoribus
3043 763 3411 834 comparandi
3441 769 3590 819 sunt.

1905 851 1970 902 D.
2005 849 2217 903 Censeo
2243 865 2256 902 :
2281 848 2378 903 sed
2405 864 2554 919 pene
2583 848 2644 902 in
2672 865 2841 905 omne
2863 867 3042 920 genus
3063 852 3381 907 humanum
3412 853 3596 907 tendit

1905 937 2027 991 hrec
2051 937 2416 992 contumelia.
2451 940 2522 993 Μ.
2555 939 2680 992 Non
2710 944 2795 992 est
2821 940 2975 1009 quod
3005 945 3189 1010 putas.
3225 943 3367 996 Nam
3398 940 3594 1014 magni

1905 1023 2033 1091 viri,
2066 1025 2170 1079 etsi
2206 1025 2484 1080 musicam
2514 1025 2792 1092 nesciunt,
2826 1030 2924 1080 aut
2965 1043 3276 1097 congruere
3309 1029 3462 1099 plebi
3492 1045 3593 1084 vo-

1904 1109 2051 1178 lunt,
2087 1129 2214 1184 quae
2251 1129 2367 1167 non
2402 1115 2650 1168 multum
2688 1131 2722 1169 a
2764 1114 3064 1185 pecoribus
3099 1116 3288 1182 distat,
3334 1121 3391 1171 et
3427 1117 3590 1188 cujus

1902 1198 2103 1270 ingens
2133 1206 2218 1256 est
2243 1218 2536 1270 numerus,
2561 1202 2716 1274 quod
2736 1202 3150 1257 modestissime
3177 1219 3240 1257 ac
3269 1205 3592 1274 prudentis-

1904 1287 2044 1343 sime
2073 1288 2288 1344 faciunt
2320 1290 2437 1361 (sed
2479 1291 2548 1345 de
2586 1292 2692 1345 hoc
2733 1307 2886 1344 nunc
2925 1290 3240 1344 disserendi
3278 1291 3433 1345 locus
3472 1308 3592 1346 non

1904 1381 2034 1444 est);
2076 1383 2175 1432 aut
2214 1384 2342 1450 post
2379 1395 2615 1451 magnas
2653 1395 2816 1434 curas
2851 1379 3146 1433 relaxandi
3188 1395 3251 1433 ac
3289 1381 3594 1449 reparandi

1902 1464 2081 1518 animi
2110 1466 2294 1535 gratia
2322 1467 2773 1522 moderatissime
2816 1468 2886 1522 ab
2919 1467 2988 1522 iis
3028 1467 3248 1539 aliquid
3288 1467 3594 1538 voluptatis

1903 1553 2236 1610 assumitur.
2266 1555 2444 1620 Quam
2466 1557 2754 1610 interdum
2774 1556 2852 1610 sic
2877 1572 3078 1627 capere
3109 1556 3594 1612 modestissimum

1903 1647 2012 1709 est;
2041 1643 2111 1697 ab
2144 1659 2208 1697 ea
2237 1660 2369 1698 vero
2404 1644 2530 1716 capi
2557 1645 2644 1699 vel
2674 1645 2985 1712 interdum,
3025 1649 3191 1716 turpe
3231 1649 3400 1716 atque
3429 1645 3590 1700 inde-

1902 1747 2099 1785 corum
2131 1738 2237 1787 est.

1967 1823 2019 1875 6.
2053 1821 2162 1876 Sed
2197 1821 2334 1892 quid
2360 1820 2463 1876 tibi
2502 1820 2758 1876 videtur?
2784 1821 2884 1893 qui
2907 1822 2996 1876 vel
3039 1822 3195 1878 tibiis
3243 1825 3454 1878 canunt
3500 1824 3590 1878 vel

1892 1908 2130 1976 cithara,
2163 1913 2334 1981 atque
2362 1909 2693 1981 hujusmodi
2723 1909 3135 1976 instrumentis,
3172 1912 3594 1983 numquidnam

1895 2001 2134 2067 possunt
2157 1996 2410 2052 luscinia:
2435 1997 2794 2068 comparari?
2829 2001 2889 2052 D.
2927 1999 3067 2052 Non.
3112 2000 3187 2053 Μ.
3227 1999 3369 2064 Quid
3411 1999 3592 2070 igitur

1902 2085 2154 2140 distant?
2182 2088 2248 2140 D.
2271 2085 2431 2150 Quod
2457 2085 2520 2140 in
2547 2085 2671 2140 istis
2699 2090 2879 2140 artem
2909 2087 3218 2156 quamdam
3249 2103 3370 2142 esse
3399 2087 3589 2154 video,

1901 2173 1961 2227 in
1991 2173 2088 2227 illa
2125 2189 2258 2227 vero
2301 2174 2480 2228 solam
2523 2179 2806 2228 naturam.
2839 2176 2912 2230 M.
2948 2174 3263 2229 Verisimile
3295 2175 3461 2243 dicis;
3495 2176 3594 2230 sed

1903 2277 1994 2315 ars
2021 2260 2122 2316 tibi
2153 2261 2374 2316 videtur
2394 2262 2502 2316 ista
2523 2278 2642 2317 esse
2666 2263 2924 2330 dicenda,
2954 2263 3173 2318 etiamsi
3196 2265 3446 2337 quadam
3469 2263 3596 2318 imi-

1903 2349 2116 2404 tatione
2145 2349 2204 2405 id
2248 2349 2502 2406 faciunt?
2536 2354 2594 2406 D.
2631 2351 2742 2406 Cur
2787 2352 2939 2407 non?
2974 2353 3113 2406 Nam
3157 2352 3321 2407 video
3367 2357 3595 2407 tantum

1903 2438 2089 2492 valere
2117 2438 2179 2492 in
2204 2438 2420 2492 artibus
2458 2438 2862 2506 imitationem,
2909 2448 2989 2507 ut,
3023 2457 3089 2495 ea
3121 2441 3362 2508 sublata,
3395 2458 3595 2496 omnes

1901 2543 2049 2598 pene
2078 2527 2457 2597 perimantur.
2496 2529 2758 2583 Praebent
2799 2528 2955 2583 enim
2985 2546 3042 2583 se
3073 2530 3331 2601 magistri
3359 2531 3430 2584 ad
3461 2530 3595 2584 imi-

1902 2616 2162 2683 tandum,
2195 2620 2251 2671 et
2278 2617 2387 2670 hoc
2409 2615 2601 2686 ipsum
2631 2622 2716 2672 est
2739 2618 2890 2688 quod
2923 2623 3124 2672 vocant
3153 2619 3377 2674 docere.
3405 2622 3480 2674 Μ.
3508 2619 3599 2673 Vi-

1903 2705 2070 2760 detur
2098 2705 2202 2759 tibi
2231 2721 2322 2759 ars
2353 2705 2498 2760 ratio
2526 2722 2644 2759 esse
2676 2707 2961 2777 quendam,
2995 2712 3051 2761 et
3080 2707 3120 2761 ii
3152 2708 3254 2779 qui
3283 2712 3400 2762 arte
3431 2712 3599 2762 utun-

1900 2797 2012 2858 tur,
2055 2793 2274 2847 ratione
2321 2792 2406 2847 uti
2456 2809 2468 2846 :
2512 2809 2584 2846 an
2637 2793 2800 2847 aliter
2847 2795 3057 2863 putas?
3107 2797 3164 2850 D.
3219 2794 3467 2848 Videtur.
3518 2799 3590 2849 Μ.

1905 2881 2174 2952 Quisquis
2192 2881 2372 2953 igitur
2388 2881 2610 2936 ratione
2639 2881 2724 2936 uti
2755 2897 2867 2936 non
2888 2886 3092 2953 potest,
3115 2886 3234 2937 arte
3256 2899 3371 2937 non
3397 2883 3596 2938 utitur.

1903 2974 1968 3026 D.
1995 2972 2060 3025 Et
2094 2971 2199 3025 hoc
2242 2971 2505 3025 concedo.
2543 2972 2620 3026 Μ.
2653 2972 2930 3025 Censesne
2961 2975 3119 3024 muta
3149 2971 3434 3038 animalia,
3468 2987 3598 3042 quin

1905 3059 2076 3114 etiam
2099 3059 2453 3114 irrationalia
2474 3059 2758 3123 dicuntur,
2777 3060 2862 3114 uti
2882 3076 3043 3131 posse
3066 3061 3321 3115 ratione?
3345 3063 3405 3114 D.
3433 3061 3598 3114 Nullo

1905 3149 2093 3203 modo.
2119 3153 2189 3205 Μ.
2221 3150 2336 3202 Aut
2363 3147 2541 3218 igitur
2579 3147 2732 3218 picas
2775 3152 2829 3203 et
2872 3148 3143 3220 psittacos
3177 3153 3231 3203 et
3282 3165 3476 3203 corvos
3506 3164 3596 3202 ra-

1906 3237 2143 3293 tionalia
2185 3253 2305 3292 esse
2352 3237 2607 3292 dicturus
2654 3253 2714 3291 es
2761 3236 3053 3307 animalia,
3085 3243 3183 3293 aut
3216 3237 3597 3292 imitationem

1906 3326 2138 3382 nomine
2167 3325 2302 3381 artis
2327 3330 2539 3381 temere
2576 3325 2806 3381 vocasti.
2843 3326 3110 3382 Videmus
3149 3327 3303 3381 enim
3331 3329 3434 3382 has
3465 3344 3595 3381 aves

1906 3419 1962 3471 et
1997 3416 2179 3470 multa
2220 3431 2423 3470 canere
2460 3431 2524 3469 ac
2562 3431 2762 3470 sonare
2808 3416 3057 3487 quodam
3099 3417 3351 3470 humano
3381 3433 3507 3482 usu,
3541 3421 3600 3471 ct

1906 3503 2138 3558 nonnisi
2163 3503 2442 3558 imitando
2468 3503 2652 3558 facere
2677 3520 2690 3558 :
2715 3503 2828 3558 nisi
2858 3507 2919 3558 tu
2948 3503 3113 3559 aliter
3136 3505 3423 3560 credis.D.
3447 3505 3598 3569 Quo-

1905 3594 2075 3649 modo
2093 3595 2198 3648 hoc
2218 3593 2551 3662 confeceris,
2573 3597 2629 3648 et
2651 3598 2930 3665 quantum
2951 3598 3150 3649 contra
3171 3595 3600 3666 responsionem

1905 3699 2096 3738 meam
2135 3683 2339 3749 valeat,
2376 3682 2632 3736 nondum
2678 3682 2846 3752 plane
2891 3681 3169 3753 intelligo.
3205 3685 3280 3738 Μ.
3323 3683 3601 3748 Quaesive-

1905 3788 2029 3826 ram
2059 3787 2130 3826 ex
2150 3774 2228 3840 te,
2249 3775 2443 3824 utrum
2471 3769 2792 3824 citharistas
2813 3774 2868 3825 et
2888 3769 3167 3839 tibicines,
3192 3777 3247 3826 et
3268 3771 3598 3842 hujusmodi

1906 3860 2062 3915 aliud
2092 3874 2272 3929 genus
2300 3857 2620 3924 hominum,
2652 3862 2834 3912 artem
2866 3858 3082 3913 diceres
3110 3860 3343 3928 habere,
3377 3859 3599 3914 etiamsi

1907 3950 1962 4004 id
1994 3948 2149 4019 quod
2178 3947 2238 4001 in
2268 3946 2522 4002 canendo
2553 3945 2788 4014 faciunt,
2820 3945 3142 4002 imitatione
3171 3947 3412 4002 assecuti
3443 3951 3594 4003 sunt.

1906 4034 2107 4090 Dixisti
2136 4050 2257 4090 esse
2289 4039 2490 4102 artem,
2516 4039 2854 4106 tantumque
2883 4037 2942 4090 id
2973 4037 3158 4090 valere
3188 4036 3502 4103 at‘tirmasti,
3537 4040 3600 4090 ut

1906 4140 2107 4180 omnes
2126 4140 2273 4195 pene
2295 4124 2399 4179 tibi
2421 4129 2570 4179 artes
2591 4124 2904 4195 periclitari
2923 4124 3257 4180 viderentur
3281 4126 3598 4180 imitatione

1907 4213 2144 4270 sublata.
2180 4214 2258 4267 Ex
2287 4229 2400 4284 quo
2424 4213 2548 4284 jam
2589 4213 2779 4284 colligi
2817 4217 3027 4284 potest,
3061 4229 3292 4268 omnem
3339 4214 3438 4286 qui
3472 4213 3600 4268 imi-

1906 4303 2080 4358 tando
2110 4303 2435 4375 assequitur
2475 4302 2710 4374 aliquid,
2751 4307 2872 4358 arte
2915 4303 3033 4370 uti;
3060 4303 3282 4358 etiamsi
3309 4303 3452 4358 forte
3483 4320 3598 4358 non

1907 4391 2095 4446 omnis
2129 4393 2228 4464 qui
2258 4395 2378 4446 arte
2407 4391 2610 4458 utitur,
2640 4390 2920 4446 imitando
2951 4407 3076 4446 eam
3106 4391 3445 4462 perceperit.
3473 4394 3545 4447 At
3574 4390 3600 4425 ³

1907 4479 1954 4533 si
1986 4479 2174 4534 omnis
2215 4479 2459 4534 imitatio
2499 4495 2590 4533 ars
2631 4482 2736 4548 est,
2769 4483 2824 4533 et
2860 4495 2952 4533 ars
2982 4481 3166 4534 omnis
3203 4480 3377 4547 ratio;
3411 4479 3601 4535 omnis

1905 4569 2148 4624 imitatio
2179 4568 2324 4623 ratio
2360 4585 2372 4624 :
2415 4567 2636 4622 ratione
2666 4571 2860 4622 autem
2901 4584 3017 4622 non
3059 4567 3240 4622 utitur
3271 4568 3600 4624 irrationale

1905 4658 2147 4726 animal;
2180 4673 2298 4712 non
2328 4656 2505 4728 igitur
2534 4655 2705 4710 habet
2732 4659 2915 4710 artem
2947 4672 2961 4710 :
2988 4656 3161 4711 habet
3185 4661 3377 4712 autem
3407 4657 3599 4713 imita-

1904 4746 2150 4812 tionem;
2179 4761 2293 4800 non
2337 4751 2422 4800 est
2467 4744 2646 4816 igitur
2687 4759 2778 4799 ars
2819 4743 3084 4799 imitatio.
3115 4748 3179 4800 D.
3232 4747 3345 4817 Ego
3392 4748 3600 4802 multas

1905 4839 2054 4889 artes
2079 4834 2393 4888 imitatione
2421 4837 2676 4888 constare
2702 4832 2836 4898 dixi,
2869 4849 2982 4887 non
3008 4833 3190 4904 ipsam
3222 4834 3600 4891 imitationem

1904 4927 2086 4978 artem
2105 4922 2320 4978 vocavi.
2344 4925 2418 4978 Μ.
2444 4922 2582 4987 Quae
2603 4921 2780 4993 igitur
2798 4925 2948 4976 artes
2972 4922 3294 4978 imitatione
3315 4930 3595 4990 constant,

1905 5027 2019 5065 non
2059 5027 2153 5065 eas
2198 5026 2392 5064 censes
2444 5009 2662 5064 ratione
2713 5009 3013 5064 constare?
3061 5014 3122 5066 D.
3183 5012 3302 5066 Imo
3354 5017 3596 5083 utroque

1902 5103 2042 5171 puto
2075 5115 2169 5153 eas
2198 5103 2476 5154 constare.
2512 5101 2587 5155 Μ.
2612 5098 2760 5153 Nihil
2788 5115 3063 5171 repugno,
3094 5101 3192 5155 sed
3222 5101 3513 5155 scientiam
3535 5100 3594 5153 in

1903 5205 2016 5260 quo
2044 5187 2241 5259 ponis;
2275 5187 2335 5241 in
2362 5187 2601 5254 ratione,
2637 5204 2708 5242 an
2735 5187 2796 5242 in
2825 5187 3185 5244 imitatione?
3214 5193 3276 5244 D.
3311 5191 3373 5243 Et
3399 5190 3507 5243 hoc
3533 5187 3594 5241 in

1902 5281 2166 5347 utroque.
2197 5278 2271 5331 Μ.
2305 5277 2450 5348 Ergo
2484 5276 2780 5331 scientiam
2814 5277 2926 5331 illis
2953 5278 3151 5332 avibus
3179 5277 3357 5342 dabis,
3387 5275 3593 5346 quibus

1900 5367 2280 5422 imitationem
2306 5382 2421 5422 non
2449 5366 2672 5422 adimis.
2707 5371 2773 5422 D.
2809 5368 2932 5421 Non
2961 5367 3106 5422 dabo
3139 5382 3152 5420 :
3184 5365 3265 5418 ita
3293 5365 3449 5419 enim
3473 5365 3588 5420 dixi

1967 5497 1981 5529 ι
2013 5495 2073 5543 In
2099 5496 2176 5554 B.,
2203 5496 2390 5558 posito.
2424 5494 2516 5542 Ms.
2555 5495 2613 5549 Α.
2640 5494 2804 5542 Vatic.
2836 5493 2946 5558 ϐἀ..
2973 5493 3265 5555 proposito.
3336 5492 3402 5540 M.

1964 5560 1984 5592 2
2014 5559 2072 5606 In
2107 5559 2182 5614 B.,
2203 5557 2327 5608 ’aut.
2357 5558 2474 5607 Mss.
2508 5558 2547 5606 A
2573 5560 2624 5605 ct
2653 5559 2708 5614 B,
2741 5562 2812 5606 at.
2881 5557 2947 5605 M.
