4064 6356
459 281 592 337 1087

451 411 516 466 in
542 409 788 479 utroque
831 418 954 460 esse
991 404 1304 471 scientiam,
1331 408 1399 460 ut
1435 405 1498 459 in
1528 405 1650 460 sola
1676 403 1996 460 imitatione
2025 421 2147 461 esse

454 515 575 556 non
601 494 796 569 possit.
822 496 897 550 M.
942 493 1133 559 Quid?
1153 492 1215 548 in
1245 493 1363 548 sola
1389 491 1610 548 ratione
1639 493 1864 549 videtur
1890 493 1995 550 tibi
2024 510 2146 550 esse

456 586 661 660 posse?
687 587 751 640 D.
785 581 1042 638 Videtur.
1074 583 1149 636 Μ.
1179 580 1352 635 Aliud
1394 580 1574 652 igitur
1600 585 1765 653 putas
1793 597 1913 637 esse
1942 587 2140 646 artem,

459 674 617 731 aliud
651 670 966 728 scientiam.
1007 669 1296 740 Siquidem
1327 669 1561 725 scientia
1599 675 1657 725 et
1685 670 1747 724 in
1776 672 1894 726 sola
1923 671 2146 726 ratione

461 781 581 820 esse
623 765 828 834 potest,
861 776 950 814 ars
997 762 1188 813 autem
1237 758 1447 812 rationi
1484 759 1682 831 jungit
1730 759 2137 816 imitationem.

459 856 527 908 D.
559 851 683 905 Non
714 849 876 903 video
907 863 1026 903 esse
1055 862 1430 918 consequens.
1467 849 1592 903 Non
1618 847 1773 903 enim
1804 865 2022 916 omnes,
2051 851 2146 906 sed

459 940 666 996 multas
695 941 842 993 artes
873 937 1148 1004 dixeram,
1177 936 1348 992 simul
1378 937 1596 993 ratione
1627 943 1796 1010 atque
1827 938 2146 995 imitatione

461 1033 737 1085 constare.
769 1027 843 1082 M.
885 1025 1032 1090 Quid
1052 1027 1081 1081 ?
1109 1024 1402 1082 scientiam
1431 1026 1732 1081 vocabisne
1763 1027 1935 1082 etiam
1964 1028 2142 1096 illam,

461 1132 589 1188 quae
617 1114 707 1170 his
749 1113 973 1168 duobus
1003 1112 1175 1166 simul
1225 1116 1473 1180 constat;
1505 1130 1577 1168 an
1623 1114 1674 1168 ei
1714 1115 1889 1170 solam
1924 1120 2147 1188 partem

460 1203 694 1258 rationis
723 1200 1032 1256 attribues?
1062 1203 1123 1255 D.
1156 1200 1304 1266 Quid
1338 1201 1492 1256 enim
1527 1218 1618 1256 me
1652 1203 1921 1273 prohibet
1947 1221 2147 1260 vocare

460 1291 776 1356 scientiam,
800 1305 930 1344 cum
961 1288 1165 1343 rationi
1198 1289 1530 1361 adjungitur
1556 1289 1839 1345 imitatio?

528 1384 584 1435 ‘7.
625 1382 696 1435 Μ.
741 1377 1023 1442 Quoniam
1062 1393 1215 1432 nunc
1244 1378 1468 1448 agimus
1507 1379 1577 1434 de
1613 1378 1906 1434 citharista
1932 1382 1989 1434 et
2017 1378 2148 1435 tibi-

462 1467 608 1536 cine,
639 1466 698 1521 id
729 1469 810 1520 est
837 1466 907 1521 de
931 1465 1162 1520 musicis
1190 1466 1391 1534 rebus;
1419 1467 1550 1522 volo
1578 1467 1722 1521 mihi
1752 1467 1922 1536 dicas,
1953 1472 2148 1524 utrum

461 1555 685 1627 corpori
715 1554 1080 1609 tribuendum
1103 1554 1193 1619 sit,
1223 1554 1278 1610 id
1310 1559 1395 1610 est
1419 1555 1893 1626 obtemperationi
1923 1557 2149 1612 cuidam

465 1644 736 1717 corporis,
783 1642 831 1696 si
883 1641 1024 1713 quid
1079 1642 1172 1697 isti
1225 1642 1486 1698 homines
1536 1643 1861 1700 imitatione
1911 1645 2147 1700 faciunt.

460 1737 526 1790 D.
559 1734 672 1803 Ego
703 1731 867 1785 istam
907 1733 964 1784 et
991 1730 1184 1785 animo
1231 1730 1401 1786 simul
1447 1735 1504 1786 et
1532 1732 1757 1802 corpori
1785 1732 2150 1787 tribuendam

458 1823 598 1894 puto
624 1836 637 1874 :
672 1833 1001 1890 quanquam
1028 1817 1276 1888 idipsum
1307 1817 1544 1873 verbum
1565 1819 1698 1873 satis
1726 1819 1956 1892 proprie
1976 1820 2074 1874 abs
2094 1823 2150 1874 te

457 1908 712 1981 positum
751 1911 857 1974 est,
889 1907 1041 1977 quod
1079 1906 1630 1978 obtemperationem
1668 1908 1922 1980 corporis
1955 1909 2150 1980 appel-

459 1996 586 2053 lasti
637 2013 651 2051 :
701 2011 820 2050 non
875 1994 1028 2049 enim
1080 1994 1477 2066 obtemperare
1528 1997 1638 2052 nisi
1686 1997 1878 2052 animo
1933 2003 2142 2070 potest.

459 2092 530 2144 Μ.
561 2085 736 2140 Video
775 2089 829 2139 te
863 2083 1185 2140 cautissime
1224 2084 1602 2140 imitationem
1643 2102 1759 2141 non
1797 2087 1902 2142 soli
1929 2087 2152 2160 corpori

461 2173 707 2229 voluisse
742 2173 1070 2227 concedere.
1115 2172 1221 2228 Sed
1257 2174 1541 2245 numquid
1578 2175 1872 2230 scientiam
1914 2177 2152 2247 negabis

465 2263 534 2318 ad
565 2264 751 2317 solum
781 2261 1040 2316 animum
1067 2261 1395 2333 pertinere?
1421 2265 1485 2318 D.
1518 2263 1654 2328 Quis
1681 2265 1788 2320 hoc
1817 2266 2152 2337 negaverit?

458 2353 534 2408 Μ.
561 2351 727 2406 Nullo
756 2349 926 2405 modo
952 2350 1130 2421 igitur
1147 2349 1441 2404 scientiam
1463 2350 1521 2406 in
1545 2352 1700 2406 sonis
1728 2369 2033 2408 nervorum
2056 2351 2074 2386 ⁸
2096 2358 2153 2409 et

462 2439 755 2506 tibiarum,
789 2439 959 2493 simul
989 2442 1046 2493 et
1072 2437 1282 2492 rationi
1307 2442 1362 2493 et
1389 2439 1696 2495 imitationi
1724 2441 1977 2497 tribuere
2007 2442 2153 2497 sine-

465 2529 564 2585 ris.
595 2529 698 2583 llla
737 2527 891 2582 enim
927 2526 1175 2582 imitatio
1205 2543 1320 2582 non
1358 2531 1456 2593 est,
1499 2532 1563 2583 ut
1593 2529 1880 2585 confessus
1918 2547 1998 2599 es,
2031 2531 2152 2587 sine

470 2632 740 2688 corpore;
793 2615 1088 2670 scientiam
1137 2630 1274 2671 vero
1315 2616 1488 2671 solius
1521 2618 1708 2672 animi
1762 2635 1883 2674 esse
1940 2620 2148 2678 dixisti.

467 2710 532 2761 D.
567 2707 642 2760 Ex
674 2704 741 2758 iis
772 2704 1006 2776 quidem
1038 2720 1166 2776 quae
1207 2703 1312 2759 tibi
1350 2707 1624 2772 concessi,
1663 2707 1844 2763 fateor
1881 2709 1990 2764 hoc
2032 2726 2152 2766 esse

462 2794 779 2850 confectum
815 2809 827 2848 :
859 2793 956 2848 sed
987 2793 1126 2864 quid
1149 2794 1216 2849 ad
1236 2795 1396 2850 rem?
1422 2795 1658 2851 Habebit
1679 2797 1833 2851 enim
1863 2801 1921 2853 et
1943 2798 2152 2854 tibicen

461 2882 753 2938 scientiam
781 2881 841 2936 in
870 2882 1090 2938 animo.
1131 2884 1325 2956 Neque
1356 2884 1510 2939 enim
1539 2901 1668 2940 cum
1699 2885 1752 2941 ei
1777 2881 1994 2943 accedit
2018 2887 2154 2942 imi-

465 2971 628 3042 tatio,
660 2987 832 3043 quam
862 2971 981 3026 sine
1010 2987 1248 3044 corpore
1279 2973 1408 3028 dedi
1435 2991 1553 3029 esse
1583 2991 1697 3030 non
1724 2992 1913 3047 posse,
1940 2977 2154 3032 adimet

462 3061 599 3116 illud
642 3060 793 3131 quod
837 3061 1031 3114 animo
1078 3061 1461 3132 amplectitur.
1490 3065 1560 3119 M.
1600 3065 1725 3119 Non
1771 3065 1986 3120 adimet
2030 3065 2154 3137 qui-

465 3147 597 3203 dem
630 3163 644 3202 :
675 3163 779 3202 nec
807 3163 914 3218 ego
946 3147 1168 3204 afﬁrmo
1198 3166 1315 3217 eos,
1347 3167 1380 3204 a
1417 3150 1626 3222 quibus
1654 3167 1871 3222 organa
1901 3151 2010 3206 ista
2038 3157 2152 3205 tra-

462 3238 711 3304 ctantur,
738 3251 937 3290 omnes
963 3252 1154 3292 carere
1181 3237 1434 3306 scientia,
1457 3239 1556 3294 sed
1578 3255 1691 3293 non
1714 3239 1924 3293 habere
1953 3253 2152 3292 omnes

464 3322 608 3378 dico.
657 3323 830 3378 Istam
877 3323 1032 3378 enim
1077 3325 1150 3380 ad
1193 3326 1300 3380 hoc
1340 3325 1622 3381 volvimus
1664 3327 2062 3398 quaestionem,
2089 3330 2154 3380 ut

463 3411 877 3482 intelligamus,
907 3412 954 3466 si
977 3429 1302 3484 possumus,
1333 3431 1506 3486 quam
1545 3418 1695 3470 recte
1729 3415 1802 3470 sit
1831 3415 2066 3470 scientia
2093 3416 2152 3470 in

462 3499 557 3554 illa
589 3499 920 3555 definitione
954 3501 1185 3557 musicae
1213 3504 1394 3574 posita
1419 3521 1432 3571 ;
1463 3520 1635 3576 quam
1666 3504 1712 3558 si
1741 3521 1938 3560 omnes
1964 3505 2152 3560 tibici-

465 3605 568 3644 nes
597 3592 653 3644 et
679 3588 958 3659 ﬁdicines,
990 3594 1046 3645 et
1070 3590 1128 3646 id
1150 3607 1331 3664 genus
1351 3592 1447 3647 alii
1478 3593 1721 3664 quilibet
1747 3593 1982 3664 habent,
2008 3594 2153 3649 nihil

465 3677 572 3732 ista
597 3677 897 3750 disciplina
922 3682 1066 3750 puto
1095 3697 1217 3736 esse
1246 3680 1432 3748 vilius,
1470 3681 1614 3737 nihil
1645 3682 1936 3755 abjectius.

535 3769 586 3822 8.
622 3767 727 3822 Sed
772 3767 1004 3823 attende
1052 3785 1226 3840 quam
1265 3770 1719 3842 diligentissime,
1750 3776 1815 3827 ut
1857 3773 2007 3845 quod
2053 3772 2152 3828 diu

457 3856 578 3928 jam
616 3855 890 3911 molimur
924 3861 1219 3929 appareat.
1259 3860 1418 3915 Certe
1449 3859 1603 3915 enim
1623 3860 1746 3932 jam
1776 3861 1920 3916 mihi
1951 3863 2154 3918 dedisti

467 3946 526 3999 in
557 3945 677 4000 solo
701 3946 892 4001 animo
912 3946 1172 4004 habitare
1191 3948 1508 4006 scientiam.
1532 3953 1596 4005 D.
1627 3950 1833 4016 Quidni
1857 3951 2154 4007 dederim?

459 4035 532 4090 Μ.
568 4033 755 4099 Quid?
795 4051 1025 4090 sensum
1074 4037 1300 4093 aurium
1331 4038 1620 4109 animone,
1667 4057 1741 4094 an
1786 4041 2029 4112 corpori,
2077 4057 2151 4096 an

460 4123 692 4194 utrique
731 4123 1027 4179 concedis?
1066 4128 1128 4180 D.
1173 4126 1426 4197 Utrique.
1471 4129 1546 4183 M.
1589 4127 1736 4192 Quid
1777 4128 2154 4183 memoriam?

461 4215 524 4266 D.
545 4211 750 4266 Animo
784 4215 920 4283 puto
947 4227 1066 4268 esse
1096 4213 1479 4270 tribuendam.
1504 4215 1627 4269 Non
1658 4215 1812 4270 enim
1841 4215 1888 4270 si
1909 4233 2010 4288 per
2029 4233 2154 4270 sen-

471 4315 566 4353 sus
607 4299 954 4370 percipimus
995 4301 1206 4372 aliquid
1253 4303 1406 4373 quod
1451 4304 1742 4359 memorias
1787 4305 2154 4360 commenda-

465 4401 614 4450 mus,
659 4385 788 4440 ideo
835 4387 894 4440 in
948 4403 1180 4460 corpore
1233 4390 1512 4445 memoria
1565 4407 1686 4446 esse
1742 4394 1993 4465 putanda
2047 4399 2151 4451 est.

464 4477 538 4531 M.
573 4475 773 4545 Magna
792 4474 1028 4530 fortasse
1053 4476 1159 4532 ista
1181 4479 1418 4551 quaestio
1449 4483 1549 4547 est,
1577 4496 1763 4552 neque
1788 4482 1921 4538 huic
1949 4500 2157 4555 oppor-

465 4567 606 4618 tuna
651 4566 920 4620 sermoni.
969 4565 1074 4622 Sed
1117 4567 1270 4639 quod
1315 4568 1612 4641 proposito
1643 4573 1728 4625 sat
1765 4573 1866 4638 est,
1907 4575 2050 4642 puto
2099 4576 2156 4627 te

466 4667 676 4722 negare
704 4669 819 4708 non
847 4670 1030 4726 posse,
1064 4656 1273 4712 bestias
1302 4657 1511 4713 habere
1541 4659 1894 4715 memoriam.
1930 4660 2070 4715 Nam
2101 4665 2159 4716 et

471 4739 635 4794 nidos
663 4745 788 4812 post
810 4758 1024 4798 annum
1069 4745 1324 4801 revisunt
1359 4746 1716 4817 hirundines,
1748 4753 1807 4805 et
1832 4749 1900 4805 de
1930 4750 2158 4821 capellis

468 4828 761 4884 verissime
792 4831 1003 4887 dictum
1035 4839 1119 4889 est
1145 4851 1160 4890 :

593 4925 761 4990 Atque
791 4927 918 4992 ipsa:
948 4942 1205 4983 memores
1233 4933 1458 4984 redeunt
1483 4934 1536 4984 in
1569 4937 1704 4985 tecta
1737 4935 1969 4999 capellas.

1302 5003 1508 5068 (Georg.
1542 5004 1629 5054 lib.
1663 5008 1710 5065 3,
1738 5019 1784 5056 υ.
1813 5006 1948 5069 316.)

470 5087 536 5141 Et
561 5087 716 5142 canis
741 5087 974 5142 heroem
1005 5089 1325 5162 dominum,
1351 5094 1470 5164 jam
1504 5095 1620 5149 suis
1650 5095 1980 5150 hominibus
2011 5097 2158 5151 obli-

466 5178 593 5229 tum
621 5177 1015 5247 rccognovisse
1043 5180 1386 5249 praedicatur
1405 5183 1668 5252 (Odyssea:
1690 5201 1734 5251 ρ,
1757 5201 1808 5239 υ.
1838 5189 1931 5240 291
1962 5187 2154 5257 seqq.).

471 5265 538 5319 Et
582 5265 1043 5334 innumerabilia,
1085 5268 1131 5322 si
1179 5269 1437 5338 velimus,
1468 5273 1913 5329 animadvertere
1961 5292 2158 5345 possu-

469 5369 618 5421 mus,
651 5355 857 5425 quibus
879 5355 936 5411 id
966 5357 1120 5428 quod
1153 5357 1280 5413 dico
1308 5359 1674 5415 manifestum
1701 5368 1801 5417 est.
1831 5367 1894 5418 D.
1919 5365 2029 5418 Nec
2053 5381 2159 5436 ego

475 5440 624 5496 istud
650 5457 823 5514 nego,
851 5447 909 5499 et
943 5445 1077 5517 quid
1110 5449 1164 5501 te
1202 5447 1454 5518 adjuvet,
1483 5449 1852 5506 vehementer
1879 5457 2156 5524 exspecto.

537 5547 548 5577 ¹
593 5547 897 5606 Verborum,
926 5550 1072 5613 juxta
1101 5554 1220 5601 Mss.
1255 5553 1290 5602 .\
1319 5557 1369 5602 et
1402 5555 1450 5602 ll.
1553 5556 1616 5604 Μ.

1724 282 1818 338 DE
1855 281 2141 352 MUSICA,
2184 281 2237 340 S.
2281 277 2664 339 AUGUSTINI

3828 281 3846 330 Ι
3859 278 3958 330 088

2256 409 2329 462 Μ.
2362 402 2509 469 Quid
2557 403 2744 474 putas,
2774 397 2886 454 nisi
2932 398 3088 471 quod
3127 397 3421 454 scientiam
3471 398 3572 470 qui
3621 399 3730 454 soli
3763 398 3954 454 animo

2257 493 2479 560 tribuit,
2519 505 2761 561 eamque
2804 487 3072 543 omnibus
3103 487 3526 543 irrationalibus
3564 487 3960 543 animantibus

2258 582 2478 648 adimit,
2511 595 2697 651 neque
2725 577 2785 632 in
2815 593 2982 632 sensu
3013 593 3159 638 eam,
3192 593 3376 649 neque
3401 576 3463 632 in
3489 578 3778 632 memoria
3805 578 3956 647 (nam

2257 671 2402 727 illud
2447 685 2561 724 non
2616 672 2700 724 est
2747 666 2868 722 sine
2909 682 3167 737 corpore,
3219 671 3276 720 et
3320 670 3628 738 utrumque
3677 666 3856 722 etiam
3904 667 3956 722 in

2257 759 2438 815 bestia
2480 757 2603 828 est),
2637 757 2733 812 sed
2782 756 2842 811 in
2891 755 3010 811 solo
3058 755 3348 810 intellectu
3396 755 3730 810 collocavit?
3777 759 3852 811 D.
3901 757 3959 810 Et

2257 848 2365 903 hoc
2407 851 2668 918 exspecto
2716 845 2856 916 quid
2905 849 2961 900 te
3004 845 3251 916 adjuvet.
3301 846 3374 900 Μ.
3424 844 3574 899 Nihil
3625 844 3809 911 aliud,
3853 845 3958 899 nisi

2259 952 2457 992 omnes
2483 934 2582 1007 qui
2611 949 2841 989 sensum
2871 937 3210 1004 sequuntur,
3243 936 3294 986 et
3326 933 3478 1004 quod
3507 933 3566 986 in
3595 949 3663 987 eo
3689 933 3956 997 delectat,

2257 1024 2550 1079 memoriae
2597 1021 3018 1088 commendant,
3067 1024 3236 1092 atque
3285 1020 3598 1075 secundum
3644 1019 3705 1074 id
3753 1037 3958 1092 corpus

2258 1115 2572 1178 moventes,
2602 1110 2719 1165 vim
2744 1109 3053 1181 quamdam
3083 1107 3420 1163 imitationis
3449 1109 3813 1180 adjungunt;
3847 1125 3960 1163 non

2259 1219 2354 1257 eos
2378 1202 2588 1256 habere
2627 1198 2943 1265 scientiam,
2975 1197 3234 1270 quamvis
3261 1197 3438 1268 perite
3480 1215 3544 1252 ac
3581 1199 3748 1253 docte
3781 1198 3961 1253 multa

2258 1291 2442 1346 facere
2471 1289 2790 1351 videantur,
2824 1287 2871 1342 si
2900 1303 3021 1341 rem
3058 1287 3238 1358 ipsam
3280 1303 3452 1358 quam
3484 1285 3838 1358 proﬁtentur
3868 1292 3966 1340 aut

2259 1379 2544 1445 exhibent,
2574 1377 2896 1432 intellectus
2924 1376 3172 1446 puritate
3201 1390 3266 1428 ac
3292 1375 3530 1429 veritate
3558 1391 3676 1429 non
3701 1378 3963 1429 teneant.

2258 1471 2331 1524 At
2359 1467 2406 1522 si
2446 1468 2588 1522 tales
2633 1482 2752 1522 esse
2796 1465 2930 1519 istos
2976 1463 3281 1518 theatricos
3325 1463 3616 1535 operarios
3657 1462 3813 1518 ratio
3866 1464 3966 1519 de-

2259 1555 2687 1622 monstraverit;
2733 1553 2877 1609 nihil
2927 1554 3054 1622 erit,
3087 1557 3148 1606 ut
3195 1551 3414 1623 opinor,
3455 1568 3556 1606 cur
3600 1552 3835 1607 dubites
3887 1553 3967 1606 eis

2260 1659 2470 1714 negare
2497 1642 2814 1712 scientiam,
2851 1646 2909 1697 et
2949 1642 3022 1696 ob
3065 1643 3173 1696 hoc
3217 1641 3515 1705 musicam,
3548 1657 3678 1713 qua:
3722 1641 3966 1695 scientia

2260 1731 2595 1788 modulandi
2647 1735 2750 1798 est,
2800 1746 3164 1802 nequaquam
3215 1730 3539 1786 concedere.
3602 1733 3666 1785 D.
3727 1729 3968 1801 Explica

2261 1822 2398 1888 hoc;
2430 1819 2920 1891 videamus:quale
2950 1819 3042 1875 sit.

2333 1913 2386 1966 9.
2426 1911 2500 1966 M.
2536 1909 2898 1964 Mobilitatem
2927 1907 3240 1978 digitorum
3263 1907 3594 1964 celeriorem
3628 1908 3715 1962 vel
3742 1908 3965 1980 pigrio—

2261 2014 2385 2053 rem
2409 1998 2577 2053 credo
2616 2001 2672 2052 te
2702 2014 2816 2052 non
2855 1997 3123 2063 scientias,
3155 1997 3251 2052 sed
3281 1997 3410 2051 usui
3451 1998 3606 2053 dare.
3637 2000 3700 2052 D.
3738 1999 3856 2052 Cur
3883 1998 3966 2051 ita

2261 2085 2444 2163 credis
2472 2085 2567 2140 id?
2595 2087 2669 2142 Μ.
2705 2085 2846 2150 Quia
2874 2084 3136 2158 superius
3164 2085 3268 2139 soli
3305 2086 3496 2140 animo
3531 2085 3828 2140 scientiam
3859 2085 3966 2139 tri-

2260 2173 2498 2240 buebas,
2543 2173 2652 2227 hoc
2689 2177 2881 2227 autem
2919 2189 3248 2244 quanquam
3291 2172 3610 2243 imperante
3641 2173 3838 2226 animo
3871 2177 3968 2226 ta-

2261 2279 2397 2317 men
2425 2278 2547 2317 esse
2586 2261 2838 2333 corporis
2875 2261 3050 2316 vides.
3096 2265 3161 2316 D.
3202 2261 3309 2316 Sed
3340 2277 3472 2315 cum
3510 2260 3690 2316 sciens
3731 2261 3968 2315 animus

2260 2351 2370 2407 hoc
2396 2351 2642 2423 imperat
2665 2350 2912 2422 corpori,
2947 2349 3129 2422 magis
3161 2349 3270 2404 hoc
3305 2349 3507 2404 scienti
3535 2349 3747 2413 animo,
3783 2365 3967 2420 quam

2262 2441 2635 2496 servientibus
2683 2439 2956 2494 membris
2999 2439 3368 2494 tribuendum
3415 2442 3578 2508 puto.
3628 2440 3704 2494 Μ.
3757 2439 3968 2492 Nonne

2262 2546 2457 2585 censes
2503 2545 2669 2601 posse
2711 2528 2837 2583 ﬁeri
2874 2531 2940 2582 ut
2976 2544 3126 2582 unus
3171 2528 3347 2582 alium
3387 2527 3622 2582 scientia
3650 2529 3968 2598 praecedat,

2263 2635 2390 2674 cum
2422 2618 2518 2674 ille
2557 2617 2876 2689 imperitior
2901 2617 3084 2672 multo
3132 2616 3352 2671 facilius
3382 2620 3439 2670 et
3467 2616 3784 2688 expeditius
3813 2617 3966 2687 digi-

2262 2712 2350 2762 tos
2389 2710 2652 2762 moveat?
2681 2711 2742 2762 D.
2779 2707 3011 2762 Censeo.
3044 2708 3126 2763 Μ.
3163 2707 3236 2760 At
3273 2705 3320 2758 si
3360 2709 3552 2759 motus
3581 2706 3731 2760 celer
3769 2710 3831 2759 et
3868 2723 3965 2760 ex-

2262 2796 2512 2868 peditior
2541 2795 2848 2868 digitorum
2879 2795 3128 2850 scientias
3154 2794 3490 2849 tribuendus
3514 2798 3680 2863 esset,
3712 2797 3878 2848 tanto
3905 2795 3965 2849 in

2263 2902 2331 2941 eo
2362 2885 2602 2958 quisque
2633 2885 2950 2952 excelleret,
2982 2887 3196 2956 quanto
3228 2887 3378 2938 esset
3399 2883 3688 2938 scientior.
3723 2886 3785 2938 D.
3814 2884 3965 2938 Con-

2263 2974 2420 3030 cedo.
2451 2977 2526 3030 M.
2561 2973 2803 3029 Attende
2834 2973 3006 3028 etiam
3043 2973 3214 3027 istud.
3259 2973 3401 3027 Nam
3442 2972 3648 3044 opinor
3683 2989 3965 3027 nonnun-

2263 3078 2435 3136 quam
2452 3066 2507 3118 te
2528 3061 2998 3118 animadvertisse
3020 3061 3229 3128 fabros,
3252 3061 3341 3116 vel
3362 3061 3963 3133 hujusmodiopiﬁces,

2263 3153 2413 3207 ascia
2451 3151 2566 3206 sive
2612 3151 2796 3206 securi
2837 3151 3106 3206 eumdem
3146 3151 3334 3206 locum
3377 3150 3634 3206 feriendo
3676 3156 3964 3221 repetere,

2263 3245 2321 3296 et
2347 3256 2464 3295 non
2492 3240 2602 3295 alio
2635 3256 2806 3312 quam
2834 3256 2902 3294 eo
2938 3256 3053 3312 quo
3081 3240 3329 3294 intendit
3361 3238 3586 3294 animus
3615 3238 3793 3294 ictum
3824 3257 3966 3311 per-

2263 3330 2500 3397 ducere;
2529 3329 2681 3400 quod
2724 3345 2831 3383 nos
2861 3332 3144 3384 tentantes
3189 3343 3320 3382 cum
3366 3328 3963 3400 assequifnequimus,

2265 3416 2334 3470 ab
2365 3417 2444 3470 eis
2484 3434 2635 3489 saepe
2663 3417 2988 3472 irridemur.
3021 3420 3085 3472 D.
3130 3417 3214 3472 lta
3259 3420 3344 3472 est
3371 3421 3437 3472 ut
3473 3417 3634 3472 dicis.
3683 3420 3759 3473 M.
3815 3420 3965 3490 Ergo

2263 3522 2392 3560 cum
2421 3505 2480 3560 id
2508 3523 2612 3560 nos
2641 3507 2824 3561 facere
2854 3522 2969 3561 non
3005 3506 3278 3574 valemus,
3312 3506 3591 3578 numquid
3625 3507 3968 3578 ignoramus

2263 3594 2404 3667 quid
2427 3594 2585 3649 feriri
2619 3595 2840 3662 debeat,
2871 3595 2958 3649 vel
2988 3600 3268 3666 quantum
3307 3595 3510 3650 debeat
3539 3596 3866 3667 amputari?
3897 3600 3966 3652 D.

2264 3687 2424 3755 Saepe
2449 3684 2799 3756 ignoramus,
2831 3699 2982 3755 saepe
3023 3683 3252 3738 scimus.
3287 3688 3358 3740 Μ.
3394 3685 3500 3738 Fac
3537 3701 3674 3756 ergo
3705 3685 3968 3757 aliquem

2263 3789 2430 3828 nosse
2471 3773 2686 3840 omnia,
2727 3789 2856 3845 qua:
2899 3771 3045 3828 fabri
3089 3773 3272 3828 facere
3319 3773 3582 3841 debeant,
3614 3777 3669 3828 et
3711 3775 3968 3844 perfecte

2207 3926 2214 3933 η
2263 3879 2452 3931 nosse,
2500 3862 2692 3917 minus
2744 3866 2938 3916 tamen
2999 3863 3187 3916 valere
3238 3862 3299 3916 in
3345 3878 3550 3933 Opere;
3599 3863 3694 3917 sed
3747 3863 3967 3919 eisdem

2264 3951 2403 4022 ipsis
2442 3951 2542 4022 qui
2569 3950 2836 4006 facillime
2865 3955 3196 4022 operantur,
3228 3951 3412 4006 multa
3448 3951 3661 4006 dictare
3699 3953 3968 4008 solertius

2265 4055 2440 4112 quam
2465 4035 2550 4094 illi
2579 4056 2684 4111 per
2702 4057 2760 4094 se
2786 4040 3044 4112 judicare
3066 4039 3086 4073 ⁸
3115 4044 3376 4112 possent;
3405 4056 3479 4095 an
3507 4040 3566 4095 id
3595 4057 3703 4095 usu
3735 4043 3968 4096 evenire

2263 4131 2477 4202 negas?
2503 4133 2565 4184 D.
2615 4131 2740 4184 Non
2778 4145 2948 4200 nego.
2989 4132 3063 4185 Μ.
3108 4131 3233 4184 Non
3272 4129 3449 4200 igitur
3477 4129 3662 4184 solum
3695 4130 3967 4184 movendi

2265 4219 2523 4273 celeritas
2563 4223 2731 4290 atque
2759 4217 3019 4282 facilitas,
3067 4218 3166 4273 sed
3217 4218 3386 4272 etiam
3440 4217 3714 4273 motionis
3762 4219 3968 4273 modus

2266 4307 2386 4378 ipse
2413 4306 2473 4360 in
2503 4307 2794 4374 membris,
2827 4307 2959 4362 usui
2989 4307 3180 4378 potius
3219 4323 3390 4379 quam
3421 4307 3675 4362 scientiae
3704 4307 3965 4362 tribuen-

2265 4395 2369 4451 dus
2399 4399 2500 4450 est.
2534 4396 2674 4451 Nam
2705 4395 2753 4449 si
2783 4395 2950 4451 aliter
2980 4400 3143 4460 esset,
3177 4413 3245 4450 eo
3275 4396 3520 4468 quisque
3547 4395 3815 4450 manibus
3845 4412 3967 4450 me-

2267 4485 2376 4538 lius
2400 4489 2659 4540 uteretur
2688 4501 2802 4556 quo
2830 4488 2976 4539 esset
3009 4484 3282 4556 peritior:
3328 4485 3484 4556 quod
3523 4484 3652 4538 licet
3685 4485 3756 4538 ad
3799 4485 3969 4538 tibias.

2267 4573 2577 4628 citharasve
2607 4574 2942 4643 referamus,
2967 4590 3039 4629 ne
3064 4573 3217 4646 quod
3247 4573 3328 4628 ibi
3347 4572 3510 4644 digiti
3538 4577 3709 4644 atque
3741 4574 3968 4627 articuli

2268 4662 2502 4729 faciunt,
2536 4663 2671 4735 quia
2700 4663 2930 4719 difﬁcile
2970 4663 3135 4719 nobis
3164 4667 3268 4724 est,
3302 4662 3538 4717 scientia
3571 4662 3766 4733 potius
3791 4680 3969 4734 quam

2267 4767 2377 4807 usu
2405 4756 2462 4808 et
2488 4752 2684 4808 sedula
2710 4751 3030 4808 imitatione
3054 4768 3118 4806 ac
3138 4751 3508 4806 meditatione
3529 4749 3648 4804 ﬁeri
3670 4755 3967 4820 putemus.

2268 4845 2335 4896 D.
2366 4842 2489 4896 Non
2521 4857 2669 4913 queo
2699 4841 2989 4908 resistere;
3019 4856 3151 4895 nam
3192 4844 3247 4894 et
3287 4838 3536 4894 medicos
3572 4838 3774 4893 audire
3814 4841 3969 4893 soleo

2271 4930 2624 4986 doctissimos
2654 4931 2819 4997 viros,
2855 4945 3001 5000 saepe
3032 4930 3093 4984 in
3115 4929 3392 4994 secandis,
3422 4929 3508 4982 vel
3531 4944 3768 4999 quoquo
3794 4929 3970 4982 modo

2269 5019 2713 5091 comprimendis
2735 5019 3029 5087 membris,
3060 5019 3120 5072 in
3144 5035 3210 5073 eo
3231 5018 3384 5089 quod
3401 5033 3571 5071 manu
3595 5033 3660 5069 ac
3676 5017 3826 5070 ferro
3849 5017 3969 5084 ﬁat,

2269 5107 2340 5162 ab
2380 5106 2826 5177 imperitioribus
2854 5105 3145 5160 antecedi.
3178 5105 3329 5176 quod
3362 5120 3540 5175 genus
3569 5104 3804 5157 curandi
3852 5104 3967 5157 chi-

2269 5196 2522 5268 rurgiam
2556 5194 2870 5261 nominant,
2895 5193 3284 5265 quovocabulo
3309 5194 3442 5247 satis
3467 5192 3824 5263 signiﬁcatur
3850 5209 3970 5264 ope-

2269 5285 2418 5340 raria
2445 5283 2786 5356 quaedamin
2809 5283 3074 5336 manibus
3097 5283 3364 5336 medendi
3385 5283 3761 5337 consuetudo.
3791 5285 3970 5352 Perge

2270 5375 2460 5446 itaque
2491 5374 2561 5428 ad
2593 5377 2815 5438 caetera,
2840 5377 2896 5426 et
2916 5371 3036 5443 jam
3057 5371 3224 5426 istam
3251 5371 3465 5426 conﬁce
3491 5370 3899 5441 quaestionem.

2336 5501 2348 5532 ι
2379 5499 2436 5546 ln
2467 5500 2541 5556 13.,
2565 5495 2830 5557 indicare;
2857 5497 2932 5545 sic
2952 5496 3107 5546 etiam
3127 5497 3250 5545 Lov.
3277 5509 3290 5553 ;
3313 5500 3365 5544 at
3390 5495 3472 5544 Er.
3502 5494 3666 5554 Lugd.
3692 5495 3824 5543 \‘cn.
3848 5497 3966 5545 Mss.

2273 5561 2312 5610 Λ
2343 5564 2388 5608 et
2424 5562 2474 5608 Β.
2500 5559 2760 5621 judicare
2831 5561 2900 5608 Μ.
3429 5591 3432 5594 -
