4064 6352
113 317 250 368 1089

215 439 439 494 CAPUT
470 439 529 494 V.
557 467 626 479 --
656 439 854 494 Sensus
890 439 1114 494 musices
1142 452 1214 494 an
1243 439 1377 494 insit
1405 453 1440 494 a
1473 442 1694 495 natura.

181 539 270 592 lO.
301 538 382 592 M.
420 536 571 590 Illud
607 541 804 604 restat,
852 540 917 591 ut
963 535 1188 608 opinor,
1238 542 1304 591 ut
1349 536 1731 609 inveniamus,
1759 537 1807 592 si

99 641 436 696 possumus,
469 626 570 679 has
599 625 752 696 ipsas
783 629 930 680 artes
961 642 1089 698 qua:
1114 626 1277 680 nobis
1315 642 1419 698 per
1452 642 1653 681 manus
1685 628 1805 698 pla-

98 720 241 769 cent.
271 711 290 746 ί
322 719 385 768 ut
411 713 565 768 illius
609 730 744 768 usus
797 718 1058 785 potentes
1111 718 1318 780 essent,
1375 731 1487 770 non
1535 716 1804 772 continuo

101 803 427 868 scientiam,
485 803 582 857 sed
640 819 869 857 sensum
925 820 989 857 ac
1042 804 1381 858 memoriam
1421 810 1686 860 secutas:
1734 822 1805 861 ne

98 893 255 947 forte
285 891 428 946 mihi
459 891 610 946 dicas
638 891 765 946 ﬁeri
803 892 1038 962 quidem
1068 909 1254 963 posse,
1303 897 1366 946 ut
1406 893 1640 947 scientia
1684 891 1804 946 sine
1832 915 1838 921 ·

103 997 216 1036 usu
251 981 341 1040 sit.
370 986 426 1034 et
454 981 638 1050 major
675 979 1015 1051 plerumque
1046 997 1220 1052 quam
1251 987 1336 1036 est
1361 983 1422 1036 in
1452 981 1532 1037 eis
1566 981 1668 1054 qui
1696 996 1805 1035 usu

101 1071 429 1137 excellunt;
459 1070 559 1123 sed
589 1073 782 1123 tamen
806 1067 976 1123 etiam
1006 1069 1104 1124 illo
1132 1070 1205 1124 ad
1235 1087 1404 1126 usum
1434 1074 1659 1126 tantum
1686 1086 1805 1125 non

97 1159 358 1231 potuisse
383 1158 504 1212 sine
534 1159 652 1212 ulla
679 1156 916 1212 scientia
962 1159 1282 1230 pervenire.
1321 1163 1378 1216 Ι).
1433 1161 1759 1232 Aggredere
1786 1176 1799 1214 :

100 1261 243 1299 nam
274 1245 354 1298 ita
383 1243 578 1298 deberi
607 1243 974 1298 manifestum
1004 1249 1108 1300 est.
1139 1247 1244 1315 Μ.Ξ
1268 1246 1647 1318 Nunquamne
1696 1247 1804 1301 hu-

91 1332 355 1404 jusmodi
384 1331 692 1387 histriones
722 1332 932 1388 audisti
961 1333 1380 1390 studiosius?D.
1409 1336 1542 1390 Plus
1563 1336 1802 1391 fortasse

98 1438 281 1493 quam
295 1422 516 1475 vellem.
533 1422 607 1477 M.
627 1421 784 1475 Unde
801 1421 925 1475 fieri
938 1426 1127 1492 putas,
1142 1427 1206 1476 ut
1217 1422 1486 1494 imperita
1498 1422 1803 1478 multitudo

98 1509 376 1579 explodet
407 1525 556 1580 smpe
587 1507 878 1563 tibicinem
900 1509 1234 1579 nugatorios
1257 1526 1426 1565 sonos
1447 1509 1803 1576 efferentem;

98 1613 453 1669 rursumque
482 1598 718 1669 plaudat
747 1598 890 1652 bene
915 1598 1162 1665 canenti,
1209 1602 1265 1652 et
1310 1615 1542 1669 prorsus
1588 1603 1802 1671 quanto

99 1685 338 1740 suavius
367 1685 616 1756 canitur,
631 1690 789 1740 tanto
812 1685 1057 1758 amplius
1074 1693 1132 1741 et
1152 1686 1458 1742 studiosius
1478 1689 1804 1742 moveatur?

103 1774 542 1846 Numquidnam
569 1774 626 1830 id
656 1791 689 1829 a
715 1776 885 1846 vulgo
915 1791 1018 1846 per
1048 1779 1227 1830 artem
1259 1777 1534 1830 musicam
1553 1777 1804 1831 ﬁericre—

102 1864 360 1919 dendum
391 1864 519 1919 est?
545 1867 609 1920 D.
646 1865 788 1919 Non.
831 1867 905 1920 M.
953 1864 1098 1929 Quid
1145 1864 1368 1936 igitur?
1392 1866 1462 1919 D.
1505 1867 1716 1921 Natura
1745 1865 1803 1920 id

103 1953 231 2008 fieri
263 1958 422 2024 puto,
457 1969 586 2024 qua:
617 1953 882 2008 omnibus
913 1953 1068 2008 dedit
1096 1969 1327 2008 sensum
1356 1954 1645 2023 audiendi,
1689 1971 1801 2025 quo

101 2041 212 2096 ista
234 2042 591 2113 judicantur.
628 2043 701 2096 M.
739 2041 906 2096 Recte
937 2047 1123 2114 putas.
1154 2042 1260 2096 Sed
1284 2042 1406 2113 jam
1438 2043 1614 2098 etiam
1657 2042 1801 2097 illud

101 2130 252 2198 vide,
289 2134 484 2185 utrum
515 2134 571 2184 et
598 2130 811 2185 tibicen
840 2131 960 2202 ipse
1010 2131 1116 2186 hoc
1171 2147 1340 2186 sensu
1396 2133 1668 2203 praeditus
1706 2131 1800 2186 sit.

99 2219 263 2284 Quod
292 2219 341 2274 si
370 2220 452 2274 ita
476 2224 580 2288 est,
612 2223 802 2291 potest
831 2221 953 2291 ejus
986 2237 1230 2290 sequens
1255 2221 1541 2292 judicium
1571 2236 1800 2275 movere

100 2308 309 2380 digitos
336 2325 467 2363 cum
497 2307 665 2364 tibias
695 2308 1000 2371 inﬂaverit,
1057 2312 1113 2362 et
1141 2309 1294 2379 quod
1324 2309 1459 2363 satis
1501 2309 1800 2364 commode

95 2414 200 2470 pro
231 2397 473 2453 arbitrio
501 2399 778 2467 sonuerit,
801 2398 858 2453 id
879 2402 1076 2453 notare
1099 2415 1163 2452 ac
1183 2399 1460 2453 mandare
1483 2399 1799 2468 memoriae,

99 2493 267 2559 atque
300 2487 358 2542 id
391 2489 700 2559 repetendo
732 2488 1128 2542 consuefacere
1159 2487 1363 2558 digitos
1394 2503 1462 2542 eo
1513 2488 1650 2542 ferri
1679 2488 1801 2543 sine

103 2577 213 2630 ulla
237 2576 620 2648 trepidatione
655 2581 713 2632 et
759 2593 970 2644 errore,
1018 2579 1133 2630 sive
1188 2577 1258 2630 ab
1315 2576 1426 2632 alio
1454 2576 1692 2648 accipiat
1742 2577 1802 2632 id

99 2666 250 2738 quod
281 2670 490 2733 cantet,
523 2666 637 2721 sive
670 2666 790 2738 ipse
819 2665 1096 2733 inveniat,
1128 2665 1305 2720 illade
1337 2681 1450 2738 qua
1479 2665 1692 2721 dictum
1718 2671 1804 2722 est

100 2754 341 2808 ducente
373 2759 542 2826 atque
574 2755 924 2825 approbante
949 2757 1174 2808 natura.
1199 2755 1396 2825 Itaque
1418 2770 1548 2808 cum
1570 2771 1802 2810 sensum

102 2844 401 2910 memoria,
437 2843 747 2915 etZarticuli
780 2843 1116 2897 memoriam
1166 2849 1509 2914 sequuntur,
1549 2860 1654 2898 usu
1683 2844 1800 2916 jam

101 2933 342 2988 edomiti
371 2937 542 3004 atque
571 2931 879 3004 praeparati
903 2948 916 2999 ;
951 2931 1105 2986 canit
1132 2948 1263 2986 cum
1284 2933 1404 2986 vult
1419 2936 1574 2987 tanto
1594 2933 1801 2987 melius

100 3025 268 3094 atque
289 3022 622 3094 jucundius,
658 3026 871 3093 quanto
918 3021 1030 3075 illis
1080 3021 1346 3075 omnibus
1390 3026 1625 3092 praestat
1671 3039 1799 3094 qua:

105 3112 367 3184 superius
397 3112 542 3167 ratio
571 3112 763 3167 docuit
789 3128 926 3166 cum
948 3111 1142 3166 bestiis
1174 3128 1276 3166 nos
1308 3113 1517 3167 habere
1551 3128 1802 3168 commu-

105 3201 216 3271 nia,
249 3201 573 3273 appetitum
601 3201 810 3255 scilicet
829 3200 1110 3268 imitandi,
1140 3217 1368 3255 sensum
1399 3206 1567 3272 atque
1582 3218 1800 3256 memo-

106 3290 268 3348 riam.
305 3290 599 3361 Numquid
628 3289 802 3344 habes
831 3290 1124 3344 adversum
1175 3289 1283 3343 ista
1315 3291 1470 3360 quod
1508 3290 1702 3346 dicas?
1732 3295 1796 3346 D.

106 3379 215 3450 Ego
247 3395 385 3434 vero
414 3379 559 3433 nihil
590 3378 800 3433 habeo.
837 3379 961 3433 Iam
982 3379 1178 3434 audire
1199 3378 1367 3451 cupio
1397 3379 1804 3451 cujusmodisit

105 3467 198 3522 illa
227 3467 550 3540 disciplina,
583 3483 756 3540 quam
784 3468 1038 3539 profecto
1069 3484 1098 3522 a
1127 3468 1452 3539 cognitione
1500 3468 1799 3523 vilissimo-

107 3572 230 3612 rum
259 3558 586 3612 animorum
618 3557 780 3612 video
814 3555 1182 3611 subtilissime
1213 3556 1576 3612 vindicatam.

141 3664 362 3719 CAPUT
415 3665 498 3720 VI.
533 3695 601 3705 —
630 3665 883 3722 Cantores
915 3665 1202 3719 theatricos
1234 3666 1442 3720 nescire
1470 3667 1756 3720 musicam.

175 3764 258 3816 ll.
291 3763 367 3817 Μ.
404 3760 668 3816 Nondum
680 3765 764 3814 est
779 3760 914 3815 satis
944 3760 1100 3831 quod
1123 3760 1336 3815 factum
1351 3765 1452 3830 est,
1473 3777 1576 3815 nec
1597 3761 1666 3815 ad
1678 3762 1802 3832 ejus

105 3849 540 3920 explicationem
570 3849 810 3904 transire
833 3865 935 3902 nos
969 3848 1171 3914 sinam,
1195 3849 1303 3902 nisi
1316 3849 1799 3920 quemadmodum

104 3938 348 3993 constitit
379 3938 528 3993 inter
556 3955 661 3993 nos
691 3953 857 4009 posse
883 3936 1193 3991 histriones
1251 3937 1374 3991 sine
1426 3936 1535 3992 ista
1565 3938 1802 3994 scientia

108 4026 422 4081 satisfacere
451 4027 733 4098 voluptati
775 4025 1010 4081 aurium
1063 4026 1471 4097 popularium;
1501 4027 1578 4081 ita
1628 4027 1801 4082 etiam

107 4116 257 4170 nullo
288 4116 458 4171 modo
508 4133 629 4171 esse
673 4132 838 4188 posse
884 4113 1189 4169 histriones
1237 4115 1469 4169 musicae
1518 4115 1800 4170 studiosos

107 4205 430 4276 peritosque
460 4204 788 4260 constiterit.
821 4207 884 4259 D.
932 4204 1134 4258 Mirum
1169 4203 1216 4257 si
1247 4204 1355 4258 hoc
1406 4204 1676 4259 effeceris.
1718 4206 1796 4261 M.

110 4293 285 4347 Facile
314 4295 374 4349 id
405 4293 660 4364 quidem,
691 4294 791 4348 sed
821 4293 1124 4348 attentiore
1155 4297 1208 4347 te
1234 4292 1379 4347 mihi
1409 4310 1553 4364 opus
1583 4299 1686 4348 est.
1719 4296 1789 4349 D.

110 4380 415 4453 Nunquam
437 4382 726 4453 equidem,
752 4381 908 4453 quod
937 4381 1129 4448 sciam,
1159 4381 1449 4436 remissior
1477 4383 1537 4438 in
1567 4382 1799 4437 audien-

107 4467 173 4522 do
200 4470 306 4538 fui,
336 4471 407 4525 ab
435 4487 615 4542 usque
647 4487 835 4526 sermo
867 4470 973 4524 iste
1031 4470 1281 4539 sumpsit
1327 4471 1660 4526 exordium:
1702 4469 1799 4525 sed

107 4573 252 4614 nunc
279 4576 398 4628 me,
429 4560 612 4615 fateor
640 4560 822 4614 multo
853 4557 1193 4613 erectiorem
1223 4558 1634 4615 reddidisti.M.
1661 4561 1798 4615 Gra-

107 4650 222 4703 tum
252 4649 460 4717 habeo,
485 4665 813 4721 quanquam
826 4647 998 4702 tibite
1015 4649 1346 4702 commodes
1373 4649 1574 4720 magis.
1601 4651 1796 4720 Itaque

104 4738 401 4808 responde,
433 4737 482 4792 si
510 4738 717 4808 placet,
767 4741 965 4791 utrum
1009 4735 1114 4791 tibi
1159 4735 1421 4791 videatur
1465 4737 1606 4792 scire
1655 4738 1796 4809 quid

105 4825 171 4879 sit
198 4843 406 4882 aureus
435 4825 666 4894 solidus,
700 4825 800 4897 qui
819 4841 954 4880 eum
979 4841 1144 4897 aequo
1192 4824 1377 4896 pretio
1406 4826 1648 4880 vendere
1692 4843 1793 4880 cu-

101 4913 280 4983 piens,
319 4915 514 4970 decem
540 4929 810 4969 nummos
839 4929 972 4969 eum
1001 4914 1188 4968 valere
1217 4913 1550 4985 putaverit?
1579 4917 1641 4969 D.
1693 4915 1796 4970 Cui

100 5000 200 5058 hoc
229 5003 537 5059 videatur?
566 5005 642 5060 M.
675 5004 835 5057 Nunc
874 5019 999 5073 age,
1051 5002 1140 5058 dic
1181 5002 1344 5071 mihi,
1393 5003 1532 5074 quid
1568 5003 1794 5059 charius

100 5089 426 5148 habendum
457 5093 548 5156 sit,
599 5091 754 5162 quod
792 5096 988 5146 nostra
1023 5091 1401 5163 intelligentia
1447 5092 1789 5158 continetur,

105 5195 172 5234 an
203 5182 358 5252 quod
391 5181 798 5236 nobisfortuito
829 5179 1231 5251 imperitorum
1254 5180 1471 5253 judicio
1495 5181 1794 5238 tribuitur?

103 5270 160 5323 1).
192 5270 346 5325 Nulli
386 5271 646 5339 dubium,
679 5274 781 5336 est,
825 5270 995 5340 longe
1042 5268 1186 5324 illud
1225 5270 1477 5342 primum
1521 5276 1794 5342 praestare

103 5359 320 5414 caeteris
353 5359 641 5426 omnibus,
671 5374 800 5430 qua
832 5361 1106 5412 nenostra
1123 5358 1354 5430 quidem
1371 5361 1791 5432 putandasunt.

106 5448 175 5503 Μ.
214 5447 366 5504 Num
408 5464 543 5520 ergo
577 5464 753 5520 negas
782 5462 1014 5502 omnem
1067 5447 1360 5504 scientiam
1412 5449 1794 5522 intelligentia

166 5583 179 5616 ¹
209 5582 309 5632 Ms.
339 5582 401 5642 A,
427 5581 522 5632 has
542 5583 687 5645 ipsas
704 5593 822 5645 qua
844 5581 990 5630 nobis
1014 5580 1324 5644 perplacent
1352 5595 1562 5635 manus.
1629 5585 1697 5633 M.

1587 313 1799 373 LIBER
1857 315 2140 375 PRIMUS.

3481 337 3501 385 l
3513 335 3617 386 090

1917 438 2232 495 contineri?
2251 443 2315 497 Β.
2339 440 2476 506 Quis
2503 446 2675 515 negat
2691 440 2720 497 ?
2741 445 2816 500 Μ.
2850 444 2915 500 Et
2946 445 3162 501 musica
3191 446 3370 518 igitur
3396 450 3477 505 ibi
3504 457 3610 520 est,

1914 531 1981 583 D.
2011 529 2186 584 Video
2216 545 2284 585 ex
2335 531 2456 602 ejus
2503 532 2835 588 deﬁnitione
2864 533 2922 589 id
2968 550 3090 589 esse
3120 550 3494 608 consequens.
3532 542 3609 594 M.

1915 615 2063 681 Quid
2081 618 2108 673 ?
2137 619 2372 688 plausus
2399 621 2598 691 populi
2627 626 2684 677 et
2704 621 2898 676 omnia
2919 622 3015 677 illa
3043 623 3322 678 theatrica
3349 627 3608 696 prmmia,

1915 721 2107 760 nonne
2138 706 2243 761 tibi
2271 723 2339 760 ex
2370 723 2437 762 eo
2465 723 2672 778 genere
2702 711 3001 777 'videntur,
3058 712 3213 784 quod
3243 712 3303 766 in
3332 717 3612 784 potestate

1915 793 2160 849 fortunae
2189 799 2247 850 et
2270 795 2675 865 imperitorum
2697 797 2914 868 judicio
2935 799 3188 870 positum
3221 802 3350 855 est?
3371 805 3433 866 D,
3460 802 3613 857 Nihil

1915 885 2100 954 magis
2129 883 2376 938 arbitror
2405 899 2525 939 esse
2550 885 2844 941 fortuitum
2871 888 3295 960 obnoxiumque
3313 891 3534 944 casibus
3555 895 3610 946 et

1914 972 2152 1042 plebeiae
2181 972 2561 1028 dominationi
2585 974 2934 1046 nutibusque
2960 977 3296 1047 subjectum,
3315 995 3488 1050 quam
3510 979 3612 1034 illa

1915 1064 2045 1113 sunt
2074 1060 2281 1114 omnia.
2303 1063 2378 1116 M.
2400 1061 2644 1116 Hoccine
2666 1062 2842 1133 igitur
2861 1064 3048 1133 pretio
3079 1071 3276 1120 cantus
3307 1085 3439 1122 suos
3468 1085 3608 1124 ven-

1913 1147 2114 1202 derent
2140 1149 2469 1220 histriones,
2499 1150 2549 1205 si
2579 1150 2858 1206 musicam
2888 1151 3139 1207 scirent?
3157 1157 3222 1209 D.
3256 1157 3381 1209 Non
3401 1172 3607 1226 parum

1913 1235 2148 1307 quidem
2197 1237 2302 1292 hac
2347 1239 2714 1293 conclusione
2769 1255 3147 1308 commoveor,
3199 1242 3297 1296 sed
3345 1244 3606 1298 nonnihil

1911 1323 2092 1380 habeo
2123 1327 2278 1398 quod
2299 1327 2698 1382 contradicam.
2722 1329 2866 1384 Nam
2889 1328 2984 1385 ille
3003 1329 3261 1384 venditor
3288 1330 3455 1385 solidi
3476 1348 3604 1386 cum

1911 1411 2018 1467 isto
2063 1415 2482 1485 comparandus
2537 1432 2657 1470 non
2705 1416 2930 1471 videtur
2962 1434 2975 1472 :
3008 1433 3125 1471 non
3174 1417 3328 1505 opim
3376 1425 3604 1491 accepto

1911 1499 2116 1571 plausu
2145 1506 2244 1556 aut
2270 1503 2523 1573 qualibet
2551 1503 2660 1558 sibi
2692 1504 2898 1576 largita
2938 1506 3180 1576 pecunia
3210 1499 3531 1575 scientiam,
3559 1509 3607 1562 si

1911 1603 2084 1658 quam
2100 1587 2243 1644 forte
2267 1590 2441 1646 habet
2460 1607 2574 1662 qua
2601 1591 2882 1662 populum
2913 1593 3233 1660 delectavit,
3261 1593 3490 1664 amittit;
3511 1596 3609 1650 sed

1917 1676 2178 1731 onustior
2213 1694 2472 1748 nummo,
2504 1683 2560 1734 et
2588 1680 2756 1735 laude
2783 1680 3089 1736 hominum
3120 1681 3326 1749 laetior,
3359 1699 3491 1738 cum
3511 1699 3606 1739 ea-

1912 1764 2044 1820 dem
2075 1765 2374 1838 disciplina
2400 1768 2676 1823 incolumi
2704 1779 2873 1840 atque
2905 1768 3132 1841 integra
3159 1770 3397 1826 domum
3427 1772 3606 1828 disce-

1909 1852 1994 1908 dit
2024 1869 2037 1908 :
2071 1855 2276 1909 stultus
2307 1860 2498 1910 autem
2528 1861 2694 1923 esset,
2727 1856 2774 1910 si
2803 1859 3104 1912 commoda
3133 1857 3234 1913 illa
3275 1863 3604 1918 contemne-

1910 1946 2018 2008 ret,
2051 1957 2182 2013 quae
2210 1958 2325 1997 non
2369 1944 2610 2015 adeptus
2665 1945 2847 1998 multo
2896 1949 3042 2000 esset
3079 1945 3389 2017 ignobilior
3433 1952 3605 2019 atque

1909 2030 2246 2101 pauperior;
2279 2032 2519 2102 adeptus
2551 2036 2741 2087 autem
2772 2032 2952 2088 nihilo
2984 2038 3130 2089 esset
3157 2035 3460 2091 indoctior.

1985 2119 2068 2173 l2.
2102 2121 2175 2175 M.
2210 2120 2344 2176 Vide
2375 2137 2513 2192 ergo
2540 2126 2736 2177 utrum
2762 2122 2850 2176 vel
2887 2121 2998 2178 isto
3045 2123 3408 2179 conﬁciemus
3453 2125 3605 2197 quod

1909 2208 2195 2264 volumus.
2230 2209 2373 2264 Nam
2402 2211 2569 2266 credo
2594 2210 2775 2266 videri
2803 2210 2908 2265 tibi
2962 2212 3143 2267 multo
3175 2229 3295 2268 esse
3327 2218 3606 2285 praestan-

1909 2295 2044 2365 tius,
2073 2296 2130 2352 id
2159 2299 2392 2369 propter
2421 2299 2576 2370 quod
2604 2299 2825 2371 aliquid
2851 2299 3111 2368 facimus,
3144 2317 3317 2372 quam
3355 2301 3607 2374 idipsum

1911 2385 2067 2455 quod
2094 2385 2352 2443 facimus.
2387 2390 2452 2442 D.
2485 2387 2844 2442 Manifestum
2874 2391 2981 2444 est.
3013 2390 3090 2445 Μ.
3133 2389 3241 2454 Qui
3299 2405 3433 2461 ergo
3472 2407 3605 2444 can-

1910 2477 1996 2528 tat
2018 2474 2104 2528 vel
2136 2479 2363 2530 cantare
2387 2476 2542 2544 dicit,
2583 2493 2700 2531 non
2738 2478 2811 2532 ob
2843 2477 2999 2532 aliud
3029 2477 3141 2532 nisi
3187 2481 3251 2532 ut
3279 2479 3544 2534 laudetur
3575 2496 3607 2533 a

1909 2563 2151 2633 populo,
2176 2565 2264 2618 vel
2295 2563 2530 2618 omnino
2558 2565 2659 2620 abs
2699 2565 2902 2636 quovis
2946 2565 3201 2635 homine,
3233 2582 3424 2620 nonne
3447 2567 3607 2638 judi-

1911 2655 2001 2704 cat
2027 2651 2324 2706 meliorem
2355 2652 2585 2708 laudem
2638 2653 2797 2708 illam
2827 2670 2947 2708 esse
3003 2671 3180 2727 quam
3217 2661 3450 2710 cantum
3471 2655 3498 2709 ?
3543 2659 3604 2710 D.

1911 2739 2128 2811 Negare
2155 2756 2272 2794 non
2298 2757 2551 2812 possum.
2583 2743 2656 2797 M.
2674 2743 2860 2806 Quid?
2891 2743 2986 2799 ille
3015 2743 3116 2815 qui
3141 2746 3288 2799 male
3317 2745 3386 2799 de
3416 2744 3609 2816 aliqua

1911 2844 1972 2883 re
1993 2828 2234 2899 judicat,
2265 2829 2489 2884 videtur
2514 2830 2620 2884 tibi
2675 2846 2803 2885 eam
2831 2831 3020 2887 scire?
3065 2836 3132 2888 D.
3190 2834 3357 2887 Nullo
3409 2834 3605 2902 modo,
3707 2871 3718 2884 .

1909 2917 2020 2972 nisi
2043 2917 2191 2972 forte
2222 2934 2455 2990 quoquo
2483 2919 2656 2974 modo
2685 2925 3012 2990 corruptus.
3044 2923 3117 2976 Μ.
3155 2922 3300 2992 Ergo
3344 2922 3444 2992 qui
3475 2937 3605 2976 vere

1908 3010 2075 3078 putat
2104 3006 2309 3061 melius
2341 3023 2458 3062 esse
2487 3007 2703 3079 aliquid
2737 3009 2889 3080 quod
2915 3008 3164 3063 deterius
3195 3014 3282 3063 est
3314 3010 3470 3063 nullo
3501 3009 3604 3064 du-

1907 3095 2125 3152 bitante
2155 3095 2389 3151 scientia
2418 3097 2540 3168 ejus
2570 3101 2741 3152 caret.
2773 3099 2835 3151 D.
2874 3097 2959 3151 Ita
2977 3100 3077 3152 est.
3110 3099 3187 3152 Μ.
3233 3097 3470 3162 Quando
3501 3098 3606 3170 igi-

1909 3190 2006 3240 tur
2034 3185 2179 3239 mihi
2205 3186 2293 3240 vel
2321 3185 2668 3256 persuaseris
2697 3186 2786 3240 vel
2815 3185 3132 3240 ostenderis
3157 3187 3473 3257 quemlibet
3519 3187 3604 3240 hi-

1911 3273 2193 3328 strionum
2223 3289 2340 3328 non
2369 3274 2499 3328 ideo
2529 3273 2710 3344 illam,
2742 3273 2790 3328 si
2823 3289 2997 3345 quam
3037 3273 3210 3329 habet
3253 3274 3604 3342 facultatem,

1909 3363 2000 3418 vel
2031 3367 2352 3418 assecutum
2400 3379 2520 3417 esse
2567 3362 2654 3417 vel
2707 3363 2972 3418 exhibere
3022 3367 3086 3418 ut
3128 3365 3345 3434 populo
3386 3365 3609 3435 placeat

1910 3455 2147 3524 propter
2171 3455 2452 3523 quaestum
2482 3456 2579 3506 aut
2603 3451 2847 3520 famam;
2881 3452 3187 3508 concedam
3212 3469 3375 3524 posse
3405 3470 3605 3525 quem-

1912 3557 2084 3612 quam
2115 3546 2173 3596 et
2197 3541 2429 3596 musicae
2442 3541 2652 3596 habere
2672 3542 2994 3614 scientiam,
3021 3546 3078 3598 et
3096 3560 3217 3598 esse
3243 3543 3603 3600 histrionem.

1911 3629 1970 3685 Si
1998 3633 2188 3684 autem
2217 3630 2614 3701 perprobabile
2645 3635 2748 3698 est,
2780 3632 3073 3687 neminem
3111 3633 3605 3702 essehistrionum

1911 3718 2013 3790 qui
2040 3733 2159 3772 non
2187 3718 2297 3772 sibi
2324 3719 2690 3789 professionis
2722 3720 2898 3775 finem
2932 3721 2991 3774 in
3021 3722 3265 3793 pecunia
3295 3739 3395 3777 seu
3425 3723 3607 3794 gloria

1909 3804 2216 3860 constituat
2245 3821 2308 3859 ac
2335 3810 2640 3876 proponat,
2671 3806 2884 3861 fateare
2910 3823 3138 3863 necesse
3180 3813 3264 3864 est
3293 3814 3391 3864 aut
3419 3809 3600 3864 musi-

1909 3906 2034 3945 cam
2063 3892 2278 3946 nescire
2305 3893 2629 3961 histriones,
2648 3899 2746 3949 aut
2772 3896 2956 3967 magis
2980 3897 3355 3968 expetendam
3393 3914 3513 3952 esse
3531 3899 3602 3953 ab

1909 3978 2037 4034 aliis
2066 3981 2315 4048 laudem,
2341 3981 2430 4035 vel
2458 3997 2700 4053 quaeque
2713 3982 2825 4036 alia
2839 3983 3077 4038 fortuita
3095 3986 3415 4053 commoda,
3431 4002 3605 4058 quam

1908 4083 1944 4122 a
1966 4068 2386 4140 nobismetipsis
2407 4069 2848 4141 intelligentiam
2870 4074 2910 4127 ί.
2941 4075 3006 4127 D.
3037 4073 3212 4129 Video
3234 4091 3346 4143 me,
3375 4076 3476 4146 qui
3507 4093 3602 4131 su-

1908 4157 2138 4229 periora
2166 4159 2564 4227 concesserim,
2597 4160 2774 4215 etiam
2830 4161 2953 4217 istis
2979 4162 3180 4218 cedere
3211 4165 3434 4220 debere.
3478 4167 3604 4222 Non

1909 4245 2062 4300 enim
2089 4245 2232 4302 mihi
2262 4248 2377 4302 ullo
2406 4249 2576 4303 modo
2603 4249 2788 4304 videri
2837 4255 3026 4322 potest
3054 4252 3122 4307 de
3151 4269 3320 4309 scena
3359 4254 3605 4311 inveniri

1907 4351 2072 4406 posse
2104 4337 2280 4391 talem
2306 4337 2512 4405 virum,
2545 4338 2645 4409 qui
2675 4343 2856 4394 artem
2883 4357 3046 4396 suam
3073 4347 3307 4414 propter
3335 4343 3599 4416 seipsam,

1906 4439 2025 4478 non
2053 4428 2287 4496 propter
2324 4430 2481 4480 extra
2508 4426 2694 4496 posita
2747 4430 3051 4484 commoda
3100 4430 3340 4503 diligat;
3372 4449 3502 4488 cum
3533 4433 3604 4488 de.

1905 4512 2200 4582 gymnasio
2231 4512 2322 4568 vix
2351 4513 2482 4568 talis
2509 4513 2832 4571 inveniatur
2865 4533 2878 4571 :
2907 4535 3237 4591 quanquam
3267 4520 3315 4574 si
3341 4521 3468 4594 quis
3495 4522 3606 4577 exi-

1907 4600 2021 4667 stit,
2054 4601 2139 4654 vel
2162 4601 2458 4672 exstiterit,
2501 4619 2618 4657 non
2676 4620 2743 4658 eo
2772 4608 3183 4663 contemnendi
3238 4612 3462 4679 musici,
3503 4611 3602 4667 sed

1904 4686 2224 4742 honorandi
2254 4688 2559 4760 aliquando
2585 4690 2890 4747 histriones
2918 4695 3133 4764 possint
3160 4696 3360 4753 videri.
3385 4700 3603 4764 Quam-

1906 4776 2103 4830 obrem
2133 4776 2354 4847 explica
2370 4778 2514 4848 jam,
2543 4778 2591 4832 si
2618 4781 2822 4850 placet,
2858 4785 3076 4838 tantam
3098 4784 3286 4856 istam,
3305 4803 3447 4860 qua:
3481 4789 3601 4860 jam

1903 4865 2030 4920 vilis
2054 4865 2198 4920 mihi
2222 4865 2400 4920 videri
2434 4883 2551 4928 non
2578 4872 2789 4940 potest,
2823 4869 3204 4943 disciplinam.

2134 4972 2356 5028 CAPUT
2386 4974 2499 5028 VII.
2535 5005 2602 5014 —
2630 4975 2746 5030 Diu
2777 4981 2829 5032 et
2864 4993 2971 5034 non
2990 4980 3089 5035 diu
3117 4984 3176 5037 in
3199 4989 3364 5040 motu.

1978 5071 2062 5124 l3.
2094 5070 2168 5124 Μ.
2202 5069 2446 5139 Faciam,
2477 5070 2594 5126 imo
2626 5075 2688 5128 tu
2716 5073 2910 5132 facies.
2944 5078 3085 5134 Nam
3115 5095 3221 5153 ego
3271 5081 3415 5138 nihil
3443 5082 3596 5138 aliud

1903 5174 2077 5231 quam
2106 5160 2318 5232 rogabo
2348 5165 2402 5215 te
2431 5177 2495 5216 ac
2523 5166 2907 5234 percontabor
2938 5184 2952 5223 :
3002 5174 3064 5224 tu
3110 5187 3244 5226 vero
3277 5175 3462 5226 totum
3490 5172 3596 5228 hoc

1903 5247 2182 5322 quidquid
2212 5256 2314 5318 est,
2347 5254 2402 5306 et
2430 5253 2582 5324 quod
2614 5269 2770 5310 nunc
2792 5257 3051 5313 nesciens
3079 5275 3333 5330 qumrere
3367 5259 3606 5329 videris,-

1969 5399 1984 5433 ¹
2015 5398 2204 5472 ΜεεηΑ
2226 5398 2372 5472 addit
2387 5403 2485 5472 ειη
2506 5405 2637 5472 quia.
2657 5402 2723 5472 ab
2739 5404 2860 5456 aliis
2880 5409 3133 5472 expetunt
3152 5405 3366 5472 laudem
3388 5409 3440 5458 et
3456 5421 3596 5460 com-

1906 5459 2151 5534 mod_q,_et
2171 5475 2205 5511 a
2217 5459 2800 5534 nobisjntelligentiqm
2823 5480 2930 5534 non
2941 5459 3207 5534 impetum,
3219 5482 3338 5534 cum
3351 5459 3598 5534 prxjudi-

1903 5526 2036 5575 cant
2055 5523 2110 5574 id
2133 5525 2276 5588 quod
2307 5524 2467 5577 cuius
2493 5523 2588 5588 est,
2615 5529 2752 5592 quod
2771 5533 2852 5580 est
2878 5523 3072 5589 carius,
3089 5523 3322 5592 constat,
3351 5523 3472 5584 ’τιἱᾶ
3483 5535 3600 5597 ejus

1904 5587 2190 5638 scientiam
2209 5600 2323 5640 non
2341 5589 2576 5643 habent:
2611 5591 2789 5640 addita
2816 5605 2941 5641 sane
2970 5605 3258 5643 perperam.

1904 5589 2190 5638 scientiam
2209 5600 2323 5640 non
2341 5589 2576 5650 habent;
2611 5589 2789 5640 addita
2816 5605 2941 5641 sane
2970 5605 3258 5654 perperam.
3311 5589 3391 5643 Μ.
