4064 6350
485 321 610 374 1091

483 437 880 510 respondendo
891 435 1212 508 explicabis.
1245 437 1438 507 Itaque
1454 434 1576 506 jam
1587 437 1720 488 exte
1740 450 1956 505 qurere,
1976 438 2171 488 utrum

483 528 786 600 quisquam
819 527 1012 598 possit,
1049 530 1104 580 et
1131 525 1228 580 diu
1258 529 1315 579 et
1341 524 1610 578 velociter
1665 538 1912 577 currere.
1968 525 2032 577 D.
2066 524 2171 577 Po-

484 621 612 671 test.
644 619 716 671 M.
747 617 912 681 Quid,
947 616 1102 670 tarde
1133 619 1191 669 et
1217 613 1520 668 velociter?
1548 615 1610 668 Β.
1661 612 1825 666 Nullo
1864 611 2052 666 modo.
2093 613 2166 666 M.

482 705 653 760 Aliud
683 721 818 775 ergo
844 709 927 758 est
955 703 1073 772 diu,
1105 703 1259 758 aliud
1291 703 1469 757 tarde.
1511 705 1574 756 D.
1601 700 1770 755 Aliud
1805 700 2061 755 omnino.
2093 701 2166 754 Μ.

485 794 625 846 Item
658 809 874 863 quaaro,
906 791 1042 863 quid
1071 795 1236 863 putes
1266 789 1627 846 diuturnitati
1653 804 1773 843 esse
1801 789 2168 856 contrarium,

482 879 648 934 sicuti
672 886 755 934 est
783 880 1031 934 tarditati
1058 880 1336 934 velocitas.
1362 881 1426 932 D.
1452 879 1572 932 Non
1595 877 1738 932 mihi
1767 877 2013 932 occurrit
2039 877 2166 932 usi-

484 972 664 1024 tatum
698 985 926 1023 nomen.
963 970 1159 1039 Itaque
1183 968 1454 1023 diuturno
1479 966 1622 1021 nihil
1672 967 1836 1022 video
1867 967 2017 1037 quod
2065 983 2170 1037 op-

480 1073 713 1128 ponam,
746 1058 855 1112 nisi
886 1074 1000 1111 non
1030 1057 1387 1125 diuturnum,
1416 1060 1481 1110 ut
1501 1056 1552 1110 ei
1579 1055 1730 1126 quod
1777 1055 2001 1121 dicitur,
2049 1056 2166 1120 diu,

482 1147 832 1201 contrarium
862 1146 934 1199 sit
960 1162 1073 1199 non
1102 1145 1220 1207 diu,
1267 1145 1401 1216 quia
1457 1155 1513 1198 et
1558 1143 1824 1197 velociter
1868 1143 1914 1196 si
1960 1144 2170 1197 nollem

484 1236 693 1301 dicere,
726 1239 781 1289 et
809 1251 912 1304 pro
938 1251 1005 1288 eo
1036 1250 1147 1288 non
1175 1234 1333 1288 tarde
1365 1233 1630 1299 dicerem,
1653 1231 1797 1286 nihil
1818 1231 1973 1286 aliud
2002 1231 2174 1302 signi-

480 1324 762 1378 ficaretur.
798 1325 876 1378 Μ.
912 1325 1119 1376 Verum
1146 1322 1301 1377 dicis.
1349 1321 1500 1376 Nihil
1544 1321 1698 1375 enim
1729 1321 1974 1391 deperit,
2031 1336 2159 1374 cum

478 1413 560 1467 ita
588 1412 897 1482 loquimur,
928 1411 1169 1464 veritati.
1199 1411 1337 1464 Nam
1360 1414 1415 1464 et
1444 1409 1586 1464 mihi
1615 1409 1660 1463 si
1699 1415 1786 1464 est
1804 1409 1911 1463 hoc
1939 1425 2169 1474 nomen,

479 1500 633 1571 quod
666 1500 893 1554 tibinon
921 1501 1228 1554 occurrisse
1256 1499 1416 1563 dicis,
1440 1504 1539 1552 aut
1562 1499 1858 1569 ignoratur
1887 1513 2045 1564 ame,
2071 1502 2172 1553 aut

481 1588 543 1643 in
568 1589 875 1660 praesentia
904 1605 1021 1642 non
1067 1588 1222 1642 venit
1249 1587 1308 1642 in
1363 1592 1636 1642 mentem.
1675 1587 2062 1652 Quamobrem
2094 1586 2171 1639 sic

481 1693 732 1747 agamus,
765 1683 828 1730 ut
847 1677 966 1730 haec
992 1675 1124 1730 bina
1148 1675 1432 1730 contraria
1461 1677 1815 1748 appellemus
1844 1675 1948 1730 hoc
1972 1675 2166 1741 modo,

480 1768 573 1822 diu
611 1773 664 1822 et
688 1783 799 1821 non
834 1767 954 1834 diu,
979 1767 1134 1821 tarde
1166 1771 1223 1821 et
1251 1766 1534 1820 velociter.
1567 1769 1646 1820 Ac
1671 1766 1923 1837 primum
1953 1766 2021 1821 de
2043 1766 2170 1826 diu-

480 1860 649 1910 turno
677 1861 733 1910 et
759 1873 874 1910 non
893 1856 1164 1910 diuturno
1185 1855 1526 1910 disseramus
1561 1855 1607 1910 si
1638 1855 1909 1927 placet.D.
1943 1857 2026 1910 Ita
2051 1855 2168 1912 ﬁat.

524 1945 747 2000 CAPUT
776 1945 916 2001 VIII.
950 1976 1018 1986 —
1047 1947 1346 2016 Propositio
1383 1947 1442 2000 in
1469 1949 1616 2000 motu
1653 1945 1912 2000 diuturno
1941 1949 1990 1999 et
2017 1960 2128 2000 non

1181 2035 1456 2090 diuturno.

555 2124 638 2178 14.
671 2125 746 2178 Μ.
779 2123 1209 2178 Manifestumne
1237 2123 1340 2176 tibi
1370 2127 1471 2190 est,
1504 2122 1560 2176 id
1591 2122 1702 2176 dici
1730 2121 1829 2176 diu
1855 2121 1978 2176 ﬁeri
2017 2121 2172 2192 quod

476 2226 580 2282 per
609 2213 867 2281 longum,
891 2212 949 2266 id
979 2216 1168 2266 autem
1197 2227 1313 2266 non
1343 2211 1438 2266 diu
1470 2211 1618 2282 quod
1636 2227 1740 2282 per
1765 2211 1932 2265 breve
1945 2215 2170 2280 tempus

478 2298 542 2353 ﬁt
567 2299 594 2352 ?
621 2303 684 2354 D.
720 2300 1181 2356 Manifestum.M.
1217 2301 1395 2354 Motus
1424 2299 1602 2370 igitur
1627 2298 1823 2371 quifit,
1853 2300 2012 2354 verbi
2044 2315 2170 2370 gra-

476 2388 579 2449 tia,
611 2389 832 2443 duabus
862 2389 1039 2457 horis,
1062 2405 1250 2442 nonne
1280 2389 1348 2443 ad
1369 2404 1500 2442 eum
1525 2388 1752 2458 qniuna
1781 2389 1924 2442 hora
1952 2388 2036 2453 ﬁt,
2061 2389 2165 2442 du-

478 2477 638 2546 plum
671 2477 840 2531 habet
870 2476 1143 2546 temporis
1163 2477 1191 2532 ?
1219 2479 1289 2531 D.
1329 2476 1463 2541 Quis
1492 2476 1623 2530 hinc
1676 2475 2062 2530 dubitaverit?
2089 2479 2161 2531 Μ.

475 2565 696 2634 Recipit
721 2581 854 2634 ergo
885 2565 941 2618 id
963 2565 1118 2636 quod
1146 2564 1246 2619 diu
1273 2564 1360 2618 vel
1391 2580 1508 2618 non
1541 2564 1636 2618 diu
1670 2563 1913 2618 dicimus
1939 2563 2164 2618 dimen-

479 2654 666 2707 siones
679 2653 1005 2724 hujusmodi
1021 2658 1077 2708 et
1099 2670 1388 2720 numeros,
1416 2657 1480 2707 ut
1504 2653 1646 2707 alius
1661 2657 1847 2707 motus
1872 2653 1941 2708 ad
1964 2654 2163 2723 alium,

478 2747 751 2812 tanquam
779 2743 890 2797 duo
923 2743 990 2796 ad
1005 2759 1180 2796 unum
1213 2742 1280 2796 sit
1306 2763 1320 2809 ;
1349 2742 1407 2797 id
1433 2745 1517 2796 est
1530 2746 1590 2796 ut
1616 2741 1702 2795 bis
1718 2746 1937 2796 tantum
1959 2742 2165 2796 habeat

475 2830 618 2884 alius
653 2835 930 2902 quantum
963 2831 1136 2884 semel
1160 2833 1198 2884 ¹ε
1229 2830 1372 2885 alius
1400 2829 1538 2884 item
1569 2830 1639 2885 ad
1665 2829 1842 2884 alium
1889 2835 2162 2902 tanquam

377 2995 380 2998 ι
472 2919 584 2974 tria
615 2920 680 2974 ad
712 2921 848 2989 duo,
882 2920 937 2975 id
968 2925 1051 2974 est
1079 2925 1143 2975 ut
1169 2924 1354 2975 tantas
1392 2924 1506 2974 tres
1532 2923 1724 2990 partes
1755 2919 2030 2991 temporis
2059 2921 2160 2974 ha-

471 3007 625 3075 beat,
657 3013 896 3079 quantas
923 3009 1077 3063 aliud
1095 3009 1262 3063 duas:
1289 3008 1670 3080 atqueitaper
1698 3012 1932 3063 caeteros
1964 3025 2164 3063 numeo

471 3111 566 3149 ros
595 3096 726 3150 li'cet
758 3113 1003 3162 currere,
1037 3101 1102 3151 ut
1130 3113 1246 3150 non
1267 3097 1380 3151 sint
1406 3097 1588 3168 spatia
1617 3097 1917 3152 indetinita
1935 3097 2164 3152 etinde-

469 3184 792 3251 terminata,
825 3186 922 3238 sed
947 3185 1192 3239 habeant
1222 3186 1289 3240 ad
1320 3203 1377 3239 se
1408 3186 1521 3240 duo
1561 3189 1750 3239 motus
1781 3186 2029 3257 aliquem
2062 3203 2163 3240 nu-

472 3287 696 3326 merum
723 3293 738 3339 ;
765 3277 861 3326 aut
889 3273 1175 3338 eumdem,
1207 3275 1362 3327 velut
1383 3289 1562 3327 unum
1589 3274 1660 3328 ad
1690 3290 1891 3339 unum,
1936 3275 2007 3328 ad
2049 3275 2160 3330 duo

471 3360 604 3426 duo,
637 3361 704 3414 ad
737 3361 845 3414 tria
873 3360 1002 3428 tria,
1036 3365 1280 3432 quatuor
1305 3361 1375 3415 ad
1394 3359 1703 3432 quatuor’:
1735 3366 1833 3416 aut
1863 3378 1979 3416 non
1999 3378 2158 3417 eum-
2186 3392 2190 3396 -

473 3448 628 3518 dem,
658 3452 723 3502 ut
755 3465 931 3502 unum
962 3449 1032 3503 ad
1059 3449 1191 3516 duo,
1225 3449 1336 3502 duo
1368 3450 1436 3503 ad
1466 3449 1593 3514 tria,
1624 3447 1735 3502 tria
1763 3449 1834 3504 ad
1865 3455 2111 3520 quatuor
2140 3467 2155 3514 ;

469 3544 571 3594 aut
591 3556 770 3594 unum
801 3539 871 3593 ad
901 3539 1028 3606 tria,
1059 3539 1171 3593 duo
1203 3538 1272 3592 ad
1303 3554 1416 3604 sex,
1445 3541 1500 3592 et
1531 3537 1809 3608 quidquid
1830 3543 2036 3609 potest'
2055 3540 2157 3613 ali-

471 3627 606 3699 quid
640 3629 707 3682 ad
763 3644 881 3682 sese
936 3627 1306 3681 dimensionis
1365 3626 1640 3680 obtinere.
1686 3628 1762 3682 D.
1823 3627 2051 3682 Planius
2081 3629 2161 3682 ita

469 3733 683 3789 qumso.
710 3719 782 3772 Μ.
820 3718 1118 3772 Revertere
1163 3731 1299 3786 ergo
1359 3716 1430 3770 ad
1463 3715 1588 3770 illas
1644 3716 1834 3783 horas,
1893 3721 1948 3770 et
1999 3717 2155 3788 quod

467 3805 602 3859 satis
633 3806 905 3876 putabam
939 3805 1172 3872 dictum,
1205 3821 1336 3859 cum
1367 3805 1435 3858 de
1490 3821 1607 3859 una
1633 3805 1773 3860 hora
1826 3811 1882 3860 et
1910 3806 1978 3860 de
2015 3807 2154 3861 dua-

463 3894 568 3948 bus
595 3895 884 3964 dixissem,
912 3911 1015 3964 per
1045 3893 1239 3949 omnia
1277 3894 1589 3949 considera.
1643 3895 1804 3949 Certe
1855 3895 2010 3950 enim
2039 3911 2155 3950 non

463 3999 638 4053 negas
668 4001 832 4056 posse
871 3984 993 4038 ﬁeri
1026 3983 1274 4055 aliquem
1303 3989 1525 4038 motum
1553 3987 1808 4054 tempore
1838 3983 2005 4038 unius
2050 3985 2154 4038 ho-

461 4088 562 4139 ree,
615 4077 670 4126 et
723 4072 900 4127 alium
961 4073 1222 4126 duarum.
1278 4073 1351 4126 D.
1409 4073 1616 4126 Verum
1671 4075 1772 4126 est.
1808 4073 1886 4126 Μ.
1952 4071 2156 4136 Quid?

461 4162 637 4214 alium
666 4161 930 4225 duarum,
959 4161 1135 4214 alium
1181 4159 1357 4214 trium
1386 4176 1499 4214 non
1553 4159 1743 4213 fateris
1764 4160 1791 4215 ?
1821 4161 1894 4214 D.
1931 4161 2149 4215 Fateor.

464 4252 536 4305 Μ.
574 4251 638 4303 Et
663 4249 839 4303 alium
869 4249 1048 4302 tribus
1079 4249 1231 4302 horis
1261 4247 1405 4314 fieri,
1429 4247 1606 4302 alium
1638 4253 1914 4319 quatuor;
1959 4265 2154 4304 rursus

464 4337 640 4392 alium
672 4353 808 4403 una,
841 4337 1018 4390 alium
1046 4337 1359 4403 tribusgaut
1389 4336 1562 4389 alium
1576 4336 1816 4401 duabus,
1841 4336 2015 4390 alium
2035 4355 2152 4406 sex,

471 4441 664 4479 nonne
694 4424 1058 4479 manifestum
1090 4425 1213 4478 est?
1239 4425 1311 4478 D.
1359 4424 1737 4479 Manifestum.
1777 4427 1843 4480 Μ.
1867 4425 1981 4492 Cur
2019 4443 2153 4496 ergo

361 4509 368 4516 ’
469 4516 525 4566 et
553 4511 707 4567 aliud
739 4529 854 4566 non
897 4512 1260 4566 manifestum
1292 4512 1404 4567 sit?
1432 4514 1572 4566 Nam
1603 4513 1711 4567 hoc
1739 4512 1991 4568 dicebam
2024 4531 2155 4570 cum

465 4600 608 4654 duos
624 4605 812 4655 motus
842 4601 1052 4655 habere
1082 4601 1151 4656 ad
1185 4618 1243 4655 se
1269 4617 1432 4671 posse
1461 4601 1711 4672 aliquem
1742 4618 2048 4657 numerum
2066 4603 2151 4658 di-

471 4705 680 4759 cerem,
705 4691 859 4744 velut
891 4706 1067 4744 unum
1100 4690 1168 4744 ad
1199 4690 1332 4755 duo,
1367 4690 1480 4744 duo
1513 4691 1580 4745 ad
1610 4690 1738 4758 tria,
1771 4691 1880 4746 tria
1907 4693 1976 4746 ad
2011 4709 2150 4764 qua-

469 4782 630 4843 tuor;
667 4795 843 4833 unum
875 4779 943 4832 ad
971 4779 1099 4843 tria,
1131 4779 1238 4833 duo
1265 4779 1335 4833 ad
1361 4795 1476 4844 sex,
1509 4783 1564 4833 et
1601 4779 1648 4833 si
1678 4796 1822 4851 quos
1871 4781 2011 4834 alios
2062 4798 2149 4834 re-

468 4883 701 4922 censere
728 4867 988 4922 volueris.
1024 4867 1118 4922 llis
1147 4867 1314 4926 enim
1331 4867 1592 4939 cognitis,
1619 4874 1701 4923 est
1729 4874 1785 4922 et
1813 4867 1834 4903 ⁵
1855 4870 2152 4939 potestatis

464 4956 733 5028 persequi
759 4961 984 5026 caetera,
1017 4956 1133 5011 sive
1161 4963 1379 5027 septem
1401 4957 1472 5012 ad
1505 4957 1722 5022 decem,
1755 4957 1868 5012 sive
1895 4957 2150 5030 quinque

519 5081 534 5114 ¹
581 5079 708 5144 Mss.
728 5079 915 5144 AetB
939 5094 996 5144 ac
1013 5079 1140 5129 Edd.
1160 5093 1343 5129 omnes
1367 5093 1475 5129 non
1496 5080 1711 5140 habent,
1733 5081 1873 5131 alius
1893 5083 2152 5144 quantum

460 5143 646 5193 semet.
685 5143 769 5206 Sic
794 5142 919 5206 legit
940 5143 1112 5206 AYatic.
1136 5143 1226 5191 Cd.
1261 5158 1272 5191 ε
1313 5146 1372 5206 Ut
1401 5144 1716 5206 bts__tantum
1746 5142 1937 5194 habeat
1965 5148 2150 5206 spatii,

462 5208 722 5268 quantum
751 5203 1023 5268 habetitte
1045 5208 1135 5268 qui
1157 5218 1278 5268 ίιιηα
1303 5205 1440 5268 liora
1470 5203 1543 5268 ﬁt.
1611 5207 1676 5254 Μ.

522 5269 544 5301 9
570 5267 653 5316 Sic
677 5274 880 5316 veteres
900 5266 1067 5327 Mss.;'
1088 5272 1140 5316 at
1151 5267 1279 5315 Edd.
1301 5266 1623 5319 haben’tzAut
1645 5266 1962 5330 eumdemmt
1979 5281 2150 5330 quan-

464 5331 579 5393 tum.
597 5333 1010 5393 temporisimus
1039 5332 1240 5378 tantum
1253 5333 1436 5393 teneat
1465 5330 1628 5388 alter,
1649 5334 1746 5381 aut
1768 5329 2028 5390 eumdem,
2051 5333 2148 5379 etc.

467 5414 527 5425 —
555 5391 637 5439 Sic
667 5391 822 5440 etiam
853 5393 947 5440 Ms.
979 5392 1020 5441 Α
1054 5395 1105 5441 et
1134 5393 1222 5439 ϐἀ.
1251 5391 1415 5440 Vatic.
1482 5393 1548 5440 M.

520 5455 542 5516 3
568 5453 656 5516 pd.
678 5455 863 5514 Vatic.,
888 5458 1060 5516 potest
1085 5454 1323 5510 omnino,
1355 5453 1532 5502 addita
1560 5467 1687 5503 voce
1716 5452 1954 5516 omnino.
2021 5454 2086 5501 M.

496 5515 536 5624 tt
673 5516 838 5566 Vatic.
858 5514 984 5579 legit
1011 5517 1333 5580 simpliciter,
1352 5517 1718 5580 estpotestatis,
1739 5515 1944 5564 sublata
1966 5514 2152 5564 vocula

462 5586 533 5623 et.
600 5586 666 5623 Μ.

1758 312 1853 368 DE
1895 310 2179 377 ML'SICA,
2221 309 2276 366 S.
2319 311 2704 370 AUGUSTINI

3865 312 3998 364 109‘)

2283 434 2355 489 ad
2387 439 2532 501 octo,
2566 439 2623 490 et
2651 433 2933 507 quidquid
2963 434 3197 488 omnino
3219 435 3303 487 est
3329 431 3912 488 induobusmotibus
3925 434 3998 488 ita

2281 528 2471 595 partes
2499 523 2784 579 dimensas
2813 523 3154 578 habentibus
3192 522 3264 576 ad
3315 521 3584 589 invicem,
3646 527 3712 576 ut
3760 523 3992 593 possint

2282 613 2394 667 dici
2430 618 2516 668 tot
2536 614 2607 669 ad
2633 619 2756 681 tot;
2791 614 2906 668 sive
2935 613 3182 685 aequales
3220 611 3447 666 numeri
3493 611 3631 679 sint,
3676 612 3802 666 sive
3852 613 3993 667 alius

2280 701 2490 835 majorc,l
2517 702 2660 756 alius
2682 701 2891 758 minor.
2940 703 3014 756 D.
3070 704 3194 757 Jam
3247 700 3530 772 intelligo,
3564 705 3625 756 et
3654 701 3786 756 ﬁeri
3823 718 3989 773 posse

2283 796 2453 834 conce
2496 797 2549 835 o.

2283 796 2549 835 00110800.

2353 870 2577 925 CAPUT
2607 870 2693 925 IX.
2726 897 2796 912 —
2827 871 3002 925 Motus
3030 869 3377 924 rationabiles
3397 874 3448 923 et
3471 869 3919 930 irrationabiles,

2723 950 3089 1004 connumerati
3107 953 3156 1002 et
3176 949 3526 1003 dinumerati.

2357 1040 2440 1091 l5.
2470 1041 2541 1094 Μ.
2575 1037 2720 1092 Illud
2758 1037 2953 1106 etiam,
2999 1042 3060 1092 nt
3114 1037 3334 1107 opinor,
3391 1036 3692 1107 intelligis,
3751 1053 3989 1092 omnem

2281 1141 2630 1193 mensuram,
2663 1129 2720 1180 et
2760 1126 3000 1180 modum
3056 1125 3519 1180 immoderationi
3577 1129 3635 1179 et
3662 1125 3986 1180 inﬁnitati'

2281 1219 2432 1270 recte
2461 1213 2753 1286 anteponi.
2785 1215 2858 1269 D.
2885 1214 3397 1269 Manifestissimum
3417 1219 3520 1268 est.
3555 1216 3632 1269 Μ.
3656 1215 3784 1269 Duo
3809 1214 3992 1286 igitur

2281 1307 2472 1357 motus
2502 1301 2602 1372 qui
2633 1303 2700 1356 ad
2734 1318 2874 1369 sese,
2896 1306 2961 1357 ut
2991 1302 3206 1357 dictum
3234 1307 3338 1368 est,
3364 1301 3578 1356 habent
3597 1302 3869 1374 aliquam
3884 1320 3987 1357 nu-

2282 1407 2566 1446 merosam
2597 1390 3035 1453 dimensionem,
3069 1390 3137 1444 iis
3167 1389 3268 1462 qui
3291 1406 3416 1444 eam
3442 1406 3559 1444 non
3589 1390 3813 1444 habent
3836 1396 3990 1444 aute-

2282 1482 2532 1554 ponendi
2558 1487 2707 1537 sunt.
2742 1483 2816 1536 D.
2845 1483 2910 1537 Et
2937 1483 3044 1536 hoc
3073 1481 3439 1536 manifestum
3468 1485 3556 1536 est
3582 1485 3761 1553 atque
3792 1497 3989 1536 conse-

2283 1587 2496 1643 quens:
2527 1571 2653 1625 illos
2684 1571 2840 1626 enim
2870 1575 3056 1624 certus
3086 1569 3320 1641 quidam
3349 1569 3572 1636 modus,
3604 1574 3786 1642 atque
3818 1587 3987 1624 meu-

2282 1675 2415 1714 sura
2443 1675 2572 1730 quae
2600 1659 2661 1713 in
2690 1659 2944 1714 numeris
2974 1663 3078 1726 est,
3129 1657 3357 1714 sibimet
3401 1659 3670 1728 copulat;
3718 1675 3840 1730 qua
3890 1659 3985 1730 qui

2282 1753 2497 1814 carent,
2543 1764 2658 1802 non
2709 1748 2907 1819 utique
2959 1747 3068 1802 sibi
3115 1747 3308 1818 aliqua
3351 1746 3571 1801 ratione
3621 1747 3980 1819 junguntur.

2280 1839 2353 1894 M.
2385 1838 2754 1908 Appellemus
2782 1853 2940 1908 ergo,
2974 1836 3021 1890 si
3050 1836 3250 1907 placet,
3284 1835 3410 1890 illos
3465 1835 3564 1906 qui
3594 1835 3757 1890 inter
3786 1852 3851 1892 se
3902 1837 3983 1891 di-

2281 1927 2463 1982 mensi
2495 1931 2646 1993 sunt,
2677 1927 3045 1981 rationabiles
3075 1946 3089 1993 ;
3123 1926 3251 1980 illos
3279 1930 3471 1979 autem
3509 1924 3611 1996 qui
3641 1941 3710 1979 ea
3756 1925 3980 1980 dimen-

2281 2017 2439 2070 sione
2462 2020 2676 2083 carent,
2706 2015 3145 2070 irrationabiles.
3193 2013 3268 2067 D.
3313 2014 3500 2068 Placet
3552 2029 3708 2068 vero.
3745 2016 3826 2069 M.
3859 2015 3978 2069 Jam

2280 2105 2420 2158 illud
2451 2104 2698 2170 attende,
2732 2109 2927 2158 utrum
2952 2103 3056 2158 tibi
3082 2102 3340 2157 videatur
3367 2103 3554 2172 major
3582 2103 3895 2157 concordia
3921 2103 3979 2156 in

2279 2193 2530 2248 motibus
2559 2192 2992 2248 rationabilibus
3018 2207 3215 2246 eorum
3240 2191 3340 2262 qui
3369 2191 3616 2263 aequales
3643 2195 3784 2246 sunt
3832 2192 3980 2246 inter

2279 2298 2355 2346 se,
2386 2298 2557 2353 quam
2585 2297 2786 2336 eorum
2815 2281 2914 2352 qui
2943 2284 3075 2336 sunt
3105 2280 3433 2351 inaequales.
3466 2281 3540 2335 D.
3574 2279 3679 2334 Cui
3717 2280 3831 2334 hoc
3862 2295 3978 2334 non

2276 2371 2670 2426 videatur?M.
2709 2372 2882 2424 Porro
2934 2370 3328 2441 inmqualium,
3379 2384 3571 2423 nonne
3620 2368 3720 2422 alii
3754 2370 3977 2424 suntin

2277 2459 2486 2531 quibus
2530 2475 2832 2530 possumus
2861 2458 3068 2522 dicere,
3102 2463 3277 2530 quota
3320 2461 3479 2529 parte
3508 2473 3611 2512 sua
3663 2458 3858 2529 major
3882 2463 3977 2512 aut

2277 2552 2607 2619 coaequatur
2626 2547 2859 2616 minori,
2874 2552 2971 2603 aut
2985 2563 3116 2603 eum
3136 2547 3392 2614 excedat,
3408 2551 3473 2602 ut
3493 2546 3605 2601 duo
3626 2549 3684 2600 et
3696 2551 3973 2618 quatuor,

2274 2637 2361 2690 vel
2392 2653 2485 2690 sex
2511 2641 2566 2692 et
2595 2640 2756 2703 octo;
2791 2636 2888 2691 alii
2918 2641 3113 2691 autem
3142 2636 3203 2690 in
3246 2635 3454 2707 quibus
3510 2651 3625 2690 non
3671 2635 3838 2691 idem
3869 2637 3972 2690 dici

2274 2729 2481 2796 potest,
2519 2725 2662 2780 sicut
2702 2725 2763 2779 in
2792 2725 2880 2780 his
2909 2725 3186 2791 numeris,
3229 2725 3341 2779 tria
3369 2729 3424 2778 et
3451 2724 3668 2792 decem,
3718 2726 3814 2780 vel
3841 2742 3974 2797 qua-

2273 2817 2403 2868 tuor
2433 2817 2488 2868 et
2507 2812 2828 2868 undecim’?
2851 2813 3043 2869 Cernis
3077 2812 3326 2884 profecto
3372 2812 3434 2866 in
3464 2812 3576 2866 illis
3606 2812 3840 2867 duobus
3868 2830 3972 2867 nu-

2274 2902 2448 2956 meris
2490 2902 2880 2973 superioribus
2929 2901 3166 2956 dimidia
3210 2905 3372 2972 parte
3430 2901 3704 2971 majorem
3759 2901 3972 2956 minori

2273 2990 2559 3062 coasquari
2579 2990 2671 3058 ;in
2701 2990 2769 3044 iis
2799 3005 3027 3045 rursum
3053 3007 3193 3061 quos
3209 2989 3489 3061 posterius
3509 2989 3647 3055 dixi,
3682 2991 3970 3047 minorem

2274 3093 2305 3130 a
2331 3079 2546 3148 majore
2569 3083 2770 3149 quarta
2818 3082 2981 3148 parte
3029 3077 3264 3148 majoris
3295 3077 3485 3132 excedi
3515 3094 3528 3132 :
3562 3077 3622 3131 in
3650 3077 3742 3132 his
3775 3084 3968 3133 autem

2269 3166 2414 3233 aliis,
2446 3169 2643 3238 quales
2672 3170 2806 3221 sunt
2832 3166 2942 3220 tria
2971 3170 3026 3221 et
3055 3167 3272 3232 decem,
3300 3167 3388 3221 vel
3417 3170 3661 3238 quatuor
3688 3170 3746 3222 et
3778 3168 3964 3222 unde-

2271 3255 2404 3321 cim,
2431 3255 2688 3309 videmus
2712 3255 2946 3326 quidem
2975 3255 3312 3309 nonnullam
3333 3253 3808 3321 convenientiam,
3833 3256 3969 3326 quia

2269 3349 2461 3414 partes
2491 3344 2558 3397 ad
2591 3360 2649 3397 se
2677 3343 2910 3413 habent,
2943 3343 3010 3398 de
3042 3343 3248 3414 quibus
3280 3343 3390 3398 dici
3405 3342 3600 3414 possit,
3625 3347 3713 3398 tot
3739 3344 3813 3399 ad
3835 3349 3924 3398 tot
3952 3362 3964 3410 ;

2270 3432 2368 3486 sed
2397 3431 2681 3502 numquid
2706 3431 2901 3499 talem,
2925 3431 3110 3502 qualis
3152 3436 3237 3486 est
3265 3431 3327 3485 in
3355 3431 3782 3503 superioribus?
3824 3433 3964 3487 Nam

2269 3539 2456 3594 neque
2486 3525 2660 3594 quota
2675 3526 2833 3594 parte
2863 3521 3270 3593 minorimajor
3281 3526 3560 3593 aequetur,
3581 3538 3770 3593 neque
3792 3528 3967 3595 quota

2267 3615 2425 3680 parte
2456 3609 2740 3664 minorem
2763 3600 2948 3680 major
2977 3611 3223 3676 excedat,
3255 3610 3366 3665 dici
3396 3611 3512 3665 ullo
3543 3610 3711 3665 modo
3746 3616 3962 3682 potest.

2270 3700 2411 3753 Nam
2436 3715 2621 3770 neque
2650 3698 2760 3753 tria
2787 3703 2960 3770 quota
2986 3715 3117 3769 pars
3148 3698 3220 3754 sit
3249 3699 3468 3754 denarii
3496 3700 3743 3767 numeri,
3772 3717 3965 3773 neque

2269 3793 2512 3861 quatuor
2540 3793 2712 3860 quota
2740 3804 2873 3858 pars
2909 3788 2980 3842 sit
3031 3789 3353 3856 undenarii,
3408 3788 3615 3844 dixerit
3650 3789 3961 3862 quispiam.

2268 3878 2404 3933 Cum
2433 3882 2626 3932 autem
2656 3877 2782 3932 dico
2815 3881 2879 3931 ut
2927 3876 3247 3932 consideres
3279 3881 3455 3950 quota
3485 3878 3558 3932 sit
3611 3894 3767 3949 pars,
3800 3879 3964 3951 liqui-

2264 3967 2396 4020 dam
2425 3966 2571 4034 dico,
2599 3970 2656 4020 et
2684 3965 2806 4020 sine
2837 3967 2951 4020 ullo
2981 3966 3402 4035 additamento;
3455 3965 3619 4022 sicuti
3668 3971 3755 4022 est
3790 3967 3957 4022 dimi-

2267 4055 2381 4123 dia,
2415 4055 2604 4122 tertia,
2636 4058 2857 4126 quarta,
2891 4055 3109 4126 quinta,
3146 4060 3322 4123 sexta,
3353 4058 3408 4110 et
3428 4055 3693 4127 deinceps
3720 4077 3736 4124 ;
3765 4073 3881 4112 non
3899 4062 3960 4112 ut

2263 4145 2497 4199 trientes
2527 4149 2582 4199 et
2605 4143 2954 4211 semiuncias,
2983 4147 3039 4198 et
3066 4143 3174 4199 hoc
3201 4160 3381 4216 genus
3407 4144 3815 4216 praecisionum
3857 4145 3957 4200 ali-

2265 4233 2404 4305 quid
2434 4233 2692 4288 addatur.
2725 4235 2788 4286 D.
2819 4233 2940 4286 Jam
2971 4233 3248 4304 intelligo.

2339 4325 2423 4376 l6.
2455 4323 2528 4376 Μ.
2564 4322 2708 4391 Ergo
2739 4337 2805 4374 ex
2821 4320 2908 4374 his
2932 4320 3310 4392 inaequalibus
3325 4321 3572 4376 motibus
3600 4321 3954 4378 rationabili-

2263 4407 2390 4476 bus,
2425 4408 2698 4481 quoniam
2720 4409 2831 4464 duo
2862 4425 3071 4480 genera
3092 4410 3356 4481 subjectis
3381 4410 3552 4466 etiam
3582 4426 3952 4466 numerorum

2264 4497 2541 4568 exemplis
2582 4497 2875 4568 proposui,
2931 4515 3074 4569 quos
3111 4498 3320 4569 quibus
3350 4499 3775 4568 anteponendos
3807 4501 3951 4555 arbi-

2263 4585 2431 4642 traris
2450 4585 2478 4640 ‘?
2506 4584 2709 4639 illosne
2729 4584 2790 4640 in
2821 4586 3030 4656 quibus
3058 4586 3156 4640 illa
3172 4591 3346 4658 quola
3368 4603 3498 4658 pars
3520 4587 3630 4642 dici
3651 4592 3858 4658 potest,
3883 4606 3950 4643 an

2262 4674 2322 4728 in
2355 4672 2563 4745 quibus
2587 4688 2704 4727 non
2715 4677 2905 4744 potest
2922 4675 2952 4727 ?
2979 4675 3052 4729 D.
3084 4673 3216 4728 Illos
3239 4674 3380 4728 mihi
3401 4673 3546 4728 ratio
3557 4674 3780 4729 videtur
3801 4681 3951 4732 ante-

2262 4762 2560 4834 ponendos
2614 4761 2834 4834 jubere,
2867 4761 2928 4816 in
2957 4763 3164 4834 quibus
3217 4767 3404 4834 potest
3441 4762 3575 4832 dici,
3604 4767 3671 4818 ut
3719 4763 3949 4820 demon-

2263 4855 2503 4905 stratum
2535 4854 2638 4917 est,
2689 4854 2865 4922 quota
2910 4851 3073 4922 parte
3111 4851 3200 4906 sui
3240 4851 3425 4921 major
3472 4856 3802 4923 coaequatur
3848 4854 3950 4909 mi-

2262 4939 2410 5002 nori,
2441 4943 2537 4994 aut
2564 4955 2697 4994 eum
2722 4939 2973 5006 excedat,
3008 4939 3077 4994 iis
3105 4939 3164 4994 in
3193 4940 3402 5011 quibus
3427 4940 3581 4996 idem
3601 4956 3721 4995 non
3749 4943 3948 4997 evenit.

2261 5031 2337 5084 M.
2367 5029 2556 5083 Recte.
2590 5027 2698 5081 Sed
2750 5027 2906 5081 visne
2958 5027 3130 5082 etiam
3157 5028 3244 5083 his
3273 5029 3511 5086 nomina
3565 5029 3947 5101 imponamus,

2265 5120 2327 5170 ut
2356 5131 2484 5170 cum
2516 5131 2614 5168 eos
2667 5114 2932 5186 deinceps
2977 5132 3428 5172 commemorare
3481 5133 3710 5173 necesse
3762 5119 3946 5186 fuerit,

2332 5205 2344 5231 '
2379 5203 3114 5274 Mss:plures,et_tnfqrmttaq
3129 5210 3283 5274 recte
3295 5207 3783 5269 anteponi.—Quod
3798 5210 3944 5260 etiam

2263 5266 2441 5315 {erunt
2463 5266 2586 5313 Mss.
2612 5266 2778 5313 nostri
2804 5271 2855 5314 et
2884 5267 3048 5317 Vatic.
3078 5268 3166 5316 Cd.
3235 5269 3304 5317 Μ.

2324 5329 2345 5363 8
2374 5327 2521 5396 In__B.
2556 5341 2567 5374 :
2596 5329 2965 5396 Inaequatium,
2997 5342 3173 5380 nonne
3195 5330 3295 5396 alii
3322 5333 3448 5381 sunt
3476 5332 3534 5381 in
3561 5331 3756 5395 quibus
3772 5345 3946 5396 possu-

2262 5403 2383 5454 mus
2411 5389 2594 5446 dicere,
2620 5393 2781 5454 quota
2805 5396 2966 5454 parte
2987 5406 3089 5442 sua
3114 5395 3290 5454 major
3310 5389 3720 5454 autcoa’qdetur
3737 5389 3944 5454 niinori,

2263 5453 2363 5520 aut
2377 5464 2502 5520 eam
2517 5451 2743 5520 eacedat
2754 5467 2775 5508 ;
2793 5451 3081 5520 dliﬁautcm
3102 5457 3153 5504 tn
3167 5451 3360 5518 quibus
3373 5469 3480 5520 non
3492 5451 3625 5506 idem
3647 5458 3750 5507 dict
3770 5451 3943 5520 potest,

2263 5516 2397 5582 sicut
2421 5513 2479 5582 in
2510 5513 2592 5563 his
2611 5515 2869 5582 numeris,
2886 5515 2987 5565 duo
3008 5519 3056 5568 et
3075 5513 3320 5582 quatuor,
3339 5517 3424 5582 pel
3447 5531 3537 5569 sex
3565 5522 3615 5569 et
3634 5513 3941 5582 octo,'locuui

2266 5575 2408 5624 hunc
2438 5575 2624 5624 damus
2651 5578 2986 5626 emendatum
3016 5575 3270 5627 ex'V‘atic.
3310 5575 3409 5626 'M.
