4064 6374
165 308 294 360 1093

160 425 476 498 expeditius
503 424 854 498 loquamur?
885 431 950 484 D.
1001 428 1140 484 Volo
1189 445 1342 486 sane.
1377 433 1452 487 M.
1482 433 1851 505 Appellemus

160 531 294 587 ergo
321 514 462 570 istos
483 531 627 586 quos
656 518 1066 588 praeponimus,
1085 525 1558 590 connumeratos;
1591 524 1720 578 illos
1753 541 1851 578 au-

157 608 271 658 tem
301 603 508 676 quibus
527 604 631 658 hos
656 606 1068 677 praeponimus,
1089 607 1481 664 dinumeratos
1508 628 1520 665 :
1549 618 1853 683 propterea

157 693 292 765 quia
333 693 429 746 isti
457 693 778 764 superiores
809 711 926 749 non
956 697 1144 750 solum
1184 698 1396 769 singuli
1445 706 1846 768 numerantur,

157 781 253 835 sed
282 780 456 836 etiam
478 797 544 836 ea
555 786 717 853 parte
739 799 852 854 qua
877 784 1062 854 major
1090 786 1302 841 minori
1330 792 1591 859 aequatur
1616 791 1703 844 vel
1720 805 1852 843 eum

157 869 383 936 excedit,
420 885 478 924 se
500 870 815 926 metiuntur
840 877 896 926 et
925 879 1262 944 numerant;
1295 875 1379 929 illi
1431 881 1621 932 autem
1657 882 1853 949 poste-

157 957 332 1012 riores
362 958 696 1030 singillatim
727 963 1125 1016 tantummodo
1165 963 1234 1018 ad
1263 981 1321 1018 se
1352 971 1753 1034 numerantur,
1787 983 1854 1022 ea

155 1063 287 1102 vero
343 1052 503 1118 parte
561 1065 675 1120 qua
712 1052 800 1104 vel
845 1056 1107 1122 aequatur
1144 1051 1354 1107 minori
1396 1057 1598 1126 major,
1632 1057 1854 1111 excedit

157 1153 271 1191 non
302 1153 359 1191 se
383 1137 698 1192 metiuntur
714 1141 768 1193 et
797 1145 1123 1195 numerant.
1155 1143 1278 1196 Non
1299 1143 1453 1197 enim
1479 1148 1667 1215 potest
1693 1144 1752 1199 in
1773 1144 1853 1199 eis

155 1224 280 1289 dici,
303 1230 400 1280 aut
425 1226 650 1297 quoties
669 1227 877 1282 habeat
901 1229 1188 1285 minorem
1209 1232 1395 1302 major
1419 1238 1547 1300 ;aut
1576 1234 1720 1289 illud
1740 1250 1852 1305 quo

156 1313 374 1370 excedit
411 1315 594 1385 major
638 1315 921 1371 minorem
966 1318 1191 1389 quoties
1237 1320 1445 1375 habeat
1488 1325 1545 1376 et
1584 1323 1769 1393 major
1797 1326 1856 1376 et

154 1402 360 1457 minor.
396 1406 462 1459 υ.
492 1405 720 1475 Accipio
738 1410 795 1459 et
822 1405 932 1460 ista
955 1407 1246 1477 vocabula,
1271 1413 1327 1464 et
1354 1414 1634 1481 quantum
1670 1411 1851 1482 valeo,

154 1489 359 1546 faciam
387 1496 451 1546 ut
470 1491 860 1548 meminerim.

331 1651 556 1707 CAPUT
583 1653 646 1707 X.
681 1682 749 1691 —
775 1655 951 1708 Motus
984 1657 1293 1725 complicati
1337 1660 1387 1712 et
1413 1659 1672 1727 sesquati.

225 1795 310 1847 l7.
351 1794 428 1848 Μ.
460 1795 577 1864 Age
628 1809 780 1847 nunc
811 1794 1100 1850 videamus
1137 1803 1683 1854 connumeratorum
1723 1816 1850 1871 quze

152 1881 330 1952 possit
359 1898 478 1936 esse
509 1882 741 1953 partitio
777 1900 788 1938 :
815 1900 1065 1956 namque
1096 1887 1345 1940 arbitror
1383 1904 1509 1942 eam
1556 1904 1675 1943 esse
1714 1905 1849 1959 per-

153 1969 426 2039 spicuam.
457 1971 644 2024 Unum
674 1970 829 2024 enim
869 1988 1050 2042 genus
1077 1977 1159 2028 est
1187 1979 1755 2043 connumeratorum,
1790 1975 1850 2029 in

151 2074 262 2129 quo
315 2059 506 2112 minor
550 2075 827 2113 numerus
870 2061 1108 2116 metitur
1156 2063 1480 2133 majorem;
1522 2063 1578 2118 id
1616 2067 1699 2118 est
1746 2062 1849 2117 ali-

151 2145 375 2217 quoties
401 2162 533 2202 eum
564 2148 737 2203 habet
759 2151 940 2219 major
961 2151 979 2186 ί
1009 2150 1153 2204 sicut
1183 2168 1453 2206 numeros
1483 2152 1596 2206 duo
1629 2155 1684 2206 et
1713 2168 1852 2224 qua-

154 2236 280 2286 tuor
311 2249 431 2288 esse
459 2233 741 2289 diximus:
776 2235 1034 2290 videmus
1063 2237 1219 2291 enim
1258 2238 1369 2292 duo
1427 2253 1459 2291 a
1489 2241 1737 2309 quatuor
1763 2237 1851 2292 bis

152 2321 347 2375 haberi
372 2342 387 2390 ;
409 2338 538 2394 quae
568 2327 656 2377 ter
684 2324 1052 2388 haberentur,
1102 2325 1148 2379 si
1180 2342 1294 2380 non
1335 2329 1598 2397 quatuor,
1633 2326 1724 2380 sed
1757 2343 1849 2380 sex

153 2410 218 2464 ad
251 2412 366 2465 duo
393 2427 766 2482 poneremus;
799 2417 1001 2483 quater
1031 2418 1245 2483 autem,
1274 2414 1320 2467 si
1342 2419 1493 2480 octo;
1521 2414 1846 2486 quinquies,

151 2498 196 2552 si
222 2499 444 2555 decem.
475 2500 644 2554 Aliud
670 2517 850 2572 genus
871 2505 974 2568 est,
1004 2501 1065 2555 in
1095 2519 1208 2572 quo
1248 2519 1312 2556 ea
1341 2520 1472 2572 pars
1494 2520 1607 2573 qua
1633 2505 1852 2559 excedit

149 2589 331 2658 major
360 2587 664 2656 minorem,
697 2590 896 2644 ambos
928 2591 1194 2659 metitur;
1228 2591 1285 2645 id
1315 2595 1398 2646 est
1423 2591 1725 2663 aliquoties
1754 2593 1852 2646 ha-

87 2691 90 2694 '
149 2675 280 2729 bent
306 2693 436 2730 eam
457 2681 515 2731 et
536 2679 720 2749 major
742 2682 797 2732 et
820 2678 1028 2746 minor,
1061 2679 1216 2750 quod
1232 2679 1290 2733 in
1319 2680 1430 2734 illis
1451 2681 1706 2735 numeris
1729 2681 1848 2752 jam

145 2766 552 2836 perspeximus,
589 2783 684 2820 sex
715 2771 770 2820 et
799 2771 941 2822 octo.
968 2769 1109 2822 Nam
1133 2785 1264 2839 pars
1293 2769 1390 2822 illa
1419 2785 1533 2840 qua
1555 2771 1848 2824 exceditur

147 2853 353 2914 minor,
385 2855 496 2909 duo
519 2860 672 2925 sunt,
696 2873 836 2926 quos
862 2856 1016 2911 vides
1043 2874 1163 2911 esse
1194 2857 1253 2910 in
1284 2858 1576 2912 octonario
1606 2875 1849 2914 numero

153 2948 372 3013 quater,
406 2943 468 2997 in
499 2943 725 2999 senario
778 2949 902 2998 ter:
944 2961 1121 3016 quare
1155 2945 1260 2999 hos
1302 2963 1530 3018 quoque
1560 2951 1748 3001 motus
1779 2948 1848 3002 de

149 3030 352 3102 quibus
405 3032 613 3103 agitur,
647 3037 703 3088 et
731 3049 1003 3088 numeros
1032 3051 1136 3105 per
1166 3051 1311 3106 quos
1342 3035 1663 3089 illustratur
1696 3036 1848 3106 quod

149 3119 207 3174 in
236 3121 492 3176 motibus
523 3123 737 3176 discere
758 3124 1043 3193 volumus,
1075 3127 1338 3178 notemus
1354 3129 1525 3196 atque
1556 3125 1848 3196 signemus

150 3210 452 3264 vocabulis.
499 3212 640 3264 Nam
703 3227 904 3266 eorum
962 3212 1254 3266 distinctio
1315 3213 1679 3284 jamdudum,
1735 3213 1847 3266 nisi

148 3297 326 3367 fallor,
363 3305 620 3369 apparet.
663 3301 956 3368 Quocirca,
989 3301 1036 3355 si
1065 3301 1168 3356 tibi
1189 3302 1312 3372 jam
1343 3302 1590 3366 videtur,
1635 3303 1719 3356 illi
1750 3303 1848 3358 ubi

148 3387 520 3459 multiplicato
565 3388 786 3444 minore
815 3390 880 3444 ﬁt
909 3391 1112 3461 major,
1156 3395 1430 3445 vocentur
1473 3391 1800 3463 complicati
1830 3412 1844 3461 ;

148 3476 230 3529 illi
259 3480 452 3532 autem
495 3479 764 3549 sesquati,
798 3479 974 3532 veteri
1018 3481 1138 3550 jam
1174 3479 1429 3534 nomine.
1475 3481 1616 3534 Nam
1647 3495 1846 3549 sesque

149 3567 468 3636 appellatur
497 3565 538 3636 ³,
570 3567 668 3621 ubi
699 3568 812 3622 duo
844 3568 1074 3622 numeri
1101 3568 1171 3622 ad
1206 3585 1264 3622 se
1313 3585 1378 3623 ea
1407 3569 1627 3623 ratione
1659 3567 1846 3624 affecti

148 3660 295 3718 sunt,
329 3661 394 3710 ut
422 3660 504 3711 tot
531 3661 718 3726 partes
747 3657 954 3712 habeat
984 3658 1055 3712 ad
1085 3657 1372 3712 minorem
1419 3659 1624 3727 major,
1675 3661 1848 3727 quota

147 3749 304 3813 parte
332 3744 424 3798 sui
452 3761 586 3800 eum
614 3747 920 3816 praecedit:
956 3763 1091 3800 nam
1121 3745 1166 3799 si
1192 3751 1273 3800 est
1303 3745 1410 3799 tria
1431 3747 1500 3800 ad
1521 3747 1655 3812 duo,
1679 3745 1846 3798 tertia

145 3837 300 3901 parte
359 3833 448 3887 sui
491 3835 761 3905 praecedit
792 3835 974 3906 major
1028 3835 1350 3901 minorem;
1385 3834 1431 3887 si
1471 3839 1718 3905 quatuor
1773 3834 1844 3887 ad

145 3920 270 3991 tria,
293 3926 497 3993 quarta
522 3939 535 3990 ;
570 3923 615 3977 si
646 3923 905 3994 quinque
937 3923 1004 3977 ad
1037 3928 1303 3994 quatuor,
1331 3923 1548 3993 quinta,
1574 3927 1744 3993 atque
1767 3922 1847 3975 ita

146 4009 411 4082 deinceps
436 4029 447 4065 :
482 4012 682 4066 eadem
709 4012 854 4066 ratio
882 4015 967 4066 est
996 4015 1051 4066 et
1081 4011 1138 4064 in
1171 4028 1266 4064 sex
1294 4012 1364 4064 ad
1395 4015 1659 4082 quatuor,
1720 4015 1846 4064 octo

146 4097 214 4152 ad
244 4115 361 4166 sex,
398 4099 594 4154 decem
642 4100 715 4154 ad
744 4103 870 4154 octo
899 4119 914 4168 ;
945 4103 999 4153 et
1027 4099 1159 4153 inde
1208 4099 1339 4154 licet
1385 4099 1532 4153 hanc
1565 4099 1847 4153 rationem

146 4192 198 4241 et
227 4191 248 4223 ³
267 4188 327 4241 in
349 4188 839 4260 consequentibus
866 4192 921 4242 et
961 4187 1021 4242 in
1040 4188 1351 4259 majoribus
1380 4187 1637 4242 numeris
1667 4187 1848 4242 anim-

149 4275 439 4331 advertere
470 4282 640 4349 atque
672 4277 983 4348 explorare.
1021 4277 1279 4331 Nominis
1310 4282 1500 4332 autem
1525 4277 1696 4348 hujus
1727 4277 1844 4332 ori-

147 4364 338 4434 ginem
380 4383 500 4419 non
527 4367 692 4421 facile
725 4367 999 4422 dixerim:
1040 4366 1150 4420 nisi
1180 4367 1322 4421 forte
1353 4382 1554 4437 sesque
1583 4365 1747 4437 quasi
1786 4383 1844 4421 se

146 4453 358 4526 absque
378 4455 616 4522 dictum,
639 4455 700 4511 id
722 4461 806 4510 est
829 4457 1041 4527 absque
1069 4473 1146 4523 se,
1174 4456 1309 4527 quia
1329 4455 1585 4527 quinque
1609 4457 1682 4510 ad
1703 4471 1844 4526 qua-

147 4548 274 4598 tuor
303 4545 348 4612 ‘,
383 4545 596 4616 absque
645 4546 846 4618 quinta
883 4554 1041 4617 parte
1071 4562 1174 4599 sua
1202 4546 1385 4616 major
1424 4547 1531 4600 hoc
1580 4550 1662 4600 est
1691 4547 1843 4616 quod

145 4632 348 4688 minor.
400 4633 616 4698 Quibus
644 4635 712 4688 de
755 4635 923 4688 rebus
981 4650 1176 4705 qumro
1227 4634 1367 4705 quid
1407 4633 1510 4688 tibi
1565 4634 1838 4688 videatur.

145 4723 202 4774 D.
235 4721 372 4777 Mihi
404 4738 539 4777 vero
581 4728 639 4777 et
666 4723 765 4777 illa
793 4723 937 4777 ratio
984 4722 1410 4777 dimensionum
1439 4727 1610 4794 atque
1637 4739 1840 4777 nume-

147 4825 340 4866 rornm
370 4810 597 4866 videtur
621 4811 945 4879 verissima;
980 4816 1035 4866 et
1063 4812 1338 4866 vocabula
1369 4828 1497 4882 quae
1519 4811 1617 4865 abs
1645 4817 1698 4866 te
1729 4811 1839 4866 im-

142 4899 324 4968 posita
375 4903 528 4966 sunt,
562 4917 814 4972 congrua
842 4901 986 4955 mihi
1014 4901 1278 4956 videntur
1325 4901 1840 4955 commemorandis

143 4987 222 5042 eis
247 4989 425 5043 rebus
454 5005 596 5061 quas
642 4990 1064 5046 intelleximus:
1122 4996 1179 5046 et
1226 4991 1396 5062 hujus
1445 4990 1604 5060 origo
1654 4989 1838 5043 nomi-

143 5074 226 5129 nis
256 5093 435 5148 quam
466 5094 619 5132 nunc
657 5079 968 5150 explicasti,
1024 5097 1140 5134 non
1177 5084 1261 5134 est
1312 5079 1578 5148 absurda,
1613 5078 1834 5134 etiamsi

141 5163 280 5220 forte
313 5183 432 5221 non
463 5183 529 5222 ea
568 5167 639 5222 sit
691 5184 866 5240 quam
923 5174 1150 5224 secutus
1207 5173 1294 5224 est
1341 5169 1440 5242 qui
1475 5169 1584 5223 hoc
1626 5185 1840 5224 nomen

146 5253 410 5312 instituit.
679 5249 687 5258 ’

202 5418 217 5451 ί
246 5416 543 5528 ΑιὶἘαοιὼς
563 5415 757 5468 habent
779 5419 1043 5489 minorem
1065 5417 1268 5480 major,
1295 5419 1448 5481 juxta
1472 5419 1640 5468 Vatic.
1675 5419 1744 5468 M.

202 5480 219 5513 ²
251 5481 310 5528 In
392 5515 425 5528 ..
447 5479 810 5528 anne/lantur.
835 5481 1020 5528 Vatlc..
1041 5481 1370 5528 appellatur.

198 5480 219 5542 2
251 5481 310 5529 In
345 5479 425 5539 B.,
447 5479 810 5542 appellantur.
835 5480 1020 5537 Vatia,
1041 5479 1370 5542 appellatur.

200 5541 220 5575 ³
249 5543 310 5590 In
342 5542 425 5601 B.,
451 5541 726 5601 omittitur,
755 5548 822 5602 et,
858 5543 999 5604 quod
1024 5541 1088 5592 ex
1110 5541 1278 5593 Vatic.
1299 5543 1643 5592 restituimus.
1673 5542 1743 5592 Μ.

200 5605 219 5637 ³
237 5604 295 5654 Si
322 5607 558 5668 quinque
582 5605 743 5654 estad
769 5609 1015 5668 quatuor,
1046 5605 1198 5668 juxta
1223 5606 1315 5653 Ms.
1346 5605 1409 5652 A.
1434 5609 1485 5655 ct
1510 5607 1675 5655 Vatic.
1701 5606 1770 5653 Μ.

1637 311 1847 368 LIBER
1888 312 2170 371 PRIMUS.

3520 332 3654 386 1094

1967 437 2190 492 CAPUT
2217 439 2302 493 Χῐ.
2334 469 2402 480 -
2431 443 2605 496 Motus
2637 445 2687 496 et
2715 458 2966 498 numerus
3011 447 3070 500 in
3113 447 3393 518 infinitum
3428 466 3652 519 progre-

2245 527 2396 583 diens
2411 535 2472 584 ut
2494 531 2568 584 ad
2595 535 2794 587 certam
2813 533 3048 599 formam
3078 541 3369 594 coercetur.

2036 635 2119 686 18.
2153 634 2224 687 Μ.
2263 635 2445 689 Probo
2475 641 2531 690 et
2559 638 2771 710 accipio
2801 641 3145 695 sententiam
3176 647 3335 697 tuam
3366 659 3378 699 :
3437 647 3535 700 sed
3569 648 3652 700 vi-

1962 721 2133 776 desne
2163 739 2362 778 omnes
2392 726 2528 780 istos
2559 728 2922 784 rationabiles
2952 736 3159 796 motus,
3212 732 3272 787 id
3323 737 3406 788 est
3454 736 3553 805 qui
3583 737 3654 791 ad

1962 826 2082 864 sese
2136 811 2349 867 habent
2391 813 2642 886 aliquam
2695 833 3067 874 numerorum
3113 821 3555 894 dimensionem,
3594 824 3654 878 in

1961 899 2250 954 inﬁnitum
2279 918 2443 972 posse
2475 920 2577 973 per
2603 921 2869 960 numeros
2902 924 3159 980 pergere,
3197 910 3302 964 nisi
3335 927 3530 967 rursus
3558 930 3653 968 eos

1961 993 2112 1042 certa
2128 989 2270 1043 ratio
2298 992 2779 1058 coercuerit,etad
2794 997 3097 1065 quemdam
3120 1000 3353 1054 modum
3385 1001 3653 1056 formam-

1961 1091 2071 1145 que
2099 1080 2495 1134 revocaverit?
2532 1081 2673 1134 Nam
2723 1086 2787 1136 ut
2829 1083 3014 1153 primo
3055 1085 3124 1139 de
3165 1087 3301 1158 ipsis
3335 1091 3652 1160 aequalibus

1961 1163 2144 1219 dicam
2168 1182 2181 1232 ;
2210 1183 2392 1223 unum
2421 1169 2491 1223 ad
2513 1186 2712 1237 unum,
2739 1170 2852 1225 duo
2874 1172 2941 1226 ad
2970 1172 3104 1237 duo,
3136 1175 3245 1229 tria
3265 1177 3334 1231 ad
3353 1179 3479 1245 tria,
3510 1196 3653 1250 qua-

1959 1256 2090 1306 tuor
2121 1255 2192 1308 ad
2221 1261 2486 1326 quatuor,
2520 1275 2584 1312 ac
2614 1259 2881 1330 deinceps
2911 1259 2958 1313 si
2987 1277 3316 1333 persequar,
3351 1267 3477 1337 quis
3515 1269 3647 1322 linis

1960 1342 2086 1408 erit,
2115 1360 2245 1398 cum
2273 1346 2453 1416 ipsius
2483 1348 2707 1402 numeri
2736 1349 2867 1402 ﬁnis
2896 1350 3088 1403 nullus
3119 1351 3235 1404 sit?
3259 1355 3512 1426 Namque
3544 1357 3653 1412 ista

1957 1430 2040 1484 vis
2070 1448 2309 1487 numero
2340 1435 2506 1503 inest,
2542 1441 2602 1490 ut
2631 1438 2815 1492 omnis
2846 1438 3027 1492 dictus
3057 1439 3252 1494 ﬁnitus
3283 1442 3373 1509 sit,
3417 1460 3531 1499 non
3562 1446 3648 1500 di-

1957 1524 2078 1574 ctus
2108 1526 2299 1577 autem
2330 1524 2606 1579 inﬁnitus.
2663 1528 2726 1580 Et
2752 1527 2906 1597 quod
2952 1529 3269 1598 aequalibus
3299 1533 3504 1600 evenit,
3537 1534 3645 1589 hoc

1959 1609 2131 1663 etiam
2162 1611 2540 1684 inaequalibus
2570 1615 2798 1669 evenire
2840 1621 3004 1686 potes
3035 1617 3503 1692 animadvertere,
3538 1623 3654 1678 sive

1959 1696 2331 1767 complicatis,
2375 1699 2490 1754 sive
2522 1701 2820 1772 sesquatis,
2883 1704 2995 1757 sive
3044 1707 3488 1775 connumeratis,
3539 1711 3652 1764 sive

1959 1783 2352 1841 dinumeratis.
2388 1788 2444 1843 Si
2484 1790 2639 1844 enim
2672 1808 2849 1846 unum
2887 1793 2956 1846 ad
2987 1792 3099 1848 duo
3134 1795 3466 1866 constituas,
3499 1801 3555 1852 et
3594 1799 3655 1853 in

1958 1888 2024 1926 ea
2051 1874 2522 1944 multiplicatione
2547 1895 2882 1949 permanere
2915 1882 3068 1949 velis,
3102 1883 3341 1938 dicendo
3376 1901 3552 1940 unum
3581 1888 3653 1942 ad

1957 1961 2083 2026 tria,
2113 1979 2292 2016 unum
2314 1965 2383 2019 ad
2406 1970 2671 2036 quatuor,
2697 1985 2873 2022 unum
2896 1970 2966 2023 ad
2979 1969 3255 2042 quinque,
3280 1973 3653 2046 etdeinceps;

1957 2065 2075 2103 non
2105 2050 2212 2104 erit
2243 2051 2407 2108 ﬁnis:
2443 2055 2556 2109 sive
2588 2056 2708 2110 sola
2734 2058 2928 2128 dupla,
2961 2064 3024 2113 ut
3053 2076 3234 2114 unum
3263 2061 3332 2115 ad
3365 2062 3499 2131 duo,
3534 2065 3646 2119 duo

1957 2139 2028 2192 ad
2055 2145 2321 2210 quatuor,
2372 2149 2621 2214 quatuor
2661 2145 2733 2199 ad
2761 2150 2904 2211 octo,
2939 2152 3066 2202 octo
3121 2149 3192 2203 ad
3235 2151 3541 2221 sexdecim,
3596 2159 3652 2208 et

1959 2227 2164 2282 deinde
2190 2246 2203 2297 ;
2235 2230 2326 2284 hic
2354 2249 2582 2304 quoque
2614 2234 2804 2288 nullus
2827 2238 2911 2290 est
2930 2236 3088 2291 ﬁnis:
3122 2237 3200 2292 ita
3239 2244 3296 2293 et
3333 2240 3505 2312 tripla
3534 2244 3652 2298 sola

1957 2321 2012 2372 et
2034 2319 2353 2392 quadrupla
2378 2323 2516 2390 sola,
2542 2326 2597 2377 et
2612 2324 2892 2394 quidquid
2913 2326 3354 2382 horumtentare
3378 2331 3652 2401 volueris,

1957 2405 2019 2459 in
2048 2405 2342 2462 inﬁnitum
2371 2411 2837 2481 progrediuntur.
2881 2414 2963 2467 Ita
2989 2414 3161 2468 etiam
3193 2418 3444 2488 sesquati
3475 2435 3487 2473 :
3517 2436 3653 2475 nam

1956 2495 2068 2550 duo
2100 2497 2171 2550 ad
2199 2498 2320 2559 tria,
2353 2499 2460 2553 tria
2486 2500 2556 2554 ad
2581 2505 2845 2572 quatuor,
2877 2508 3122 2574 quatuor
3148 2505 3217 2559 ad
3239 2507 3488 2578 quinque
3519 2523 3650 2563 cum

1957 2582 2236 2651 dicimus;
2269 2586 2422 2641 vides
2453 2588 2592 2642 nihil
2623 2591 2923 2660 prohibere
2946 2595 3148 2646 caetera
3176 2594 3463 2665 persequi,
3497 2597 3652 2650 nullo

1957 2672 2251 2728 resistente
2282 2673 2424 2730 ﬁne:
2461 2676 2575 2730 sive
2606 2678 2714 2731 isto
2741 2679 2911 2732 modo
2943 2679 3079 2733 velis
3108 2679 3168 2733 in
3199 2682 3403 2736 eodem
3443 2699 3654 2753 genere

1957 2777 2343 2831 perseverans,
2377 2769 2440 2818 ut
2466 2765 2579 2819 duo
2621 2767 2690 2820 ad
2721 2766 2848 2834 tria,
2900 2773 3146 2838 quatuor
3185 2771 3254 2824 ad
3292 2787 3407 2836 sex,
3460 2789 3553 2826 sex
3585 2773 3653 2827 ad

1957 2864 2184 2915 novem,
2222 2855 2345 2904 octo
2372 2852 2438 2905 ad
2480 2853 2802 2923 duodecim,
2862 2855 3057 2909 decem
3106 2857 3174 2910 ad
3221 2858 3565 2926 quindecim,
3601 2865 3656 2915 et

1958 2936 2261 3009 deinceps;
2291 2938 2404 2992 sive
2431 2940 2490 2995 in
2531 2941 2635 2995 hoc
2679 2959 2907 3014 genere,
2943 2943 3057 2996 sive
3096 2943 3154 2998 in
3185 2947 3425 3016 cceteris,
3459 2950 3654 3004 nullus

1958 3026 2086 3080 linis
2114 3030 2377 3083 occurrit.
2414 3030 2562 3094 Quid
2592 3047 2733 3101 opus
2764 3037 2847 3084 est
2882 3032 2950 3085 de
2995 3032 3370 3088 dinumeratis
3410 3037 3532 3106 jam
3565 3037 3651 3091 di-

1957 3131 2101 3183 cere,
2135 3133 2263 3171 cum
2287 3133 2354 3172 ex
2383 3117 2452 3172 iis
2483 3135 2610 3189 quae
2633 3121 2756 3189 jam
2787 3120 2934 3174 dicta
2952 3124 3086 3176 sunt
3114 3121 3299 3192 quivis
3331 3123 3653 3196 intelligere

1957 3205 2151 3276 possit,
2168 3205 2225 3260 in
2251 3206 2321 3260 iis
2349 3224 2576 3278 quoque
2591 3209 2872 3279 gradatim
2894 3211 3257 3281 surgentibus
3281 3213 3504 3267 nullum
3531 3231 3653 3269 esse

1956 3295 2133 3348 ﬁnem
2151 3296 2180 3348 ?
2209 3298 2296 3349 An
2320 3297 2424 3351 tibi
2452 3313 2570 3351 non
2608 3297 2876 3352 videtur?

2035 3387 2115 3439 19.
2157 3387 2220 3439 Β.
2247 3385 2393 3449 Quid
2432 3387 2538 3440 hoc
2577 3403 2709 3440 vero
2745 3386 2932 3441 verius
2978 3386 3088 3442 dici
3127 3391 3356 3459 potest?
3399 3390 3505 3446 Sed
3533 3393 3653 3463 jam

1956 3472 2112 3527 illam
2142 3473 2424 3528 rationem
2456 3492 2583 3547 quae
2616 3475 2781 3530 istam
2810 3475 3154 3531 inﬁnitatem
3177 3483 3401 3534 revocat
3429 3482 3499 3536 ad
3530 3498 3656 3535 cer-

1957 3565 2080 3616 tum
2094 3564 2330 3617 modum
2347 3563 2703 3636 formamque
2722 3565 3038 3635 praescribit
3051 3582 3224 3636 quam
3247 3569 3520 3623 excedere
3536 3587 3655 3624 non

1956 3655 2238 3720 oporteat,
2285 3651 2603 3706 avidissime
2643 3669 2980 3723 cognoscere
3029 3661 3312 3725 exspecto.
3371 3660 3442 3712 Μ.
3500 3660 3653 3713 Hanc

1957 3755 2208 3810 quoque,
2241 3744 2305 3793 ut
2344 3741 2473 3806 alia,
2525 3741 2887 3810 temetipsum
2926 3759 3091 3796 nosse
3144 3760 3470 3814 cognosces,
3520 3762 3650 3801 cum

1955 3843 2047 3880 me
2076 3827 2464 3898 interrogante
2493 3845 2626 3881 vera
2656 3829 3032 3898 responderis.
3071 3831 3213 3884 Nam
3241 3832 3425 3901 primo
3455 3833 3554 3886 abs
3593 3839 3648 3888 te

1955 3931 2172 3986 quaero,
2190 3915 2463 3986 quoniam
2486 3916 2555 3970 de
2583 3917 2901 3971 numerosis
2923 3919 3169 3972 motibus
3191 3919 3435 3991 agimus,
3454 3927 3648 3976 utrum

1953 4003 2105 4076 ipsos
2136 4006 2444 4060 debeamus
2467 4008 2764 4061 consulere
2796 4024 3090 4078 numeros,
3112 4014 3177 4064 ut
3208 4027 3347 4081 quas
3381 4013 3545 4066 nobis
3576 4015 3648 4069 le-

1954 4111 2052 4166 ges
2082 4101 2264 4150 certas
2319 4096 2572 4167 ﬁxasque
2630 4098 3090 4166 monstraverint,
3128 4116 3220 4154 eas
3273 4100 3334 4154 in
3382 4101 3495 4155 illis
3529 4119 3648 4156 mo-

1953 4185 2104 4239 tibus
2166 4185 2697 4241 animadvertendas
2758 4187 3250 4259 observandasque
3299 4189 3646 4259 judicemus.

1953 4276 2019 4329 D.
2055 4275 2245 4329 Placet
2268 4291 2400 4329 vero
2426 4291 2438 4329 :
2484 4292 2600 4329 non
2630 4275 2783 4329 enim
2814 4275 3132 4348 quidquam
3163 4277 3476 4332 ordinatius
3524 4279 3650 4332 ﬁeri

1952 4379 2114 4434 posse
2147 4363 2409 4418 arbitror.
2446 4366 2517 4420 Μ.
2554 4366 2697 4436 Ergo
2729 4365 2797 4418 ab
2828 4365 2971 4435 ipso,
3014 4365 3061 4418 si
3091 4366 3330 4434 videtur,
3363 4367 3646 4438 principio

1951 4469 2324 4508 numerorum
2355 4453 2646 4524 capiamus
2668 4453 3140 4509 considerationis
3159 4455 3328 4525 hujus
3350 4457 3650 4510 exordium

1952 4545 2006 4596 et
2027 4542 2634 4614 videamus,quantum
2667 4560 2769 4612 pro
2796 4543 3009 4597 viribus
3039 4545 3247 4598 mentis
3278 4552 3484 4600 nostrae
3517 4547 3649 4601 talia

1950 4632 2204 4685 valemus
2228 4632 2462 4699 intueri,
2487 4649 2752 4703 quaenam
2783 4632 2854 4685 sit
2883 4632 3046 4703 ratio,
3065 4637 3126 4686 ut
3158 4635 3417 4704 quamvis
3439 4637 3646 4706 perin-

1949 4720 2199 4786 ﬁnitum,
2233 4725 2296 4774 ut
2340 4721 2555 4774 dictum
2587 4725 2687 4786 est,
2727 4737 2999 4775 numerus
3029 4723 3449 4792 progrediatur,
3510 4726 3647 4781 arti-

1949 4811 2110 4865 culos
2157 4811 2432 4880 quosdam
2479 4810 2740 4865 homines
2787 4810 2848 4863 in
2895 4812 3251 4866 numerando
3310 4813 3584 4881 fecerint;
3617 4832 3648 4868 a

1949 4900 2156 4971 quibus
2185 4901 2255 4954 ad
2285 4916 2466 4954 unum
2494 4915 2690 4954 rursus
2719 4899 2971 4967 redeant,
3004 4901 3156 4971 quod
3187 4906 3271 4955 est
3298 4903 3645 4974 principium

1947 5006 2341 5044 numerorum.
2368 4991 2429 5043 In
2452 4990 2812 5043 numerando
2835 4989 2988 5043 enim
3007 4991 3415 5062 progredimur
3435 4995 3504 5047 ab
3529 5009 3640 5045 uno

1946 5096 2128 5151 usque
2177 5079 2243 5133 ad
2302 5079 2517 5146 decem,
2560 5083 2730 5149 atque
2765 5079 2898 5133 inde
2931 5079 2997 5133 ad
3032 5097 3213 5135 unum
3263 5081 3638 5136 revertimur:

1946 5185 2011 5224 ac
2045 5167 2132 5221 ‘si
2200 5167 2493 5222 denariam
2541 5168 3034 5240 complicationem
3073 5169 3339 5241 persequi
3389 5167 3544 5235 velis,
3577 5173 3640 5223 ut

1945 5257 2052 5312 hoc
2081 5257 2251 5312 modo
2284 5256 2686 5329 progrediaris,
2721 5258 2938 5324 decem,
2961 5257 3182 5329 viginti,
3213 5257 3463 5327 triginta,
3500 5273 3640 5327 qua-

1947 5346 2248 5417 draginta;
2277 5363 2455 5418 usque
2504 5347 2576 5401 ad
2606 5352 2834 5402 centum
2864 5351 2949 5402 est
2986 5345 3302 5417 progressio
3330 5361 3341 5399 :
3376 5345 3421 5398 si
3451 5351 3642 5400 cente-

1946 5435 2188 5505 nariam,
2232 5441 2480 5501 centum,
2525 5437 2785 5505 ducenta,
2814 5441 3085 5505 trecenta,
3118 5433 3554 5506 quadringenta;
3581 5436 3642 5490 in

2013 5604 2027 5636 ¹
2061 5603 2120 5652 In
2151 5604 2226 5666 B.,
2249 5607 2322 5654 al.
2355 5605 2449 5654 Ms.
2480 5605 2538 5660 Α,
2569 5618 2647 5662 ac,
2673 5607 2724 5652 et
2754 5602 2954 5652 melius.
3090 5603 3163 5650 Μ.
