  <div class='ocr_page' id='page_1' title='image "/cluster/home/n/w/nwhite01/storage/ocr_20150623/32/umn.31951002477326y/559.png"; bbox 0 0 4064 6412; ppageno 0'>
   <div class='ocr_carea' id='block_1_1' title="bbox 405 291 540 345">
    <p class='ocr_par' dir='ltr' id='par_1_1' title="bbox 405 291 540 345">
     <span class='ocr_line' id='line_1_1' title="bbox 405 291 540 345; baseline -0.03 0"><span class='ocrx_word' id='word_1_1' title='bbox 405 291 540 345; x_wconf 77' lang='grc'>1095</span> 
     </span>
    </p>
   </div>
   <div class='ocr_carea' id='block_1_2' title="bbox 401 403 2099 478">
    <p class='ocr_par' dir='ltr' id='par_1_2' title="bbox 401 403 2099 478">
     <span class='ocr_line' id='line_1_2' title="bbox 401 403 2099 478; baseline -0.004 -12"><span class='ocrx_word' id='word_1_2' title='bbox 401 411 558 466; x_wconf 89' lang='lat' dir='ltr'>mille</span> <span class='ocrx_word' id='word_1_3' title='bbox 586 413 673 464; x_wconf 90' lang='lat' dir='ltr'>est</span> <span class='ocrx_word' id='word_1_4' title='bbox 703 407 976 464; x_wconf 79' lang='lat' dir='ltr'>articulus</span> <span class='ocrx_word' id='word_1_5' title='bbox 1004 423 1038 461; x_wconf 89' lang='lat' dir='ltr'>a</span> <span class='ocrx_word' id='word_1_6' title='bbox 1066 421 1181 478; x_wconf 87' lang='lat' dir='ltr'>quo</span> <span class='ocrx_word' id='word_1_7' title='bbox 1200 405 1482 461; x_wconf 81' lang='lat' dir='ltr'>redeatur.</span> <span class='ocrx_word' id='word_1_8' title='bbox 1511 403 1656 470; x_wconf 84' lang='lat' dir='ltr'>Quid</span> <span class='ocrx_word' id='word_1_9' title='bbox 1693 405 1814 477; x_wconf 91' lang='lat' dir='ltr'>jam</span> <span class='ocrx_word' id='word_1_10' title='bbox 1842 423 1986 478; x_wconf 93' lang='lat' dir='ltr'>opus</span> <span class='ocrx_word' id='word_1_11' title='bbox 2014 411 2099 461; x_wconf 89' lang='lat' dir='ltr'>est</span> 
     </span>
    </p>
   </div>
   <div class='ocr_carea' id='block_1_3' title="bbox 399 494 2098 570">
    <p class='ocr_par' dir='ltr' id='par_1_3' title="bbox 399 494 2098 570">
     <span class='ocr_line' id='line_1_3' title="bbox 399 494 2098 570; baseline -0.003 -15"><span class='ocrx_word' id='word_1_12' title='bbox 399 499 553 556; x_wconf 85' lang='lat' dir='ltr'>ultra</span> <span class='ocrx_word' id='word_1_13' title='bbox 582 514 840 570; x_wconf 65' lang='lat' dir='ltr'>quaerere</span> <span class='ocrx_word' id='word_1_14' title='bbox 855 499 884 552; x_wconf 86' lang='lat'><strong>?</strong></span> <span class='ocrx_word' id='word_1_15' title='bbox 902 496 1070 552; x_wconf 85' lang='lat' dir='ltr'>Vides</span> <span class='ocrx_word' id='word_1_16' title='bbox 1088 498 1237 551; x_wconf 92' lang='lat' dir='ltr'>certe</span> <span class='ocrx_word' id='word_1_17' title='bbox 1266 511 1412 567; x_wconf 92' lang='lat' dir='ltr'>quos</span> <span class='ocrx_word' id='word_1_18' title='bbox 1440 494 1711 549; x_wconf 86' lang='lat' dir='ltr'>articulos</span> <span class='ocrx_word' id='word_1_19' title='bbox 1724 495 1932 564; x_wconf 91' lang='lat' dir='ltr'>dicam,</span> <span class='ocrx_word' id='word_1_20' title='bbox 1955 511 2098 567; x_wconf 91' lang='lat' dir='ltr'>quo-</span> 
     </span>
    </p>
   </div>
   <div class='ocr_carea' id='block_1_4' title="bbox 401 583 2102 659">
    <p class='ocr_par' dir='ltr' id='par_1_4' title="bbox 401 583 2102 659">
     <span class='ocr_line' id='line_1_4' title="bbox 401 583 2102 659; baseline -0.002 -17"><span class='ocrx_word' id='word_1_21' title='bbox 401 604 533 643; x_wconf 92' lang='lat' dir='ltr'>rum</span> <span class='ocrx_word' id='word_1_22' title='bbox 563 587 755 659; x_wconf 89' lang='lat' dir='ltr'>prima</span> <span class='ocrx_word' id='word_1_23' title='bbox 781 586 982 657; x_wconf 91' lang='lat' dir='ltr'>regula</span> <span class='ocrx_word' id='word_1_24' title='bbox 1001 583 1234 640; x_wconf 88' lang='lat' dir='ltr'>denario</span> <span class='ocrx_word' id='word_1_25' title='bbox 1256 599 1496 638; x_wconf 88' lang='lat' dir='ltr'>numero</span> <span class='ocrx_word' id='word_1_26' title='bbox 1526 583 1931 654; x_wconf 69' lang='lat' dir='ltr'>praescribitur.</span> <span class='ocrx_word' id='word_1_27' title='bbox 1960 585 2102 638; x_wconf 89' lang='lat' dir='ltr'>Nam</span> 
     </span>
    </p>
   </div>
   <div class='ocr_carea' id='block_1_5' title="bbox 398 672 2100 744">
    <p class='ocr_par' dir='ltr' id='par_1_5' title="bbox 398 672 2100 744">
     <span class='ocr_line' id='line_1_5' title="bbox 398 672 2100 744; baseline -0.004 -12"><span class='ocrx_word' id='word_1_28' title='bbox 398 681 464 731; x_wconf 87' lang='lat' dir='ltr'>ut</span> <span class='ocrx_word' id='word_1_29' title='bbox 488 676 707 744; x_wconf 86' lang='lat' dir='ltr'>decem,</span> <span class='ocrx_word' id='word_1_30' title='bbox 755 674 940 730; x_wconf 88' lang='lat' dir='ltr'>decies</span> <span class='ocrx_word' id='word_1_31' title='bbox 978 674 1192 728; x_wconf 88' lang='lat' dir='ltr'>habent</span> <span class='ocrx_word' id='word_1_32' title='bbox 1240 688 1454 740; x_wconf 90' lang='lat' dir='ltr'>unum;</span> <span class='ocrx_word' id='word_1_33' title='bbox 1505 672 1583 726; x_wconf 89' lang='lat' dir='ltr'>ita</span> <span class='ocrx_word' id='word_1_34' title='bbox 1620 677 1869 735; x_wconf 85' lang='lat' dir='ltr'>centum,</span> <span class='ocrx_word' id='word_1_35' title='bbox 1917 672 2100 727; x_wconf 90' lang='lat' dir='ltr'>decies</span> 
     </span>
    </p>
   </div>
   <div class='ocr_carea' id='block_1_6' title="bbox 399 760 2100 829">
    <p class='ocr_par' dir='ltr' id='par_1_6' title="bbox 399 760 2100 829">
     <span class='ocr_line' id='line_1_6' title="bbox 399 760 2100 829; baseline -0.003 -10"><span class='ocrx_word' id='word_1_36' title='bbox 399 763 617 820; x_wconf 86' lang='lat' dir='ltr'>habent</span> <span class='ocrx_word' id='word_1_37' title='bbox 645 763 876 818; x_wconf 90' lang='lat' dir='ltr'>eosdem</span> <span class='ocrx_word' id='word_1_38' title='bbox 917 762 1148 829; x_wconf 88' lang='lat' dir='ltr'>decem;</span> <span class='ocrx_word' id='word_1_39' title='bbox 1198 765 1255 815; x_wconf 92' lang='lat' dir='ltr'>et</span> <span class='ocrx_word' id='word_1_40' title='bbox 1299 760 1476 826; x_wconf 91' lang='lat' dir='ltr'>mille,</span> <span class='ocrx_word' id='word_1_41' title='bbox 1510 760 1694 815; x_wconf 87' lang='lat' dir='ltr'>decies</span> <span class='ocrx_word' id='word_1_42' title='bbox 1722 760 1935 815; x_wconf 86' lang='lat' dir='ltr'>habent</span> <span class='ocrx_word' id='word_1_43' title='bbox 1963 777 2100 814; x_wconf 91' lang='lat' dir='ltr'>cen-</span> 
     </span>
    </p>
   </div>
   <div class='ocr_carea' id='block_1_7' title="bbox 400 846 2099 920">
    <p class='ocr_par' dir='ltr' id='par_1_7' title="bbox 400 846 2099 920">
     <span class='ocr_line' id='line_1_7' title="bbox 400 846 2099 920; baseline -0.004 -13"><span class='ocrx_word' id='word_1_44' title='bbox 400 855 527 907; x_wconf 87' lang='lat' dir='ltr'>tum</span> <span class='ocrx_word' id='word_1_45' title='bbox 553 873 569 918; x_wconf 75' lang='lat'><strong>;</strong></span> <span class='ocrx_word' id='word_1_46' title='bbox 602 854 658 905; x_wconf 90' lang='lat' dir='ltr'>et</span> <span class='ocrx_word' id='word_1_47' title='bbox 683 851 764 905; x_wconf 88' lang='lat' dir='ltr'>ita</span> <span class='ocrx_word' id='word_1_48' title='bbox 792 849 1056 920; x_wconf 87' lang='lat' dir='ltr'>deinceps</span> <span class='ocrx_word' id='word_1_49' title='bbox 1096 863 1397 920; x_wconf 87' lang='lat' dir='ltr'>quousque</span> <span class='ocrx_word' id='word_1_50' title='bbox 1427 846 1653 902; x_wconf 87' lang='lat' dir='ltr'>libitum</span> <span class='ocrx_word' id='word_1_51' title='bbox 1685 851 1768 902; x_wconf 89' lang='lat' dir='ltr'>est</span> <span class='ocrx_word' id='word_1_52' title='bbox 1807 847 2099 919; x_wconf 82' lang='lat' dir='ltr'>progredi,</span> 
     </span>
    </p>
   </div>
   <div class='ocr_carea' id='block_1_8' title="bbox 399 935 2099 1014">
    <p class='ocr_par' dir='ltr' id='par_1_8' title="bbox 399 935 2099 1014">
     <span class='ocr_line' id='line_1_8' title="bbox 399 935 2099 1014; baseline -0.004 -19"><span class='ocrx_word' id='word_1_53' title='bbox 399 939 508 995; x_wconf 92' lang='lat' dir='ltr'>ibit</span> <span class='ocrx_word' id='word_1_54' title='bbox 523 937 556 1014; x_wconf 34' lang='grc'>,⁸</span> <span class='ocrx_word' id='word_1_55' title='bbox 578 939 638 994; x_wconf 91' lang='lat' dir='ltr'>in</span> <span class='ocrx_word' id='word_1_56' title='bbox 664 937 1064 1010; x_wconf 84' lang='lat' dir='ltr'>hujuscemodi</span> <span class='ocrx_word' id='word_1_57' title='bbox 1091 936 1252 1008; x_wconf 90' lang='lat' dir='ltr'>quasi</span> <span class='ocrx_word' id='word_1_58' title='bbox 1283 935 1559 1005; x_wconf 85' lang='lat' dir='ltr'>articulis,</span> <span class='ocrx_word' id='word_1_59' title='bbox 1591 937 1746 1007; x_wconf 90' lang='lat' dir='ltr'>quod</span> <span class='ocrx_word' id='word_1_60' title='bbox 1775 936 1833 988; x_wconf 91' lang='lat' dir='ltr'>in</span> <span class='ocrx_word' id='word_1_61' title='bbox 1865 935 2099 990; x_wconf 82' lang='lat' dir='ltr'>denario</span> 
     </span>
    </p>
   </div>
   <div class='ocr_carea' id='block_1_9' title="bbox 399 1023 2101 1100">
    <p class='ocr_par' dir='ltr' id='par_1_9' title="bbox 399 1023 2101 1100">
     <span class='ocr_line' id='line_1_9' title="bbox 399 1023 2101 1100; baseline -0.004 -17"><span class='ocrx_word' id='word_1_62' title='bbox 399 1044 643 1083; x_wconf 92' lang='lat' dir='ltr'>numero</span> <span class='ocrx_word' id='word_1_63' title='bbox 663 1027 1016 1100; x_wconf 76' lang='lat' dir='ltr'>praeﬁnitum</span> <span class='ocrx_word' id='word_1_64' title='bbox 1056 1029 1159 1080; x_wconf 89' lang='lat' dir='ltr'>est.</span> <span class='ocrx_word' id='word_1_65' title='bbox 1189 1027 1274 1079; x_wconf 88' lang='lat' dir='ltr'>An</span> <span class='ocrx_word' id='word_1_66' title='bbox 1306 1023 1526 1096; x_wconf 87' lang='lat' dir='ltr'>aliquid</span> <span class='ocrx_word' id='word_1_67' title='bbox 1553 1023 1763 1078; x_wconf 91' lang='lat' dir='ltr'>horum</span> <span class='ocrx_word' id='word_1_68' title='bbox 1794 1039 1908 1077; x_wconf 93' lang='lat' dir='ltr'>non</span> <span class='ocrx_word' id='word_1_69' title='bbox 1938 1023 2101 1077; x_wconf 87' lang='lat' dir='ltr'>intel-</span> 
     </span>
    </p>
   </div>
   <div class='ocr_carea' id='block_1_10' title="bbox 395 1110 1990 1189">
    <p class='ocr_par' dir='ltr' id='par_1_10' title="bbox 395 1110 1990 1189">
     <span class='ocr_line' id='line_1_10' title="bbox 395 1110 1990 1189; baseline -0.004 -17"><span class='ocrx_word' id='word_1_70' title='bbox 395 1117 528 1189; x_wconf 88' lang='lat' dir='ltr'>ligis</span> <span class='ocrx_word' id='word_1_71' title='bbox 546 1116 574 1170; x_wconf 86' lang='lat'><strong>?</strong></span> <span class='ocrx_word' id='word_1_72' title='bbox 603 1120 667 1172; x_wconf 92' lang='lat' dir='ltr'>D.</span> <span class='ocrx_word' id='word_1_73' title='bbox 701 1113 1157 1172; x_wconf 80' lang='lat' dir='ltr'>Manifestissima</span> <span class='ocrx_word' id='word_1_74' title='bbox 1186 1117 1318 1168; x_wconf 93' lang='lat' dir='ltr'>sunt</span> <span class='ocrx_word' id='word_1_75' title='bbox 1348 1112 1561 1178; x_wconf 89' lang='lat' dir='ltr'>omnia,</span> <span class='ocrx_word' id='word_1_76' title='bbox 1594 1115 1650 1166; x_wconf 92' lang='lat' dir='ltr'>et</span> <span class='ocrx_word' id='word_1_77' title='bbox 1676 1110 1990 1166; x_wconf 89' lang='lat' dir='ltr'>verissima.</span> 
     </span>
    </p>
   </div>
   <div class='ocr_carea' id='block_1_11' title="bbox 400 1200 2100 1270">
    <p class='ocr_par' dir='ltr' id='par_1_11' title="bbox 400 1200 2100 1270">
     <span class='ocr_line' id='line_1_11' title="bbox 400 1200 2100 1270; baseline -0.004 -9"><span class='ocrx_word' id='word_1_78' title='bbox 400 1206 624 1261; x_wconf 85' lang='lat' dir='ltr'>CAPUT</span> <span class='ocrx_word' id='word_1_79' title='bbox 678 1205 793 1260; x_wconf 89' lang='grc' dir='ltr'>ΧῐΙ.</span> <span class='ocrx_word' id='word_1_80' title='bbox 825 1235 892 1245; x_wconf 88' lang='grc'><strong>-</strong></span> <span class='ocrx_word' id='word_1_81' title='bbox 923 1204 1032 1260; x_wconf 84' lang='lat' dir='ltr'>Cur</span> <span class='ocrx_word' id='word_1_82' title='bbox 1088 1203 1156 1257; x_wconf 90' lang='lat' dir='ltr'>ab</span> <span class='ocrx_word' id='word_1_83' title='bbox 1213 1217 1318 1256; x_wconf 88' lang='lat' dir='ltr'>uno</span> <span class='ocrx_word' id='word_1_84' title='bbox 1360 1200 1436 1256; x_wconf 85' lang='lat' dir='ltr'>ad</span> <span class='ocrx_word' id='word_1_85' title='bbox 1460 1201 1634 1256; x_wconf 88' lang='lat' dir='ltr'>decem</span> <span class='ocrx_word' id='word_1_86' title='bbox 1659 1215 2000 1270; x_wconf 81' lang='lat' dir='ltr'>progressus,</span> <span class='ocrx_word' id='word_1_87' title='bbox 2049 1203 2100 1255; x_wconf 78' lang='lat' dir='ltr'>et</span> 
     </span>
    </p>
   </div>
   <div class='ocr_carea' id='block_1_12' title="bbox 610 1288 1883 1366">
    <p class='ocr_par' dir='ltr' id='par_1_12' title="bbox 610 1288 1883 1366">
     <span class='ocr_line' id='line_1_12' title="bbox 610 1288 1883 1366; baseline -0.002 -19"><span class='ocrx_word' id='word_1_88' title='bbox 610 1293 738 1347; x_wconf 81' lang='lat' dir='ltr'>inde</span> <span class='ocrx_word' id='word_1_89' title='bbox 758 1291 834 1347; x_wconf 83' lang='lat' dir='ltr'>ad</span> <span class='ocrx_word' id='word_1_90' title='bbox 858 1307 1025 1346; x_wconf 85' lang='lat' dir='ltr'>unum</span> <span class='ocrx_word' id='word_1_91' title='bbox 1069 1291 1278 1366; x_wconf 65' lang='lat' dir='ltr'>reditus</span> <span class='ocrx_word' id='word_1_92' title='bbox 1309 1291 1366 1343; x_wconf 77' lang='lat' dir='ltr'>in</span> <span class='ocrx_word' id='word_1_93' title='bbox 1405 1288 1739 1344; x_wconf 86' lang='lat' dir='ltr'>numerando</span> <span class='ocrx_word' id='word_1_94' title='bbox 1765 1292 1883 1359; x_wconf 79' lang='lat' dir='ltr'>ﬁat.</span> 
     </span>
    </p>
   </div>
   <div class='ocr_carea' id='block_1_13' title="bbox 466 1378 2098 1452">
    <p class='ocr_par' dir='ltr' id='par_1_13' title="bbox 466 1378 2098 1452">
     <span class='ocr_line' id='line_1_13' title="bbox 466 1378 2098 1452; baseline -0.004 -14"><span class='ocrx_word' id='word_1_95' title='bbox 466 1385 557 1438; x_wconf 79' lang='lat'>20.</span> <span class='ocrx_word' id='word_1_96' title='bbox 590 1385 671 1438; x_wconf 98' lang='grc' dir='ltr'>Μ.</span> <span class='ocrx_word' id='word_1_97' title='bbox 710 1383 828 1437; x_wconf 85' lang='lat' dir='ltr'>Hoc</span> <span class='ocrx_word' id='word_1_98' title='bbox 851 1397 987 1452; x_wconf 89' lang='lat' dir='ltr'>ergo</span> <span class='ocrx_word' id='word_1_99' title='bbox 1017 1382 1296 1452; x_wconf 86' lang='lat' dir='ltr'>quantum</span> <span class='ocrx_word' id='word_1_100' title='bbox 1323 1378 1631 1449; x_wconf 81' lang='lat' dir='ltr'>diligenter</span> <span class='ocrx_word' id='word_1_101' title='bbox 1651 1393 1952 1450; x_wconf 83' lang='lat' dir='ltr'>possumus</span> <span class='ocrx_word' id='word_1_102' title='bbox 1967 1393 2098 1448; x_wconf 90' lang='lat' dir='ltr'>per-</span> 
     </span>
    </p>
   </div>
   <div class='ocr_carea' id='block_1_14' title="bbox 397 1465 2098 1542">
    <p class='ocr_par' dir='ltr' id='par_1_14' title="bbox 397 1465 2098 1542">
     <span class='ocr_line' id='line_1_14' title="bbox 397 1465 2098 1542; baseline -0.006 -14"><span class='ocrx_word' id='word_1_103' title='bbox 397 1474 738 1536; x_wconf 88' lang='lat' dir='ltr'>scrutemur,</span> <span class='ocrx_word' id='word_1_104' title='bbox 773 1486 1036 1542; x_wconf 58' lang='lat' dir='ltr'>quaenam</span> <span class='ocrx_word' id='word_1_105' title='bbox 1067 1469 1141 1523; x_wconf 91' lang='lat' dir='ltr'>sit</span> <span class='ocrx_word' id='word_1_106' title='bbox 1165 1467 1312 1522; x_wconf 89' lang='lat' dir='ltr'>ratio</span> <span class='ocrx_word' id='word_1_107' title='bbox 1343 1470 1407 1522; x_wconf 89' lang='lat' dir='ltr'>ut</span> <span class='ocrx_word' id='word_1_108' title='bbox 1441 1465 1512 1520; x_wconf 92' lang='lat' dir='ltr'><strong>ab</strong></span> <span class='ocrx_word' id='word_1_109' title='bbox 1541 1483 1656 1520; x_wconf 93' lang='lat' dir='ltr'>uno</span> <span class='ocrx_word' id='word_1_110' title='bbox 1685 1481 1866 1536; x_wconf 90' lang='lat' dir='ltr'>usque</span> <span class='ocrx_word' id='word_1_111' title='bbox 1897 1465 1968 1520; x_wconf 90' lang='lat' dir='ltr'>ad</span> <span class='ocrx_word' id='word_1_112' title='bbox 1995 1465 2098 1520; x_wconf 80' lang='lat' dir='ltr'>de-</span> 
     </span>
    </p>
   </div>
   <div class='ocr_carea' id='block_1_15' title="bbox 396 1553 2094 1631">
    <p class='ocr_par' dir='ltr' id='par_1_15' title="bbox 396 1553 2094 1631">
     <span class='ocr_line' id='line_1_15' title="bbox 396 1553 2094 1631; baseline -0.005 -16"><span class='ocrx_word' id='word_1_113' title='bbox 396 1577 521 1615; x_wconf 86' lang='lat' dir='ltr'>cem</span> <span class='ocrx_word' id='word_1_114' title='bbox 549 1575 903 1631; x_wconf 88' lang='lat' dir='ltr'>progressus,</span> <span class='ocrx_word' id='word_1_115' title='bbox 937 1561 993 1612; x_wconf 93' lang='lat' dir='ltr'>et</span> <span class='ocrx_word' id='word_1_116' title='bbox 1021 1556 1156 1612; x_wconf 91' lang='lat' dir='ltr'>inde</span> <span class='ocrx_word' id='word_1_117' title='bbox 1186 1572 1384 1611; x_wconf 84' lang='lat' dir='ltr'>rursus</span> <span class='ocrx_word' id='word_1_118' title='bbox 1416 1555 1484 1610; x_wconf 91' lang='lat' dir='ltr'>ad</span> <span class='ocrx_word' id='word_1_119' title='bbox 1517 1571 1700 1610; x_wconf 89' lang='lat' dir='ltr'>unum</span> <span class='ocrx_word' id='word_1_120' title='bbox 1731 1554 1951 1608; x_wconf 90' lang='lat' dir='ltr'>reditus</span> <span class='ocrx_word' id='word_1_121' title='bbox 1975 1553 2094 1607; x_wconf 84' lang='lat' dir='ltr'>iiat.</span> 
     </span>
    </p>
   </div>
   <div class='ocr_carea' id='block_1_16' title="bbox 400 1641 2097 1718">
    <p class='ocr_par' dir='ltr' id='par_1_16' title="bbox 400 1641 2097 1718">
     <span class='ocr_line' id='line_1_16' title="bbox 400 1641 2097 1718; baseline -0.005 -15"><span class='ocrx_word' id='word_1_122' title='bbox 400 1648 560 1703; x_wconf 91' lang='lat' dir='ltr'>Unde</span> <span class='ocrx_word' id='word_1_123' title='bbox 587 1648 686 1703; x_wconf 91' lang='lat' dir='ltr'>abs</span> <span class='ocrx_word' id='word_1_124' title='bbox 713 1651 769 1702; x_wconf 92' lang='lat' dir='ltr'>te</span> <span class='ocrx_word' id='word_1_125' title='bbox 795 1662 1011 1718; x_wconf 65' lang='lat' dir='ltr'>quaero,</span> <span class='ocrx_word' id='word_1_126' title='bbox 1042 1649 1238 1700; x_wconf 92' lang='lat' dir='ltr'>utrum</span> <span class='ocrx_word' id='word_1_127' title='bbox 1264 1644 1415 1715; x_wconf 90' lang='lat' dir='ltr'>quod</span> <span class='ocrx_word' id='word_1_128' title='bbox 1436 1659 1705 1697; x_wconf 90' lang='lat' dir='ltr'>vocamus</span> <span class='ocrx_word' id='word_1_129' title='bbox 1729 1641 2097 1714; x_wconf 88' lang='lat' dir='ltr'>principium,</span> 
     </span>
    </p>
   </div>
   <div class='ocr_carea' id='block_1_17' title="bbox 396 1731 2098 1808">
    <p class='ocr_par' dir='ltr' id='par_1_17' title="bbox 396 1731 2098 1808">
     <span class='ocr_line' id='line_1_17' title="bbox 396 1731 2098 1808; baseline -0.004 -18"><span class='ocrx_word' id='word_1_130' title='bbox 396 1735 580 1808; x_wconf 90' lang='lat' dir='ltr'>possit</span> <span class='ocrx_word' id='word_1_131' title='bbox 605 1734 842 1790; x_wconf 92' lang='lat' dir='ltr'>omnino</span> <span class='ocrx_word' id='word_1_132' title='bbox 864 1733 977 1788; x_wconf 88' lang='lat' dir='ltr'>nisi</span> <span class='ocrx_word' id='word_1_133' title='bbox 1006 1732 1246 1803; x_wconf 87' lang='lat' dir='ltr'>alicujus</span> <span class='ocrx_word' id='word_1_134' title='bbox 1276 1748 1397 1787; x_wconf 90' lang='lat' dir='ltr'>esse</span> <span class='ocrx_word' id='word_1_135' title='bbox 1418 1731 1794 1802; x_wconf 90' lang='lat' dir='ltr'>principium.</span> <span class='ocrx_word' id='word_1_136' title='bbox 1837 1735 1898 1786; x_wconf 92' lang='lat' dir='ltr'>D.</span> <span class='ocrx_word' id='word_1_137' title='bbox 1933 1731 2098 1786; x_wconf 87' lang='lat' dir='ltr'>Nullo</span> 
     </span>
    </p>
   </div>
   <div class='ocr_carea' id='block_1_18' title="bbox 397 1819 2098 1895">
    <p class='ocr_par' dir='ltr' id='par_1_18' title="bbox 397 1819 2098 1895">
     <span class='ocr_line' id='line_1_18' title="bbox 397 1819 2098 1895; baseline -0.003 -16"><span class='ocrx_word' id='word_1_138' title='bbox 397 1823 566 1879; x_wconf 90' lang='lat' dir='ltr'>modo</span> <span class='ocrx_word' id='word_1_139' title='bbox 595 1827 800 1895; x_wconf 84' lang='lat' dir='ltr'>potest.</span> <span class='ocrx_word' id='word_1_140' title='bbox 841 1825 915 1878; x_wconf 86' lang='lat' dir='ltr'>M.</span> <span class='ocrx_word' id='word_1_141' title='bbox 941 1823 1080 1876; x_wconf 85' lang='lat' dir='ltr'>Item</span> <span class='ocrx_word' id='word_1_142' title='bbox 1112 1820 1266 1892; x_wconf 93' lang='lat' dir='ltr'>quod</span> <span class='ocrx_word' id='word_1_143' title='bbox 1310 1821 1551 1876; x_wconf 90' lang='lat' dir='ltr'>dicimus</span> <span class='ocrx_word' id='word_1_144' title='bbox 1580 1819 1778 1887; x_wconf 91' lang='lat' dir='ltr'>ﬁnem,</span> <span class='ocrx_word' id='word_1_145' title='bbox 1833 1823 2098 1890; x_wconf 89' lang='lat' dir='ltr'>potestne</span> 
     </span>
    </p>
   </div>
   <div class='ocr_carea' id='block_1_19' title="bbox 399 1908 2096 1983">
    <p class='ocr_par' dir='ltr' id='par_1_19' title="bbox 399 1908 2096 1983">
     <span class='ocr_line' id='line_1_19' title="bbox 399 1908 2096 1983; baseline -0.004 -16"><span class='ocrx_word' id='word_1_146' title='bbox 399 1911 512 1967; x_wconf 91' lang='lat' dir='ltr'>nisi</span> <span class='ocrx_word' id='word_1_147' title='bbox 537 1911 778 1983; x_wconf 86' lang='lat' dir='ltr'>alicujus</span> <span class='ocrx_word' id='word_1_148' title='bbox 828 1909 912 1966; x_wconf 89' lang='lat' dir='ltr'>rei</span> <span class='ocrx_word' id='word_1_149' title='bbox 941 1909 1074 1965; x_wconf 86' lang='lat' dir='ltr'>ﬁnis</span> <span class='ocrx_word' id='word_1_150' title='bbox 1101 1908 1269 1965; x_wconf 85' lang='lat' dir='ltr'>esse?</span> <span class='ocrx_word' id='word_1_151' title='bbox 1299 1912 1362 1964; x_wconf 91' lang='lat' dir='ltr'>D.</span> <span class='ocrx_word' id='word_1_152' title='bbox 1418 1910 1600 1964; x_wconf 88' lang='lat' dir='ltr'>Etiam</span> <span class='ocrx_word' id='word_1_153' title='bbox 1639 1908 1696 1963; x_wconf 90' lang='lat' dir='ltr'>id</span> <span class='ocrx_word' id='word_1_154' title='bbox 1729 1924 1847 1962; x_wconf 93' lang='lat' dir='ltr'>non</span> <span class='ocrx_word' id='word_1_155' title='bbox 1887 1912 2096 1978; x_wconf 88' lang='lat' dir='ltr'>potest.</span> 
     </span>
    </p>
   </div>
   <div class='ocr_carea' id='block_1_20' title="bbox 395 1995 2100 2071">
    <p class='ocr_par' dir='ltr' id='par_1_20' title="bbox 395 1995 2100 2071">
     <span class='ocr_line' id='line_1_20' title="bbox 395 1995 2100 2071; baseline -0.004 -14"><span class='ocrx_word' id='word_1_156' title='bbox 395 2003 472 2057; x_wconf 90' lang='lat' dir='ltr'>M.</span> <span class='ocrx_word' id='word_1_157' title='bbox 505 2000 694 2066; x_wconf 85' lang='lat' dir='ltr'>Quid?</span> <span class='ocrx_word' id='word_1_158' title='bbox 733 2017 768 2055; x_wconf 88' lang='lat' dir='ltr'>a</span> <span class='ocrx_word' id='word_1_159' title='bbox 803 1997 1086 2071; x_wconf 89' lang='lat' dir='ltr'>principio</span> <span class='ocrx_word' id='word_1_160' title='bbox 1117 1999 1187 2053; x_wconf 91' lang='lat' dir='ltr'>ad</span> <span class='ocrx_word' id='word_1_161' title='bbox 1233 1997 1411 2052; x_wconf 89' lang='lat' dir='ltr'>ﬁnem</span> <span class='ocrx_word' id='word_1_162' title='bbox 1438 2014 1581 2052; x_wconf 90' lang='lat' dir='ltr'>num</span> <span class='ocrx_word' id='word_1_163' title='bbox 1611 2001 1780 2068; x_wconf 89' lang='lat' dir='ltr'>putas</span> <span class='ocrx_word' id='word_1_164' title='bbox 1808 1995 2100 2068; x_wconf 88' lang='lat' dir='ltr'>perveniri</span> 
     </span>
    </p>
   </div>
   <div class='ocr_carea' id='block_1_21' title="bbox 391 2086 2095 2162">
    <p class='ocr_par' dir='ltr' id='par_1_21' title="bbox 391 2086 2095 2162">
     <span class='ocr_line' id='line_1_21' title="bbox 391 2086 2095 2162; baseline -0.004 -17"><span class='ocrx_word' id='word_1_165' title='bbox 391 2106 577 2162; x_wconf 89' lang='lat' dir='ltr'>posse,</span> <span class='ocrx_word' id='word_1_166' title='bbox 591 2089 704 2144; x_wconf 88' lang='lat' dir='ltr'>nisi</span> <span class='ocrx_word' id='word_1_167' title='bbox 723 2105 828 2160; x_wconf 93' lang='lat' dir='ltr'>per</span> <span class='ocrx_word' id='word_1_168' title='bbox 848 2087 1080 2159; x_wconf 88' lang='lat' dir='ltr'>aliquod</span> <span class='ocrx_word' id='word_1_169' title='bbox 1106 2087 1365 2142; x_wconf 91' lang='lat' dir='ltr'>medium</span> <span class='ocrx_word' id='word_1_170' title='bbox 1384 2087 1413 2140; x_wconf 87' lang='lat'><strong>?</strong></span> <span class='ocrx_word' id='word_1_171' title='bbox 1434 2089 1496 2140; x_wconf 90' lang='lat' dir='ltr'>D.</span> <span class='ocrx_word' id='word_1_172' title='bbox 1523 2088 1648 2141; x_wconf 92' lang='lat' dir='ltr'>Non</span> <span class='ocrx_word' id='word_1_173' title='bbox 1668 2089 1831 2156; x_wconf 89' lang='lat' dir='ltr'>puto.</span> <span class='ocrx_word' id='word_1_174' title='bbox 1855 2087 1931 2140; x_wconf 87' lang='grc' dir='ltr'>Μ.</span> <span class='ocrx_word' id='word_1_175' title='bbox 1951 2086 2095 2156; x_wconf 90' lang='lat' dir='ltr'>Ergo</span> 
     </span>
    </p>
   </div>
   <div class='ocr_carea' id='block_1_22' title="bbox 394 2172 2092 2249">
    <p class='ocr_par' dir='ltr' id='par_1_22' title="bbox 394 2172 2092 2249">
     <span class='ocr_line' id='line_1_22' title="bbox 394 2172 2092 2249; baseline -0.004 -15"><span class='ocrx_word' id='word_1_176' title='bbox 394 2182 462 2234; x_wconf 90' lang='lat' dir='ltr'>ut</span> <span class='ocrx_word' id='word_1_177' title='bbox 481 2182 663 2233; x_wconf 92' lang='lat' dir='ltr'>totum</span> <span class='ocrx_word' id='word_1_178' title='bbox 693 2176 912 2249; x_wconf 91' lang='lat' dir='ltr'>aliquid</span> <span class='ocrx_word' id='word_1_179' title='bbox 932 2176 1026 2244; x_wconf 86' lang='lat' dir='ltr'>sit,</span> <span class='ocrx_word' id='word_1_180' title='bbox 1056 2174 1340 2246; x_wconf 90' lang='lat' dir='ltr'>principio</span> <span class='ocrx_word' id='word_1_181' title='bbox 1366 2178 1422 2229; x_wconf 92' lang='lat' dir='ltr'>et</span> <span class='ocrx_word' id='word_1_182' title='bbox 1437 2172 1627 2228; x_wconf 89' lang='lat' dir='ltr'>medio</span> <span class='ocrx_word' id='word_1_183' title='bbox 1652 2179 1708 2228; x_wconf 89' lang='lat' dir='ltr'>et</span> <span class='ocrx_word' id='word_1_184' title='bbox 1725 2173 1839 2229; x_wconf 90' lang='lat' dir='ltr'>ﬁne</span> <span class='ocrx_word' id='word_1_185' title='bbox 1857 2177 2092 2228; x_wconf 88' lang='lat' dir='ltr'>constat.</span> 
     </span>
    </p>
   </div>
   <div class='ocr_carea' id='block_1_23' title="bbox 395 2262 2097 2335">
    <p class='ocr_par' dir='ltr' id='par_1_23' title="bbox 395 2262 2097 2335">
     <span class='ocr_line' id='line_1_23' title="bbox 395 2262 2097 2335; baseline -0.004 -13"><span class='ocrx_word' id='word_1_186' title='bbox 395 2268 469 2322; x_wconf 93' lang='lat' dir='ltr'>D.</span> <span class='ocrx_word' id='word_1_187' title='bbox 500 2268 586 2322; x_wconf 86' lang='lat' dir='ltr'>Ita</span> <span class='ocrx_word' id='word_1_188' title='bbox 613 2265 861 2321; x_wconf 89' lang='lat' dir='ltr'>videtur.</span> <span class='ocrx_word' id='word_1_189' title='bbox 893 2267 969 2321; x_wconf 89' lang='lat' dir='ltr'>M.</span> <span class='ocrx_word' id='word_1_190' title='bbox 999 2264 1099 2319; x_wconf 93' lang='lat' dir='ltr'>Dic</span> <span class='ocrx_word' id='word_1_191' title='bbox 1128 2263 1321 2335; x_wconf 90' lang='lat' dir='ltr'>itaque</span> <span class='ocrx_word' id='word_1_192' title='bbox 1348 2279 1520 2332; x_wconf 88' lang='lat' dir='ltr'>nunc,</span> <span class='ocrx_word' id='word_1_193' title='bbox 1569 2262 1942 2334; x_wconf 86' lang='lat' dir='ltr'>principium,</span> <span class='ocrx_word' id='word_1_194' title='bbox 1969 2279 2097 2317; x_wconf 92' lang='lat' dir='ltr'>me-</span> 
     </span>
    </p>
   </div>
   <div class='ocr_carea' id='block_1_24' title="bbox 396 2351 2087 2425">
    <p class='ocr_par' dir='ltr' id='par_1_24' title="bbox 396 2351 2087 2425">
     <span class='ocr_line' id='line_1_24' title="bbox 396 2351 2087 2425; baseline -0.002 -15"><span class='ocrx_word' id='word_1_195' title='bbox 396 2355 558 2410; x_wconf 91' lang='lat' dir='ltr'>dium</span> <span class='ocrx_word' id='word_1_196' title='bbox 589 2360 647 2409; x_wconf 91' lang='lat' dir='ltr'>et</span> <span class='ocrx_word' id='word_1_197' title='bbox 675 2354 824 2421; x_wconf 88' lang='lat' dir='ltr'>ﬁnis,</span> <span class='ocrx_word' id='word_1_198' title='bbox 854 2369 969 2425; x_wconf 90' lang='lat' dir='ltr'>quo</span> <span class='ocrx_word' id='word_1_199' title='bbox 997 2368 1239 2408; x_wconf 89' lang='lat' dir='ltr'>numero</span> <span class='ocrx_word' id='word_1_200' title='bbox 1269 2351 1373 2406; x_wconf 89' lang='lat' dir='ltr'>tibi</span> <span class='ocrx_word' id='word_1_201' title='bbox 1429 2351 1711 2406; x_wconf 90' lang='lat' dir='ltr'>contineri</span> <span class='ocrx_word' id='word_1_202' title='bbox 1763 2351 2087 2407; x_wconf 89' lang='lat' dir='ltr'>videantur.</span> 
     </span>
    </p>
   </div>
   <div class='ocr_carea' id='block_1_25' title="bbox 395 2442 2096 2511">
    <p class='ocr_par' dir='ltr' id='par_1_25' title="bbox 395 2442 2096 2511">
     <span class='ocr_line' id='line_1_25' title="bbox 395 2442 2096 2511; baseline -0.001 -13"><span class='ocrx_word' id='word_1_203' title='bbox 395 2445 472 2500; x_wconf 90' lang='lat' dir='ltr'>D.</span> <span class='ocrx_word' id='word_1_204' title='bbox 504 2445 769 2500; x_wconf 85' lang='lat' dir='ltr'>Arbitror</span> <span class='ocrx_word' id='word_1_205' title='bbox 797 2443 1113 2498; x_wconf 89' lang='lat' dir='ltr'>ternarium</span> <span class='ocrx_word' id='word_1_206' title='bbox 1143 2457 1448 2496; x_wconf 87' lang='lat' dir='ltr'>numerum</span> <span class='ocrx_word' id='word_1_207' title='bbox 1478 2446 1533 2495; x_wconf 91' lang='lat' dir='ltr'>te</span> <span class='ocrx_word' id='word_1_208' title='bbox 1565 2442 1704 2495; x_wconf 82' lang='lat' dir='ltr'>velle</span> <span class='ocrx_word' id='word_1_209' title='bbox 1745 2445 1810 2496; x_wconf 92' lang='lat' dir='ltr'>ut</span> <span class='ocrx_word' id='word_1_210' title='bbox 1857 2457 2096 2511; x_wconf 90' lang='lat' dir='ltr'>respon-</span> 
     </span>
    </p>
   </div>
   <div class='ocr_carea' id='block_1_26' title="bbox 399 2529 2091 2602">
    <p class='ocr_par' dir='ltr' id='par_1_26' title="bbox 399 2529 2091 2602">
     <span class='ocr_line' id='line_1_26' title="bbox 399 2529 2091 2602; baseline -0.003 -13"><span class='ocrx_word' id='word_1_211' title='bbox 399 2535 604 2590; x_wconf 85' lang='lat' dir='ltr'>deam:</span> <span class='ocrx_word' id='word_1_212' title='bbox 638 2531 750 2586; x_wconf 86' lang='lat' dir='ltr'>tria</span> <span class='ocrx_word' id='word_1_213' title='bbox 795 2529 952 2586; x_wconf 92' lang='lat' dir='ltr'>enim</span> <span class='ocrx_word' id='word_1_214' title='bbox 1001 2530 1267 2602; x_wconf 78' lang='lat' dir='ltr'>quaedam</span> <span class='ocrx_word' id='word_1_215' title='bbox 1311 2533 1463 2593; x_wconf 91' lang='lat' dir='ltr'>sunt,</span> <span class='ocrx_word' id='word_1_216' title='bbox 1497 2529 1567 2584; x_wconf 91' lang='lat' dir='ltr'>de</span> <span class='ocrx_word' id='word_1_217' title='bbox 1597 2529 1805 2601; x_wconf 91' lang='lat' dir='ltr'>quibus</span> <span class='ocrx_word' id='word_1_218' title='bbox 1860 2529 2091 2601; x_wconf 66' lang='lat' dir='ltr'>quaeris.</span> 
     </span>
    </p>
   </div>
   <div class='ocr_carea' id='block_1_27' title="bbox 396 2617 2093 2690">
    <p class='ocr_par' dir='ltr' id='par_1_27' title="bbox 396 2617 2093 2690">
     <span class='ocr_line' id='line_1_27' title="bbox 396 2617 2093 2690; baseline -0.004 -11"><span class='ocrx_word' id='word_1_219' title='bbox 396 2625 472 2679; x_wconf 88' lang='lat' dir='ltr'>M.</span> <span class='ocrx_word' id='word_1_220' title='bbox 503 2623 673 2677; x_wconf 83' lang='lat' dir='ltr'>Recte</span> <span class='ocrx_word' id='word_1_221' title='bbox 698 2619 1010 2675; x_wconf 89' lang='lat' dir='ltr'>arbitraris.</span> <span class='ocrx_word' id='word_1_222' title='bbox 1045 2619 1227 2683; x_wconf 88' lang='lat' dir='ltr'>Quare</span> <span class='ocrx_word' id='word_1_223' title='bbox 1265 2617 1324 2672; x_wconf 93' lang='lat' dir='ltr'>in</span> <span class='ocrx_word' id='word_1_224' title='bbox 1351 2617 1600 2672; x_wconf 88' lang='lat' dir='ltr'>ternario</span> <span class='ocrx_word' id='word_1_225' title='bbox 1622 2634 1863 2673; x_wconf 87' lang='lat' dir='ltr'>numero</span> <span class='ocrx_word' id='word_1_226' title='bbox 1891 2635 2093 2690; x_wconf 92' lang='lat' dir='ltr'>quam-</span> 
     </span>
    </p>
   </div>
   <div class='ocr_carea' id='block_1_28' title="bbox 397 2706 2097 2780">
    <p class='ocr_par' dir='ltr' id='par_1_28' title="bbox 397 2706 2097 2780">
     <span class='ocr_line' id='line_1_28' title="bbox 397 2706 2097 2780; baseline -0.004 -14"><span class='ocrx_word' id='word_1_227' title='bbox 397 2713 529 2767; x_wconf 88' lang='lat' dir='ltr'>dam</span> <span class='ocrx_word' id='word_1_228' title='bbox 559 2726 679 2765; x_wconf 89' lang='lat' dir='ltr'>esse</span> <span class='ocrx_word' id='word_1_229' title='bbox 709 2709 1120 2780; x_wconf 88' lang='lat' dir='ltr'>perfectionem</span> <span class='ocrx_word' id='word_1_230' title='bbox 1149 2706 1328 2774; x_wconf 83' lang='lat' dir='ltr'>vides,</span> <span class='ocrx_word' id='word_1_231' title='bbox 1366 2706 1504 2778; x_wconf 88' lang='lat' dir='ltr'>quia</span> <span class='ocrx_word' id='word_1_232' title='bbox 1545 2711 1699 2761; x_wconf 89' lang='lat' dir='ltr'>totus</span> <span class='ocrx_word' id='word_1_233' title='bbox 1743 2710 1827 2760; x_wconf 89' lang='lat' dir='ltr'>est</span> <span class='ocrx_word' id='word_1_234' title='bbox 1859 2722 1872 2761; x_wconf 92' lang='lat'>:</span> <span class='ocrx_word' id='word_1_235' title='bbox 1922 2706 2097 2760; x_wconf 88' lang='lat' dir='ltr'><strong>habet</strong></span> 
     </span>
    </p>
   </div>
   <div class='ocr_carea' id='block_1_29' title="bbox 397 2794 2090 2870">
    <p class='ocr_par' dir='ltr' id='par_1_29' title="bbox 397 2794 2090 2870">
     <span class='ocr_line' id='line_1_29' title="bbox 397 2794 2090 2870; baseline -0.004 -16"><span class='ocrx_word' id='word_1_236' title='bbox 397 2799 552 2854; x_wconf 89' lang='lat' dir='ltr'>enim</span> <span class='ocrx_word' id='word_1_237' title='bbox 590 2797 960 2870; x_wconf 87' lang='lat' dir='ltr'>principium,</span> <span class='ocrx_word' id='word_1_238' title='bbox 994 2796 1249 2851; x_wconf 92' lang='lat' dir='ltr'>medium</span> <span class='ocrx_word' id='word_1_239' title='bbox 1281 2800 1338 2850; x_wconf 90' lang='lat' dir='ltr'>et</span> <span class='ocrx_word' id='word_1_240' title='bbox 1363 2794 1555 2850; x_wconf 90' lang='lat' dir='ltr'>ﬁnem.</span> <span class='ocrx_word' id='word_1_241' title='bbox 1587 2797 1661 2852; x_wconf 91' lang='lat' dir='ltr'>D.</span> <span class='ocrx_word' id='word_1_242' title='bbox 1690 2795 1864 2849; x_wconf 86' lang='lat' dir='ltr'>Video</span> <span class='ocrx_word' id='word_1_243' title='bbox 1903 2795 2090 2865; x_wconf 92' lang='lat' dir='ltr'>plane.</span> 
     </span>
    </p>
   </div>
   <div class='ocr_carea' id='block_1_30' title="bbox 404 2883 2090 2956">
    <p class='ocr_par' dir='ltr' id='par_1_30' title="bbox 404 2883 2090 2956">
     <span class='ocr_line' id='line_1_30' title="bbox 404 2883 2090 2956; baseline -0.004 -12"><span class='ocrx_word' id='word_1_244' title='bbox 404 2891 477 2944; x_wconf 89' lang='lat' dir='ltr'>M.</span> <span class='ocrx_word' id='word_1_245' title='bbox 506 2887 700 2952; x_wconf 85' lang='lat' dir='ltr'>Quid?</span> <span class='ocrx_word' id='word_1_246' title='bbox 729 2887 868 2942; x_wconf 90' lang='lat' dir='ltr'>illud</span> <span class='ocrx_word' id='word_1_247' title='bbox 898 2901 1090 2941; x_wconf 92' lang='lat' dir='ltr'>nonne</span> <span class='ocrx_word' id='word_1_248' title='bbox 1125 2885 1198 2940; x_wconf 90' lang='lat' dir='ltr'>ab</span> <span class='ocrx_word' id='word_1_249' title='bbox 1227 2885 1461 2940; x_wconf 87' lang='lat' dir='ltr'>ineunte</span> <span class='ocrx_word' id='word_1_250' title='bbox 1490 2883 1740 2956; x_wconf 86' lang='lat' dir='ltr'>pueritia</span> <span class='ocrx_word' id='word_1_251' title='bbox 1768 2883 2090 2951; x_wconf 89' lang='lat' dir='ltr'>didicimus,</span> 
     </span>
    </p>
   </div>
   <div class='ocr_carea' id='block_1_31' title="bbox 399 2965 2094 3045">
    <p class='ocr_par' dir='ltr' id='par_1_31' title="bbox 399 2965 2094 3045">
     <span class='ocr_line' id='line_1_31' title="bbox 399 2965 2094 3045; baseline -0.003 -13"><span class='ocrx_word' id='word_1_252' title='bbox 399 2993 632 3032; x_wconf 91' lang='lat' dir='ltr'>omnem</span> <span class='ocrx_word' id='word_1_253' title='bbox 663 2965 970 3031; x_wconf 88' lang='lat' dir='ltr'>numerum</span> <span class='ocrx_word' id='word_1_254' title='bbox 1021 2979 1118 3029; x_wconf 88' lang='lat' dir='ltr'>aut</span> <span class='ocrx_word' id='word_1_255' title='bbox 1163 2990 1362 3045; x_wconf 89' lang='lat' dir='ltr'>parem</span> <span class='ocrx_word' id='word_1_256' title='bbox 1417 2990 1557 3041; x_wconf 89' lang='lat' dir='ltr'>esse,</span> <span class='ocrx_word' id='word_1_257' title='bbox 1617 2977 1716 3027; x_wconf 90' lang='lat' dir='ltr'>aut</span> <span class='ocrx_word' id='word_1_258' title='bbox 1767 2973 2094 3045; x_wconf 83' lang='lat' dir='ltr'>imparem?</span> 
     </span>
    </p>
   </div>
   <div class='ocr_carea' id='block_1_32' title="bbox 396 3062 2094 3134">
    <p class='ocr_par' dir='ltr' id='par_1_32' title="bbox 396 3062 2094 3134">
     <span class='ocr_line' id='line_1_32' title="bbox 396 3062 2094 3134; baseline -0.005 -10"><span class='ocrx_word' id='word_1_259' title='bbox 396 3068 470 3124; x_wconf 88' lang='lat' dir='ltr'>D.</span> <span class='ocrx_word' id='word_1_260' title='bbox 503 3069 713 3123; x_wconf 91' lang='lat' dir='ltr'>Verum</span> <span class='ocrx_word' id='word_1_261' title='bbox 746 3066 904 3121; x_wconf 92' lang='lat' dir='ltr'>dicis.</span> <span class='ocrx_word' id='word_1_262' title='bbox 936 3067 1010 3121; x_wconf 90' lang='grc' dir='ltr'>Μ.</span> <span class='ocrx_word' id='word_1_263' title='bbox 1072 3064 1382 3119; x_wconf 83' lang='lat' dir='ltr'>Recordare</span> <span class='ocrx_word' id='word_1_264' title='bbox 1433 3079 1568 3134; x_wconf 88' lang='lat' dir='ltr'>ergo</span> <span class='ocrx_word' id='word_1_265' title='bbox 1597 3063 1686 3117; x_wconf 93' lang='lat' dir='ltr'>dic</span> <span class='ocrx_word' id='word_1_266' title='bbox 1727 3062 1889 3132; x_wconf 89' lang='lat' dir='ltr'>mihi,</span> <span class='ocrx_word' id='word_1_267' title='bbox 1922 3077 2094 3134; x_wconf 87' lang='lat' dir='ltr'>quem</span> 
     </span>
    </p>
   </div>
   <div class='ocr_carea' id='block_1_33' title="bbox 396 3151 2088 3223">
    <p class='ocr_par' dir='ltr' id='par_1_33' title="bbox 396 3151 2088 3223">
     <span class='ocr_line' id='line_1_33' title="bbox 396 3151 2088 3223; baseline -0.004 -13"><span class='ocrx_word' id='word_1_268' title='bbox 396 3155 680 3210; x_wconf 89' lang='lat' dir='ltr'>soleamus</span> <span class='ocrx_word' id='word_1_269' title='bbox 725 3153 912 3208; x_wconf 87' lang='lat' dir='ltr'>dicere</span> <span class='ocrx_word' id='word_1_270' title='bbox 943 3168 1161 3223; x_wconf 88' lang='lat' dir='ltr'>parem,</span> <span class='ocrx_word' id='word_1_271' title='bbox 1193 3167 1366 3222; x_wconf 87' lang='lat' dir='ltr'>quem</span> <span class='ocrx_word' id='word_1_272' title='bbox 1421 3151 1703 3221; x_wconf 89' lang='lat' dir='ltr'>imparem</span> <span class='ocrx_word' id='word_1_273' title='bbox 1753 3166 2088 3205; x_wconf 82' lang='lat' dir='ltr'>numerum.</span> 
     </span>
    </p>
   </div>
   <div class='ocr_carea' id='block_1_34' title="bbox 398 3239 2089 3313">
    <p class='ocr_par' dir='ltr' id='par_1_34' title="bbox 398 3239 2089 3313">
     <span class='ocr_line' id='line_1_34' title="bbox 398 3239 2089 3313; baseline -0.004 -14"><span class='ocrx_word' id='word_1_274' title='bbox 398 3245 474 3299; x_wconf 90' lang='lat' dir='ltr'>D.</span> <span class='ocrx_word' id='word_1_275' title='bbox 515 3245 615 3298; x_wconf 85' lang='lat' dir='ltr'>Ille</span> <span class='ocrx_word' id='word_1_276' title='bbox 644 3241 744 3313; x_wconf 86' lang='lat' dir='ltr'>qui</span> <span class='ocrx_word' id='word_1_277' title='bbox 771 3245 958 3313; x_wconf 87' lang='lat' dir='ltr'>potest</span> <span class='ocrx_word' id='word_1_278' title='bbox 985 3240 1046 3293; x_wconf 94' lang='lat' dir='ltr'>in</span> <span class='ocrx_word' id='word_1_279' title='bbox 1075 3241 1215 3294; x_wconf 86' lang='lat' dir='ltr'>duas</span> <span class='ocrx_word' id='word_1_280' title='bbox 1244 3243 1435 3310; x_wconf 89' lang='lat' dir='ltr'>partes</span> <span class='ocrx_word' id='word_1_281' title='bbox 1457 3240 1704 3310; x_wconf 68' lang='lat' dir='ltr'>aequales</span> <span class='ocrx_word' id='word_1_282' title='bbox 1725 3239 1926 3309; x_wconf 79' lang='lat' dir='ltr'>dividi,</span> <span class='ocrx_word' id='word_1_283' title='bbox 1949 3255 2089 3310; x_wconf 89' lang='lat' dir='ltr'>par;</span> 
     </span>
    </p>
   </div>
   <div class='ocr_carea' id='block_1_35' title="bbox 399 3327 1593 3404">
    <p class='ocr_par' dir='ltr' id='par_1_35' title="bbox 399 3327 1593 3404">
     <span class='ocr_line' id='line_1_35' title="bbox 399 3327 1593 3404; baseline -0.006 -17"><span class='ocrx_word' id='word_1_284' title='bbox 399 3332 499 3404; x_wconf 91' lang='lat' dir='ltr'>qui</span> <span class='ocrx_word' id='word_1_285' title='bbox 531 3335 723 3386; x_wconf 90' lang='lat' dir='ltr'>autem</span> <span class='ocrx_word' id='word_1_286' title='bbox 751 3345 869 3384; x_wconf 91' lang='lat' dir='ltr'>non</span> <span class='ocrx_word' id='word_1_287' title='bbox 891 3331 1097 3400; x_wconf 89' lang='lat' dir='ltr'>potest,</span> <span class='ocrx_word' id='word_1_288' title='bbox 1127 3327 1314 3398; x_wconf 89' lang='lat' dir='ltr'>impar</span> <span class='ocrx_word' id='word_1_289' title='bbox 1342 3331 1593 3381; x_wconf 85' lang='lat' dir='ltr'>vocatur.</span> 
     </span>
    </p>
   </div>
   <div class='ocr_carea' id='block_1_36' title="bbox 469 3414 2095 3486">
    <p class='ocr_par' dir='ltr' id='par_1_36' title="bbox 469 3414 2095 3486">
     <span class='ocr_line' id='line_1_36' title="bbox 469 3414 2095 3486; baseline -0.002 -12"><span class='ocrx_word' id='word_1_290' title='bbox 469 3423 557 3476; x_wconf 80' lang='lat' dir='ltr'>2t.</span> <span class='ocrx_word' id='word_1_291' title='bbox 590 3421 664 3475; x_wconf 88' lang='lat' dir='ltr'>M.</span> <span class='ocrx_word' id='word_1_292' title='bbox 698 3419 839 3472; x_wconf 90' lang='lat' dir='ltr'>Rem</span> <span class='ocrx_word' id='word_1_293' title='bbox 869 3421 1047 3471; x_wconf 90' lang='lat' dir='ltr'>tenes.</span> <span class='ocrx_word' id='word_1_294' title='bbox 1077 3417 1217 3471; x_wconf 90' lang='lat' dir='ltr'>Cum</span> <span class='ocrx_word' id='word_1_295' title='bbox 1248 3415 1425 3486; x_wconf 82' lang='lat' dir='ltr'>igitur</span> <span class='ocrx_word' id='word_1_296' title='bbox 1453 3414 1736 3469; x_wconf 91' lang='lat' dir='ltr'>ternarius</span> <span class='ocrx_word' id='word_1_297' title='bbox 1774 3414 1993 3486; x_wconf 89' lang='lat' dir='ltr'>primus</span> <span class='ocrx_word' id='word_1_298' title='bbox 2023 3414 2095 3470; x_wconf 91' lang='lat' dir='ltr'>sit</span> 
     </span>
    </p>
   </div>
   <div class='ocr_carea' id='block_1_37' title="bbox 399 3501 2093 3576">
    <p class='ocr_par' dir='ltr' id='par_1_37' title="bbox 399 3501 2093 3576">
     <span class='ocr_line' id='line_1_37' title="bbox 399 3501 2093 3576; baseline -0.004 -12"><span class='ocrx_word' id='word_1_299' title='bbox 399 3512 551 3564; x_wconf 91' lang='lat' dir='ltr'>totus</span> <span class='ocrx_word' id='word_1_300' title='bbox 581 3507 770 3576; x_wconf 89' lang='lat' dir='ltr'>impar</span> <span class='ocrx_word' id='word_1_301' title='bbox 792 3526 808 3573; x_wconf 87' lang='lat'><strong>;</strong></span> <span class='ocrx_word' id='word_1_302' title='bbox 829 3508 885 3560; x_wconf 90' lang='lat' dir='ltr'>et</span> <span class='ocrx_word' id='word_1_303' title='bbox 911 3501 1195 3575; x_wconf 91' lang='lat' dir='ltr'>principio</span> <span class='ocrx_word' id='word_1_304' title='bbox 1227 3503 1403 3570; x_wconf 90' lang='lat' dir='ltr'>enim,</span> <span class='ocrx_word' id='word_1_305' title='bbox 1427 3506 1482 3556; x_wconf 93' lang='lat' dir='ltr'>et</span> <span class='ocrx_word' id='word_1_306' title='bbox 1503 3502 1712 3568; x_wconf 88' lang='lat' dir='ltr'>medio,</span> <span class='ocrx_word' id='word_1_307' title='bbox 1744 3505 1797 3556; x_wconf 90' lang='lat' dir='ltr'>et</span> <span class='ocrx_word' id='word_1_308' title='bbox 1825 3502 1940 3558; x_wconf 90' lang='lat' dir='ltr'>ﬁne</span> <span class='ocrx_word' id='word_1_309' title='bbox 1966 3518 2093 3558; x_wconf 88' lang='lat' dir='ltr'>con-</span> 
     </span>
    </p>
   </div>
   <div class='ocr_carea' id='block_1_38' title="bbox 399 3589 2092 3665">
    <p class='ocr_par' dir='ltr' id='par_1_38' title="bbox 399 3589 2092 3665">
     <span class='ocr_line' id='line_1_38' title="bbox 399 3589 2092 3665; baseline -0.004 -13"><span class='ocrx_word' id='word_1_310' title='bbox 399 3599 529 3665; x_wconf 89' lang='lat' dir='ltr'>stat,</span> <span class='ocrx_word' id='word_1_311' title='bbox 560 3599 626 3651; x_wconf 89' lang='lat' dir='ltr'>ut</span> <span class='ocrx_word' id='word_1_312' title='bbox 652 3594 868 3650; x_wconf 93' lang='lat' dir='ltr'>dictum</span> <span class='ocrx_word' id='word_1_313' title='bbox 891 3595 975 3646; x_wconf 88' lang='lat' dir='ltr'>est</span> <span class='ocrx_word' id='word_1_314' title='bbox 1003 3608 1017 3660; x_wconf 90' lang='lat'><strong>;</strong></span> <span class='ocrx_word' id='word_1_315' title='bbox 1051 3607 1241 3645; x_wconf 92' lang='lat' dir='ltr'>nonne</span> <span class='ocrx_word' id='word_1_316' title='bbox 1271 3593 1494 3661; x_wconf 89' lang='lat' dir='ltr'>oportet</span> <span class='ocrx_word' id='word_1_317' title='bbox 1523 3589 1695 3645; x_wconf 90' lang='lat' dir='ltr'>etiam</span> <span class='ocrx_word' id='word_1_318' title='bbox 1742 3607 1940 3662; x_wconf 90' lang='lat' dir='ltr'>parem</span> <span class='ocrx_word' id='word_1_319' title='bbox 1972 3608 2092 3646; x_wconf 88' lang='lat' dir='ltr'>esse</span> 
     </span>
    </p>
   </div>
   <div class='ocr_carea' id='block_1_39' title="bbox 397 3678 2087 3755">
    <p class='ocr_par' dir='ltr' id='par_1_39' title="bbox 397 3678 2087 3755">
     <span class='ocr_line' id='line_1_39' title="bbox 397 3678 2087 3755; baseline -0.004 -14"><span class='ocrx_word' id='word_1_320' title='bbox 397 3689 585 3741; x_wconf 92' lang='lat' dir='ltr'>totum</span> <span class='ocrx_word' id='word_1_321' title='bbox 614 3688 787 3755; x_wconf 88' lang='lat' dir='ltr'>atque</span> <span class='ocrx_word' id='word_1_322' title='bbox 839 3680 1177 3753; x_wconf 87' lang='lat' dir='ltr'>perfectum,</span> <span class='ocrx_word' id='word_1_323' title='bbox 1208 3683 1273 3734; x_wconf 92' lang='lat' dir='ltr'>ut</span> <span class='ocrx_word' id='word_1_324' title='bbox 1301 3679 1362 3734; x_wconf 92' lang='lat' dir='ltr'>in</span> <span class='ocrx_word' id='word_1_325' title='bbox 1409 3695 1477 3735; x_wconf 93' lang='lat' dir='ltr'>eo</span> <span class='ocrx_word' id='word_1_326' title='bbox 1516 3678 1687 3734; x_wconf 90' lang='lat' dir='ltr'>etiam</span> <span class='ocrx_word' id='word_1_327' title='bbox 1722 3679 2087 3750; x_wconf 90' lang='lat' dir='ltr'>principium,</span> 
     </span>
    </p>
   </div>
   <div class='ocr_carea' id='block_1_40' title="bbox 398 3767 2092 3842">
    <p class='ocr_par' dir='ltr' id='par_1_40' title="bbox 398 3767 2092 3842">
     <span class='ocr_line' id='line_1_40' title="bbox 398 3767 2092 3842; baseline -0.004 -12"><span class='ocrx_word' id='word_1_328' title='bbox 398 3774 676 3841; x_wconf 91' lang='lat' dir='ltr'>medium,</span> <span class='ocrx_word' id='word_1_329' title='bbox 704 3771 948 3842; x_wconf 88' lang='lat' dir='ltr'>ﬁnisque</span> <span class='ocrx_word' id='word_1_330' title='bbox 974 3767 1338 3824; x_wconf 89' lang='lat' dir='ltr'>inveniatur?</span> <span class='ocrx_word' id='word_1_331' title='bbox 1368 3769 1444 3823; x_wconf 91' lang='lat' dir='ltr'>D.</span> <span class='ocrx_word' id='word_1_332' title='bbox 1476 3769 1710 3840; x_wconf 91' lang='lat' dir='ltr'>Oportet</span> <span class='ocrx_word' id='word_1_333' title='bbox 1735 3785 1889 3825; x_wconf 86' lang='lat' dir='ltr'>sane.</span> <span class='ocrx_word' id='word_1_334' title='bbox 1914 3770 1986 3825; x_wconf 92' lang='lat' dir='ltr'>M.</span> <span class='ocrx_word' id='word_1_335' title='bbox 2021 3773 2092 3824; x_wconf 93' lang='lat' dir='ltr'>At</span> 
     </span>
    </p>
   </div>
   <div class='ocr_carea' id='block_1_41' title="bbox 395 3856 2091 3934">
    <p class='ocr_par' dir='ltr' id='par_1_41' title="bbox 395 3856 2091 3934">
     <span class='ocr_line' id='line_1_41' title="bbox 395 3856 2091 3934; baseline -0.003 -16"><span class='ocrx_word' id='word_1_336' title='bbox 395 3863 502 3918; x_wconf 88' lang='lat' dir='ltr'>iste</span> <span class='ocrx_word' id='word_1_337' title='bbox 531 3860 789 3934; x_wconf 88' lang='lat' dir='ltr'>quisquis</span> <span class='ocrx_word' id='word_1_338' title='bbox 815 3863 915 3926; x_wconf 87' lang='lat' dir='ltr'>est,</span> <span class='ocrx_word' id='word_1_339' title='bbox 952 3875 1061 3914; x_wconf 89' lang='lat' dir='ltr'>non</span> <span class='ocrx_word' id='word_1_340' title='bbox 1093 3860 1283 3930; x_wconf 89' lang='lat' dir='ltr'>potest</span> <span class='ocrx_word' id='word_1_341' title='bbox 1314 3857 1526 3912; x_wconf 86' lang='lat' dir='ltr'>habere</span> <span class='ocrx_word' id='word_1_342' title='bbox 1571 3856 1931 3912; x_wconf 88' lang='lat' dir='ltr'>individuum</span> <span class='ocrx_word' id='word_1_343' title='bbox 1962 3874 2091 3913; x_wconf 92' lang='lat' dir='ltr'>me-</span> 
     </span>
    </p>
   </div>
   <div class='ocr_carea' id='block_1_42' title="bbox 399 3945 2090 4019">
    <p class='ocr_par' dir='ltr' id='par_1_42' title="bbox 399 3945 2090 4019">
     <span class='ocr_line' id='line_1_42' title="bbox 399 3945 2090 4019; baseline -0.004 -12"><span class='ocrx_word' id='word_1_344' title='bbox 399 3952 558 4007; x_wconf 89' lang='lat' dir='ltr'>dium</span> <span class='ocrx_word' id='word_1_345' title='bbox 589 3951 734 4005; x_wconf 91' lang='lat' dir='ltr'>sicut</span> <span class='ocrx_word' id='word_1_346' title='bbox 756 3949 978 4019; x_wconf 92' lang='lat' dir='ltr'>impar:</span> <span class='ocrx_word' id='word_1_347' title='bbox 1009 3947 1053 4001; x_wconf 90' lang='lat' dir='ltr'>si</span> <span class='ocrx_word' id='word_1_348' title='bbox 1067 3947 1221 4002; x_wconf 91' lang='lat' dir='ltr'>enim</span> <span class='ocrx_word' id='word_1_349' title='bbox 1241 3945 1496 4016; x_wconf 87' lang='lat' dir='ltr'>haberet,</span> <span class='ocrx_word' id='word_1_350' title='bbox 1517 3962 1636 4000; x_wconf 88' lang='lat' dir='ltr'>non</span> <span class='ocrx_word' id='word_1_351' title='bbox 1666 3950 1852 4017; x_wconf 89' lang='lat' dir='ltr'>posset</span> <span class='ocrx_word' id='word_1_352' title='bbox 1877 3946 2090 4001; x_wconf 89' lang='lat' dir='ltr'>induas</span> 
     </span>
    </p>
   </div>
   <div class='ocr_carea' id='block_1_43' title="bbox 401 4033 2089 4113">
    <p class='ocr_par' dir='ltr' id='par_1_43' title="bbox 401 4033 2089 4113">
     <span class='ocr_line' id='line_1_43' title="bbox 401 4033 2089 4113; baseline -0.004 -17"><span class='ocrx_word' id='word_1_353' title='bbox 401 4041 651 4113; x_wconf 61' lang='lat' dir='ltr'>aequales</span> <span class='ocrx_word' id='word_1_354' title='bbox 675 4042 867 4110; x_wconf 90' lang='lat' dir='ltr'>partes</span> <span class='ocrx_word' id='word_1_355' title='bbox 898 4035 1092 4101; x_wconf 83' lang='lat' dir='ltr'>dividi,</span> <span class='ocrx_word' id='word_1_356' title='bbox 1124 4034 1278 4106; x_wconf 88' lang='lat' dir='ltr'>quod</span> <span class='ocrx_word' id='word_1_357' title='bbox 1307 4049 1426 4088; x_wconf 90' lang='lat' dir='ltr'>esse</span> <span class='ocrx_word' id='word_1_358' title='bbox 1452 4033 1752 4105; x_wconf 88' lang='lat' dir='ltr'>proprium</span> <span class='ocrx_word' id='word_1_359' title='bbox 1798 4034 1951 4104; x_wconf 89' lang='lat' dir='ltr'>paris</span> <span class='ocrx_word' id='word_1_360' title='bbox 1981 4051 2089 4089; x_wconf 88' lang='lat' dir='ltr'>nu-</span> 
     </span>
    </p>
   </div>
   <div class='ocr_carea' id='block_1_44' title="bbox 398 4121 2088 4189">
    <p class='ocr_par' dir='ltr' id='par_1_44' title="bbox 398 4121 2088 4189">
     <span class='ocr_line' id='line_1_44' title="bbox 398 4121 2088 4189; baseline -0.005 -4"><span class='ocrx_word' id='word_1_361' title='bbox 398 4129 546 4185; x_wconf 89' lang='lat' dir='ltr'>meri</span> <span class='ocrx_word' id='word_1_362' title='bbox 576 4127 842 4183; x_wconf 83' lang='lat' dir='ltr'>diximus.</span> <span class='ocrx_word' id='word_1_363' title='bbox 874 4123 1236 4179; x_wconf 91' lang='lat' dir='ltr'>Individuum</span> <span class='ocrx_word' id='word_1_364' title='bbox 1269 4127 1458 4176; x_wconf 89' lang='lat' dir='ltr'>autem</span> <span class='ocrx_word' id='word_1_365' title='bbox 1486 4121 1740 4175; x_wconf 91' lang='lat' dir='ltr'>medium</span> <span class='ocrx_word' id='word_1_366' title='bbox 1780 4125 1862 4176; x_wconf 90' lang='lat' dir='ltr'>est</span> <span class='ocrx_word' id='word_1_367' title='bbox 1886 4138 2088 4189; x_wconf 89' lang='lat' dir='ltr'>unum,</span> 
     </span>
    </p>
   </div>
   <div class='ocr_carea' id='block_1_45' title="bbox 397 4209 2091 4282">
    <p class='ocr_par' dir='ltr' id='par_1_45' title="bbox 397 4209 2091 4282">
     <span class='ocr_line' id='line_1_45' title="bbox 397 4209 2091 4282; baseline -0.004 -10"><span class='ocrx_word' id='word_1_368' title='bbox 397 4216 694 4272; x_wconf 88' lang='lat' dir='ltr'>dividuum</span> <span class='ocrx_word' id='word_1_369' title='bbox 725 4214 857 4268; x_wconf 91' lang='lat' dir='ltr'>duo.</span> <span class='ocrx_word' id='word_1_370' title='bbox 892 4211 1134 4267; x_wconf 85' lang='lat' dir='ltr'>Medium</span> <span class='ocrx_word' id='word_1_371' title='bbox 1165 4215 1357 4264; x_wconf 90' lang='lat' dir='ltr'>autem</span> <span class='ocrx_word' id='word_1_372' title='bbox 1389 4214 1474 4263; x_wconf 88' lang='lat' dir='ltr'>est</span> <span class='ocrx_word' id='word_1_373' title='bbox 1498 4209 1557 4262; x_wconf 92' lang='lat' dir='ltr'>in</span> <span class='ocrx_word' id='word_1_374' title='bbox 1585 4209 1861 4277; x_wconf 91' lang='lat' dir='ltr'>numeris,</span> <span class='ocrx_word' id='word_1_375' title='bbox 1901 4226 1934 4264; x_wconf 90' lang='lat' dir='ltr'>a</span> <span class='ocrx_word' id='word_1_376' title='bbox 1977 4227 2091 4282; x_wconf 90' lang='lat' dir='ltr'>quo</span> 
     </span>
    </p>
   </div>
   <div class='ocr_carea' id='block_1_46' title="bbox 397 4296 2091 4368">
    <p class='ocr_par' dir='ltr' id='par_1_46' title="bbox 397 4296 2091 4368">
     <span class='ocr_line' id='line_1_46' title="bbox 397 4296 2091 4368; baseline -0.004 -9"><span class='ocrx_word' id='word_1_377' title='bbox 397 4304 566 4359; x_wconf 87' lang='lat' dir='ltr'>ambo</span> <span class='ocrx_word' id='word_1_378' title='bbox 595 4303 776 4357; x_wconf 89' lang='lat' dir='ltr'>latera</span> <span class='ocrx_word' id='word_1_379' title='bbox 798 4299 1026 4354; x_wconf 89' lang='lat' dir='ltr'>sibimet</span> <span class='ocrx_word' id='word_1_380' title='bbox 1049 4301 1178 4352; x_wconf 88' lang='lat' dir='ltr'>sunt</span> <span class='ocrx_word' id='word_1_381' title='bbox 1206 4296 1465 4368; x_wconf 70' lang='lat' dir='ltr'>aequalia.</span> <span class='ocrx_word' id='word_1_382' title='bbox 1493 4299 1578 4350; x_wconf 88' lang='lat' dir='ltr'>An</span> <span class='ocrx_word' id='word_1_383' title='bbox 1609 4297 1823 4368; x_wconf 88' lang='lat' dir='ltr'>aliquid</span> <span class='ocrx_word' id='word_1_384' title='bbox 1856 4299 2091 4354; x_wconf 90' lang='lat' dir='ltr'>obscure</span> 
     </span>
    </p>
   </div>
   <div class='ocr_carea' id='block_1_47' title="bbox 348 4384 2091 4459">
    <p class='ocr_par' dir='ltr' id='par_1_47' title="bbox 348 4384 2091 4459">
     <span class='ocr_line' id='line_1_47' title="bbox 348 4384 2091 4459; baseline -0.002 -12"><span class='ocrx_word' id='word_1_385' title='bbox 348 4454 353 4459; x_wconf 46' lang='grc'><strong><em>,</em></strong></span> <span class='ocrx_word' id='word_1_386' title='bbox 399 4392 615 4448; x_wconf 83' lang='lat' dir='ltr'>dictum</span> <span class='ocrx_word' id='word_1_387' title='bbox 646 4393 752 4459; x_wconf 90' lang='lat' dir='ltr'>est,</span> <span class='ocrx_word' id='word_1_388' title='bbox 773 4387 1078 4458; x_wconf 89' lang='lat' dir='ltr'>minusque</span> <span class='ocrx_word' id='word_1_389' title='bbox 1097 4384 1414 4456; x_wconf 90' lang='lat' dir='ltr'>assequeris</span> <span class='ocrx_word' id='word_1_390' title='bbox 1431 4387 1461 4439; x_wconf 84' lang='lat'><strong>?</strong></span> <span class='ocrx_word' id='word_1_391' title='bbox 1484 4387 1559 4439; x_wconf 92' lang='lat' dir='ltr'>D.</span> <span class='ocrx_word' id='word_1_392' title='bbox 1585 4385 1707 4439; x_wconf 90' lang='lat' dir='ltr'>Imo</span> <span class='ocrx_word' id='word_1_393' title='bbox 1735 4385 1878 4440; x_wconf 87' lang='lat' dir='ltr'>mihi</span> <span class='ocrx_word' id='word_1_394' title='bbox 1902 4392 1956 4441; x_wconf 91' lang='lat' dir='ltr'>et</span> <span class='ocrx_word' id='word_1_395' title='bbox 1971 4388 2091 4443; x_wconf 73' lang='lat' dir='ltr'>haec</span> 
     </span>
    </p>
   </div>
   <div class='ocr_carea' id='block_1_48' title="bbox 401 4475 2087 4546">
    <p class='ocr_par' dir='ltr' id='par_1_48' title="bbox 401 4475 2087 4546">
     <span class='ocr_line' id='line_1_48' title="bbox 401 4475 2087 4546; baseline -0.003 -10"><span class='ocrx_word' id='word_1_396' title='bbox 401 4479 703 4538; x_wconf 88' lang='lat' dir='ltr'>manifesta</span> <span class='ocrx_word' id='word_1_397' title='bbox 725 4481 877 4539; x_wconf 88' lang='lat' dir='ltr'>sunt,</span> <span class='ocrx_word' id='word_1_398' title='bbox 904 4480 962 4530; x_wconf 90' lang='lat' dir='ltr'>et</span> <span class='ocrx_word' id='word_1_399' title='bbox 973 4475 1110 4530; x_wconf 90' lang='lat' dir='ltr'>dum</span> <span class='ocrx_word' id='word_1_400' title='bbox 1138 4490 1333 4546; x_wconf 68' lang='lat' dir='ltr'>quaero</span> <span class='ocrx_word' id='word_1_401' title='bbox 1345 4476 1529 4528; x_wconf 88' lang='lat' dir='ltr'>totum</span> <span class='ocrx_word' id='word_1_402' title='bbox 1546 4490 1854 4529; x_wconf 90' lang='lat' dir='ltr'>numerum</span> <span class='ocrx_word' id='word_1_403' title='bbox 1869 4491 2087 4546; x_wconf 90' lang='lat' dir='ltr'>parem,</span> 
     </span>
    </p>
   </div>
   <div class='ocr_carea' id='block_1_49' title="bbox 399 4562 2089 4643">
    <p class='ocr_par' dir='ltr' id='par_1_49' title="bbox 399 4562 2089 4643">
     <span class='ocr_line' id='line_1_49' title="bbox 399 4562 2089 4643; baseline -0.002 -19"><span class='ocrx_word' id='word_1_404' title='bbox 399 4565 1028 4643; x_wconf 89' lang='lat' dir='ltr'>quaternariusprimus</span> <span class='ocrx_word' id='word_1_405' title='bbox 1041 4564 1300 4619; x_wconf 88' lang='lat' dir='ltr'>occurrit.</span> <span class='ocrx_word' id='word_1_406' title='bbox 1321 4563 1461 4618; x_wconf 89' lang='lat' dir='ltr'>Nam</span> <span class='ocrx_word' id='word_1_407' title='bbox 1483 4562 1542 4617; x_wconf 91' lang='lat' dir='ltr'>in</span> <span class='ocrx_word' id='word_1_408' title='bbox 1554 4562 1776 4617; x_wconf 91' lang='lat' dir='ltr'>duobus</span> <span class='ocrx_word' id='word_1_409' title='bbox 1804 4566 2089 4635; x_wconf 89' lang='lat' dir='ltr'>quomodo</span> 
     </span>
    </p>
   </div>
   <div class='ocr_carea' id='block_1_50' title="bbox 398 4651 2088 4732">
    <p class='ocr_par' dir='ltr' id='par_1_50' title="bbox 398 4651 2088 4732">
     <span class='ocr_line' id='line_1_50' title="bbox 398 4651 2088 4732; baseline -0.004 -18"><span class='ocrx_word' id='word_1_410' title='bbox 398 4662 646 4732; x_wconf 90' lang='lat' dir='ltr'>possunt</span> <span class='ocrx_word' id='word_1_411' title='bbox 673 4655 784 4711; x_wconf 87' lang='lat' dir='ltr'>tria</span> <span class='ocrx_word' id='word_1_412' title='bbox 811 4651 1182 4716; x_wconf 90' lang='lat' dir='ltr'>illainveniri,</span> <span class='ocrx_word' id='word_1_413' title='bbox 1213 4667 1316 4724; x_wconf 91' lang='lat' dir='ltr'>per</span> <span class='ocrx_word' id='word_1_414' title='bbox 1344 4667 1472 4723; x_wconf 62' lang='lat' dir='ltr'>quas</span> <span class='ocrx_word' id='word_1_415' title='bbox 1503 4655 1659 4706; x_wconf 89' lang='lat' dir='ltr'>totus</span> <span class='ocrx_word' id='word_1_416' title='bbox 1688 4655 1772 4706; x_wconf 92' lang='lat' dir='ltr'>est</span> <span class='ocrx_word' id='word_1_417' title='bbox 1795 4668 2088 4722; x_wconf 90' lang='lat' dir='ltr'>numerus,</span> 
     </span>
    </p>
   </div>
   <div class='ocr_carea' id='block_1_51' title="bbox 395 4739 2089 4816">
    <p class='ocr_par' dir='ltr' id='par_1_51' title="bbox 395 4739 2089 4816">
     <span class='ocr_line' id='line_1_51' title="bbox 395 4739 2089 4816; baseline -0.004 -13"><span class='ocrx_word' id='word_1_418' title='bbox 395 4747 456 4804; x_wconf 90' lang='lat' dir='ltr'>id</span> <span class='ocrx_word' id='word_1_419' title='bbox 508 4750 592 4800; x_wconf 92' lang='lat' dir='ltr'>est</span> <span class='ocrx_word' id='word_1_420' title='bbox 637 4743 1011 4816; x_wconf 87' lang='lat' dir='ltr'>principium,</span> <span class='ocrx_word' id='word_1_421' title='bbox 1062 4740 1316 4796; x_wconf 91' lang='lat' dir='ltr'>medium</span> <span class='ocrx_word' id='word_1_422' title='bbox 1355 4744 1413 4796; x_wconf 91' lang='lat' dir='ltr'>et</span> <span class='ocrx_word' id='word_1_423' title='bbox 1463 4739 1642 4795; x_wconf 83' lang='lat' dir='ltr'>ﬁnis?</span> <span class='ocrx_word' id='word_1_424' title='bbox 1693 4742 1774 4797; x_wconf 88' lang='grc' dir='ltr'>Μ.</span> <span class='ocrx_word' id='word_1_425' title='bbox 1837 4741 2089 4813; x_wconf 91' lang='lat' dir='ltr'>Idipsum</span> 
     </span>
    </p>
   </div>
   <div class='ocr_carea' id='block_1_52' title="bbox 398 4829 2089 4903">
    <p class='ocr_par' dir='ltr' id='par_1_52' title="bbox 398 4829 2089 4903">
     <span class='ocr_line' id='line_1_52' title="bbox 398 4829 2089 4903; baseline -0.003 -10"><span class='ocrx_word' id='word_1_426' title='bbox 398 4835 636 4893; x_wconf 91' lang='lat' dir='ltr'>omnino</span> <span class='ocrx_word' id='word_1_427' title='bbox 681 4833 779 4889; x_wconf 90' lang='lat' dir='ltr'>abs</span> <span class='ocrx_word' id='word_1_428' title='bbox 807 4837 861 4887; x_wconf 90' lang='lat' dir='ltr'>te</span> <span class='ocrx_word' id='word_1_429' title='bbox 890 4847 1228 4903; x_wconf 63' lang='lat' dir='ltr'>responsum</span> <span class='ocrx_word' id='word_1_430' title='bbox 1250 4833 1336 4885; x_wconf 90' lang='lat' dir='ltr'>est</span> <span class='ocrx_word' id='word_1_431' title='bbox 1360 4829 1510 4901; x_wconf 92' lang='lat' dir='ltr'>quod</span> <span class='ocrx_word' id='word_1_432' title='bbox 1540 4830 1823 4898; x_wconf 88' lang='lat' dir='ltr'>volebam,</span> <span class='ocrx_word' id='word_1_433' title='bbox 1856 4835 1912 4884; x_wconf 93' lang='lat' dir='ltr'>et</span> <span class='ocrx_word' id='word_1_434' title='bbox 1939 4833 2089 4903; x_wconf 89' lang='lat' dir='ltr'>quod</span> 
     </span>
    </p>
   </div>
   <div class='ocr_carea' id='block_1_53' title="bbox 395 4918 2088 4997">
    <p class='ocr_par' dir='ltr' id='par_1_53' title="bbox 395 4918 2088 4997">
     <span class='ocr_line' id='line_1_53' title="bbox 395 4918 2088 4997; baseline -0.004 -16"><span class='ocrx_word' id='word_1_435' title='bbox 395 4925 525 4997; x_wconf 90' lang='lat' dir='ltr'>ipsa</span> <span class='ocrx_word' id='word_1_436' title='bbox 552 4922 696 4978; x_wconf 90' lang='lat' dir='ltr'>ratio</span> <span class='ocrx_word' id='word_1_437' title='bbox 726 4921 880 4992; x_wconf 88' lang='lat' dir='ltr'>cogit</span> <span class='ocrx_word' id='word_1_438' title='bbox 904 4920 1083 4975; x_wconf 82' lang='lat' dir='ltr'>fateri.</span> <span class='ocrx_word' id='word_1_439' title='bbox 1109 4921 1322 4990; x_wconf 84' lang='lat' dir='ltr'>Repete</span> <span class='ocrx_word' id='word_1_440' title='bbox 1344 4918 1539 4990; x_wconf 88' lang='lat' dir='ltr'>itaque</span> <span class='ocrx_word' id='word_1_441' title='bbox 1571 4919 1644 4973; x_wconf 88' lang='lat' dir='ltr'>ab</span> <span class='ocrx_word' id='word_1_442' title='bbox 1672 4919 1797 4990; x_wconf 90' lang='lat' dir='ltr'>ipso</span> <span class='ocrx_word' id='word_1_443' title='bbox 1827 4936 1944 4974; x_wconf 91' lang='lat' dir='ltr'>uno</span> <span class='ocrx_word' id='word_1_444' title='bbox 1974 4924 2088 4976; x_wconf 89' lang='lat' dir='ltr'>tra-</span> 
     </span>
    </p>
   </div>
   <div class='ocr_carea' id='block_1_54' title="bbox 395 5006 2090 5080">
    <p class='ocr_par' dir='ltr' id='par_1_54' title="bbox 395 5006 2090 5080">
     <span class='ocr_line' id='line_1_54' title="bbox 395 5006 2090 5080; baseline -0.005 -9"><span class='ocrx_word' id='word_1_445' title='bbox 395 5013 730 5079; x_wconf 91' lang='lat' dir='ltr'>ctationem,</span> <span class='ocrx_word' id='word_1_446' title='bbox 780 5014 952 5080; x_wconf 91' lang='lat' dir='ltr'>atque</span> <span class='ocrx_word' id='word_1_447' title='bbox 1001 5007 1328 5074; x_wconf 88' lang='lat' dir='ltr'>considera;</span> <span class='ocrx_word' id='word_1_448' title='bbox 1389 5007 1607 5062; x_wconf 86' lang='lat' dir='ltr'>videbis</span> <span class='ocrx_word' id='word_1_449' title='bbox 1649 5007 1904 5077; x_wconf 90' lang='lat' dir='ltr'>profecto</span> <span class='ocrx_word' id='word_1_450' title='bbox 1961 5006 2090 5062; x_wconf 92' lang='lat' dir='ltr'>ideo</span> 
     </span>
    </p>
   </div>
   <div class='ocr_carea' id='block_1_55' title="bbox 396 5095 2085 5166">
    <p class='ocr_par' dir='ltr' id='par_1_55' title="bbox 396 5095 2085 5166">
     <span class='ocr_line' id='line_1_55' title="bbox 396 5095 2085 5166; baseline -0.005 -7"><span class='ocrx_word' id='word_1_451' title='bbox 396 5118 578 5159; x_wconf 91' lang='lat' dir='ltr'>unum</span> <span class='ocrx_word' id='word_1_452' title='bbox 609 5116 724 5155; x_wconf 90' lang='lat' dir='ltr'>non</span> <span class='ocrx_word' id='word_1_453' title='bbox 753 5096 964 5154; x_wconf 89' lang='lat' dir='ltr'>habere</span> <span class='ocrx_word' id='word_1_454' title='bbox 992 5095 1244 5150; x_wconf 88' lang='lat' dir='ltr'>medium</span> <span class='ocrx_word' id='word_1_455' title='bbox 1260 5100 1315 5150; x_wconf 92' lang='lat' dir='ltr'>et</span> <span class='ocrx_word' id='word_1_456' title='bbox 1327 5095 1523 5161; x_wconf 89' lang='lat' dir='ltr'>ﬁnem,</span> <span class='ocrx_word' id='word_1_457' title='bbox 1540 5095 1676 5166; x_wconf 91' lang='lat' dir='ltr'>quia</span> <span class='ocrx_word' id='word_1_458' title='bbox 1694 5099 1915 5149; x_wconf 90' lang='lat' dir='ltr'>tantum</span> <span class='ocrx_word' id='word_1_459' title='bbox 1935 5096 2085 5166; x_wconf 89' lang='lat' dir='ltr'>prin-</span> 
     </span>
    </p>
   </div>
   <div class='ocr_carea' id='block_1_56' title="bbox 395 5183 2090 5264">
    <p class='ocr_par' dir='ltr' id='par_1_56' title="bbox 395 5183 2090 5264">
     <span class='ocr_line' id='line_1_56' title="bbox 395 5183 2090 5264; baseline -0.005 -16"><span class='ocrx_word' id='word_1_460' title='bbox 395 5191 612 5264; x_wconf 92' lang='lat' dir='ltr'>cipium</span> <span class='ocrx_word' id='word_1_461' title='bbox 649 5191 770 5255; x_wconf 89' lang='lat' dir='ltr'>est;</span> <span class='ocrx_word' id='word_1_462' title='bbox 802 5185 891 5240; x_wconf 91' lang='lat' dir='ltr'>vel</span> <span class='ocrx_word' id='word_1_463' title='bbox 920 5183 1047 5238; x_wconf 92' lang='lat' dir='ltr'>ideo</span> <span class='ocrx_word' id='word_1_464' title='bbox 1074 5199 1192 5237; x_wconf 89' lang='lat' dir='ltr'>esse</span> <span class='ocrx_word' id='word_1_465' title='bbox 1218 5183 1586 5254; x_wconf 89' lang='lat' dir='ltr'>principium,</span> <span class='ocrx_word' id='word_1_466' title='bbox 1617 5183 1754 5254; x_wconf 91' lang='lat' dir='ltr'>quia</span> <span class='ocrx_word' id='word_1_467' title='bbox 1798 5183 1984 5238; x_wconf 94' lang='lat' dir='ltr'>medio</span> <span class='ocrx_word' id='word_1_468' title='bbox 2033 5189 2090 5240; x_wconf 91' lang='lat' dir='ltr'>et</span> 
     </span>
    </p>
   </div>
   <div class='ocr_carea' id='block_1_57' title="bbox 391 5271 2088 5343">
    <p class='ocr_par' dir='ltr' id='par_1_57' title="bbox 391 5271 2088 5343">
     <span class='ocr_line' id='line_1_57' title="bbox 391 5271 2088 5343; baseline -0.006 -5"><span class='ocrx_word' id='word_1_469' title='bbox 391 5280 508 5338; x_wconf 92' lang='lat' dir='ltr'>ﬁne</span> <span class='ocrx_word' id='word_1_470' title='bbox 535 5281 705 5334; x_wconf 91' lang='lat' dir='ltr'>caret.</span> <span class='ocrx_word' id='word_1_471' title='bbox 737 5277 813 5333; x_wconf 91' lang='lat' dir='ltr'>D.</span> <span class='ocrx_word' id='word_1_472' title='bbox 840 5271 1198 5330; x_wconf 77' lang='lat' dir='ltr'>Manifestum</span> <span class='ocrx_word' id='word_1_473' title='bbox 1225 5275 1327 5326; x_wconf 93' lang='lat' dir='ltr'>est.</span> <span class='ocrx_word' id='word_1_474' title='bbox 1359 5275 1429 5328; x_wconf 81' lang='lat' dir='ltr'>Ill.</span> <span class='ocrx_word' id='word_1_475' title='bbox 1459 5271 1603 5336; x_wconf 88' lang='lat' dir='ltr'>Quid</span> <span class='ocrx_word' id='word_1_476' title='bbox 1649 5288 1786 5343; x_wconf 89' lang='lat' dir='ltr'>ergo</span> <span class='ocrx_word' id='word_1_477' title='bbox 1835 5271 2088 5328; x_wconf 91' lang='lat' dir='ltr'>dicemus</span> 
     </span>
    </p>
   </div>
   <div class='ocr_carea' id='block_1_58' title="bbox 459 5420 2082 5492">
    <p class='ocr_par' dir='ltr' id='par_1_58' title="bbox 459 5420 2082 5492">
     <span class='ocr_line' id='line_1_58' title="bbox 459 5420 2082 5492; baseline 0.002 -24"><span class='ocrx_word' id='word_1_478' title='bbox 459 5434 475 5468; x_wconf 67' lang='grc' dir='ltr'><strong>ε</strong></span> <span class='ocrx_word' id='word_1_479' title='bbox 498 5432 621 5480; x_wconf 68' lang='grc' dir='ltr'>ιον,</span> <span class='ocrx_word' id='word_1_480' title='bbox 632 5424 1076 5492; x_wconf 55' lang='lat' dir='ltr'>,progrediuntur</span> <span class='ocrx_word' id='word_1_481' title='bbox 1093 5425 1150 5492; x_wconf 58' lang='grc' dir='ltr'>(τι</span> <span class='ocrx_word' id='word_1_482' title='bbox 1168 5420 1522 5492; x_wconf 52' lang='lat' dir='ltr'>hujuscemodi</span> <span class='ocrx_word' id='word_1_483' title='bbox 1532 5421 1944 5492; x_wconf 55' lang='lat' dir='ltr'>quastqrticulis:</span> <span class='ocrx_word' id='word_1_484' title='bbox 1953 5423 2082 5492; x_wconf 85' lang='lat' dir='ltr'>_Am.</span> 
     </span>
    </p>
   </div>
   <div class='ocr_carea' id='block_1_59' title="bbox 394 5482 2086 5554">
    <p class='ocr_par' dir='ltr' id='par_1_59' title="bbox 394 5482 2086 5554">
     <span class='ocr_line' id='line_1_59' title="bbox 394 5482 2086 5554; baseline -0.007 -10"><span class='ocrx_word' id='word_1_485' title='bbox 394 5497 448 5544; x_wconf 89' lang='lat' dir='ltr'>et</span> <span class='ocrx_word' id='word_1_486' title='bbox 457 5495 563 5554; x_wconf 88' lang='lat' dir='ltr'>Er.,</span> <span class='ocrx_word' id='word_1_487' title='bbox 576 5482 1078 5554; x_wconf 54' lang='lat' dir='ltr'>begrédi,_vtutl_m</span> <span class='ocrx_word' id='word_1_488' title='bbox 1095 5482 1485 5554; x_wconf 66' lang='lat' dir='ltr'>hujuscemodi,</span> <span class='ocrx_word' id='word_1_489' title='bbox 1501 5482 1620 5543; x_wconf 64' lang='grc' dir='ltr'>εἴας</span> <span class='ocrx_word' id='word_1_490' title='bbox 1633 5489 1687 5533; x_wconf 88' lang='lat' dir='ltr'>at</span> <span class='ocrx_word' id='word_1_491' title='bbox 1700 5484 1822 5533; x_wconf 87' lang='lat' dir='ltr'>Mss.</span> <span class='ocrx_word' id='word_1_492' title='bbox 1844 5485 2086 5535; x_wconf 87' lang='lat' dir='ltr'>meliores</span> 
     </span>
    </p>
   </div>
   <div class='ocr_carea' id='block_1_60' title="bbox 391 5549 1161 5616">
    <p class='ocr_par' dir='ltr' id='par_1_60' title="bbox 391 5549 1161 5616">
     <span class='ocr_line' id='line_1_60' title="bbox 391 5549 1161 5616; baseline -0.013 -11"><span class='ocrx_word' id='word_1_493' title='bbox 391 5549 608 5612; x_wconf 85' lang='lat' dir='ltr'>habent,</span> <span class='ocrx_word' id='word_1_494' title='bbox 636 5549 891 5616; x_wconf 62' lang='lat' dir='ltr'>progredi</span> <span class='ocrx_word' id='word_1_495' title='bbox 919 5549 1033 5604; x_wconf 66' lang='lat' dir='ltr'>ibit.</span> <span class='ocrx_word' id='word_1_496' title='bbox 1063 5550 1161 5597; x_wconf 90' lang='lat' dir='ltr'>etc.</span> 
     </span>
    </p>
   </div>
   <div class='ocr_carea' id='block_1_61' title="bbox 1679 281 2626 370">
    <p class='ocr_par' dir='ltr' id='par_1_61' title="bbox 1679 281 2626 370">
     <span class='ocr_line' id='line_1_61' title="bbox 1679 281 2626 370; baseline -0.002 -33"><span class='ocrx_word' id='word_1_497' title='bbox 1679 283 1772 370; x_wconf 72' lang='lat' dir='ltr'>ne</span> <span class='ocrx_word' id='word_1_498' title='bbox 1813 282 2095 341; x_wconf 81' lang='lat' dir='ltr'>MUSICA.</span> <span class='ocrx_word' id='word_1_499' title='bbox 2147 281 2200 338; x_wconf 88' lang='lat' dir='ltr'>s.</span> <span class='ocrx_word' id='word_1_500' title='bbox 2245 281 2626 339; x_wconf 84' lang='lat' dir='ltr'>AUGUSTINI</span> 
     </span>
    </p>
   </div>
   <div class='ocr_carea' id='block_1_62' title="bbox 3802 283 3936 335">
    <p class='ocr_par' dir='ltr' id='par_1_62' title="bbox 3802 283 3936 335">
     <span class='ocr_line' id='line_1_62' title="bbox 3802 283 3936 335; baseline -0.03 0"><span class='ocrx_word' id='word_1_501' title='bbox 3802 283 3936 335; x_wconf 72' lang='lat' dir='ltr'>t096</span> 
     </span>
    </p>
   </div>
   <div class='ocr_carea' id='block_1_63' title="bbox 2210 402 3937 476">
    <p class='ocr_par' dir='ltr' id='par_1_63' title="bbox 2210 402 3937 476">
     <span class='ocr_line' id='line_1_63' title="bbox 2210 402 3937 476; baseline -0.001 -15"><span class='ocrx_word' id='word_1_502' title='bbox 2210 405 2280 461; x_wconf 91' lang='lat' dir='ltr'>de</span> <span class='ocrx_word' id='word_1_503' title='bbox 2312 405 2576 462; x_wconf 86' lang='lat' dir='ltr'>duobus?</span> <span class='ocrx_word' id='word_1_504' title='bbox 2632 405 2781 459; x_wconf 86' lang='lat' dir='ltr'>Num</span> <span class='ocrx_word' id='word_1_505' title='bbox 2829 417 3132 475; x_wconf 87' lang='lat' dir='ltr'>possumus</span> <span class='ocrx_word' id='word_1_506' title='bbox 3168 402 3229 457; x_wconf 93' lang='lat' dir='ltr'>in</span> <span class='ocrx_word' id='word_1_507' title='bbox 3272 402 3357 458; x_wconf 90' lang='lat' dir='ltr'>eis</span> <span class='ocrx_word' id='word_1_508' title='bbox 3405 402 3746 476; x_wconf 83' lang='lat' dir='ltr'>intelligere</span> <span class='ocrx_word' id='word_1_509' title='bbox 3775 404 3937 476; x_wconf 89' lang='lat' dir='ltr'>prin-</span> 
     </span>
    </p>
   </div>
   <div class='ocr_carea' id='block_1_64' title="bbox 2207 491 3937 564">
    <p class='ocr_par' dir='ltr' id='par_1_64' title="bbox 2207 491 3937 564">
     <span class='ocr_line' id='line_1_64' title="bbox 2207 491 3937 564; baseline 0.001 -16"><span class='ocrx_word' id='word_1_510' title='bbox 2207 493 2424 564; x_wconf 92' lang='lat' dir='ltr'>cipium</span> <span class='ocrx_word' id='word_1_511' title='bbox 2455 498 2511 548; x_wconf 94' lang='lat' dir='ltr'><strong>et</strong></span> <span class='ocrx_word' id='word_1_512' title='bbox 2530 493 2807 560; x_wconf 91' lang='lat' dir='ltr'>medium,</span> <span class='ocrx_word' id='word_1_513' title='bbox 2825 507 2956 547; x_wconf 90' lang='lat' dir='ltr'>cum</span> <span class='ocrx_word' id='word_1_514' title='bbox 2987 491 3246 546; x_wconf 90' lang='lat' dir='ltr'>medium</span> <span class='ocrx_word' id='word_1_515' title='bbox 3267 507 3389 547; x_wconf 90' lang='lat' dir='ltr'>esse</span> <span class='ocrx_word' id='word_1_516' title='bbox 3415 508 3539 547; x_wconf 93' lang='lat' dir='ltr'>non</span> <span class='ocrx_word' id='word_1_517' title='bbox 3577 493 3795 564; x_wconf 84' lang='lat' dir='ltr'>possit,</span> <span class='ocrx_word' id='word_1_518' title='bbox 3827 493 3937 549; x_wconf 89' lang='lat' dir='ltr'>nisi</span> 
     </span>
    </p>
   </div>
   <div class='ocr_carea' id='block_1_65' title="bbox 2207 579 3935 651">
    <p class='ocr_par' dir='ltr' id='par_1_65' title="bbox 2207 579 3935 651">
     <span class='ocr_line' id='line_1_65' title="bbox 2207 579 3935 651; baseline 0.001 -14"><span class='ocrx_word' id='word_1_519' title='bbox 2207 582 2309 637; x_wconf 92' lang='lat' dir='ltr'>ubi</span> <span class='ocrx_word' id='word_1_520' title='bbox 2338 583 2470 637; x_wconf 87' lang='lat' dir='ltr'>ﬁnis</span> <span class='ocrx_word' id='word_1_521' title='bbox 2499 586 2583 636; x_wconf 90' lang='lat' dir='ltr'>est</span> <span class='ocrx_word' id='word_1_522' title='bbox 2600 601 2618 647; x_wconf 86' lang='lat'><strong><em>;</em></strong></span> <span class='ocrx_word' id='word_1_523' title='bbox 2648 585 2748 635; x_wconf 90' lang='lat' dir='ltr'>aut</span> <span class='ocrx_word' id='word_1_524' title='bbox 2768 579 3116 651; x_wconf 87' lang='lat' dir='ltr'>principium</span> <span class='ocrx_word' id='word_1_525' title='bbox 3149 584 3206 634; x_wconf 91' lang='lat' dir='ltr'>et</span> <span class='ocrx_word' id='word_1_526' title='bbox 3227 580 3429 647; x_wconf 87' lang='lat' dir='ltr'>ﬁnem,</span> <span class='ocrx_word' id='word_1_527' title='bbox 3459 597 3595 635; x_wconf 80' lang='lat' dir='ltr'>cum</span> <span class='ocrx_word' id='word_1_528' title='bbox 3631 582 3709 636; x_wconf 89' lang='lat' dir='ltr'>ad</span> <span class='ocrx_word' id='word_1_529' title='bbox 3757 583 3935 638; x_wconf 87' lang='lat' dir='ltr'>ﬁnem</span> 
     </span>
    </p>
   </div>
   <div class='ocr_carea' id='block_1_66' title="bbox 2207 667 3931 741">
    <p class='ocr_par' dir='ltr' id='par_1_66' title="bbox 2207 667 3931 741">
     <span class='ocr_line' id='line_1_66' title="bbox 2207 667 3931 741; baseline 0.001 -16"><span class='ocrx_word' id='word_1_530' title='bbox 2207 670 2318 725; x_wconf 88' lang='lat' dir='ltr'>nisi</span> <span class='ocrx_word' id='word_1_531' title='bbox 2343 687 2446 740; x_wconf 92' lang='lat' dir='ltr'>per</span> <span class='ocrx_word' id='word_1_532' title='bbox 2474 669 2725 724; x_wconf 89' lang='lat' dir='ltr'>medium</span> <span class='ocrx_word' id='word_1_533' title='bbox 2755 685 2874 725; x_wconf 92' lang='lat' dir='ltr'>non</span> <span class='ocrx_word' id='word_1_534' title='bbox 2902 672 3074 740; x_wconf 90' lang='lat' dir='ltr'>queat</span> <span class='ocrx_word' id='word_1_535' title='bbox 3101 667 3438 740; x_wconf 87' lang='lat' dir='ltr'>perveniri?</span> <span class='ocrx_word' id='word_1_536' title='bbox 3462 670 3540 724; x_wconf 88' lang='lat' dir='ltr'>D.</span> <span class='ocrx_word' id='word_1_537' title='bbox 3572 671 3763 741; x_wconf 81' lang='lat' dir='ltr'>Urget</span> <span class='ocrx_word' id='word_1_538' title='bbox 3789 671 3931 726; x_wconf 84' lang='lat' dir='ltr'>ratio</span> 
     </span>
    </p>
   </div>
   <div class='ocr_carea' id='block_1_67' title="bbox 2207 757 3934 828">
    <p class='ocr_par' dir='ltr' id='par_1_67' title="bbox 2207 757 3934 828">
     <span class='ocr_line' id='line_1_67' title="bbox 2207 757 3934 828; baseline 0.001 -16"><span class='ocrx_word' id='word_1_539' title='bbox 2207 757 2468 812; x_wconf 90' lang='lat' dir='ltr'>conﬁteri</span> <span class='ocrx_word' id='word_1_540' title='bbox 2490 775 2503 825; x_wconf 94' lang='lat'><strong>;</strong></span> <span class='ocrx_word' id='word_1_541' title='bbox 2527 762 2584 812; x_wconf 93' lang='lat' dir='ltr'>et</span> <span class='ocrx_word' id='word_1_542' title='bbox 2609 757 2748 827; x_wconf 92' lang='lat' dir='ltr'>quid</span> <span class='ocrx_word' id='word_1_543' title='bbox 2768 757 2836 812; x_wconf 92' lang='lat' dir='ltr'>de</span> <span class='ocrx_word' id='word_1_544' title='bbox 2853 758 2963 812; x_wconf 90' lang='lat' dir='ltr'>hoc</span> <span class='ocrx_word' id='word_1_545' title='bbox 2982 773 3224 812; x_wconf 91' lang='lat' dir='ltr'>numero</span> <span class='ocrx_word' id='word_1_546' title='bbox 3245 757 3665 828; x_wconf 89' lang='lat' dir='ltr'>respondeam,</span> <span class='ocrx_word' id='word_1_547' title='bbox 3691 773 3934 822; x_wconf 87' lang='lat' dir='ltr'>prorsus</span> 
     </span>
    </p>
   </div>
   <div class='ocr_carea' id='block_1_68' title="bbox 2203 843 3937 919">
    <p class='ocr_par' dir='ltr' id='par_1_68' title="bbox 2203 843 3937 919">
     <span class='ocr_line' id='line_1_68' title="bbox 2203 843 3937 919; baseline 0.001 -18"><span class='ocrx_word' id='word_1_548' title='bbox 2203 846 2454 901; x_wconf 90' lang='lat' dir='ltr'>incertus</span> <span class='ocrx_word' id='word_1_549' title='bbox 2477 861 2623 900; x_wconf 91' lang='lat' dir='ltr'>sum.</span> <span class='ocrx_word' id='word_1_550' title='bbox 2649 848 2723 901; x_wconf 90' lang='grc' dir='ltr'>Μ.</span> <span class='ocrx_word' id='word_1_551' title='bbox 2747 845 2884 900; x_wconf 89' lang='lat' dir='ltr'>Vide</span> <span class='ocrx_word' id='word_1_552' title='bbox 2906 861 2978 900; x_wconf 93' lang='lat' dir='ltr'>ne</span> <span class='ocrx_word' id='word_1_553' title='bbox 2995 843 3015 878; x_wconf 78' lang='grc'>¹</span> <span class='ocrx_word' id='word_1_554' title='bbox 3038 845 3144 900; x_wconf 91' lang='lat' dir='ltr'>iste</span> <span class='ocrx_word' id='word_1_555' title='bbox 3173 861 3409 916; x_wconf 89' lang='lat' dir='ltr'>quoque</span> <span class='ocrx_word' id='word_1_556' title='bbox 3439 863 3737 901; x_wconf 91' lang='lat' dir='ltr'>numerus</span> <span class='ocrx_word' id='word_1_557' title='bbox 3757 849 3937 919; x_wconf 88' lang='lat' dir='ltr'>possit</span> 
     </span>
    </p>
   </div>
   <div class='ocr_carea' id='block_1_69' title="bbox 2204 933 3936 1005">
    <p class='ocr_par' dir='ltr' id='par_1_69' title="bbox 2204 933 3936 1005">
     <span class='ocr_line' id='line_1_69' title="bbox 2204 933 3936 1005; baseline 0.002 -17"><span class='ocrx_word' id='word_1_558' title='bbox 2204 933 2553 1005; x_wconf 88' lang='lat' dir='ltr'>principium</span> <span class='ocrx_word' id='word_1_559' title='bbox 2613 950 2734 988; x_wconf 87' lang='lat' dir='ltr'>esse</span> <span class='ocrx_word' id='word_1_560' title='bbox 2789 950 3186 989; x_wconf 88' lang='lat' dir='ltr'>numerorum.</span> <span class='ocrx_word' id='word_1_561' title='bbox 3241 935 3392 989; x_wconf 89' lang='lat' dir='ltr'>Num</span> <span class='ocrx_word' id='word_1_562' title='bbox 3446 934 3495 988; x_wconf 89' lang='lat' dir='ltr'>si</span> <span class='ocrx_word' id='word_1_563' title='bbox 3530 935 3740 990; x_wconf 88' lang='lat' dir='ltr'>medio</span> <span class='ocrx_word' id='word_1_564' title='bbox 3783 941 3936 992; x_wconf 86' lang='lat' dir='ltr'>caret</span> 
     </span>
    </p>
   </div>
   <div class='ocr_carea' id='block_1_70' title="bbox 2207 1022 3934 1096">
    <p class='ocr_par' dir='ltr' id='par_1_70' title="bbox 2207 1022 3934 1096">
     <span class='ocr_line' id='line_1_70' title="bbox 2207 1022 3934 1096; baseline 0.002 -20"><span class='ocrx_word' id='word_1_565' title='bbox 2207 1027 2263 1077; x_wconf 92' lang='lat' dir='ltr'>et</span> <span class='ocrx_word' id='word_1_566' title='bbox 2287 1023 2419 1091; x_wconf 86' lang='lat' dir='ltr'>fine,</span> <span class='ocrx_word' id='word_1_567' title='bbox 2449 1023 2622 1094; x_wconf 86' lang='lat' dir='ltr'>quod,</span> <span class='ocrx_word' id='word_1_568' title='bbox 2648 1027 2713 1078; x_wconf 92' lang='lat' dir='ltr'>ut</span> <span class='ocrx_word' id='word_1_569' title='bbox 2739 1022 2948 1090; x_wconf 86' lang='lat' dir='ltr'>dixisti,</span> <span class='ocrx_word' id='word_1_570' title='bbox 2978 1023 3133 1094; x_wconf 86' lang='lat' dir='ltr'>cogit</span> <span class='ocrx_word' id='word_1_571' title='bbox 3161 1023 3307 1077; x_wconf 86' lang='lat' dir='ltr'>ratio</span> <span class='ocrx_word' id='word_1_572' title='bbox 3320 1023 3588 1078; x_wconf 88' lang='lat' dir='ltr'>conﬁteri</span> <span class='ocrx_word' id='word_1_573' title='bbox 3617 1041 3634 1092; x_wconf 91' lang='lat'><strong>;</strong></span> <span class='ocrx_word' id='word_1_574' title='bbox 3673 1025 3827 1096; x_wconf 90' lang='lat' dir='ltr'>quid</span> <span class='ocrx_word' id='word_1_575' title='bbox 3856 1042 3934 1080; x_wconf 85' lang='lat' dir='ltr'>re-</span> 
     </span>
    </p>
   </div>
   <div class='ocr_carea' id='block_1_71' title="bbox 2205 1110 3933 1182">
    <p class='ocr_par' dir='ltr' id='par_1_71' title="bbox 2205 1110 3933 1182">
     <span class='ocr_line' id='line_1_71' title="bbox 2205 1110 3933 1182; baseline 0.003 -18"><span class='ocrx_word' id='word_1_576' title='bbox 2205 1115 2336 1178; x_wconf 88' lang='lat' dir='ltr'>stat,</span> <span class='ocrx_word' id='word_1_577' title='bbox 2370 1111 2481 1170; x_wconf 91' lang='lat' dir='ltr'>nisi</span> <span class='ocrx_word' id='word_1_578' title='bbox 2530 1114 2593 1165; x_wconf 89' lang='lat' dir='ltr'>ut</span> <span class='ocrx_word' id='word_1_579' title='bbox 2621 1110 2693 1165; x_wconf 91' lang='lat' dir='ltr'>sit</span> <span class='ocrx_word' id='word_1_580' title='bbox 2716 1111 2823 1166; x_wconf 89' lang='lat' dir='ltr'>hoc</span> <span class='ocrx_word' id='word_1_581' title='bbox 2849 1127 3079 1182; x_wconf 91' lang='lat' dir='ltr'>quoque</span> <span class='ocrx_word' id='word_1_582' title='bbox 3134 1110 3531 1182; x_wconf 88' lang='lat' dir='ltr'>principium?</span> <span class='ocrx_word' id='word_1_583' title='bbox 3572 1114 3670 1167; x_wconf 85' lang='lat' dir='ltr'>An</span> <span class='ocrx_word' id='word_1_584' title='bbox 3703 1114 3933 1170; x_wconf 89' lang='lat' dir='ltr'>dubitas</span> 
     </span>
    </p>
   </div>
   <div class='ocr_carea' id='block_1_72' title="bbox 2207 1199 3930 1270">
    <p class='ocr_par' dir='ltr' id='par_1_72' title="bbox 2207 1199 3930 1270">
     <span class='ocr_line' id='line_1_72' title="bbox 2207 1199 3930 1270; baseline 0.002 -16"><span class='ocrx_word' id='word_1_585' title='bbox 2207 1199 2322 1254; x_wconf 88' lang='lat' dir='ltr'>duo</span> <span class='ocrx_word' id='word_1_586' title='bbox 2370 1199 2657 1270; x_wconf 90' lang='lat' dir='ltr'>principia</span> <span class='ocrx_word' id='word_1_587' title='bbox 2698 1200 3088 1255; x_wconf 83' lang='lat' dir='ltr'>constituere?</span> <span class='ocrx_word' id='word_1_588' title='bbox 3133 1201 3211 1256; x_wconf 89' lang='lat' dir='ltr'>D.</span> <span class='ocrx_word' id='word_1_589' title='bbox 3261 1201 3659 1256; x_wconf 87' lang='lat' dir='ltr'>Vehementer</span> <span class='ocrx_word' id='word_1_590' title='bbox 3705 1203 3930 1258; x_wconf 91' lang='lat' dir='ltr'>dubito.</span> 
     </span>
    </p>
   </div>
   <div class='ocr_carea' id='block_1_73' title="bbox 2205 1288 3935 1356">
    <p class='ocr_par' dir='ltr' id='par_1_73' title="bbox 2205 1288 3935 1356">
     <span class='ocr_line' id='line_1_73' title="bbox 2205 1288 3935 1356; baseline 0.002 -12"><span class='ocrx_word' id='word_1_591' title='bbox 2205 1290 2288 1344; x_wconf 89' lang='lat' dir='ltr'>M.</span> <span class='ocrx_word' id='word_1_592' title='bbox 2331 1289 2480 1343; x_wconf 89' lang='lat' dir='ltr'>Bene</span> <span class='ocrx_word' id='word_1_593' title='bbox 2511 1289 2746 1356; x_wconf 77' lang='lat' dir='ltr'>faceres,</span> <span class='ocrx_word' id='word_1_594' title='bbox 2777 1289 2824 1344; x_wconf 91' lang='lat' dir='ltr'>si</span> <span class='ocrx_word' id='word_1_595' title='bbox 2865 1305 2931 1344; x_wconf 83' lang='lat' dir='ltr'><strong>ex</strong></span> <span class='ocrx_word' id='word_1_596' title='bbox 2977 1289 3212 1344; x_wconf 89' lang='lat' dir='ltr'>adverso</span> <span class='ocrx_word' id='word_1_597' title='bbox 3264 1288 3376 1344; x_wconf 91' lang='lat' dir='ltr'>sibi</span> <span class='ocrx_word' id='word_1_598' title='bbox 3421 1290 3935 1347; x_wconf 84' lang='lat' dir='ltr'>constituerentur</span> 
     </span>
    </p>
   </div>
   <div class='ocr_carea' id='block_1_74' title="bbox 2208 1376 3933 1451">
    <p class='ocr_par' dir='ltr' id='par_1_74' title="bbox 2208 1376 3933 1451">
     <span class='ocr_line' id='line_1_74' title="bbox 2208 1376 3933 1451; baseline 0.002 -19"><span class='ocrx_word' id='word_1_599' title='bbox 2208 1376 2321 1432; x_wconf 92' lang='lat' dir='ltr'>duo</span> <span class='ocrx_word' id='word_1_600' title='bbox 2349 1377 2666 1449; x_wconf 89' lang='lat' dir='ltr'>principia:</span> <span class='ocrx_word' id='word_1_601' title='bbox 2720 1393 2872 1432; x_wconf 91' lang='lat' dir='ltr'>nunc</span> <span class='ocrx_word' id='word_1_602' title='bbox 2900 1382 3094 1432; x_wconf 88' lang='lat' dir='ltr'>autem</span> <span class='ocrx_word' id='word_1_603' title='bbox 3123 1377 3231 1432; x_wconf 88' lang='lat' dir='ltr'>hoc</span> <span class='ocrx_word' id='word_1_604' title='bbox 3261 1377 3512 1433; x_wconf 90' lang='lat' dir='ltr'>alterum</span> <span class='ocrx_word' id='word_1_605' title='bbox 3563 1378 3933 1451; x_wconf 88' lang='lat' dir='ltr'>principium</span> 
     </span>
    </p>
   </div>
   <div class='ocr_carea' id='block_1_75' title="bbox 2207 1464 3932 1537">
    <p class='ocr_par' dir='ltr' id='par_1_75' title="bbox 2207 1464 3932 1537">
     <span class='ocr_line' id='line_1_75' title="bbox 2207 1464 3932 1537; baseline 0.002 -16"><span class='ocrx_word' id='word_1_606' title='bbox 2207 1466 2277 1521; x_wconf 92' lang='lat' dir='ltr'>de</span> <span class='ocrx_word' id='word_1_607' title='bbox 2298 1465 2395 1520; x_wconf 90' lang='lat' dir='ltr'>illo</span> <span class='ocrx_word' id='word_1_608' title='bbox 2415 1466 2604 1537; x_wconf 89' lang='lat' dir='ltr'>primo</span> <span class='ocrx_word' id='word_1_609' title='bbox 2637 1470 2741 1534; x_wconf 90' lang='lat' dir='ltr'>est,</span> <span class='ocrx_word' id='word_1_610' title='bbox 2773 1470 2835 1520; x_wconf 89' lang='lat' dir='ltr'>ut</span> <span class='ocrx_word' id='word_1_611' title='bbox 2861 1465 3002 1520; x_wconf 89' lang='lat' dir='ltr'>illud</span> <span class='ocrx_word' id='word_1_612' title='bbox 3036 1483 3069 1519; x_wconf 91' lang='lat' dir='ltr'><strong>a</strong></span> <span class='ocrx_word' id='word_1_613' title='bbox 3090 1466 3251 1520; x_wconf 91' lang='lat' dir='ltr'>nullo</span> <span class='ocrx_word' id='word_1_614' title='bbox 3279 1464 3371 1533; x_wconf 86' lang='lat' dir='ltr'>sit,</span> <span class='ocrx_word' id='word_1_615' title='bbox 3396 1465 3510 1521; x_wconf 92' lang='lat' dir='ltr'>hoc</span> <span class='ocrx_word' id='word_1_616' title='bbox 3526 1483 3667 1521; x_wconf 89' lang='lat' dir='ltr'>vero</span> <span class='ocrx_word' id='word_1_617' title='bbox 3690 1468 3767 1523; x_wconf 89' lang='lat' dir='ltr'>ab</span> <span class='ocrx_word' id='word_1_618' title='bbox 3789 1469 3894 1524; x_wconf 89' lang='lat' dir='ltr'>illo</span> <span class='ocrx_word' id='word_1_619' title='bbox 3919 1487 3932 1525; x_wconf 91' lang='lat'>:</span> 
     </span>
    </p>
   </div>
   <div class='ocr_carea' id='block_1_76' title="bbox 2206 1553 3937 1626">
    <p class='ocr_par' dir='ltr' id='par_1_76' title="bbox 2206 1553 3937 1626">
     <span class='ocr_line' id='line_1_76' title="bbox 2206 1553 3937 1626; baseline 0.002 -16"><span class='ocrx_word' id='word_1_620' title='bbox 2206 1570 2390 1610; x_wconf 90' lang='lat' dir='ltr'>unum</span> <span class='ocrx_word' id='word_1_621' title='bbox 2421 1555 2577 1609; x_wconf 91' lang='lat' dir='ltr'>enim</span> <span class='ocrx_word' id='word_1_622' title='bbox 2602 1559 2660 1610; x_wconf 89' lang='lat' dir='ltr'>et</span> <span class='ocrx_word' id='word_1_623' title='bbox 2699 1570 2883 1610; x_wconf 91' lang='lat' dir='ltr'>unum</span> <span class='ocrx_word' id='word_1_624' title='bbox 2913 1554 3022 1608; x_wconf 94' lang='lat' dir='ltr'>duo</span> <span class='ocrx_word' id='word_1_625' title='bbox 3054 1559 3209 1621; x_wconf 89' lang='lat' dir='ltr'>sunt,</span> <span class='ocrx_word' id='word_1_626' title='bbox 3238 1558 3294 1608; x_wconf 91' lang='lat' dir='ltr'>et</span> <span class='ocrx_word' id='word_1_627' title='bbox 3340 1553 3635 1626; x_wconf 88' lang='lat' dir='ltr'>principia</span> <span class='ocrx_word' id='word_1_628' title='bbox 3678 1555 3766 1611; x_wconf 88' lang='lat' dir='ltr'>ita</span> <span class='ocrx_word' id='word_1_629' title='bbox 3800 1563 3937 1614; x_wconf 91' lang='lat' dir='ltr'>sunt</span> 
     </span>
    </p>
   </div>
   <div class='ocr_carea' id='block_1_77' title="bbox 2207 1642 3935 1719">
    <p class='ocr_par' dir='ltr' id='par_1_77' title="bbox 2207 1642 3935 1719">
     <span class='ocr_line' id='line_1_77' title="bbox 2207 1642 3935 1719; baseline 0.002 -21"><span class='ocrx_word' id='word_1_630' title='bbox 2207 1643 2399 1711; x_wconf 88' lang='lat' dir='ltr'>ambo,</span> <span class='ocrx_word' id='word_1_631' title='bbox 2424 1647 2486 1698; x_wconf 90' lang='lat' dir='ltr'>ut</span> <span class='ocrx_word' id='word_1_632' title='bbox 2517 1659 2715 1698; x_wconf 90' lang='lat' dir='ltr'>omnes</span> <span class='ocrx_word' id='word_1_633' title='bbox 2743 1642 2970 1698; x_wconf 88' lang='lat' dir='ltr'>numeri</span> <span class='ocrx_word' id='word_1_634' title='bbox 2986 1642 3220 1714; x_wconf 92' lang='lat' dir='ltr'>quidem</span> <span class='ocrx_word' id='word_1_635' title='bbox 3247 1643 3319 1696; x_wconf 89' lang='lat' dir='ltr'><strong>ab</strong></span> <span class='ocrx_word' id='word_1_636' title='bbox 3344 1659 3463 1697; x_wconf 91' lang='lat' dir='ltr'>uno</span> <span class='ocrx_word' id='word_1_637' title='bbox 3495 1643 3617 1698; x_wconf 90' lang='lat' dir='ltr'>sint</span> <span class='ocrx_word' id='word_1_638' title='bbox 3640 1661 3655 1712; x_wconf 92' lang='lat'><strong>;</strong></span> <span class='ocrx_word' id='word_1_639' title='bbox 3679 1645 3786 1700; x_wconf 89' lang='lat' dir='ltr'>sed</span> <span class='ocrx_word' id='word_1_640' title='bbox 3799 1647 3935 1719; x_wconf 87' lang='lat' dir='ltr'>quia</span> 
     </span>
    </p>
   </div>
   <div class='ocr_carea' id='block_1_78' title="bbox 2206 1731 3934 1804">
    <p class='ocr_par' dir='ltr' id='par_1_78' title="bbox 2206 1731 3934 1804">
     <span class='ocr_line' id='line_1_78' title="bbox 2206 1731 3934 1804; baseline 0.003 -19"><span class='ocrx_word' id='word_1_641' title='bbox 2206 1747 2311 1802; x_wconf 86' lang='lat' dir='ltr'>per</span> <span class='ocrx_word' id='word_1_642' title='bbox 2365 1731 2861 1803; x_wconf 87' lang='lat' dir='ltr'>complicationem</span> <span class='ocrx_word' id='word_1_643' title='bbox 2900 1736 3071 1803; x_wconf 90' lang='lat' dir='ltr'>atque</span> <span class='ocrx_word' id='word_1_644' title='bbox 3114 1731 3555 1802; x_wconf 85' lang='lat' dir='ltr'>adjunctionem</span> <span class='ocrx_word' id='word_1_645' title='bbox 3603 1736 3934 1804; x_wconf 90' lang='lat' dir='ltr'>quamdam</span> 
     </span>
    </p>
   </div>
   <div class='ocr_carea' id='block_1_79' title="bbox 2207 1819 3932 1891">
    <p class='ocr_par' dir='ltr' id='par_1_79' title="bbox 2207 1819 3932 1891">
     <span class='ocr_line' id='line_1_79' title="bbox 2207 1819 3932 1891; baseline 0.002 -17"><span class='ocrx_word' id='word_1_646' title='bbox 2207 1820 2376 1889; x_wconf 86' lang='lat' dir='ltr'>ﬁunt,</span> <span class='ocrx_word' id='word_1_647' title='bbox 2400 1820 2560 1891; x_wconf 87' lang='lat' dir='ltr'>origo</span> <span class='ocrx_word' id='word_1_648' title='bbox 2573 1825 2765 1875; x_wconf 91' lang='lat' dir='ltr'>autem</span> <span class='ocrx_word' id='word_1_649' title='bbox 2776 1819 3226 1890; x_wconf 89' lang='lat' dir='ltr'>complicationis</span> <span class='ocrx_word' id='word_1_650' title='bbox 3256 1825 3314 1875; x_wconf 93' lang='lat' dir='ltr'><strong>et</strong></span> <span class='ocrx_word' id='word_1_651' title='bbox 3339 1820 3431 1891; x_wconf 88' lang='lat' dir='ltr'>adj</span> <span class='ocrx_word' id='word_1_652' title='bbox 3443 1821 3748 1877; x_wconf 88' lang='lat' dir='ltr'>unctionis</span> <span class='ocrx_word' id='word_1_653' title='bbox 3770 1823 3932 1878; x_wconf 89' lang='lat' dir='ltr'>duali</span> 
     </span>
    </p>
   </div>
   <div class='ocr_carea' id='block_1_80' title="bbox 2209 1909 3931 1984">
    <p class='ocr_par' dir='ltr' id='par_1_80' title="bbox 2209 1909 3931 1984">
     <span class='ocr_line' id='line_1_80' title="bbox 2209 1909 3931 1984; baseline 0.003 -21"><span class='ocrx_word' id='word_1_654' title='bbox 2209 1925 2449 1963; x_wconf 90' lang='lat' dir='ltr'>numero</span> <span class='ocrx_word' id='word_1_655' title='bbox 2475 1915 2625 1964; x_wconf 91' lang='lat' dir='ltr'>recte</span> <span class='ocrx_word' id='word_1_656' title='bbox 2636 1910 2934 1965; x_wconf 89' lang='lat' dir='ltr'>tribuitur:</span> <span class='ocrx_word' id='word_1_657' title='bbox 2954 1909 3019 1964; x_wconf 89' lang='lat' dir='ltr'>ﬁt</span> <span class='ocrx_word' id='word_1_658' title='bbox 3037 1914 3102 1964; x_wconf 91' lang='lat' dir='ltr'>ut</span> <span class='ocrx_word' id='word_1_659' title='bbox 3125 1909 3267 1964; x_wconf 92' lang='lat' dir='ltr'>illud</span> <span class='ocrx_word' id='word_1_660' title='bbox 3279 1909 3539 1980; x_wconf 90' lang='lat' dir='ltr'>primum</span> <span class='ocrx_word' id='word_1_661' title='bbox 3560 1911 3931 1984; x_wconf 89' lang='lat' dir='ltr'>principium</span> 
     </span>
    </p>
   </div>
   <div class='ocr_carea' id='block_1_81' title="bbox 2207 1998 3929 2074">
    <p class='ocr_par' dir='ltr' id='par_1_81' title="bbox 2207 1998 3929 2074">
     <span class='ocr_line' id='line_1_81' title="bbox 2207 1998 3929 2074; baseline 0.003 -22"><span class='ocrx_word' id='word_1_662' title='bbox 2207 2015 2240 2052; x_wconf 91' lang='lat' dir='ltr'><strong>a</strong></span> <span class='ocrx_word' id='word_1_663' title='bbox 2267 2014 2380 2069; x_wconf 91' lang='lat' dir='ltr'>quo</span> <span class='ocrx_word' id='word_1_664' title='bbox 2406 1999 2632 2052; x_wconf 90' lang='lat' dir='ltr'>numeri</span> <span class='ocrx_word' id='word_1_665' title='bbox 2664 2014 2862 2053; x_wconf 89' lang='lat' dir='ltr'>omnes</span> <span class='ocrx_word' id='word_1_666' title='bbox 2893 2019 2908 2066; x_wconf 86' lang='lat'><strong>;</strong></span> <span class='ocrx_word' id='word_1_667' title='bbox 2937 1998 3043 2053; x_wconf 90' lang='lat' dir='ltr'>hoc</span> <span class='ocrx_word' id='word_1_668' title='bbox 3073 2002 3265 2053; x_wconf 90' lang='lat' dir='ltr'>autem</span> <span class='ocrx_word' id='word_1_669' title='bbox 3315 1999 3565 2054; x_wconf 88' lang='lat' dir='ltr'>alterum</span> <span class='ocrx_word' id='word_1_670' title='bbox 3609 2016 3723 2070; x_wconf 89' lang='lat' dir='ltr'>per</span> <span class='ocrx_word' id='word_1_671' title='bbox 3769 2003 3929 2074; x_wconf 89' lang='lat' dir='ltr'>quod</span> 
     </span>
    </p>
   </div>
   <div class='ocr_carea' id='block_1_82' title="bbox 2206 2086 3926 2159">
    <p class='ocr_par' dir='ltr' id='par_1_82' title="bbox 2206 2086 3926 2159">
     <span class='ocr_line' id='line_1_82' title="bbox 2206 2086 3926 2159; baseline 0.003 -19"><span class='ocrx_word' id='word_1_672' title='bbox 2206 2087 2432 2140; x_wconf 90' lang='lat' dir='ltr'>numeri</span> <span class='ocrx_word' id='word_1_673' title='bbox 2455 2103 2675 2154; x_wconf 91' lang='lat' dir='ltr'>omnes,</span> <span class='ocrx_word' id='word_1_674' title='bbox 2709 2104 2827 2142; x_wconf 89' lang='lat' dir='ltr'>esse</span> <span class='ocrx_word' id='word_1_675' title='bbox 2855 2086 3241 2142; x_wconf 88' lang='lat' dir='ltr'>inveniantur.</span> <span class='ocrx_word' id='word_1_676' title='bbox 3275 2086 3397 2141; x_wconf 87' lang='lat' dir='ltr'>Nisi</span> <span class='ocrx_word' id='word_1_677' title='bbox 3423 2087 3569 2159; x_wconf 88' lang='lat' dir='ltr'>quid</span> <span class='ocrx_word' id='word_1_678' title='bbox 3595 2088 3783 2144; x_wconf 84' lang='lat' dir='ltr'>habes</span> <span class='ocrx_word' id='word_1_679' title='bbox 3824 2091 3926 2146; x_wconf 88' lang='lat' dir='ltr'>ad-</span> 
     </span>
    </p>
   </div>
   <div class='ocr_carea' id='block_1_83' title="bbox 2206 2175 3928 2247">
    <p class='ocr_par' dir='ltr' id='par_1_83' title="bbox 2206 2175 3928 2247">
     <span class='ocr_line' id='line_1_83' title="bbox 2206 2175 3928 2247; baseline 0.003 -18"><span class='ocrx_word' id='word_1_680' title='bbox 2206 2191 2434 2230; x_wconf 90' lang='lat' dir='ltr'>versum</span> <span class='ocrx_word' id='word_1_681' title='bbox 2461 2175 2569 2230; x_wconf 88' lang='lat' dir='ltr'>ista</span> <span class='ocrx_word' id='word_1_682' title='bbox 2598 2175 2751 2247; x_wconf 92' lang='lat' dir='ltr'>quod</span> <span class='ocrx_word' id='word_1_683' title='bbox 2782 2175 3041 2231; x_wconf 89' lang='lat' dir='ltr'>disseras.</span> <span class='ocrx_word' id='word_1_684' title='bbox 3079 2177 3155 2232; x_wconf 90' lang='lat' dir='ltr'>D.</span> <span class='ocrx_word' id='word_1_685' title='bbox 3189 2177 3307 2247; x_wconf 85' lang='lat' dir='ltr'>Ego</span> <span class='ocrx_word' id='word_1_686' title='bbox 3335 2192 3471 2230; x_wconf 91' lang='lat' dir='ltr'>vero</span> <span class='ocrx_word' id='word_1_687' title='bbox 3506 2176 3676 2246; x_wconf 90' lang='lat' dir='ltr'>nihil,</span> <span class='ocrx_word' id='word_1_688' title='bbox 3711 2182 3772 2233; x_wconf 91' lang='lat' dir='ltr'>et</span> <span class='ocrx_word' id='word_1_689' title='bbox 3802 2179 3928 2236; x_wconf 90' lang='lat' dir='ltr'>sine</span> 
     </span>
    </p>
   </div>
   <div class='ocr_carea' id='block_1_84' title="bbox 2207 2263 3928 2339">
    <p class='ocr_par' dir='ltr' id='par_1_84' title="bbox 2207 2263 3928 2339">
     <span class='ocr_line' id='line_1_84' title="bbox 2207 2263 3928 2339; baseline 0.003 -21"><span class='ocrx_word' id='word_1_690' title='bbox 2207 2263 2582 2319; x_wconf 90' lang='lat' dir='ltr'>admiratione</span> <span class='ocrx_word' id='word_1_691' title='bbox 2611 2263 2718 2319; x_wconf 90' lang='lat' dir='ltr'>ista</span> <span class='ocrx_word' id='word_1_692' title='bbox 2740 2281 2854 2318; x_wconf 94' lang='lat' dir='ltr'>non</span> <span class='ocrx_word' id='word_1_693' title='bbox 2880 2264 3093 2336; x_wconf 87' lang='lat' dir='ltr'>cogito;</span> <span class='ocrx_word' id='word_1_694' title='bbox 3120 2263 3382 2336; x_wconf 87' lang='lat' dir='ltr'>quamvis</span> <span class='ocrx_word' id='word_1_695' title='bbox 3409 2280 3498 2333; x_wconf 91' lang='lat' dir='ltr'>ea,</span> <span class='ocrx_word' id='word_1_696' title='bbox 3525 2264 3928 2339; x_wconf 85' lang='lat' dir='ltr'>interrogatus</span> 
     </span>
    </p>
   </div>
   <div class='ocr_carea' id='block_1_85' title="bbox 2206 2351 2967 2424">
    <p class='ocr_par' dir='ltr' id='par_1_85' title="bbox 2206 2351 2967 2424">
     <span class='ocr_line' id='line_1_85' title="bbox 2206 2351 2967 2424; baseline 0.001 -18"><span class='ocrx_word' id='word_1_697' title='bbox 2206 2352 2305 2406; x_wconf 85' lang='lat' dir='ltr'>abs</span> <span class='ocrx_word' id='word_1_698' title='bbox 2335 2356 2410 2419; x_wconf 92' lang='lat' dir='ltr'>te,</span> <span class='ocrx_word' id='word_1_699' title='bbox 2441 2351 2564 2424; x_wconf 91' lang='lat' dir='ltr'>ipse</span> <span class='ocrx_word' id='word_1_700' title='bbox 2595 2351 2967 2424; x_wconf 87' lang='lat' dir='ltr'>repondeam.</span> 
     </span>
    </p>
   </div>
   <div class='ocr_carea' id='block_1_86' title="bbox 2275 2440 3926 2513">
    <p class='ocr_par' dir='ltr' id='par_1_86' title="bbox 2275 2440 3926 2513">
     <span class='ocr_line' id='line_1_86' title="bbox 2275 2440 3926 2513; baseline 0.004 -20"><span class='ocrx_word' id='word_1_701' title='bbox 2275 2443 2364 2494; x_wconf 77' lang='lat'>2&#39;2.</span> <span class='ocrx_word' id='word_1_702' title='bbox 2401 2441 2476 2496; x_wconf 86' lang='grc' dir='ltr'>Μ.</span> <span class='ocrx_word' id='word_1_703' title='bbox 2506 2440 2783 2495; x_wconf 89' lang='lat' dir='ltr'>Subtilius</span> <span class='ocrx_word' id='word_1_704' title='bbox 2813 2441 2922 2495; x_wconf 90' lang='lat' dir='ltr'>ista</span> <span class='ocrx_word' id='word_1_705' title='bbox 2951 2444 3476 2513; x_wconf 58' lang='lat' dir='ltr'>quaerunturatque</span> <span class='ocrx_word' id='word_1_706' title='bbox 3508 2443 3840 2500; x_wconf 89' lang='lat' dir='ltr'>abstrusius</span> <span class='ocrx_word' id='word_1_707' title='bbox 3861 2444 3926 2500; x_wconf 92' lang='lat' dir='ltr'>in</span> 
     </span>
    </p>
   </div>
   <div class='ocr_carea' id='block_1_87' title="bbox 2206 2528 3925 2600">
    <p class='ocr_par' dir='ltr' id='par_1_87' title="bbox 2206 2528 3925 2600">
     <span class='ocr_line' id='line_1_87' title="bbox 2206 2528 3925 2600; baseline 0.003 -18"><span class='ocrx_word' id='word_1_708' title='bbox 2206 2545 2274 2583; x_wconf 92' lang='lat' dir='ltr'>ea</span> <span class='ocrx_word' id='word_1_709' title='bbox 2299 2528 2598 2599; x_wconf 89' lang='lat' dir='ltr'>disciplina</span> <span class='ocrx_word' id='word_1_710' title='bbox 2626 2545 2754 2600; x_wconf 76' lang='lat' dir='ltr'>quae</span> <span class='ocrx_word' id='word_1_711' title='bbox 2780 2533 2865 2584; x_wconf 92' lang='lat' dir='ltr'>est</span> <span class='ocrx_word' id='word_1_712' title='bbox 2899 2529 2968 2585; x_wconf 90' lang='lat' dir='ltr'>de</span> <span class='ocrx_word' id='word_1_713' title='bbox 2999 2530 3290 2586; x_wconf 89' lang='lat' dir='ltr'>numeris:</span> <span class='ocrx_word' id='word_1_714' title='bbox 3325 2530 3420 2587; x_wconf 92' lang='lat' dir='ltr'>hic</span> <span class='ocrx_word' id='word_1_715' title='bbox 3467 2535 3664 2588; x_wconf 89' lang='lat' dir='ltr'>autem</span> <span class='ocrx_word' id='word_1_716' title='bbox 3706 2550 3818 2588; x_wconf 91' lang='lat' dir='ltr'>nos</span> <span class='ocrx_word' id='word_1_717' title='bbox 3851 2535 3925 2589; x_wconf 91' lang='lat' dir='ltr'>ad</span> 
     </span>
    </p>
   </div>
   <div class='ocr_carea' id='block_1_88' title="bbox 2205 2617 3918 2690">
    <p class='ocr_par' dir='ltr' id='par_1_88' title="bbox 2205 2617 3918 2690">
     <span class='ocr_line' id='line_1_88' title="bbox 2205 2617 3918 2690; baseline 0.005 -20"><span class='ocrx_word' id='word_1_718' title='bbox 2205 2617 2531 2672; x_wconf 86' lang='lat' dir='ltr'>institutum</span> <span class='ocrx_word' id='word_1_719' title='bbox 2561 2634 2706 2688; x_wconf 90' lang='lat' dir='ltr'>opus</span> <span class='ocrx_word' id='word_1_720' title='bbox 2737 2622 2951 2688; x_wconf 88' lang='lat' dir='ltr'>quanto</span> <span class='ocrx_word' id='word_1_721' title='bbox 2990 2619 3156 2674; x_wconf 89' lang='lat' dir='ltr'>citius</span> <span class='ocrx_word' id='word_1_722' title='bbox 3201 2636 3532 2690; x_wconf 90' lang='lat' dir='ltr'>possumus,</span> <span class='ocrx_word' id='word_1_723' title='bbox 3584 2621 3918 2679; x_wconf 91' lang='lat' dir='ltr'>redeamus.</span> 
     </span>
    </p>
   </div>
   <div class='ocr_carea' id='block_1_89' title="bbox 2203 2705 3922 2779">
    <p class='ocr_par' dir='ltr' id='par_1_89' title="bbox 2203 2705 3922 2779">
     <span class='ocr_line' id='line_1_89' title="bbox 2203 2705 3922 2779; baseline 0.005 -20"><span class='ocrx_word' id='word_1_724' title='bbox 2203 2705 2474 2770; x_wconf 87' lang='lat' dir='ltr'>Quocirca</span> <span class='ocrx_word' id='word_1_725' title='bbox 2505 2723 2722 2777; x_wconf 66' lang='lat' dir='ltr'>quazro,</span> <span class='ocrx_word' id='word_1_726' title='bbox 2739 2707 2839 2761; x_wconf 91' lang='lat' dir='ltr'>uni</span> <span class='ocrx_word' id='word_1_727' title='bbox 2861 2707 2973 2762; x_wconf 94' lang='lat' dir='ltr'>duo</span> <span class='ocrx_word' id='word_1_728' title='bbox 2991 2707 3186 2778; x_wconf 89' lang='lat' dir='ltr'>juncta</span> <span class='ocrx_word' id='word_1_729' title='bbox 3208 2708 3348 2779; x_wconf 90' lang='lat' dir='ltr'>quid</span> <span class='ocrx_word' id='word_1_730' title='bbox 3368 2709 3638 2766; x_wconf 86' lang='lat' dir='ltr'>faciunt?</span> <span class='ocrx_word' id='word_1_731' title='bbox 3662 2711 3739 2766; x_wconf 79' lang='lat' dir='ltr'>D‘.</span> <span class='ocrx_word' id='word_1_732' title='bbox 3764 2712 3922 2768; x_wconf 92' lang='lat' dir='ltr'>Tria.</span> 
     </span>
    </p>
   </div>
   <div class='ocr_carea' id='block_1_90' title="bbox 2201 2794 3923 2867">
    <p class='ocr_par' dir='ltr' id='par_1_90' title="bbox 2201 2794 3923 2867">
     <span class='ocr_line' id='line_1_90' title="bbox 2201 2794 3923 2867; baseline 0.004 -18"><span class='ocrx_word' id='word_1_733' title='bbox 2201 2796 2278 2849; x_wconf 87' lang='lat' dir='ltr'>M.</span> <span class='ocrx_word' id='word_1_734' title='bbox 2311 2795 2454 2864; x_wconf 86' lang='lat' dir='ltr'>Ergo</span> <span class='ocrx_word' id='word_1_735' title='bbox 2485 2794 2607 2848; x_wconf 76' lang='lat' dir='ltr'>haec</span> <span class='ocrx_word' id='word_1_736' title='bbox 2655 2795 2767 2850; x_wconf 92' lang='lat' dir='ltr'>duo</span> <span class='ocrx_word' id='word_1_737' title='bbox 2813 2795 3098 2867; x_wconf 90' lang='lat' dir='ltr'>principia</span> <span class='ocrx_word' id='word_1_738' title='bbox 3150 2813 3532 2853; x_wconf 88' lang='lat' dir='ltr'>numerorum</span> <span class='ocrx_word' id='word_1_739' title='bbox 3563 2799 3804 2855; x_wconf 89' lang='lat' dir='ltr'>sibimet</span> <span class='ocrx_word' id='word_1_740' title='bbox 3830 2817 3923 2856; x_wconf 73' lang='grc' dir='ltr'>,αο-</span> 
     </span>
    </p>
   </div>
   <div class='ocr_carea' id='block_1_91' title="bbox 2202 2883 3919 2958">
    <p class='ocr_par' dir='ltr' id='par_1_91' title="bbox 2202 2883 3919 2958">
     <span class='ocr_line' id='line_1_91' title="bbox 2202 2883 3919 2958; baseline 0.005 -22"><span class='ocrx_word' id='word_1_741' title='bbox 2202 2883 2417 2953; x_wconf 88' lang='lat' dir='ltr'>pulata,</span> <span class='ocrx_word' id='word_1_742' title='bbox 2472 2886 2654 2938; x_wconf 91' lang='lat' dir='ltr'>totum</span> <span class='ocrx_word' id='word_1_743' title='bbox 2712 2900 3020 2939; x_wconf 88' lang='lat' dir='ltr'>numerum</span> <span class='ocrx_word' id='word_1_744' title='bbox 3075 2885 3290 2940; x_wconf 84' lang='lat' dir='ltr'>faciunt</span> <span class='ocrx_word' id='word_1_745' title='bbox 3340 2891 3515 2958; x_wconf 91' lang='lat' dir='ltr'>atque</span> <span class='ocrx_word' id='word_1_746' title='bbox 3563 2887 3919 2958; x_wconf 80' lang='lat' dir='ltr'>perfectum.</span> 
     </span>
    </p>
   </div>
   <div class='ocr_carea' id='block_1_92' title="bbox 2203 2971 3923 3046">
    <p class='ocr_par' dir='ltr' id='par_1_92' title="bbox 2203 2971 3923 3046">
     <span class='ocr_line' id='line_1_92' title="bbox 2203 2971 3923 3046; baseline 0.004 -20"><span class='ocrx_word' id='word_1_747' title='bbox 2203 2972 2278 3026; x_wconf 92' lang='lat' dir='ltr'>D.</span> <span class='ocrx_word' id='word_1_748' title='bbox 2311 2972 2394 3026; x_wconf 88' lang='lat' dir='ltr'>Ita</span> <span class='ocrx_word' id='word_1_749' title='bbox 2421 2976 2524 3026; x_wconf 88' lang='lat' dir='ltr'>est.</span> <span class='ocrx_word' id='word_1_750' title='bbox 2548 2974 2624 3028; x_wconf 88' lang='grc' dir='ltr'>Μ.</span> <span class='ocrx_word' id='word_1_751' title='bbox 2659 2972 2802 3037; x_wconf 90' lang='lat' dir='ltr'>Quid</span> <span class='ocrx_word' id='word_1_752' title='bbox 2825 2971 2853 3028; x_wconf 78' lang='lat'><strong>?</strong></span> <span class='ocrx_word' id='word_1_753' title='bbox 2875 2972 2937 3027; x_wconf 93' lang='lat' dir='ltr'>in</span> <span class='ocrx_word' id='word_1_754' title='bbox 2963 2975 3324 3030; x_wconf 89' lang='lat' dir='ltr'>numerando</span> <span class='ocrx_word' id='word_1_755' title='bbox 3343 2980 3473 3046; x_wconf 92' lang='lat' dir='ltr'>post</span> <span class='ocrx_word' id='word_1_756' title='bbox 3501 2993 3691 3032; x_wconf 89' lang='lat' dir='ltr'>unum</span> <span class='ocrx_word' id='word_1_757' title='bbox 3719 2981 3778 3032; x_wconf 90' lang='lat' dir='ltr'>et</span> <span class='ocrx_word' id='word_1_758' title='bbox 3804 2978 3923 3034; x_wconf 89' lang='lat' dir='ltr'>duo</span> 
     </span>
    </p>
   </div>
   <div class='ocr_carea' id='block_1_93' title="bbox 2205 3061 3919 3132">
    <p class='ocr_par' dir='ltr' id='par_1_93' title="bbox 2205 3061 3919 3132">
     <span class='ocr_line' id='line_1_93' title="bbox 2205 3061 3919 3132; baseline 0.006 -20"><span class='ocrx_word' id='word_1_759' title='bbox 2205 3075 2376 3130; x_wconf 90' lang='lat' dir='ltr'>quem</span> <span class='ocrx_word' id='word_1_760' title='bbox 2403 3076 2710 3115; x_wconf 89' lang='lat' dir='ltr'>numerum</span> <span class='ocrx_word' id='word_1_761' title='bbox 2750 3061 3066 3132; x_wconf 84' lang='lat' dir='ltr'>ponimus?</span> <span class='ocrx_word' id='word_1_762' title='bbox 3098 3063 3170 3117; x_wconf 89' lang='lat' dir='ltr'>D.</span> <span class='ocrx_word' id='word_1_763' title='bbox 3212 3063 3424 3119; x_wconf 86' lang='lat' dir='ltr'>Eadem</span> <span class='ocrx_word' id='word_1_764' title='bbox 3457 3064 3588 3121; x_wconf 89' lang='lat' dir='ltr'>tria.</span> <span class='ocrx_word' id='word_1_765' title='bbox 3641 3068 3716 3121; x_wconf 86' lang='lat' dir='ltr'>M.</span> <span class='ocrx_word' id='word_1_766' title='bbox 3752 3067 3919 3122; x_wconf 91' lang='lat' dir='ltr'>Idem</span> 
     </span>
    </p>
   </div>
   <div class='ocr_carea' id='block_1_94' title="bbox 2203 3148 3925 3225">
    <p class='ocr_par' dir='ltr' id='par_1_94' title="bbox 2203 3148 3925 3225">
     <span class='ocr_line' id='line_1_94' title="bbox 2203 3148 3925 3225; baseline 0.005 -23"><span class='ocrx_word' id='word_1_767' title='bbox 2203 3148 2382 3219; x_wconf 87' lang='lat' dir='ltr'>igitur</span> <span class='ocrx_word' id='word_1_768' title='bbox 2410 3165 2704 3214; x_wconf 89' lang='lat' dir='ltr'>numerus,</span> <span class='ocrx_word' id='word_1_769' title='bbox 2739 3149 2839 3220; x_wconf 88' lang='lat' dir='ltr'>qui</span> <span class='ocrx_word' id='word_1_770' title='bbox 2867 3150 2932 3204; x_wconf 87' lang='lat' dir='ltr'>ﬁt</span> <span class='ocrx_word' id='word_1_771' title='bbox 2959 3167 3026 3205; x_wconf 85' lang='lat' dir='ltr'>ex</span> <span class='ocrx_word' id='word_1_772' title='bbox 3054 3167 3170 3206; x_wconf 90' lang='lat' dir='ltr'>uno</span> <span class='ocrx_word' id='word_1_773' title='bbox 3203 3156 3259 3206; x_wconf 91' lang='lat' dir='ltr'>et</span> <span class='ocrx_word' id='word_1_774' title='bbox 3279 3152 3527 3222; x_wconf 90' lang='lat' dir='ltr'>duobus,</span> <span class='ocrx_word' id='word_1_775' title='bbox 3554 3157 3687 3225; x_wconf 90' lang='lat' dir='ltr'>post</span> <span class='ocrx_word' id='word_1_776' title='bbox 3715 3171 3925 3210; x_wconf 78' lang='lat' dir='ltr'>unim-</span> 
     </span>
    </p>
   </div>
   <div class='ocr_carea' id='block_1_95' title="bbox 2202 3237 3924 3316">
    <p class='ocr_par' dir='ltr' id='par_1_95' title="bbox 2202 3237 3924 3316">
     <span class='ocr_line' id='line_1_95' title="bbox 2202 3237 3924 3316; baseline 0.006 -26"><span class='ocrx_word' id='word_1_777' title='bbox 2202 3253 2314 3308; x_wconf 91' lang='lat' dir='ltr'>que</span> <span class='ocrx_word' id='word_1_778' title='bbox 2349 3237 2408 3292; x_wconf 93' lang='lat' dir='ltr'>in</span> <span class='ocrx_word' id='word_1_779' title='bbox 2438 3237 2635 3292; x_wconf 91' lang='lat' dir='ltr'>ordine</span> <span class='ocrx_word' id='word_1_780' title='bbox 2665 3239 2988 3306; x_wconf 81' lang='lat' dir='ltr'>collocatur,</span> <span class='ocrx_word' id='word_1_781' title='bbox 3019 3239 3098 3295; x_wconf 90' lang='lat' dir='ltr'>ita</span> <span class='ocrx_word' id='word_1_782' title='bbox 3119 3245 3185 3296; x_wconf 92' lang='lat' dir='ltr'>ut</span> <span class='ocrx_word' id='word_1_783' title='bbox 3214 3241 3407 3298; x_wconf 90' lang='lat' dir='ltr'>nullus</span> <span class='ocrx_word' id='word_1_784' title='bbox 3436 3242 3586 3298; x_wconf 91' lang='lat' dir='ltr'>alius</span> <span class='ocrx_word' id='word_1_785' title='bbox 3616 3243 3924 3316; x_wconf 87' lang='lat' dir='ltr'>interponi</span> 
     </span>
    </p>
   </div>
   <div class='ocr_carea' id='block_1_96' title="bbox 2203 3326 3920 3404">
    <p class='ocr_par' dir='ltr' id='par_1_96' title="bbox 2203 3326 3920 3404">
     <span class='ocr_line' id='line_1_96' title="bbox 2203 3326 3920 3404; baseline 0.005 -24"><span class='ocrx_word' id='word_1_786' title='bbox 2203 3331 2393 3398; x_wconf 89' lang='lat' dir='ltr'>queat.</span> <span class='ocrx_word' id='word_1_787' title='bbox 2429 3327 2501 3381; x_wconf 92' lang='lat' dir='ltr'>D.</span> <span class='ocrx_word' id='word_1_788' title='bbox 2535 3328 2618 3381; x_wconf 86' lang='lat' dir='ltr'>Ita</span> <span class='ocrx_word' id='word_1_789' title='bbox 2649 3326 2827 3382; x_wconf 92' lang='lat' dir='ltr'>video.</span> <span class='ocrx_word' id='word_1_790' title='bbox 2861 3330 2938 3384; x_wconf 87' lang='grc' dir='ltr'>Μ.</span> <span class='ocrx_word' id='word_1_791' title='bbox 2972 3329 3144 3400; x_wconf 86' lang='lat' dir='ltr'>Atqui</span> <span class='ocrx_word' id='word_1_792' title='bbox 3175 3333 3232 3384; x_wconf 91' lang='lat' dir='ltr'><strong>et</strong></span> <span class='ocrx_word' id='word_1_793' title='bbox 3259 3330 3400 3385; x_wconf 90' lang='lat' dir='ltr'>illud</span> <span class='ocrx_word' id='word_1_794' title='bbox 3433 3331 3628 3386; x_wconf 88' lang='lat' dir='ltr'>videas</span> <span class='ocrx_word' id='word_1_795' title='bbox 3655 3338 3920 3404; x_wconf 90' lang='lat' dir='ltr'>oportet,</span> 
     </span>
    </p>
   </div>
   <div class='ocr_carea' id='block_1_97' title="bbox 2201 3414 3926 3493">
    <p class='ocr_par' dir='ltr' id='par_1_97' title="bbox 2201 3414 3926 3493">
     <span class='ocr_line' id='line_1_97' title="bbox 2201 3414 3926 3493; baseline 0.005 -24"><span class='ocrx_word' id='word_1_796' title='bbox 2201 3414 2261 3469; x_wconf 91' lang='lat' dir='ltr'>in</span> <span class='ocrx_word' id='word_1_797' title='bbox 2279 3414 2452 3470; x_wconf 86' lang='lat' dir='ltr'>nullis</span> <span class='ocrx_word' id='word_1_798' title='bbox 2481 3415 2716 3486; x_wconf 86' lang='lat' dir='ltr'>reliquis</span> <span class='ocrx_word' id='word_1_799' title='bbox 2733 3417 2986 3471; x_wconf 89' lang='lat' dir='ltr'>numeris</span> <span class='ocrx_word' id='word_1_800' title='bbox 3015 3417 3073 3472; x_wconf 92' lang='lat' dir='ltr'>id</span> <span class='ocrx_word' id='word_1_801' title='bbox 3096 3435 3261 3489; x_wconf 88' lang='lat' dir='ltr'>posse</span> <span class='ocrx_word' id='word_1_802' title='bbox 3290 3420 3650 3493; x_wconf 89' lang='lat' dir='ltr'>contingere,</span> <span class='ocrx_word' id='word_1_803' title='bbox 3688 3427 3751 3476; x_wconf 90' lang='lat' dir='ltr'>ut</span> <span class='ocrx_word' id='word_1_804' title='bbox 3783 3439 3926 3478; x_wconf 89' lang='lat' dir='ltr'>cum</span> 
     </span>
    </p>
   </div>
   <div class='ocr_carea' id='block_1_98' title="bbox 2202 3503 3924 3582">
    <p class='ocr_par' dir='ltr' id='par_1_98' title="bbox 2202 3503 3924 3582">
     <span class='ocr_line' id='line_1_98' title="bbox 2202 3503 3924 3582; baseline 0.006 -26"><span class='ocrx_word' id='word_1_805' title='bbox 2202 3503 2344 3557; x_wconf 91' lang='lat' dir='ltr'>duos</span> <span class='ocrx_word' id='word_1_806' title='bbox 2374 3503 2658 3574; x_wconf 90' lang='lat' dir='ltr'>quoslibet</span> <span class='ocrx_word' id='word_1_807' title='bbox 2686 3504 2913 3562; x_wconf 89' lang='lat' dir='ltr'>sibimet</span> <span class='ocrx_word' id='word_1_808' title='bbox 2928 3505 2990 3560; x_wconf 91' lang='lat' dir='ltr'>in</span> <span class='ocrx_word' id='word_1_809' title='bbox 3017 3507 3361 3563; x_wconf 89' lang='lat' dir='ltr'>numerandi</span> <span class='ocrx_word' id='word_1_810' title='bbox 3389 3508 3596 3564; x_wconf 91' lang='lat' dir='ltr'>ordine</span> <span class='ocrx_word' id='word_1_811' title='bbox 3614 3511 3924 3582; x_wconf 88' lang='lat' dir='ltr'>copulatos</span> 
     </span>
    </p>
   </div>
   <div class='ocr_carea' id='block_1_99' title="bbox 2202 3591 3924 3667">
    <p class='ocr_par' dir='ltr' id='par_1_99' title="bbox 2202 3591 3924 3667">
     <span class='ocr_line' id='line_1_99' title="bbox 2202 3591 3924 3667; baseline 0.006 -22"><span class='ocrx_word' id='word_1_812' title='bbox 2202 3591 2505 3659; x_wconf 89' lang='lat' dir='ltr'>notaveris,</span> <span class='ocrx_word' id='word_1_813' title='bbox 2540 3597 2924 3665; x_wconf 89' lang='lat' dir='ltr'>consequatur</span> <span class='ocrx_word' id='word_1_814' title='bbox 2955 3609 3052 3648; x_wconf 91' lang='lat' dir='ltr'>eos</span> <span class='ocrx_word' id='word_1_815' title='bbox 3079 3594 3176 3648; x_wconf 90' lang='lat' dir='ltr'>ille</span> <span class='ocrx_word' id='word_1_816' title='bbox 3211 3596 3310 3667; x_wconf 93' lang='lat' dir='ltr'>qui</span> <span class='ocrx_word' id='word_1_817' title='bbox 3352 3612 3419 3651; x_wconf 86' lang='lat' dir='ltr'>ex</span> <span class='ocrx_word' id='word_1_818' title='bbox 3448 3597 3734 3653; x_wconf 89' lang='lat' dir='ltr'>ambobus</span> <span class='ocrx_word' id='word_1_819' title='bbox 3782 3616 3924 3655; x_wconf 87' lang='lat' dir='ltr'>con-</span> 
     </span>
    </p>
   </div>
   <div class='ocr_carea' id='block_1_100' title="bbox 2199 3679 3923 3755">
    <p class='ocr_par' dir='ltr' id='par_1_100' title="bbox 2199 3679 3923 3755">
     <span class='ocr_line' id='line_1_100' title="bbox 2199 3679 3923 3755; baseline 0.006 -22"><span class='ocrx_word' id='word_1_820' title='bbox 2199 3679 2388 3734; x_wconf 90' lang='lat' dir='ltr'>ﬁcitur</span> <span class='ocrx_word' id='word_1_821' title='bbox 2415 3681 2573 3734; x_wconf 90' lang='lat' dir='ltr'>nullo</span> <span class='ocrx_word' id='word_1_822' title='bbox 2614 3680 2969 3752; x_wconf 83' lang='lat' dir='ltr'>interposito.</span> <span class='ocrx_word' id='word_1_823' title='bbox 3002 3682 3083 3739; x_wconf 91' lang='lat' dir='ltr'>D.</span> <span class='ocrx_word' id='word_1_824' title='bbox 3139 3683 3203 3738; x_wconf 93' lang='lat' dir='ltr'>Id</span> <span class='ocrx_word' id='word_1_825' title='bbox 3233 3698 3460 3755; x_wconf 89' lang='lat' dir='ltr'>quoque</span> <span class='ocrx_word' id='word_1_826' title='bbox 3510 3685 3716 3742; x_wconf 89' lang='lat' dir='ltr'>video:</span> <span class='ocrx_word' id='word_1_827' title='bbox 3775 3704 3923 3744; x_wconf 90' lang='lat' dir='ltr'>nam</span> 
     </span>
    </p>
   </div>
   <div class='ocr_carea' id='block_1_101' title="bbox 2200 3767 3925 3843">
    <p class='ocr_par' dir='ltr' id='par_1_101' title="bbox 2200 3767 3925 3843">
     <span class='ocr_line' id='line_1_101' title="bbox 2200 3767 3925 3843; baseline 0.005 -20"><span class='ocrx_word' id='word_1_828' title='bbox 2200 3768 2313 3823; x_wconf 88' lang='lat' dir='ltr'>duo</span> <span class='ocrx_word' id='word_1_829' title='bbox 2345 3771 2401 3823; x_wconf 90' lang='lat' dir='ltr'>et</span> <span class='ocrx_word' id='word_1_830' title='bbox 2428 3767 2554 3836; x_wconf 89' lang='lat' dir='ltr'>tria,</span> <span class='ocrx_word' id='word_1_831' title='bbox 2587 3769 2687 3840; x_wconf 91' lang='lat' dir='ltr'>qui</span> <span class='ocrx_word' id='word_1_832' title='bbox 2717 3770 2827 3824; x_wconf 91' lang='lat' dir='ltr'>sibi</span> <span class='ocrx_word' id='word_1_833' title='bbox 2854 3770 3081 3826; x_wconf 90' lang='lat' dir='ltr'>numeri</span> <span class='ocrx_word' id='word_1_834' title='bbox 3113 3773 3364 3843; x_wconf 90' lang='lat' dir='ltr'>copulati</span> <span class='ocrx_word' id='word_1_835' title='bbox 3392 3777 3546 3842; x_wconf 90' lang='lat' dir='ltr'>sunt,</span> <span class='ocrx_word' id='word_1_836' title='bbox 3579 3774 3641 3828; x_wconf 95' lang='lat' dir='ltr'>in</span> <span class='ocrx_word' id='word_1_837' title='bbox 3683 3792 3925 3832; x_wconf 87' lang='lat' dir='ltr'>summa</span> 
     </span>
    </p>
   </div>
   <div class='ocr_carea' id='block_1_102' title="bbox 2200 3857 3923 3932">
    <p class='ocr_par' dir='ltr' id='par_1_102' title="bbox 2200 3857 3923 3932">
     <span class='ocr_line' id='line_1_102' title="bbox 2200 3857 3923 3932; baseline 0.005 -20"><span class='ocrx_word' id='word_1_838' title='bbox 2200 3857 2454 3928; x_wconf 90' lang='lat' dir='ltr'>quinque</span> <span class='ocrx_word' id='word_1_839' title='bbox 2484 3857 2693 3912; x_wconf 89' lang='lat' dir='ltr'>faciut:</span> <span class='ocrx_word' id='word_1_840' title='bbox 2729 3875 2845 3913; x_wconf 90' lang='lat' dir='ltr'>non</span> <span class='ocrx_word' id='word_1_841' title='bbox 2874 3863 3065 3914; x_wconf 89' lang='lat' dir='ltr'>autem</span> <span class='ocrx_word' id='word_1_842' title='bbox 3096 3860 3355 3932; x_wconf 91' lang='lat' dir='ltr'>quinque</span> <span class='ocrx_word' id='word_1_843' title='bbox 3403 3861 3791 3919; x_wconf 91' lang='lat' dir='ltr'>continuatim</span> <span class='ocrx_word' id='word_1_844' title='bbox 3836 3883 3923 3921; x_wconf 79' lang='lat' dir='ltr'>se-</span> 
     </span>
    </p>
   </div>
   <div class='ocr_carea' id='block_1_103' title="bbox 2200 3947 3922 4024">
    <p class='ocr_par' dir='ltr' id='par_1_103' title="bbox 2200 3947 3922 4024">
     <span class='ocr_line' id='line_1_103' title="bbox 2200 3947 3922 4024; baseline 0.006 -25"><span class='ocrx_word' id='word_1_845' title='bbox 2200 3951 2477 4018; x_wconf 91' lang='lat' dir='ltr'>quuntur,</span> <span class='ocrx_word' id='word_1_846' title='bbox 2499 3947 2595 4001; x_wconf 92' lang='lat' dir='ltr'>sed</span> <span class='ocrx_word' id='word_1_847' title='bbox 2617 3951 2877 4018; x_wconf 90' lang='lat' dir='ltr'>quatuor.</span> <span class='ocrx_word' id='word_1_848' title='bbox 2913 3949 3131 4004; x_wconf 89' lang='lat' dir='ltr'>Rursus</span> <span class='ocrx_word' id='word_1_849' title='bbox 3170 3950 3281 4004; x_wconf 90' lang='lat' dir='ltr'>tria</span> <span class='ocrx_word' id='word_1_850' title='bbox 3307 3955 3363 4006; x_wconf 92' lang='lat' dir='ltr'><strong>et</strong></span> <span class='ocrx_word' id='word_1_851' title='bbox 3391 3955 3644 4022; x_wconf 89' lang='lat' dir='ltr'>quatuor</span> <span class='ocrx_word' id='word_1_852' title='bbox 3685 3959 3922 4024; x_wconf 89' lang='lat' dir='ltr'>septem</span> 
     </span>
    </p>
   </div>
   <div class='ocr_carea' id='block_1_104' title="bbox 2201 4034 3922 4116">
    <p class='ocr_par' dir='ltr' id='par_1_104' title="bbox 2201 4034 3922 4116">
     <span class='ocr_line' id='line_1_104' title="bbox 2201 4034 3922 4116; baseline 0.006 -27"><span class='ocrx_word' id='word_1_853' title='bbox 2201 4034 2546 4090; x_wconf 90' lang='lat' dir='ltr'>conﬁciunt:</span> <span class='ocrx_word' id='word_1_854' title='bbox 2578 4035 2728 4090; x_wconf 90' lang='lat' dir='ltr'>inter</span> <span class='ocrx_word' id='word_1_855' title='bbox 2759 4042 3008 4108; x_wconf 88' lang='lat' dir='ltr'>quatuor</span> <span class='ocrx_word' id='word_1_856' title='bbox 3053 4042 3246 4093; x_wconf 91' lang='lat' dir='ltr'>autem</span> <span class='ocrx_word' id='word_1_857' title='bbox 3277 4056 3342 4094; x_wconf 91' lang='lat' dir='ltr'>ac</span> <span class='ocrx_word' id='word_1_858' title='bbox 3372 4046 3616 4112; x_wconf 89' lang='lat' dir='ltr'>septem,</span> <span class='ocrx_word' id='word_1_859' title='bbox 3647 4042 3922 4116; x_wconf 91' lang='lat' dir='ltr'>quinque</span> 
     </span>
    </p>
   </div>
   <div class='ocr_carea' id='block_1_105' title="bbox 2201 4125 3918 4200">
    <p class='ocr_par' dir='ltr' id='par_1_105' title="bbox 2201 4125 3918 4200">
     <span class='ocr_line' id='line_1_105' title="bbox 2201 4125 3918 4200; baseline 0.005 -22"><span class='ocrx_word' id='word_1_860' title='bbox 2201 4128 2372 4195; x_wconf 91' lang='lat' dir='ltr'>atque</span> <span class='ocrx_word' id='word_1_861' title='bbox 2402 4141 2496 4179; x_wconf 86' lang='lat' dir='ltr'>sex</span> <span class='ocrx_word' id='word_1_862' title='bbox 2525 4125 2772 4180; x_wconf 89' lang='lat' dir='ltr'>ordinati</span> <span class='ocrx_word' id='word_1_863' title='bbox 2799 4129 2948 4180; x_wconf 90' lang='lat' dir='ltr'>sunt.</span> <span class='ocrx_word' id='word_1_864' title='bbox 2992 4128 3057 4181; x_wconf 89' lang='lat' dir='ltr'>Et</span> <span class='ocrx_word' id='word_1_865' title='bbox 3085 4131 3298 4198; x_wconf 90' lang='lat' dir='ltr'>quanto</span> <span class='ocrx_word' id='word_1_866' title='bbox 3329 4130 3606 4200; x_wconf 87' lang='lat' dir='ltr'>progredi</span> <span class='ocrx_word' id='word_1_867' title='bbox 3641 4131 3918 4200; x_wconf 89' lang='lat' dir='ltr'>voluero,</span> 
     </span>
    </p>
   </div>
   <div class='ocr_carea' id='block_1_106' title="bbox 2198 4213 3922 4290">
    <p class='ocr_par' dir='ltr' id='par_1_106' title="bbox 2198 4213 3922 4290">
     <span class='ocr_line' id='line_1_106' title="bbox 2198 4213 3922 4290; baseline 0.006 -25"><span class='ocrx_word' id='word_1_868' title='bbox 2198 4216 2356 4267; x_wconf 90' lang='lat' dir='ltr'>tanto</span> <span class='ocrx_word' id='word_1_869' title='bbox 2379 4213 2572 4284; x_wconf 90' lang='lat' dir='ltr'>plures</span> <span class='ocrx_word' id='word_1_870' title='bbox 2609 4213 3072 4284; x_wconf 90' lang='lat' dir='ltr'>interponuntur.</span> <span class='ocrx_word' id='word_1_871' title='bbox 3105 4217 3180 4270; x_wconf 84' lang='grc' dir='ltr'>Μ.</span> <span class='ocrx_word' id='word_1_872' title='bbox 3218 4216 3422 4287; x_wconf 85' lang='lat' dir='ltr'>Magna</span> <span class='ocrx_word' id='word_1_873' title='bbox 3451 4217 3575 4272; x_wconf 74' lang='lat' dir='ltr'>haec</span> <span class='ocrx_word' id='word_1_874' title='bbox 3603 4233 3746 4290; x_wconf 86' lang='lat' dir='ltr'>ergo</span> <span class='ocrx_word' id='word_1_875' title='bbox 3775 4235 3922 4275; x_wconf 87' lang='lat' dir='ltr'>con-</span> 
     </span>
    </p>
   </div>
   <div class='ocr_carea' id='block_1_107' title="bbox 2198 4300 3925 4372">
    <p class='ocr_par' dir='ltr' id='par_1_107' title="bbox 2198 4300 3925 4372">
     <span class='ocr_line' id='line_1_107' title="bbox 2198 4300 3925 4372; baseline 0.006 -18"><span class='ocrx_word' id='word_1_876' title='bbox 2198 4300 2391 4355; x_wconf 91' lang='lat' dir='ltr'>cordia</span> <span class='ocrx_word' id='word_1_877' title='bbox 2421 4306 2506 4355; x_wconf 91' lang='lat' dir='ltr'>est</span> <span class='ocrx_word' id='word_1_878' title='bbox 2532 4301 2594 4355; x_wconf 92' lang='lat' dir='ltr'>in</span> <span class='ocrx_word' id='word_1_879' title='bbox 2617 4300 2905 4372; x_wconf 90' lang='lat' dir='ltr'>prioribus</span> <span class='ocrx_word' id='word_1_880' title='bbox 2934 4303 3118 4358; x_wconf 89' lang='lat' dir='ltr'>tribus</span> <span class='ocrx_word' id='word_1_881' title='bbox 3139 4304 3392 4358; x_wconf 92' lang='lat' dir='ltr'>numeris</span> <span class='ocrx_word' id='word_1_882' title='bbox 3417 4321 3431 4360; x_wconf 91' lang='lat'>:</span> <span class='ocrx_word' id='word_1_883' title='bbox 3455 4321 3639 4360; x_wconf 90' lang='lat' dir='ltr'>unum</span> <span class='ocrx_word' id='word_1_884' title='bbox 3661 4307 3829 4363; x_wconf 90' lang='lat' dir='ltr'>enim</span> <span class='ocrx_word' id='word_1_885' title='bbox 3861 4314 3925 4365; x_wconf 91' lang='lat' dir='ltr'>et</span> 
     </span>
    </p>
   </div>
   <div class='ocr_carea' id='block_1_108' title="bbox 2198 4389 3918 4467">
    <p class='ocr_par' dir='ltr' id='par_1_108' title="bbox 2198 4389 3918 4467">
     <span class='ocr_line' id='line_1_108' title="bbox 2198 4389 3918 4467; baseline 0.005 -23"><span class='ocrx_word' id='word_1_886' title='bbox 2198 4389 2311 4444; x_wconf 89' lang='lat' dir='ltr'>duo</span> <span class='ocrx_word' id='word_1_887' title='bbox 2342 4392 2399 4444; x_wconf 90' lang='lat' dir='ltr'>et</span> <span class='ocrx_word' id='word_1_888' title='bbox 2426 4389 2536 4444; x_wconf 91' lang='lat' dir='ltr'>tria</span> <span class='ocrx_word' id='word_1_889' title='bbox 2577 4389 2838 4458; x_wconf 91' lang='lat' dir='ltr'>dicimus,</span> <span class='ocrx_word' id='word_1_890' title='bbox 2871 4389 3080 4461; x_wconf 93' lang='lat' dir='ltr'>quibus</span> <span class='ocrx_word' id='word_1_891' title='bbox 3135 4391 3279 4446; x_wconf 92' lang='lat' dir='ltr'>nihil</span> <span class='ocrx_word' id='word_1_892' title='bbox 3335 4392 3630 4466; x_wconf 92' lang='lat' dir='ltr'>interponi</span> <span class='ocrx_word' id='word_1_893' title='bbox 3671 4399 3918 4467; x_wconf 88' lang='lat' dir='ltr'>potest:</span> 
     </span>
    </p>
   </div>
   <div class='ocr_carea' id='block_1_109' title="bbox 2199 4479 3913 4556">
    <p class='ocr_par' dir='ltr' id='par_1_109' title="bbox 2199 4479 3913 4556">
     <span class='ocr_line' id='line_1_109' title="bbox 2199 4479 3913 4556; baseline 0.006 -25"><span class='ocrx_word' id='word_1_894' title='bbox 2199 4494 2379 4533; x_wconf 91' lang='lat' dir='ltr'>unum</span> <span class='ocrx_word' id='word_1_895' title='bbox 2403 4482 2593 4532; x_wconf 90' lang='lat' dir='ltr'>autem</span> <span class='ocrx_word' id='word_1_896' title='bbox 2614 4483 2671 4534; x_wconf 90' lang='lat' dir='ltr'>et</span> <span class='ocrx_word' id='word_1_897' title='bbox 2699 4480 2830 4547; x_wconf 92' lang='lat' dir='ltr'>duo,</span> <span class='ocrx_word' id='word_1_898' title='bbox 2861 4479 3266 4551; x_wconf 84' lang='lat' dir='ltr'>ipsasunttria.</span> <span class='ocrx_word' id='word_1_899' title='bbox 3298 4483 3374 4537; x_wconf 92' lang='lat' dir='ltr'>D.</span> <span class='ocrx_word' id='word_1_900' title='bbox 3411 4483 3616 4556; x_wconf 85' lang='lat' dir='ltr'>Magna</span> <span class='ocrx_word' id='word_1_901' title='bbox 3635 4501 3913 4556; x_wconf 87' lang='lat' dir='ltr'>prorsus.</span> 
     </span>
    </p>
   </div>
   <div class='ocr_carea' id='block_1_110' title="bbox 2198 4566 3916 4645">
    <p class='ocr_par' dir='ltr' id='par_1_110' title="bbox 2198 4566 3916 4645">
     <span class='ocr_line' id='line_1_110' title="bbox 2198 4566 3916 4645; baseline 0.005 -23"><span class='ocrx_word' id='word_1_902' title='bbox 2198 4569 2273 4622; x_wconf 89' lang='lat' dir='ltr'>M.</span> <span class='ocrx_word' id='word_1_903' title='bbox 2306 4566 2452 4630; x_wconf 80' lang='lat' dir='ltr'>Quid</span> <span class='ocrx_word' id='word_1_904' title='bbox 2472 4566 2500 4620; x_wconf 81' lang='lat'><strong>?</strong></span> <span class='ocrx_word' id='word_1_905' title='bbox 2519 4566 2661 4621; x_wconf 89' lang='lat' dir='ltr'>illud</span> <span class='ocrx_word' id='word_1_906' title='bbox 2688 4567 2921 4623; x_wconf 89' lang='lat' dir='ltr'>nullane</span> <span class='ocrx_word' id='word_1_907' title='bbox 2943 4568 3396 4626; x_wconf 89' lang='lat' dir='ltr'>consideratione</span> <span class='ocrx_word' id='word_1_908' title='bbox 3428 4571 3673 4643; x_wconf 87' lang='lat' dir='ltr'>dignum</span> <span class='ocrx_word' id='word_1_909' title='bbox 3709 4579 3916 4645; x_wconf 89' lang='lat' dir='ltr'>putas,</span> 
     </span>
    </p>
   </div>
   <div class='ocr_carea' id='block_1_111' title="bbox 2200 4654 3921 4733">
    <p class='ocr_par' dir='ltr' id='par_1_111' title="bbox 2200 4654 3921 4733">
     <span class='ocr_line' id='line_1_111' title="bbox 2200 4654 3921 4733; baseline 0.005 -24"><span class='ocrx_word' id='word_1_910' title='bbox 2200 4655 2352 4726; x_wconf 88' lang='lat' dir='ltr'>quod</span> <span class='ocrx_word' id='word_1_911' title='bbox 2374 4654 2483 4709; x_wconf 91' lang='lat' dir='ltr'>ista</span> <span class='ocrx_word' id='word_1_912' title='bbox 2512 4655 2813 4710; x_wconf 91' lang='lat' dir='ltr'>concordia</span> <span class='ocrx_word' id='word_1_913' title='bbox 2841 4661 3057 4727; x_wconf 87' lang='lat' dir='ltr'>quanto</span> <span class='ocrx_word' id='word_1_914' title='bbox 3091 4661 3176 4712; x_wconf 90' lang='lat' dir='ltr'>est</span> <span class='ocrx_word' id='word_1_915' title='bbox 3203 4658 3412 4713; x_wconf 90' lang='lat' dir='ltr'>arctior</span> <span class='ocrx_word' id='word_1_916' title='bbox 3441 4664 3614 4731; x_wconf 92' lang='lat' dir='ltr'>atque</span> <span class='ocrx_word' id='word_1_917' title='bbox 3659 4662 3921 4733; x_wconf 89' lang='lat' dir='ltr'>conjun-</span> 
     </span>
    </p>
   </div>
   <div class='ocr_carea' id='block_1_112' title="bbox 2199 4743 3928 4820">
    <p class='ocr_par' dir='ltr' id='par_1_112' title="bbox 2199 4743 3928 4820">
     <span class='ocr_line' id='line_1_112' title="bbox 2199 4743 3928 4820; baseline 0.006 -22"><span class='ocrx_word' id='word_1_918' title='bbox 2199 4743 2362 4814; x_wconf 90' lang='lat' dir='ltr'>ctior,</span> <span class='ocrx_word' id='word_1_919' title='bbox 2405 4747 2564 4798; x_wconf 89' lang='lat' dir='ltr'>tanto</span> <span class='ocrx_word' id='word_1_920' title='bbox 2603 4744 2784 4816; x_wconf 89' lang='lat' dir='ltr'>magis</span> <span class='ocrx_word' id='word_1_921' title='bbox 2836 4744 2897 4798; x_wconf 92' lang='lat' dir='ltr'>in</span> <span class='ocrx_word' id='word_1_922' title='bbox 2939 4747 3217 4801; x_wconf 88' lang='lat' dir='ltr'>unitatem</span> <span class='ocrx_word' id='word_1_923' title='bbox 3256 4748 3570 4819; x_wconf 88' lang='lat' dir='ltr'>quamdam</span> <span class='ocrx_word' id='word_1_924' title='bbox 3610 4751 3831 4820; x_wconf 86' lang='lat' dir='ltr'>tendit,</span> <span class='ocrx_word' id='word_1_925' title='bbox 3866 4757 3928 4809; x_wconf 91' lang='lat' dir='ltr'>et</span> 
     </span>
    </p>
   </div>
   <div class='ocr_carea' id='block_1_113' title="bbox 2197 4833 3923 4905">
    <p class='ocr_par' dir='ltr' id='par_1_113' title="bbox 2197 4833 3923 4905">
     <span class='ocr_line' id='line_1_113' title="bbox 2197 4833 3923 4905; baseline 0.004 -17"><span class='ocrx_word' id='word_1_926' title='bbox 2197 4849 2381 4888; x_wconf 90' lang='lat' dir='ltr'>unum</span> <span class='ocrx_word' id='word_1_927' title='bbox 2412 4833 2686 4905; x_wconf 88' lang='lat' dir='ltr'>quiddam</span> <span class='ocrx_word' id='word_1_928' title='bbox 2718 4833 2788 4888; x_wconf 92' lang='lat' dir='ltr'>de</span> <span class='ocrx_word' id='word_1_929' title='bbox 2817 4833 3076 4905; x_wconf 92' lang='lat' dir='ltr'>pluribus</span> <span class='ocrx_word' id='word_1_930' title='bbox 3099 4835 3312 4890; x_wconf 79' lang='lat' dir='ltr'>efﬁcit?</span> <span class='ocrx_word' id='word_1_931' title='bbox 3341 4841 3411 4893; x_wconf 91' lang='lat' dir='ltr'>D.</span> <span class='ocrx_word' id='word_1_932' title='bbox 3463 4838 3586 4892; x_wconf 93' lang='lat' dir='ltr'>Imo</span> <span class='ocrx_word' id='word_1_933' title='bbox 3635 4841 3923 4905; x_wconf 76' lang='lat' dir='ltr'>maxima,</span> 
     </span>
    </p>
   </div>
   <div class='ocr_carea' id='block_1_114' title="bbox 2199 4921 3924 4999">
    <p class='ocr_par' dir='ltr' id='par_1_114' title="bbox 2199 4921 3924 4999">
     <span class='ocr_line' id='line_1_114' title="bbox 2199 4921 3924 4999; baseline 0.005 -24"><span class='ocrx_word' id='word_1_934' title='bbox 2199 4925 2256 4975; x_wconf 92' lang='lat' dir='ltr'>et</span> <span class='ocrx_word' id='word_1_935' title='bbox 2284 4921 2473 4976; x_wconf 90' lang='lat' dir='ltr'>nescio</span> <span class='ocrx_word' id='word_1_936' title='bbox 2504 4921 2817 4992; x_wconf 87' lang='lat' dir='ltr'>quomodo,</span> <span class='ocrx_word' id='word_1_937' title='bbox 2875 4926 2932 4975; x_wconf 91' lang='lat' dir='ltr'>et</span> <span class='ocrx_word' id='word_1_938' title='bbox 2982 4922 3182 4991; x_wconf 89' lang='lat' dir='ltr'>miror,</span> <span class='ocrx_word' id='word_1_939' title='bbox 3231 4927 3288 4979; x_wconf 92' lang='lat' dir='ltr'>et</span> <span class='ocrx_word' id='word_1_940' title='bbox 3334 4941 3466 4980; x_wconf 91' lang='lat' dir='ltr'>amo</span> <span class='ocrx_word' id='word_1_941' title='bbox 3523 4925 3699 4982; x_wconf 90' lang='lat' dir='ltr'>istam</span> <span class='ocrx_word' id='word_1_942' title='bbox 3733 4945 3924 4999; x_wconf 84' lang='lat' dir='ltr'>quam</span> 
     </span>
    </p>
   </div>
   <div class='ocr_carea' id='block_1_115' title="bbox 2197 5009 3922 5084">
    <p class='ocr_par' dir='ltr' id='par_1_115' title="bbox 2197 5009 3922 5084">
     <span class='ocr_line' id='line_1_115' title="bbox 2197 5009 3922 5084; baseline 0.005 -20"><span class='ocrx_word' id='word_1_943' title='bbox 2197 5009 2564 5064; x_wconf 89' lang='lat' dir='ltr'>commendas</span> <span class='ocrx_word' id='word_1_944' title='bbox 2603 5009 2904 5065; x_wconf 89' lang='lat' dir='ltr'>unitatem.</span> <span class='ocrx_word' id='word_1_945' title='bbox 2942 5013 3016 5066; x_wconf 87' lang='grc' dir='ltr'>Μ.</span> <span class='ocrx_word' id='word_1_946' title='bbox 3057 5012 3295 5067; x_wconf 84' lang='lat' dir='ltr'>Multum</span> <span class='ocrx_word' id='word_1_947' title='bbox 3336 5013 3560 5084; x_wconf 91' lang='lat' dir='ltr'>probo;</span> <span class='ocrx_word' id='word_1_948' title='bbox 3615 5015 3720 5072; x_wconf 91' lang='lat' dir='ltr'>sed</span> <span class='ocrx_word' id='word_1_949' title='bbox 3758 5023 3922 5073; x_wconf 88' lang='lat' dir='ltr'>certe</span> 
     </span>
    </p>
   </div>
   <div class='ocr_carea' id='block_1_116' title="bbox 2196 5097 3923 5172">
    <p class='ocr_par' dir='ltr' id='par_1_116' title="bbox 2196 5097 3923 5172">
     <span class='ocr_line' id='line_1_116' title="bbox 2196 5097 3923 5172; baseline 0.006 -20"><span class='ocrx_word' id='word_1_950' title='bbox 2196 5099 2466 5169; x_wconf 85' lang='lat' dir='ltr'>quaelibet</span> <span class='ocrx_word' id='word_1_951' title='bbox 2484 5114 2678 5152; x_wconf 90' lang='lat' dir='ltr'>rerum</span> <span class='ocrx_word' id='word_1_952' title='bbox 2709 5097 2991 5168; x_wconf 85' lang='lat' dir='ltr'>copulatio</span> <span class='ocrx_word' id='word_1_953' title='bbox 3015 5104 3186 5172; x_wconf 85' lang='lat' dir='ltr'>atque</span> <span class='ocrx_word' id='word_1_954' title='bbox 3213 5102 3494 5158; x_wconf 80' lang='lat' dir='ltr'>connexio</span> <span class='ocrx_word' id='word_1_955' title='bbox 3544 5107 3685 5159; x_wconf 90' lang='lat' dir='ltr'>tunc</span> <span class='ocrx_word' id='word_1_956' title='bbox 3727 5105 3923 5161; x_wconf 75' lang='lat' dir='ltr'>maxi-</span> 
     </span>
    </p>
   </div>
   <div class='ocr_carea' id='block_1_117' title="bbox 2196 5183 3915 5263">
    <p class='ocr_par' dir='ltr' id='par_1_117' title="bbox 2196 5183 3915 5263">
     <span class='ocr_line' id='line_1_117' title="bbox 2196 5183 3915 5263; baseline 0.005 -23"><span class='ocrx_word' id='word_1_957' title='bbox 2196 5201 2289 5241; x_wconf 91' lang='lat' dir='ltr'>me</span> <span class='ocrx_word' id='word_1_958' title='bbox 2317 5201 2499 5240; x_wconf 90' lang='lat' dir='ltr'>unum</span> <span class='ocrx_word' id='word_1_959' title='bbox 2531 5183 2801 5256; x_wconf 90' lang='lat' dir='ltr'>quiddam</span> <span class='ocrx_word' id='word_1_960' title='bbox 2825 5184 3015 5252; x_wconf 81' lang='lat' dir='ltr'>efﬁcit,</span> <span class='ocrx_word' id='word_1_961' title='bbox 3059 5204 3189 5242; x_wconf 90' lang='lat' dir='ltr'>cum</span> <span class='ocrx_word' id='word_1_962' title='bbox 3219 5193 3276 5244; x_wconf 90' lang='lat' dir='ltr'>et</span> <span class='ocrx_word' id='word_1_963' title='bbox 3302 5190 3493 5246; x_wconf 90' lang='lat' dir='ltr'>media</span> <span class='ocrx_word' id='word_1_964' title='bbox 3523 5193 3828 5263; x_wconf 84' lang='lat' dir='ltr'>extremis,</span> <span class='ocrx_word' id='word_1_965' title='bbox 3853 5198 3915 5251; x_wconf 91' lang='lat' dir='ltr'>et</span> 
     </span>
    </p>
   </div>
   <div class='ocr_carea' id='block_1_118' title="bbox 2195 5273 3733 5350">
    <p class='ocr_par' dir='ltr' id='par_1_118' title="bbox 2195 5273 3733 5350">
     <span class='ocr_line' id='line_1_118' title="bbox 2195 5273 3733 5350; baseline 0.005 -20"><span class='ocrx_word' id='word_1_966' title='bbox 2195 5273 2400 5330; x_wconf 91' lang='lat' dir='ltr'>mediis</span> <span class='ocrx_word' id='word_1_967' title='bbox 2420 5278 2674 5328; x_wconf 84' lang='lat' dir='ltr'>extrema</span> <span class='ocrx_word' id='word_1_968' title='bbox 2699 5275 3079 5330; x_wconf 90' lang='lat' dir='ltr'>consentiunt.</span> <span class='ocrx_word' id='word_1_969' title='bbox 3102 5278 3177 5331; x_wconf 91' lang='lat' dir='ltr'>D.</span> <span class='ocrx_word' id='word_1_970' title='bbox 3207 5279 3291 5332; x_wconf 85' lang='lat' dir='ltr'>Ita</span> <span class='ocrx_word' id='word_1_971' title='bbox 3306 5283 3458 5334; x_wconf 91' lang='lat' dir='ltr'>certe</span> <span class='ocrx_word' id='word_1_972' title='bbox 3479 5283 3733 5350; x_wconf 87' lang='lat' dir='ltr'>oportet.</span> 
     </span>
    </p>
   </div>
   <div class='ocr_carea' id='block_1_119' title="bbox 2265 5361 3924 5433">
    <p class='ocr_par' dir='ltr' id='par_1_119' title="bbox 2265 5361 3924 5433">
     <span class='ocr_line' id='line_1_119' title="bbox 2265 5361 3924 5433; baseline 0.007 -15"><span class='ocrx_word' id='word_1_973' title='bbox 2265 5364 2357 5419; x_wconf 82' lang='lat'>23.</span> <span class='ocrx_word' id='word_1_974' title='bbox 2390 5363 2466 5418; x_wconf 84' lang='grc' dir='ltr'>Μ.</span> <span class='ocrx_word' id='word_1_975' title='bbox 2497 5361 2742 5417; x_wconf 78' lang='lat' dir='ltr'>Attende</span> <span class='ocrx_word' id='word_1_976' title='bbox 2770 5361 2948 5433; x_wconf 90' lang='lat' dir='ltr'>igitur</span> <span class='ocrx_word' id='word_1_977' title='bbox 2976 5367 3040 5420; x_wconf 91' lang='lat' dir='ltr'>ut</span> <span class='ocrx_word' id='word_1_978' title='bbox 3063 5365 3171 5422; x_wconf 89' lang='lat' dir='ltr'>hoc</span> <span class='ocrx_word' id='word_1_979' title='bbox 3217 5365 3277 5422; x_wconf 93' lang='lat' dir='ltr'>in</span> <span class='ocrx_word' id='word_1_980' title='bbox 3309 5367 3416 5423; x_wconf 88' lang='lat' dir='ltr'>ista</span> <span class='ocrx_word' id='word_1_981' title='bbox 3447 5369 3816 5428; x_wconf 80' lang='lat' dir='ltr'>connexione</span> <span class='ocrx_word' id='word_1_982' title='bbox 3840 5372 3924 5429; x_wconf 88' lang='lat' dir='ltr'>vi-</span> 
     </span>
    </p>
   </div>
   <div class='ocr_carea' id='block_1_120' title="bbox 2263 5546 3268 5611">
    <p class='ocr_par' dir='ltr' id='par_1_120' title="bbox 2263 5546 3268 5611">
     <span class='ocr_line' id='line_1_120' title="bbox 2263 5546 3268 5611; baseline 0.004 -13"><span class='ocrx_word' id='word_1_983' title='bbox 2263 5550 2277 5582; x_wconf 82' lang='grc'>¹</span> <span class='ocrx_word' id='word_1_984' title='bbox 2301 5546 2425 5599; x_wconf 79' lang='lat' dir='ltr'>Vide</span> <span class='ocrx_word' id='word_1_985' title='bbox 2450 5560 2524 5598; x_wconf 80' lang='lat' dir='ltr'>an</span> <span class='ocrx_word' id='word_1_986' title='bbox 2542 5549 2660 5608; x_wconf 76' lang='lat' dir='ltr'>iste,</span> <span class='ocrx_word' id='word_1_987' title='bbox 2685 5546 2837 5611; x_wconf 82' lang='lat' dir='ltr'>juxta</span> <span class='ocrx_word' id='word_1_988' title='bbox 2864 5550 2984 5599; x_wconf 83' lang='lat' dir='ltr'>Mss.</span> <span class='ocrx_word' id='word_1_989' title='bbox 3013 5551 3071 5601; x_wconf 91' lang='lat' dir='ltr'>A.</span> <span class='ocrx_word' id='word_1_990' title='bbox 3201 5553 3268 5602; x_wconf 84' lang='lat' dir='ltr'>M.</span> 
     </span>
    </p>
   </div>
  </div>
