4064 6356
155 307 296 360 1097

148 426 396 482 leamus.
443 428 585 482 Nam
631 442 764 482 cum
801 442 1004 494 unum,
1039 427 1175 496 duo,
1215 428 1326 484 tria
1357 428 1619 502 dicimus,
1661 448 1852 487 nonne

149 519 372 584 quanto
394 530 579 569 unum
603 515 893 585 aduobus,
909 519 1068 570 tanto
1089 517 1201 571 duo
1217 534 1250 572 a
1265 518 1449 574 tribus
1471 521 1854 591 superantur?

146 605 219 657 1).
255 601 627 659 Verissimum
676 608 777 659 est.
819 607 893 660 Μ.
953 604 1052 659 Dic
1085 606 1207 677 jam
1254 623 1406 662 nunc
1445 608 1607 678 mihi,
1650 609 1708 663 in
1747 609 1854 664 ista

147 692 456 748 collatione
512 693 733 765 quoties
782 710 963 748 unum
1017 696 1455 752 nominaverim.
1523 701 1588 753 D.
1642 698 1847 754 Semel.

144 782 229 836 Μ.
264 781 392 837 Tria
420 783 686 854 quoties?
715 786 780 838 D.
831 783 1040 839 Semel.
1097 785 1167 840 Μ.
1216 785 1385 854 Quid,
1427 785 1585 841 duo?
1625 789 1687 841 D.
1739 786 1846 841 Bis.

145 871 227 925 Μ.
257 870 442 925 Semel
470 887 628 942 ergo,
655 876 710 926 et
731 871 840 938 bis,
865 877 921 926 et
940 875 1134 938 semel,
1169 874 1394 946 quoties
1416 874 1484 930 ﬁt
1501 875 1562 929 in
1581 891 1804 929 summa
1820 875 1850 928 ‘?

147 961 217 1012 D.
245 959 470 1023 Quater.
504 962 579 1016 M.
614 962 784 1015 Recte
814 960 989 1031 igitur
1018 961 1150 1018 istos
1178 967 1292 1017 tres
1321 963 1720 1035 quaternarius
1741 979 1849 1018 nu-

142 1060 346 1099 merus
375 1045 633 1117 sequitur
658 1065 674 1114 ;
706 1047 756 1100 ei
793 1047 1006 1118 quippe
1044 1048 1315 1103 tribuitur
1343 1051 1450 1104 ista
1480 1049 1846 1121 proportione

143 1134 398 1190 collatio.
431 1134 568 1199 Quae
599 1139 879 1207 quantum
907 1137 1110 1206 valeat,
1133 1153 1200 1191 eo
1219 1138 1339 1208 jam
1368 1155 1622 1193 assuesce
1643 1154 1848 1209 cogno-

142 1239 325 1290 scere,
349 1225 499 1295 quod
523 1224 619 1278 illa
639 1224 826 1278 unitas
850 1241 1021 1296 quam
1048 1230 1101 1280 te
1133 1242 1322 1280 amare
1342 1227 1554 1295 dixisti,
1588 1227 1645 1281 in
1675 1228 1844 1282 rebus

143 1312 426 1366 ordinatis
457 1311 562 1366 hac
602 1328 720 1367 una
746 1311 896 1367 efﬁci
925 1317 1133 1383 potest,
1165 1315 1324 1386 cujus
1352 1331 1603 1386 grazcum
1631 1331 1843 1370 nomen

139 1407 386 1471 ἀναλογία
412 1403 517 1468 est,
548 1400 729 1455 nostri
761 1401 995 1472 quidam
1023 1403 1452 1474 proportionem
1479 1406 1842 1473 vocaverunt,

139 1505 264 1560 quo
313 1488 547 1543 nomine
578 1492 830 1557 utamur,
877 1489 924 1544 si
971 1490 1194 1561 placet:
1237 1507 1352 1546 non
1383 1492 1537 1546 enim
1576 1491 1839 1559 libenter,

139 1577 258 1631 nisi
305 1577 658 1641 necessitate,
706 1593 892 1649 graeca
937 1579 1214 1634 vocabula
1256 1579 1316 1634 in
1355 1579 1532 1634 latino
1581 1596 1842 1634 sermone

139 1665 562 1736 usurpaverim.
596 1669 660 1721 D.
698 1667 832 1721 Mihi
861 1683 994 1722 vero
1023 1668 1245 1739 placet:
1279 1669 1376 1723 sed
1405 1685 1580 1741 perge
1610 1685 1723 1741 quo
1754 1668 1842 1723 in-

87 1820 94 1824 ,
139 1755 430 1810 tenderas.
470 1755 548 1810 M.
584 1755 826 1811 Faciam.
864 1757 1006 1811 Nam
1039 1756 1178 1828 quid
1208 1757 1280 1811 sit
1305 1757 1622 1829 praportio,
1657 1773 1840 1828 quan-

137 1848 384 1915 tumque
406 1843 466 1898 in
497 1844 668 1898 rebus
688 1843 835 1915 juris
855 1844 1081 1913 habeat,
1105 1850 1162 1900 et
1187 1861 1289 1901 suo
1313 1846 1435 1900 loco
1466 1845 1526 1900 in
1547 1847 1652 1902 hac
1674 1837 1850 1901 disci;

133 1932 305 2004 plina
333 1933 664 2004 diligentius
689 1933 1084 2005 requiremus;
1115 1939 1172 1989 et
1201 1938 1414 2006 quanto
1436 1935 1494 1990 in
1518 1935 1840 1990 eruditione

133 2021 466 2094 promotior
513 2021 645 2090 eris,
687 2026 843 2077 tanto
883 2023 1006 2094 ejus
1056 2023 1173 2077 vim
1225 2024 1430 2077 melius
1460 2028 1840 2096 naturamque

135 2126 468 2182 cognosces.
511 2110 617 2165 Sed
662 2110 819 2165 vides
852 2115 1025 2182 certe,
1068 2111 1220 2183 quod
1266 2111 1327 2166 in
1372 2111 1674 2183 praesentia
1704 2112 1840 2166 satis

136 2204 245 2267 est,
270 2203 387 2255 tres
407 2198 534 2254 illos
557 2215 847 2267 numeros,
876 2217 1121 2272 quorum
1141 2199 1426 2256 mirabare
1451 2199 1835 2272 concordiam,

136 2288 372 2345 sibimet
408 2289 469 2344 in
507 2290 707 2345 eadem
752 2290 1108 2346 connexione
1135 2290 1247 2345 nisi
1273 2306 1378 2362 per
1407 2289 1838 2362 quaternarium

135 2395 450 2434 numerum
507 2395 623 2433 non
669 2379 921 2451 potuisse
962 2379 1229 2436 conferri.
1277 2379 1656 2445 Quamobrem
1708 2381 1840 2451 post

134 2466 271 2522 illos
302 2483 362 2522 se
383 2467 659 2535 ordinari,
690 2466 769 2521 sic
795 2471 859 2522 ut
878 2467 976 2522 illa
996 2467 1299 2522 concordia
1322 2484 1453 2523 cum
1477 2467 1568 2522 his
1597 2467 1837 2522 arctiore

133 2556 458 2627 copuletur,
483 2559 760 2628 quantum
784 2556 1059 2628 intelligis
1077 2557 1205 2628 jure
1226 2555 1552 2628 impetravit
1571 2554 1590 2590 ⁸
1609 2573 1623 2626 ;
1642 2561 1704 2611 ut
1715 2557 1836 2628 jam

137 2660 261 2701 non
299 2661 502 2712 unum,
546 2644 682 2710 duo,
723 2645 833 2700 tria
872 2648 1134 2714 tantum;
1167 2645 1266 2701 sed
1305 2662 1508 2714 unum,
1539 2646 1670 2712 duo,
1704 2645 1834 2714 tria,

141 2736 413 2804 quatuor,
444 2733 517 2787 sit
543 2732 884 2788 amicissime
915 2735 1178 2806 copulata
1211 2733 1535 2806 progressio
1563 2749 1835 2789 numero-

138 2837 294 2876 rum.
327 2823 394 2876 D.
427 2820 674 2876 Omnino
704 2821 1000 2876 assentior.

213 2911 303 2965 24.
331 2911 406 2966 Μ.
440 2911 512 2964 At
541 2913 744 2965 caetera
769 2910 1012 2974 intuere,
1043 2927 1116 2966 ne
1143 2911 1435 2967 arbitreris
1464 2910 1609 2966 nihil
1624 2911 1835 2967 habere

134 2999 440 3071 proprium
468 2999 902 3071 quaternarium
922 3015 1248 3066 numerum,
1273 3015 1387 3070 quo
1407 2999 1615 3070 reliqui
1636 3015 1835 3054 omnes

137 3085 371 3142 numeri
412 3091 662 3155 careant,
706 3087 862 3159 quod
903 3087 1089 3142 valeat
1116 3087 1188 3142 ad
1218 3086 1386 3142 istam
1423 3088 1834 3144 connexionem

134 3176 210 3232 de
238 3192 353 3248 qua
379 3175 606 3248 loquor,
636 3179 702 3230 ut
722 3175 792 3230 ab
816 3191 933 3230 uno
970 3191 1151 3248 usque
1177 3176 1248 3231 ad
1277 3180 1526 3244 quatuor
1547 3180 1732 3231 certus
1762 3175 1836 3230 sit

131 3280 436 3332 numerus,
467 3268 525 3319 et
554 3263 977 3335 pulcherrimus
1005 3263 1410 3336 progrediendi
1440 3264 1660 3320 modus.
1695 3264 1835 3320 Con-

132 3358 374 3408 venerat
409 3352 625 3424 quippe
654 3352 803 3406 inter
844 3368 948 3407 nos
983 3351 1267 3424 superius,
1294 3355 1431 3407 tunc
1465 3368 1533 3407 ex
1571 3351 1833 3424 pluribus

133 3457 322 3497 unum
354 3441 568 3512 aliquid
598 3440 844 3496 maxime
881 3441 1028 3508 ﬁeri,
1069 3458 1198 3496 cum
1240 3441 1506 3496 extremis
1535 3441 1743 3510 media,
1777 3445 1834 3497 et

133 3529 341 3585 mediis
368 3535 619 3585 extrema
647 3529 1026 3586 consentiunt.
1060 3533 1124 3585 D.
1157 3532 1242 3585 Ita
1273 3534 1376 3586 est.
1415 3532 1489 3586 M.
1524 3531 1665 3586 Cum
1695 3547 1830 3602 ergo

132 3621 485 3676 collocamus
521 3635 705 3674 unum
737 3623 794 3674 et
820 3619 933 3674 duo
966 3623 1023 3674 et
1051 3619 1181 3687 tria,
1212 3619 1303 3674 dic
1327 3636 1455 3691 quae
1493 3619 1608 3674 sint
1633 3619 1830 3691 {extre-

141 3727 259 3777 ma,
304 3710 458 3780 quod
487 3707 760 3764 medium.
809 3711 874 3764 D.
909 3709 1096 3763 Unum
1136 3711 1193 3764 et
1218 3708 1331 3763 tria
1359 3712 1614 3764 extrema
1646 3708 1828 3776 video,

136 3799 256 3854 duo
301 3799 576 3854 medium.
609 3800 686 3854 Μ.
720 3797 1019 3868 Responde
1070 3813 1242 3863 nunc,
1291 3812 1358 3851 ex
1399 3813 1516 3852 uno
1559 3799 1617 3851 et
1649 3796 1832 3852 tribus

136 3887 279 3960 quid
302 3887 655 3942 conﬁciatur.
689 3889 751 3941 D.
785 3886 1055 3952 Quatuor.
1079 3888 1152 3941 M.
1186 3885 1377 3950 Quid?
1407 3886 1520 3940 duo
1551 3885 1652 3957 qui
1683 3900 1831 3940 unus

127 3979 194 4033 in
244 3977 433 4032 medio
488 3992 762 4031 numerus
811 3979 916 4042 est,
965 3991 1106 4030 num
1155 3979 1341 4046 potest
1388 3973 1498 4029 nisi
1548 3974 1652 4030 sibi
1697 3989 1831 4029 con-

126 4066 311 4124 ferri?
339 4065 720 4132 Quamobrem
747 4065 835 4120 dic
865 4064 1036 4119 etiam
1070 4065 1181 4119 duo
1209 4063 1295 4119 bis
1324 4063 1463 4136 quid
1491 4062 1822 4119 conﬁciant.

128 4160 196 4212 D.
230 4156 508 4221 Quatuor.
548 4157 622 4211 M.
661 4156 744 4209 Ita
774 4169 910 4224 ergo
938 4152 1196 4208 medium
1225 4152 1509 4218 extremis,
1546 4156 1604 4206 et
1636 4151 1828 4206 medio

127 4249 394 4300 extrema
431 4243 815 4299 consentiunt.
864 4242 1246 4307 Quamobrem
1292 4241 1436 4295 sicut
1491 4241 1715 4296 excellit
1768 4241 1831 4295 in

129 4334 340 4397 tribus,
372 4334 521 4404 quod
567 4337 698 4404 post
743 4347 922 4386 unum
971 4336 1026 4386 et
1055 4331 1168 4386 duo
1199 4332 1572 4400 collocantur,
1601 4347 1732 4385 cum
1763 4346 1830 4384 ex

133 4441 252 4478 uno
275 4425 331 4478 et
361 4421 582 4477 duobus
612 4424 870 4476 constent
893 4440 909 4489 ;
930 4419 1010 4475 sic
1038 4420 1264 4475 excellit
1292 4419 1354 4474 in
1380 4425 1645 4491 quatuor,
1679 4419 1832 4491 quod

129 4516 268 4586 post
299 4527 480 4567 unum
517 4513 574 4566 et
601 4510 714 4566 duo
758 4514 816 4565 et
855 4509 965 4564 tria
1009 4512 1407 4577 numerantur,
1445 4525 1575 4564 cum
1614 4512 1835 4564 constet

130 4619 201 4658 ex
233 4618 349 4656 uno
394 4603 449 4655 et
489 4599 689 4665 tribus,
721 4599 810 4654 vel
858 4598 946 4654 bis
983 4597 1236 4666 duobus;
1283 4615 1411 4671 quae
1448 4603 1833 4653 extremorum

129 4707 265 4746 cum
292 4688 509 4756 medio,
539 4693 595 4743 et
621 4687 800 4743 medii
827 4703 956 4742 cum
977 4687 1264 4755 extremis,
1296 4687 1361 4742 in
1377 4687 1475 4742 illa
1495 4704 1622 4760 quae
1649 4703 1834 4759 grazce

129 4787 374 4848 ἀναλογία
429 4777 658 4844 dicitur,
723 4775 1096 4848 proportione
1147 4775 1446 4830 consensio
1510 4778 1612 4830 est.
1670 4774 1835 4840 Quod

138 4873 334 4924 utrum
360 4865 709 4921 intellexeris
735 4865 942 4936 pande.
976 4868 1040 4920 D.
1075 4864 1222 4920 Satis
1247 4863 1528 4935 intelligo.

207 4960 299 5012 25.
347 4957 420 5011 M.
453 4957 631 5010 Tenta
669 4970 805 5026 ergo
851 4953 912 5008 in
959 4953 1197 5026 reliquis
1237 4953 1512 5023 numeris,
1564 4955 1833 5008 utrumne

133 5045 463 5102 inveniatur
504 5043 658 5115 quod
705 5042 1058 5114 quaternarii
1104 5041 1330 5098 numeri
1370 5041 1668 5114 proprium
1713 5058 1835 5097 esse

136 5134 410 5190 diximus.
452 5134 527 5187 D.
570 5131 813 5188 Faciam.
847 5132 990 5186 Nam
1021 5131 1068 5185 si
1097 5131 1509 5186 constituamus
1537 5131 1672 5198 duo,
1704 5130 1834 5199 tria,

139 5227 410 5296 quatuor,
463 5226 718 5276 extrema
749 5220 951 5276 collata
988 5221 1134 5275 ﬁunt
1162 5237 1294 5290 sex;
1325 5220 1433 5275 hoc
1461 5220 1595 5276 facit
1623 5224 1680 5276 et
1716 5236 1834 5274 me-

140 5313 302 5369 dium
333 5308 440 5365 sibi
459 5309 760 5364 collatum:
787 5323 892 5362 nec
919 5310 1111 5362 tamen
1142 5323 1256 5376 sex,
1290 5309 1387 5363 sed
1419 5307 1675 5379 quinque
1702 5323 1836 5362 con-

136 5403 482 5473 sequuntur.
505 5400 722 5453 Rursus
742 5396 870 5461 tria,
899 5399 1146 5468 quatuor
1162 5399 1220 5450 et
1237 5395 1494 5467 quinque
1513 5394 1794 5450 constituo
1820 5413 1837 5462 ;

138 5495 392 5546 extrema
415 5491 540 5542 octo
557 5487 791 5552 faciunt,
823 5485 1077 5541 medium
1108 5500 1336 5556 quoque
1365 5484 1452 5540 bis
1476 5484 1748 5540 ductum:
1779 5485 1838 5538 at

199 5593 211 5624 ι
247 5587 568 5653 Imperavit,
587 5584 742 5648 juxta
765 5584 887 5633 Mss.
914 5582 957 5632 Α
979 5585 1032 5632 et
1056 5583 1110 5632 Β.
1177 5581 1244 5631 Μ.

447 5683 723 5749 PATROL.
773 5681 1020 5749 XXXII.

1633 307 1843 366 LIBER
1902 307 2184 367 PRIMUS.

3524 325 3662 380 1098

1963 434 2115 488 inter
2151 435 2412 507 quinque
2450 441 2506 494 et
2547 442 2692 508 octo,
2713 455 2826 496 non
2844 441 2968 513 jam
3005 457 3210 515 unum,
3248 447 3343 502 sed
3379 447 3542 517 duos,
3575 467 3662 506 se-

1961 521 2189 575 narium
2221 521 2432 577 scilicet
2473 528 2528 578 et
2563 528 2952 598 septenarium
2992 545 3264 586 numeros
3291 532 3657 605 interpositos

1961 607 2145 664 video.
2179 612 2365 681 Atque
2409 611 2507 666 illa
2539 615 2758 670 ratione
2788 621 3068 689 quantum
3106 621 3458 692 progredior,
3493 627 3654 680 tanto

1960 696 2082 752 hac
2111 698 2256 752 ﬁunt
2281 699 2576 756 intervalla
2597 704 2814 775 majora
2841 705 2884 761 ‘.
2916 712 2983 762 Μ.
3005 708 3181 764 Video
3211 713 3266 764 te
3287 709 3651 777 intellexisse,

1961 788 2015 839 et
2045 785 2279 841 omnino
2311 787 2453 842 scire
2482 791 2636 860 quod
2666 793 2879 849 dictum
2910 799 2994 850 est
3021 813 3034 864 ;
3061 797 3161 852 sed
3183 797 3306 868 jam
3333 815 3406 853 ne
3438 799 3647 855 immo-

1957 889 2172 943 remur,
2218 875 2625 932 animadvertis
2662 884 2811 934 certe
2849 882 2919 936 ab
2949 899 3061 938 uno
3094 901 3276 957 usque
3308 887 3375 942 ad
3403 893 3654 959 quatuor

1949 960 2326 1032 justissimam
2372 964 2497 1020 ﬁeri
2525 968 3024 1037 progressionem:
3056 973 3172 1027 sive
3197 979 3435 1046 propter
3462 980 3649 1048 impa-

1955 1065 2078 1104 rem
2124 1067 2188 1106 ac
2247 1069 2443 1123 parem
2493 1071 2820 1125 numerum,
2881 1059 3156 1130 quoniam
3203 1064 3422 1132 primus
3465 1065 3654 1137 impar

1954 1141 2107 1192 totus
2148 1139 2280 1209 tria,
2326 1145 2381 1196 et
2428 1143 2654 1213 primus
2697 1160 2805 1215 par
2845 1150 2999 1200 totus
3040 1153 3304 1219 quatuor,
3345 1152 3414 1207 de
3448 1170 3561 1224 qua
3589 1170 3652 1210 re

1953 1227 2124 1297 paulo
2147 1232 2276 1283 ante
2307 1233 2609 1286 tractatum
2639 1237 2721 1287 est
2743 1253 2759 1301 ;
2780 1233 2894 1288 sive
2919 1234 3055 1306 quia
3073 1252 3255 1292 unum
3283 1242 3338 1293 et
3365 1240 3476 1294 duo
3498 1241 3654 1312 prin-

1954 1314 2102 1385 cipia
2130 1321 2284 1387 sunt,
2307 1322 2364 1373 et
2384 1319 2548 1390 quasi
2581 1321 2802 1376 semina
2831 1338 3227 1392 numerorum,
3259 1342 3288 1379 e
3311 1327 3516 1398 quibus
3545 1334 3654 1384 ter-

1951 1403 2147 1457 narius
2194 1405 2509 1474 conﬁcitur,
2554 1414 2618 1464 ut
2657 1409 2769 1465 sint
2790 1410 2913 1481 jam
2944 1416 3061 1467 tres
3104 1413 3368 1482 numeri;
3403 1417 3502 1487 qui
3540 1418 3649 1472 sibi

1950 1490 2086 1546 dum
2125 1494 2495 1564 proportione
2525 1497 2915 1567 conferuntur,
2945 1502 3344 1572 quaternarius
3385 1505 3652 1560 elucescit

1951 1583 2008 1634 et
2033 1579 2310 1652 gignitur,
2334 1586 2392 1637 et
2408 1589 2712 1657 propterea
2729 1586 2810 1642 eis
2820 1588 2950 1659 jure
2970 1590 3096 1660 conj
3106 1591 3364 1661 ungitur,
3383 1596 3448 1646 ut
3468 1609 3650 1664 usque

1952 1668 2021 1722 ad
2048 1668 2211 1724 illum
2227 1669 2327 1726 ﬁat
2345 1687 2430 1741 ea,
2447 1690 2620 1746 quam
2646 1677 2958 1747 quaerimus
2978 1678 3274 1734 moderata
3297 1680 3642 1752 progressio.

1949 1759 2016 1813 D.
2048 1758 2312 1831 Intelligo
2325 1803 2339 1816 .

2019 1848 2114 1902 26.
2165 1847 2242 1901 M.
2295 1849 2442 1903 Bene
2481 1865 2635 1904 sane.
2677 1849 2785 1905 Sed
2817 1851 3205 1908 meministine
3241 1855 3468 1910 tandem
3506 1855 3643 1928 quid

1947 1933 2379 1990 institueramus
2411 1935 2700 2010 inquirere
2728 1937 2757 1993 ?
2799 1939 2962 2010 Nam,
3010 1945 3072 1996 ut
3111 1941 3341 2013 opinor,
3375 1944 3642 2015 proposi-

1946 2024 2072 2076 tum
2101 2028 2241 2091 erat,
2263 2023 2310 2078 si
2339 2025 2632 2096 quomodo
2662 2026 2919 2082 invenire
2943 2045 3264 2100 possemus,
3297 2048 3427 2086 cum
3458 2032 3516 2087 in
3548 2033 3646 2088 illa

1946 2108 2230 2166 inﬁnitate
2260 2128 2633 2168 numerorum
2664 2115 2802 2170 certi
2829 2115 3050 2171 articuli
3078 2123 3268 2174 essent
3294 2121 3646 2176 numeranti-

1947 2197 2054 2253 bus
2084 2200 2391 2268 constituti,
2429 2201 2565 2274 quid
2594 2206 2741 2258 esset
2766 2202 2951 2258 causa;
2981 2221 3084 2260 cur
3111 2205 3233 2277 ipse
3256 2206 3479 2278 primus
3513 2209 3654 2264 arti-

1946 2287 2107 2342 culus
2133 2286 2194 2342 in
2223 2288 2457 2344 denario
2481 2306 2722 2346 numero
2752 2297 2918 2364 esset,
2948 2293 3048 2365 qui
3065 2310 3171 2366 per
3193 2311 3391 2351 omnes
3411 2301 3645 2352 caeteros

1945 2375 2095 2431 valet
2135 2377 2488 2448 plurimum;
2524 2377 2580 2433 id
2614 2384 2720 2450 est,
2751 2396 2854 2435 cur
2890 2381 2962 2437 ab
2989 2398 3107 2438 uno
3136 2399 3318 2456 usque
3347 2385 3418 2440 ad
3448 2385 3641 2440 decem

1945 2465 2236 2535 progressi
2273 2470 2640 2523 numerantes
2685 2484 2915 2524 rursum
2958 2471 3028 2525 ad
3067 2487 3249 2527 unum
3280 2473 3648 2530 remearent?

1945 2553 2009 2607 D.
2043 2554 2330 2610 Recordor
2353 2556 2524 2626 plane
2546 2557 2882 2628 quaestionis
2908 2558 3083 2630 hujus
3107 2576 3276 2615 causa
3300 2577 3402 2616 nos
3422 2565 3647 2618 tantum

1945 2639 2309 2697 circumisse:
2351 2644 2450 2698 sed
2487 2644 2626 2716 quid
2658 2645 3015 2701 effecerimus
3061 2649 3214 2719 quod
3256 2649 3326 2704 ad
3371 2666 3494 2705 eam
3527 2651 3645 2706 sol—

1943 2729 2190 2784 vendam
2229 2730 2536 2802 pertineat,
2569 2748 2688 2786 non
2716 2732 2968 2789 invenio.
3002 2734 3301 2807 Siquidem
3334 2737 3432 2792 illa
3461 2740 3647 2794 omnis

1944 2821 2141 2872 nostra
2178 2818 2536 2874 ratiocinatio
2583 2820 2652 2875 ad
2691 2820 2749 2875 id
2780 2822 3045 2877 conclusa
3075 2827 3178 2891 est,
3211 2827 3275 2878 ut
3317 2840 3435 2879 non
3463 2841 3647 2898 usque

1943 2905 2017 2960 ad
2069 2906 2390 2974 denarium,
2443 2908 2541 2962 sed
2602 2925 2782 2979 usque
2840 2909 2911 2964 ad
2956 2911 3389 2982 quaternarium
3439 2929 3648 2968 nume-

1943 3011 2073 3050 rum
2125 2995 2199 3051 sit
2253 2997 2414 3066 justa
2485 3001 2542 3052 et
2595 2997 2892 3053 moderata
2953 2999 3297 3070 progressio.
3354 3003 3430 3057 Μ.
3486 3002 3646 3057 Tune

1943 3082 2122 3155 igitur
2191 3101 2306 3140 non
2377 3084 2554 3153 vides,
2621 3101 2687 3140 ex
2748 3101 2862 3141 uno
2928 3091 2986 3141 et
3042 3087 3284 3156 duobus,
3344 3094 3401 3145 et
3463 3089 3647 3145 tribus

1945 3176 2003 3228 et
2030 3176 2278 3245 quatuor
2321 3190 2448 3246 qua
2493 3189 2718 3228 summa
2761 3173 3142 3230 conﬁciatur?
3186 3179 3256 3232 D.
3299 3177 3470 3232 Video
3495 3178 3641 3248 jam,

1941 3261 2126 3326 video,
2183 3267 2240 3317 et
2283 3263 2465 3317 miror
2514 3263 2728 3331 omnia,
2777 3267 2834 3318 et
2878 3268 3064 3319 ortam
3118 3265 3494 3337 quaestionem
3551 3282 3640 3320 so-

1942 3348 2124 3404 lutam
2165 3367 2288 3406 esse
2319 3350 2634 3408 conﬁteor:
2668 3368 2850 3407 unum
2904 3353 3060 3407 enim
3101 3357 3158 3409 et
3203 3353 3316 3409 duo
3364 3359 3422 3410 et
3453 3354 3562 3410 tria
3587 3359 3646 3410 et

1944 3442 2192 3510 quatuor
2240 3440 2414 3496 simul
2461 3441 2658 3496 decem
2708 3445 2858 3497 sunt.
2911 3443 2985 3498 M.
3031 3443 3178 3511 Ergo
3223 3442 3362 3498 istos
3401 3447 3646 3512 quatuor

1941 3526 2162 3598 primos
2201 3544 2497 3596 numeros,
2537 3529 2861 3602 seriemque
2899 3517 2956 3584 et
2997 3530 3408 3586 connexionem
3442 3547 3643 3588 eorum

1940 3615 2334 3671 honorabilius
2373 3616 2596 3686 haberi,
2648 3633 2821 3689 quam
2861 3622 3087 3685 cmtera,
3129 3618 3192 3674 in
3224 3619 3479 3675 numeris
3507 3637 3640 3677 con—

1939 3703 2111 3758 venit.

1940 3793 2172 3848 CAPUT
2212 3793 2398 3848 XXIII.
2430 3823 2498 3833 —-
2527 3795 2604 3848 De
2627 3797 3162 3864 proportionatorum
3190 3799 3428 3850 motuum
3458 3796 3642 3852 decore

1950 3868 1958 3875 ’
2342 3887 2608 3951 quatenus
2635 3883 2879 3938 sensibus
2896 3883 3245 3954 judicantur.

2008 3973 2104 4026 27.
2142 3971 2389 4042 Tempus
2432 3973 2514 4025 est
2557 3973 2748 4025 autem
2793 3971 2864 4027 ad
2902 3972 3030 4026 illos
3074 3976 3266 4028 motus
3304 3973 3492 4030 redire
3519 3978 3640 4030 tra-

1939 4058 2173 4114 ctandos
2203 4063 2260 4113 et
2296 4058 2702 4126 discutiendos,
2747 4058 2848 4131 qui
2886 4059 3021 4116 huic
3064 4059 3379 4132 disciplinas
3410 4063 3640 4135 proprie

1940 4147 2294 4215 tribuuntur,
2344 4151 2400 4202 et
2427 4152 2662 4219 propter
2704 4164 2847 4219 quos
2878 4148 2986 4203 ista
3015 4149 3085 4204 de
3114 4149 3392 4219 numeris,
3423 4151 3492 4206 de
3529 4151 3642 4206 alia

1939 4237 2155 4293 scilicet
2202 4236 2524 4307 disciplina,
2572 4241 2853 4308 quantum
2893 4253 2999 4309 pro
3029 4238 3261 4308 negotio
3293 4239 3428 4293 satis
3454 4239 3640 4294 visum

1941 4330 2044 4394 est,
2078 4325 2588 4381 consideravimus.
2621 4326 2820 4397 Itaque
2849 4341 3003 4380 nunc
3033 4326 3130 4380 abs
3160 4330 3214 4381 te
3249 4343 3467 4398 quaero,
3499 4343 3644 4399 quo-

1940 4414 2098 4470 niam
2150 4413 2511 4485 intelligendi
2566 4413 2748 4485 gratia
2793 4413 2851 4468 in
2905 4415 3180 4469 horarum
3216 4415 3399 4486 spatio
3455 4420 3644 4471 motus

1942 4502 2451 4570 constituebamus,
2484 4518 2627 4574 quos
2666 4502 2737 4556 ad
2777 4518 2835 4557 se
2875 4501 3116 4557 invicem
3145 4501 3358 4558 habere
3389 4503 3642 4575 aliquam

1941 4607 2306 4647 numerosam
2335 4589 2750 4646 dimensionem
2779 4590 2923 4644 ratio
2951 4591 3418 4657 demonstrabat;
3450 4595 3643 4647 utrum

1943 4681 1991 4735 si
2022 4679 2324 4752 quisquam
2371 4695 2537 4733 mora
2575 4677 2749 4732 unius
2779 4678 2939 4732 horaa
2969 4682 3180 4745 currat,
3217 4683 3276 4733 et
3304 4680 3450 4734 alius
3479 4680 3643 4736 dein-

1942 4785 2070 4840 ceps
2103 4769 2371 4834 duarum,
2415 4766 2598 4838 possis
2641 4782 2755 4820 non
2785 4766 3044 4837 inspecto
3074 4767 3376 4838 horologia
3406 4769 3494 4823 vel
3525 4770 3644 4824 cle-

1942 4858 2176 4932 psydra,
2209 4857 2297 4911 vel
2328 4855 2522 4928 aliqua
2557 4855 2958 4927 hujuscemodi
2986 4859 3314 4928 temporum
3349 4858 3644 4914 notatione

1943 4945 2155 5002 sentire
2186 4945 2315 4999 illos
2363 4944 2503 4999 duos
2530 4947 2744 5011 motus,
2794 4944 2950 5015 quod
2997 4960 3148 5000 unus
3191 4945 3450 5017 simplus,
3498 4946 3644 5001 alius

1945 5035 2156 5106 duplus
2187 5033 2258 5088 sit
2291 5047 2304 5089 :
2339 5034 2427 5088 vel
2473 5030 2698 5087 etiamsi
2727 5031 2786 5086 id
2815 5047 2930 5087 non
2957 5032 3142 5104 possis
3181 5034 3390 5101 dicere,
3422 5035 3522 5089 illa
3549 5038 3642 5088 ta-

1944 5140 2079 5178 men
2107 5120 2483 5193 congruentia
2513 5121 2804 5189 delectari,
2837 5125 3008 5193 atque
3039 5122 3231 5194 aliqua
3257 5124 3543 5191 voluptate
3566 5120 3643 5174 af-

1944 5212 2056 5268 ﬁci.
2090 5216 2154 5268 D.
2186 5211 2354 5266 Nullo
2378 5209 2551 5264 modo
2581 5225 2834 5280 possum.
2865 5212 2938 5266 M.
2973 5210 3141 5277 Quid,
3166 5210 3214 5264 si
3234 5208 3517 5282 quispiam
3540 5225 3643 5263 nu-

1946 5317 2166 5356 merose
2205 5299 2464 5371 plaudat,
2513 5298 2592 5353 ita
2633 5303 2700 5354 ut
2737 5314 2886 5353 unus
2915 5300 3131 5354 sonitus
3176 5297 3467 5367 simplum,
3499 5296 3644 5350 alter

1946 5391 2188 5462 duplum
2233 5388 2512 5460 temporis
2549 5391 2763 5456 teneat,
2792 5404 2934 5460 quos
2961 5387 3180 5442 iambos
3208 5385 3380 5457 pedes
3420 5389 3642 5449 vocant,

1947 5494 2158 5551 eosque
2207 5477 2504 5533 continuet
2548 5480 2720 5548 atque
2791 5479 3079 5541 contexet;
3130 5473 3277 5528 alius
3331 5475 3526 5528 autem
3573 5474 3644 5530 ad

2016 5579 2028 5610 ι
2063 5577 2141 5624 In.
2171 5575 2250 5633 B.,
2261 5574 2481 5636 faciunt
2502 5573 2785 5624 intervalla
2803 5572 3040 5633 majora.
3062 5570 3183 5618 Mss.
3207 5569 3267 5619 A.
3291 5568 3447 5632 ﬁunt.
3511 5570 3581 5620 M.

2822 5670 3315 5757 (Trente-cinq.)
