4064 6370
459 266 595 320 1099

455 381 722 437 eumdem
753 395 957 435 sonum
983 379 1168 447 saltet,
1201 376 1515 432 secundum
1547 391 1612 429 ea
1648 374 1861 429 scilicet
1886 378 2148 444 tempora

456 486 689 525 movens
737 468 1040 524 membra?
1090 481 1280 521 nonne
1312 466 1329 500 ί
1385 467 1484 517 aut
1539 463 1710 517 etiam
1764 463 1916 517 dicas
1959 463 2147 533 ipsum

455 558 755 613 modulum
775 561 1119 628 temporum,
1143 555 1200 608 id
1228 558 1312 607 est
1335 552 1488 623 quod
1519 551 1788 620 simplum
1819 551 1887 604 ad
1906 549 2146 618 duplum

455 646 639 716 spatia
668 646 726 698 in
758 645 1010 698 motibus
1039 644 1343 710 alternent,
1367 641 1481 694 sive
1510 640 1569 692 in
1586 639 1681 692 illo
1703 640 1902 709 plausu
1927 637 2026 708 qui
2045 653 2145 689 au-

456 733 633 802 ditur,
665 732 779 786 sive
807 732 867 785 in
898 731 996 784 illa
1021 729 1317 784 saltatione
1349 744 1478 798 quae
1499 727 1789 793 cernitur;
1825 730 1922 778 aut
1946 725 2146 778 saltem

455 820 748 875 delecteris
799 817 1209 873 numerositate
1263 833 1438 887 quam
1490 815 1720 881 sentias,
1767 813 1994 867 tametsi
2033 828 2147 867 non

452 908 635 978 possis
661 923 928 961 numeros
949 907 1072 977 ejus
1103 903 1475 960 dimensionis
1508 903 1727 956 edicere
1747 903 1776 955 ‘?
1804 905 1869 956 D.
1902 903 1990 954 Ita
2014 917 2146 953 vero

454 1001 558 1063 est,
605 1000 672 1050 ut
711 995 889 1049 dicis:
921 1009 1056 1048 nam
1086 998 1142 1048 et
1171 993 1254 1047 illi
1285 992 1384 1064 qui
1413 992 1516 1045 hos
1546 1007 1814 1045 numeros
1844 992 2143 1054 noverunt,

452 1083 704 1138 sentiunt
742 1099 839 1138 eos
880 1083 942 1137 in
990 1083 1198 1154 plausu
1228 1085 1400 1152 atque
1432 1079 1758 1149 saltatioue,
1790 1079 2004 1150 quique
2035 1077 2149 1130 sint

450 1171 614 1226 facile
651 1170 885 1238 dicunt;
929 1175 985 1224 et
1027 1171 1126 1241 qui
1172 1186 1269 1224 eos
1315 1186 1430 1223 non
1458 1172 1739 1222 noverunt
1777 1184 1879 1221 nec
1910 1170 2148 1237 possunt

450 1259 657 1326 dicere,
702 1276 820 1313 non
849 1262 1062 1330 negant
1089 1263 1283 1313 tamen
1314 1273 1382 1312 ex
1410 1257 1498 1310 his
1541 1273 1598 1310 se
1641 1257 1927 1327 voluptate
1958 1254 2148 1325 aliqua

449 1348 689 1418 perfrui.

521 1439 612 1491 28.
644 1437 719 1491 M.
775 1435 917 1489 Cum
956 1433 1134 1505 igitur
1175 1434 1247 1488 ad
1285 1434 1470 1504 ipsam
1505 1433 1788 1487 rationem
1832 1429 2145 1500 disciplina:

450 1524 644 1594 hujus,
686 1523 971 1594 siquidem
1019 1519 1256 1576 scientia
1297 1527 1381 1575 est
1434 1522 1581 1576 bene
1625 1517 1980 1584 modulandi,
2030 1533 2146 1570 non

449 1613 632 1682 possit
660 1611 859 1681 negari
889 1627 1087 1665 omnes
1115 1611 1401 1680 pertinere
1431 1614 1620 1663 motus
1650 1608 1748 1680 qui
1777 1609 1921 1662 bene
1950 1605 2146 1660 modu-

448 1700 550 1754 lati
593 1704 743 1766 sunt,
793 1704 848 1753 et
897 1715 994 1752 eos
1038 1699 1402 1769 potissimum
1433 1699 1534 1768 qui
1571 1715 1690 1752 non
1719 1697 2044 1752 referuntur
2075 1693 2146 1748 ad

451 1787 606 1842 aliud
626 1787 862 1858 aliquid,
895 1787 994 1841 sed
1027 1786 1086 1840 in
1126 1786 1326 1856 seipsis
1360 1787 1537 1840 tinem
1566 1786 1785 1840 decoris
1816 1783 2146 1838 delectatio—

447 1875 604 1930 nisve
633 1879 997 1942 conservant;
1031 1875 1092 1928 hi
1121 1879 1312 1929 tamen
1350 1879 1560 1941 motus,
1593 1879 1656 1928 ut
1684 1890 1836 1928 nunc
1866 1889 1899 1926 a
1926 1888 2019 1925 me
2050 1887 2146 1924 ro-

448 1968 614 2035 gatus
652 1968 801 2018 recte
831 1979 1096 2034 vereque,
1130 1961 1338 2029 dixisti,
1373 1962 1422 2016 si
1458 1963 1629 2034 longo
1661 1961 1842 2034 spatio
1871 1959 2144 2030 temporis

511 2077 527 2109 ι
552 2076 649 2124 Ms.
675 2075 719 2126 A
747 2075 911 2145 addit,
942 2076 1220 2128 advertas.
1287 2077 1354 2125 M.

1730 257 1824 312 DE
1863 255 2146 322 MUSICA,
2188 253 2245 312 S.
2285 251 2671 310 AUGUSTINI

3845 251 3968 301 1100

2258 371 2415 437 fiant,
2451 371 2626 441 inque
2671 368 2795 440 ipsa
2824 367 3185 423 dimensione
3219 383 3350 438 quae
3378 367 3588 422 decora
3620 371 3729 433 est,
3768 367 3969 421 horam

2255 461 2342 514 vel
2373 460 2540 513 etiam
2572 458 2758 528 majus
2788 461 3015 527 tempus
3049 455 3369 521 obtineant,
3403 471 3523 509 non
3555 461 3811 526 possunt
3840 472 3967 509 con-

2255 564 2460 618 gruere
2489 546 2697 601 nostris
2722 545 2979 600 sensibus
3003 543 3043 599 ‘.
3076 545 3460 609 Quamobrem
3491 560 3627 598 cum
3649 545 3968 614 procedens

2256 635 2682 706 quodammodo
2705 634 2772 688 de
2798 633 3191 687 secretissimis
3216 631 3616 702 penetralibus
3642 631 3895 700 musica,
3917 633 3970 686 in

2253 725 2465 778 nostris
2507 724 2680 778 etiam
2729 723 3021 789 sensibus,
3056 723 3145 776 vel
3187 723 3274 775 his
3323 722 3494 778 rebus
3542 737 3679 792 quae
3731 737 3767 774 a
3813 722 3969 775 nobis

2255 811 2598 876 sentiuntur,
2622 810 2860 880 vestigia
2889 810 3151 880 quaedam
3182 808 3477 880 posuerit;
3512 825 3712 863 nonne
3748 814 3970 880 oportet

2255 900 2452 952 eadem
2481 899 2718 969 vestigia
2740 900 2899 968 prius
2931 898 3217 968 persequi,
3253 901 3316 951 ut
3344 898 3714 952 commodius
3748 898 3825 952 ad
3855 898 3970 968 ipsa

2256 987 2302 1040 si
2331 987 2708 1057 potuerimus,
2756 1003 2885 1057 qua:
2933 986 3046 1040 dixi
3076 987 3412 1057 penetralia,
3461 986 3584 1039 sine
3618 987 3747 1040 ullo
3779 1003 3968 1042 errore

2255 1075 2578 1129 ducamur?
2615 1079 2679 1129 D.
2715 1075 2952 1144 Oportet
2980 1091 3135 1140 vero,
3169 1079 3226 1127 et
3254 1074 3364 1128 hoc
3388 1074 3762 1146 jamjamque
3794 1081 3864 1130 ut
3894 1075 3966 1130 fa-

2254 1163 2488 1229 ciamus,
2521 1163 2792 1233 efflagito.
2828 1166 2902 1218 Μ.
2935 1163 3276 1217 Omittamus
3310 1178 3445 1232 ergo
3473 1162 3605 1216 illas
3641 1164 3803 1217 ultra
3833 1168 3856 1200 ²
3885 1182 3965 1218 ca-

2253 1252 2557 1320 pacitatem
2597 1267 2792 1305 sensus
2840 1251 3017 1304 nostri
3055 1256 3346 1320 porrectas
3382 1255 3724 1320 temporum
3751 1249 3963 1322 [metas,

2255 1344 2311 1393 et
2341 1339 2409 1393 de
2432 1338 2521 1392 his
2553 1338 2814 1392 brevibus
2842 1337 3275 1392 intervallorum
3305 1337 3526 1407 spatiis,
3561 1353 3698 1407 quae
3733 1338 3802 1392 in
3838 1355 3963 1392 can-

2253 1427 2428 1481 tando
2474 1427 2847 1495 saltandoque
2895 1442 2997 1479 nos
3035 1426 3308 1490 mulcent,
3342 1429 3632 1496 quantum
3672 1427 3834 1481 ratio
3868 1445 3964 1482 nos

2255 1515 2500 1584 duxerit,
2551 1515 2914 1568 disseramus.
2964 1514 3084 1568 Nisi
3130 1518 3192 1566 tu
3241 1513 3384 1567 forte
3441 1513 3609 1566 aliter
3655 1519 3836 1584 putas
3875 1516 3965 1570 illa

2253 1603 2490 1674 vestigia
2519 1602 2779 1673 indagari
2806 1619 2995 1672 posse,
3029 1618 3158 1674 qua:
3188 1602 3248 1656 in
3276 1602 3486 1656 nostris
3512 1602 3812 1667 sensibus,
3849 1605 3964 1659 liis—

2255 1708 2366 1763 que
2403 1691 2572 1745 rebus
2619 1708 2759 1761 quas
2804 1691 3059 1744 valemus
3109 1691 3345 1758 sentire,
3393 1691 3543 1744 hanc
3591 1690 3964 1762 disciplinam

2252 1779 2507 1851 posuisse
2533 1779 2869 1849 praedictum
2899 1783 2998 1832 est.
3030 1782 3092 1833 D.
3128 1780 3294 1832 Nullo
3325 1779 3494 1832 modo
3525 1779 3698 1834 aliter
3729 1785 3897 1851 puto.

2321 1888 2335 1920 ι
2360 1885 2520 1947 Addit
2539 1884 2732 1932 Vatic.:
2763 1886 2906 1947 Licet
2924 1883 3200 1947 aliquanto
3223 1883 3360 1947 idem
3379 1897 3473 1947 pes
3493 1884 3547 1947 in
3573 1886 3840 1946 canendo,
3864 1899 3965 1938 ser-

2252 1949 2383 1999 vata
2393 1946 2692 2008 cottationis
2703 1946 2930 2005 ratione,
2949 1946 3091 1997 alias
3109 1946 3458 2008 longioribus,
3475 1946 3618 1998 alias
3637 1948 3966 2000 brevioribus

2251 2011 2413 2072 possit
2435 2006 2553 2072 ﬁeri
2576 2010 2735 2057 souis.
2803 2009 2894 2072 ill;

2319 2072 2340 2105 ²
2373 2071 2559 2131 Vatic.,
2590 2073 2762 2121 extra.
2831 2071 2899 2118 M.

1379 2277 1936 2400 LIBER
2045 2273 3029 2399 SECUNDUS.

1483 2460 1541 2507 In
1569 2473 1671 2522 quo
1696 2458 1760 2508 de
1791 2457 2000 2522 syllabis
2029 2464 2081 2506 et
2109 2458 2328 2523 pedibus
2351 2457 2585 2507 metricis
2611 2457 2922 2521 disputatur.

449 2655 676 2711 CAPUT
703 2655 998 2711 PRIMUM.
1031 2683 1100 2695 -—
1128 2655 1473 2724 Syllabarum
1496 2658 1681 2725 spatia
1709 2655 1928 2711 aliunde
1955 2673 2139 2726 gram-

767 2747 1022 2814 maticus,
1054 2743 1274 2798 aliunde
1301 2747 1536 2798 musicus
1569 2745 1820 2798 attendit.

525 2836 571 2890 1.
623 2835 699 2888 M.
750 2833 990 2887 Attende
1039 2832 1218 2903 igitur
1247 2832 1573 2903 diligenter,
1607 2839 1662 2886 et
1708 2850 1860 2887 nunc
1907 2834 2141 2887 demum

446 2922 638 2994 accipe
680 2921 844 2994 quasi
874 2921 1118 2975 alterum
1150 2925 1360 2975 nostrae
1389 2921 1786 2992 disputationis
1819 2921 2135 2976 exordium.

445 3011 524 3064 Ac
581 3009 835 3082 primum
887 3010 1189 3080 responde,
1243 3013 1436 3064 utrum
1500 3010 1645 3064 bene
1695 3009 1960 3064 didiceris
2013 3027 2139 3064 eam

447 3113 622 3170 quam
647 3097 1004 3170 grammatici
1037 3098 1259 3165 docent,
1291 3099 1633 3170 syllabarum
1653 3099 1913 3153 brevium
1940 3100 2139 3170 longa-

445 3201 692 3257 rumque
711 3185 1042 3240 distantiam
1061 3201 1074 3252 ;
1095 3201 1168 3238 an
1185 3201 1318 3240 vero
1332 3185 1446 3239 sive
1459 3186 1563 3239 ista
1583 3186 1741 3240 noris
1761 3186 1874 3240 sive
1887 3186 2138 3256 ignores,

447 3275 614 3328 malis
635 3279 700 3328 ut
718 3274 798 3327 ita
819 3289 1162 3344 quaeramus,
1187 3273 1351 3344 quasi
1372 3274 1604 3329 omnino
1629 3275 1798 3329 rudes
1823 3277 2025 3329 harum
2048 3291 2138 3330 re-

446 3379 578 3418 rum
596 3363 792 3429 simus,
810 3367 876 3416 ut
893 3362 961 3416 ad
977 3361 1169 3416 omnia
1181 3379 1285 3415 nos
1299 3363 1444 3417 ratio
1457 3363 1649 3433 potius
1661 3363 1948 3434 perducat,
1965 3380 2137 3434 quam

444 3449 760 3504 inveterata
780 3450 1152 3518 consuetudo,
1184 3453 1281 3504 aut
1308 3450 1680 3521 prazjudicata
1709 3457 1869 3522 cogat
1887 3451 2136 3506 auctori—

443 3542 552 3594 tas.
585 3542 648 3593 D.
683 3539 766 3592 Ita
793 3539 964 3608 plane
994 3539 1164 3592 malle
1195 3554 1309 3607 me,
1339 3555 1455 3592 non
1483 3539 1655 3594 modo
1684 3539 1807 3610 ipsa
1838 3540 2005 3607 ratio,
2041 3541 2138 3595 sed

444 3627 686 3681 istarum
712 3626 885 3680 etiam
913 3625 1259 3697 syllabarum
1288 3626 1580 3696 imperitia
1608 3627 1766 3698 (quid
1792 3627 1947 3680 enim
1971 3627 2136 3681 fateri

445 3715 700 3770 dubitem
720 3714 765 3784 ?)
799 3715 1064 3785 impellit.
1121 3717 1196 3769 M.
1245 3718 1364 3786 Age
1405 3715 1548 3785 jam,
1603 3715 1800 3768 saltem
1841 3715 1985 3769 illud
2010 3715 2136 3768 elo-

444 3820 640 3875 quere,
672 3808 868 3858 utrum
897 3808 956 3857 tu
981 3803 1101 3874 ipse
1125 3820 1229 3874 per
1257 3808 1312 3857 te
1343 3819 1638 3874 nunquam
1668 3802 2136 3857 animadverteris

443 3892 506 3945 in
535 3891 822 3946 locutione
860 3896 1054 3945 nostra
1101 3891 1241 3945 alias
1287 3891 1528 3962 syllabas
1572 3891 1782 3960 raptim
1815 3895 1871 3944 et
1899 3891 2134 3944 minime

441 3979 561 4044 diu,
601 3981 740 4034 alias
788 3983 978 4034 autem
1025 3979 1357 4049 productius
1402 3983 1458 4033 et
1490 3979 1702 4033 diutius
1733 3979 2035 4034 enuntiari.
2065 3982 2130 4034 D.

442 4069 660 4138 Negare
705 4084 821 4122 non
871 4083 1103 4137 possum
1136 4084 1253 4121 non
1287 4084 1378 4121 me
1429 4067 1498 4120 ad
1544 4067 1653 4121 ista
1700 4067 1853 4121 enim
1897 4068 2134 4121 surdum

442 4155 638 4211 fuisse.
670 4157 746 4210 Μ.
793 4155 968 4225 Atqui
998 4155 1139 4208 scias
1171 4155 1344 4208 velim
1385 4158 1566 4208 totam
1611 4154 1770 4208 illam
1813 4155 2130 4223 scientiam,

442 4258 572 4312 qua:
605 4242 978 4312 grammatica
1009 4257 1211 4312 graece,
1243 4242 1417 4295 latine
1458 4246 1649 4296 autem
1680 4242 1996 4296 litteratura
2025 4259 2132 4296 no-

439 4328 712 4395 minatur,
745 4328 999 4382 historice
1038 4329 1352 4382 custodiam
1390 4329 1668 4398 proﬁteri,
1716 4331 1803 4383 vel
1835 4331 2032 4397 solam,
2067 4336 2133 4385 ut

440 4416 704 4471 subtilior
739 4416 902 4470 docet
946 4415 1130 4482 ratio;
1164 4417 1251 4470 vel
1290 4417 1558 4484 maxime,
1589 4421 1655 4471 ut
1684 4417 1857 4472 etiam
1891 4419 2132 4489 pinguia

439 4505 610 4560 corda
630 4505 964 4559 concedunt.
991 4505 1187 4576 Itaque
1208 4505 1365 4560 verbi
1386 4505 1568 4576 gratia
1589 4522 1717 4560 cum
1735 4507 2128 4576 dixeris,cano,

437 4595 526 4648 vel
557 4594 617 4648 in
661 4609 829 4649 versu
856 4595 1003 4648 forte
1033 4594 1314 4665 posueris,
1342 4595 1420 4649 ita
1449 4600 1516 4649 ut
1544 4595 1630 4649 vel
1659 4599 1718 4649 tu
1753 4596 2129 4667 pronuntians

436 4682 714 4753 producas
750 4681 920 4754 hujus
947 4683 1104 4737 verbi
1143 4683 1417 4754 syllabam
1447 4683 1715 4754 primam,
1745 4685 1832 4738 vel
1872 4684 1929 4738 in
1959 4701 2128 4739 versu

436 4787 503 4825 eo
533 4771 656 4825 loco
686 4786 886 4841 ponas,
919 4772 1019 4826 ubi
1049 4788 1169 4826 esse
1198 4772 1534 4843 productam
1566 4773 1860 4844 oportebat
1887 4789 1900 4840 ;
1935 4789 2127 4845 repre-

433 4857 649 4912 hendet
695 4857 1120 4928 grammaticus,
1177 4863 1363 4914 custos
1399 4860 1496 4914 ille
1542 4859 1804 4914 videlicet
1848 4860 2122 4925 historias,

432 4945 579 5001 nihil
621 4945 775 5000 aliud
820 4962 1074 5000 asserens
1116 4964 1217 5001 cur
1263 4949 1417 5003 hunc
1453 4948 1662 5020 corripi
1706 4953 1984 5020 oporteat,
2016 4951 2125 5004 nisi

433 5034 586 5108 quod
604 5033 664 5088 hi
689 5032 790 5105 qui
820 5038 949 5089 ante
976 5050 1082 5088 nos
1106 5036 1354 5104 fuerunt,
1390 5041 1445 5091 et
1469 5053 1716 5108 quorum
1750 5037 1876 5092 libri
1905 5043 2125 5094 exstant

428 5127 859 5193 tractanturque
890 5139 921 5176 a
952 5124 1359 5192 grammaticis,
1385 5141 1452 5178 ea
1478 5132 1738 5196 correpta
1766 5128 1806 5193 1,
1842 5142 1957 5180 non
1987 5143 2121 5197 pro-

430 5213 602 5268 ducta
627 5212 716 5268 usi
743 5211 976 5267 fuerint.
1003 5212 1186 5275 Quare
1208 5213 1300 5267 hic
1316 5213 1596 5285 quidquid
1622 5216 1785 5284 valet,
1821 5216 2122 5270 auctoritas

428 5303 595 5357 valet.
628 5303 699 5356 At
735 5317 866 5355 vero
905 5300 1140 5355 musicae
1171 5301 1336 5369 ratio,
1369 5302 1441 5356 ad
1479 5319 1651 5372 quam
1693 5303 1971 5358 dimensio
1999 5305 2122 5375 ipsa

426 5407 630 5445 vocum
660 5389 1011 5445 rationabilis
1038 5395 1094 5444 et
1115 5389 1496 5445 numerositas
1521 5391 1784 5461 pertinet,
1820 5408 1937 5446 non
1962 5398 2120 5447 curat

490 5498 504 5528 τ
536 5496 718 5555 Vatic.,
747 5511 849 5560 pro
879 5499 1146 5559 correpta.
1214 5497 1280 5545 Μ.

2248 2655 2359 2710 nisi
2380 2659 2444 2709 ut
2469 2653 2808 2724 corripiatur
2831 2655 2915 2707 vel
2940 2654 3293 2724 producatur
3319 2654 3558 2726 syllaba,
3589 2672 3726 2728 quas
3751 2657 3857 2713 illo
3879 2659 3969 2714 vel

2248 2743 2346 2796 illo
2375 2743 2496 2796 loco
2519 2747 2604 2796 est
2625 2742 2936 2796 secundum
2957 2744 3242 2798 rationem
3260 2760 3675 2800 mensurarum
3697 2747 3965 2802 suarum.

2250 2833 2391 2886 Nam
2421 2831 2468 2884 si
2515 2847 2581 2884 eo
2627 2831 2750 2884 loco
2782 2831 2880 2884 ubi
2909 2831 3050 2884 duas
3081 2833 3281 2903 longas
3312 2833 3558 2903 syllabas
3588 2835 3732 2904 poni
3775 2837 3966 2904 decet,

2245 2920 2353 2975 hoc
2383 2920 2620 2973 verbum
2645 2920 2995 2990 posueris,et
3024 2921 3272 2991 primam
3302 2939 3430 2993 quae
3459 2923 3649 2978 brevis
3681 2931 3791 2993 est,
3823 2943 3968 2998 pro-

2245 3009 2608 3063 nuntiatione
2639 3010 2868 3078 longam
2888 3009 3108 3077 feceris,
3140 3011 3286 3065 nihil
3316 3012 3533 3066 musica
3560 3015 3806 3069 omnino
3837 3032 3965 3070 suc-

2245 3101 2438 3152 censet
2467 3099 2486 3133 ¹
2517 3113 2530 3151 :
2576 3102 2836 3167 tempora
2867 3097 3022 3152 enim
3051 3115 3256 3154 vocum
3293 3117 3361 3155 ea
3399 3119 3714 3172 pervenere
3747 3105 3825 3159 ad
3856 3123 3963 3160 au-

2245 3201 2357 3251 res,
2408 3201 2535 3255 quae
2565 3185 2652 3239 illi
2698 3201 2940 3240 numero
2993 3187 3185 3242 debita
3228 3189 3482 3245 fuerunt.
3532 3192 3965 3248 Grammaticus

2248 3279 2440 3328 autem
2480 3274 2646 3344 jubet
2689 3275 3001 3343 emendari,
3053 3281 3110 3330 et
3154 3276 3297 3331 illud
3338 3283 3396 3333 te
3447 3280 3692 3335 verbum
3738 3298 3965 3352 ponere

2245 3362 2407 3432 cujus
2435 3361 2620 3431 prima
2651 3363 2866 3431 syllaba
2894 3364 3260 3434 producenda
3292 3367 3386 3435 sit,
3419 3370 3735 3425 secundum
3769 3373 3964 3443 majo-

2244 3467 2395 3517 rum,
2443 3455 2505 3504 ut
2550 3450 2763 3504 dictum
2812 3455 2917 3519 est,
2965 3454 3387 3521 auctoritatem,
3439 3467 3702 3528 quorum"
3743 3463 3966 3532 scripta

2244 3538 2492 3592 custodit
2520 3541 2561 3592 ².

2246 3627 2469 3681 CAPUT
2500 3627 2568 3683 Il.
2602 3656 2671 3667 —
2699 3629 2772 3681 De
2799 3643 2960 3683 versu
2993 3629 3215 3698 judicat
3242 3635 3636 3698 grammaticus
3665 3651 3734 3690 ea:
3765 3643 3962 3694 aucto-

2553 3717 2738 3784 ritate,
2769 3719 3002 3772 musicus
3040 3734 3106 3772 ex
3135 3722 3346 3775 ratione
3374 3727 3424 3775 et
3452 3738 3632 3778 sensu.

2312 3803 2365 3854 2.
2407 3802 2791 3866 Quamobrem
2820 3821 2946 3874 nos,
2996 3821 3127 3861 cum
3174 3808 3430 3865 rationes
3476 3813 3710 3869 musicae
3751 3831 3962 3886 perse-

2242 3891 2497 3960 quendas
2545 3893 2982 3963 susceperimus,
3015 3895 3188 3950 etiam
3235 3897 3284 3951 si
3322 3899 3507 3954 nescis
3555 3919 3685 3973 qua:
3731 3905 3963 3975 syllaba

2241 3979 2622 4049 corripienda,
2668 3997 2797 4052 quae
2844 3983 3218 4053 producenda
3261 3986 3369 4056 sit;
3403 4005 3714 4059 possumus
3751 3997 3961 4047 tamen

2241 4082 2356 4120 non
2393 4067 2661 4138 impediri
2708 4071 2812 4123 hac
2853 4071 3179 4141 ignorantia
3231 4079 3348 4140 tua,
3405 4079 3659 4150 satisque
3705 4081 3958 4147 habere,

2240 4155 2396 4224 quod
2424 4160 2477 4209 te
2527 4156 2993 4213 animadvertisse
3035 4161 3232 4217 dixisti
3279 4165 3418 4218 alias
3465 4168 3714 4238 syllabas
3755 4186 3960 4225 corre-

2239 4243 2473 4313 ptiores,
2508 4245 2646 4298 alias
2689 4247 3100 4316 productiores.
3135 4251 3321 4314 Quare
3362 4254 3505 4309 illud
3536 4272 3691 4310 nunc
3722 4274 3958 4330 quaero,

2240 4337 2430 4386 utrum
2459 4349 2629 4387 sonus
2672 4350 2938 4389 versuum
2979 4336 3286 4409 aliquando
3315 4345 3371 4395 te
3403 4342 3599 4414 aliqua
3635 4361 3742 4415 per
3780 4364 3959 4402 aures

2236 4421 2522 4492 voluptate
2552 4425 2937 4479 commoverit.
2987 4429 3053 4480 D.
3096 4429 3334 4483 Prorsus
3371 4432 3705 4502 saepissime,
3761 4435 3851 4490 ita
3893 4443 3959 4491 ut

2237 4525 2532 4580 nunquam
2558 4511 2674 4565 fere
2705 4513 2826 4567 sine
2849 4515 3219 4570 delectatione
3249 4535 3478 4574 versum
3508 4522 3795 4578 audierim
3814 4567 3828 4580 .
3864 4528 3952 4579 Μ.

2235 4597 2294 4651 Si
2333 4598 2460 4668 quis
2499 4615 2634 4669 ergo
2675 4600 2734 4653 in
2764 4618 2952 4669 versu,
2988 4620 3101 4674 quo
3134 4606 3330 4661 audito
3361 4608 3683 4680 delectaris,
3721 4629 3792 4667 eo
3826 4615 3956 4669 loco

2233 4702 2346 4756 quo
2377 4687 2521 4740 ratio
2549 4688 2803 4758 ejusdem
2846 4706 3042 4745 versus
3075 4708 3191 4746 non
3223 4697 3494 4766 postulat,
3530 4701 3620 4753 vel
3658 4703 3958 4771 producat

2235 4775 2502 4845 syllabas,
2534 4777 2621 4830 vel
2665 4777 2958 4848 corripiat,
3005 4796 3147 4835 num
3200 4785 3405 4839 eodem
3454 4788 3627 4843 modo
3669 4790 3956 4848 delectari

2233 4868 2393 4934 potes
2413 4863 2440 4916 Ἰ
2465 4867 2530 4919 D.
2553 4866 2674 4920 Imo
2697 4867 2896 4922 audire
2916 4869 3025 4922 hoc
3051 4870 3173 4925 sine
3192 4872 3506 4929 offensione
3527 4892 3650 4932 non
3678 4896 3951 4950 possum.

2231 4954 2306 5008 M.
2332 4953 2501 5042 iNullo
2523 4955 2692 5008 modo
2712 4954 2892 5025 igitur
2915 4957 3154 5014 dubium
3175 4966 3279 5028 est,
3305 4962 3446 5034 quin
3467 4971 3524 5020 te
3554 4966 3617 5020 in
3649 4984 3801 5024 sono
3836 4989 3954 5042 quo

2230 5044 2284 5094 te
2315 5041 2580 5096 delectari
2611 5043 2768 5110 dicis,
2806 5044 3086 5101 dimensio
3118 5051 3385 5119 quaedam
3414 5069 3807 5113 numerorum
3849 5041 3953 5115 de-

2231 5129 2411 5194 lectet,
2448 5146 2561 5201 qua
2590 5131 2918 5200 perturbata
2951 5135 3248 5192 delectatio
3275 5139 3375 5194 illa
3406 5141 3672 5200 exhiberi
3705 5149 3951 5203 auribus

2293 5255 2307 5318 ξ
2339 5253 2663 5318 Q/f'endit-ur,
2690 5254 2843 5318 juxta
2876 5257 3042 5308 Vatic.
3110 5262 3177 5310 M.

2289 5315 2512 5396 {1:13,
2530 5315 2939 5396 Eruet-adiuvatur.
2990 5323 3074 5396 Er:
3109 5325 3280 5396 Ιτψεξᾶ.⁸
3307 5326 3806 5396 Χζθηᾝσῑιιςίοάίτιηι
3824 5359 3844 5396 ;
3876 5338 3951 5386 sic

2226 5376 2382 5425 etiam
2409 5377 2501 5452 Ms:
2536 5379 2590 5426 B.
2617 5394 2629 5439 ;
2662 5383 2714 5427 at
2739 5382 2833 5429 Ms.
2860 5383 2921 5452 Αἔ
2949 5376 3217 5452 custodit,”
3231 5392 3288 5437 ut
3313 5376 3951 5452 signiseéiai"éﬁ'§£6diié

2225 5441 2777 5563 ggzlgiirmuqtgclgsaquerﬁ
2801 5445 2960 5506 paulo
2989 5451 3112 5497 ante
3143 5441 3472 5512 Augustinus
3495 5441 3950 5512 historiae-visust;

2571 5520 2586 5548 )
2652 5541 2659 5549 .
2789 5543 2797 5551 .

2571 5520 2659 5551 ΝΜ.
2733 5520 2797 5551 l‘l.
