4064 6382
152 298 268 352 1101

144 435 252 474 non
281 421 494 488 potest.
527 421 604 476 D.
638 419 996 477 Manifestum
1025 422 1224 478 est.M.
1264 419 1362 475 Dic
1391 419 1535 476 mihi
1565 422 1834 493 deinceps

147 507 292 580 quod
323 508 396 563 ad
426 524 633 562 sonum
674 525 867 563 versus
893 508 1114 576 attinet,
1155 509 1297 580 quid
1349 509 1590 578 intersit,
1637 515 1834 566 utrum

146 598 344 658 dicam,
369 599 546 652 Arma
574 601 857 666 virumque
878 615 1031 667 cano,
1059 600 1233 668 Troja
1257 601 1355 669 qui
1377 602 1590 668 primus
1612 600 1679 654 ab
1700 602 1829 654 oris:

147 703 213 740 an
240 689 336 755 qui
349 689 551 756 primis
577 688 644 741 ab
666 690 796 742 oris.
826 689 901 743 D.
935 687 1070 742 Mihi
1100 704 1233 742 vero
1279 693 1605 758 utrumque,
1651 705 1832 759 quan-

144 781 263 830 tum
291 776 361 830 ad
390 775 549 830 illam
581 775 997 830 dimensionem
1028 777 1294 847 pertinet,
1329 776 1480 831 idem
1526 782 1706 831 sonat.
1753 779 1828 832 Μ.

145 867 212 918 At
242 865 259 900 ί
285 864 393 919 hoc
425 881 553 919 mea
573 865 1041 935 pronuntiatione
1071 865 1282 919 factum
1303 869 1405 932 est,
1439 882 1570 920 cum
1591 882 1657 921 eo
1689 865 1833 920 scili-

145 956 226 1006 cet
255 951 391 1006 vitio
423 953 579 1023 quod
599 952 1016 1006 barbarismum
1049 953 1408 1023 grammatici
1433 958 1668 1008 vocant:
1696 970 1830 1008 nam

139 1042 367 1111 primus,
398 1039 573 1111 longa
618 1045 703 1094 est
731 1045 786 1095 et
823 1041 1010 1095 brevis
1060 1041 1310 1112 syllaba;
1368 1043 1562 1110 primis
1615 1046 1826 1102 autem,

142 1129 318 1183 amba
343 1129 725 1199 producenda
753 1133 916 1185 sunt:
942 1130 1038 1184 sed
1069 1145 1173 1200 ego
1202 1130 1463 1186 ultimam
1489 1146 1685 1184 earum
1706 1145 1831 1184 cor-

139 1217 285 1288 ripui
309 1235 323 1284 ;
350 1217 429 1271 ita
459 1217 602 1271 nihil
633 1217 846 1272 fraudis
875 1235 1054 1288 passa
1086 1222 1219 1272 sunt
1246 1234 1412 1272 aures
1439 1223 1572 1273 tua.
1616 1219 1827 1282 Quam-

140 1307 334 1360 obrem
363 1305 510 1360 illud
539 1305 709 1360 etiam
744 1310 912 1378 atque
947 1307 1120 1361 etiam
1149 1307 1488 1362 tentandum
1509 1311 1612 1374 est,
1634 1312 1830 1361 utrum

135 1412 221 1450 me
248 1395 661 1466 pronuntiante
693 1395 924 1462 sentias,
957 1395 1097 1466 quid
1127 1395 1200 1450 sit
1230 1393 1253 1428 ³
1287 1395 1347 1449 in
1377 1395 1609 1466 syllabis
1642 1395 1738 1450 diu
1775 1399 1831 1449 et

135 1501 245 1540 non
273 1483 392 1550 diu,
425 1488 488 1538 ut
533 1488 729 1538 nostra
752 1484 1082 1554 disputatio,
1132 1500 1225 1538 me
1259 1483 1651 1553 interrogante
1683 1500 1745 1536 ac
1775 1487 1830 1537 te

132 1573 534 1644 respondente,
567 1572 711 1627 sicut
745 1572 1120 1642 instituimus,
1143 1572 1326 1642 possit
1355 1571 1680 1642 procedere.
1716 1573 1828 1624 lta-

135 1677 240 1733 que
262 1661 387 1732 jam
416 1661 685 1716 eumdem
729 1677 955 1715 versum
999 1659 1060 1714 in
1089 1676 1202 1731 quo
1231 1659 1652 1713 barbarismum
1679 1658 1828 1713 fece-

131 1767 271 1820 ram,
303 1755 579 1820 repetam,
614 1753 670 1803 et
688 1749 848 1803 illam
879 1749 1152 1819 syllabam
1185 1764 1379 1818 quam,
1417 1763 1488 1801 ne
1521 1753 1634 1801 tua
1663 1763 1829 1800 aures

134 1839 576 1906 offenderentur,
611 1837 883 1908 corripui,
914 1838 1250 1908 producam,
1276 1841 1342 1891 ut
1360 1835 1718 1907 grammatici
1733 1836 1828 1906 ju-

131 1929 292 1984 bent:
327 1931 388 1982 tu
419 1927 560 1981 mihi
614 1927 964 1992 renuntiato,
989 1931 1183 1980 utrum
1204 1926 1302 1980 illa
1329 1941 1520 1980 versus
1549 1924 1829 1980 dimensio

134 2033 361 2071 sensum
399 2020 563 2070 tuum
594 2017 791 2070 eadem
823 2015 1031 2069 efﬁciat
1051 2015 1376 2086 voluptate:
1410 2013 1488 2067 sic
1513 2013 1667 2068 enim
1694 2029 1828 2084 pro-

134 2106 418 2173 nuntiem,
448 2108 634 2160 .4rma
663 2107 949 2172 virumque
983 2119 1135 2159 cano.
1189 2105 1363 2173 Troyae
1393 2103 1491 2170 qui
1513 2104 1712 2171 primis
1759 2102 1826 2156 ab

134 2197 260 2250 oris.
296 2195 368 2248 D.
402 2195 562 2249 Nunc
618 2210 748 2248 vero
796 2209 1006 2263 negare
1050 2208 1166 2246 non
1207 2207 1460 2262 possum,
1493 2190 1683 2245 nescio
1715 2206 1829 2262 qua

135 2283 254 2338 soni
275 2282 639 2337 deformitate
669 2298 760 2336 me
792 2282 1094 2336 offensum.
1124 2282 1198 2336 M.
1228 2281 1356 2335 Non
1378 2278 1627 2350 injuria:
1654 2295 1830 2350 quan-

140 2389 312 2444 quam
370 2369 524 2427 enim
568 2371 956 2426 barbarismus
1003 2371 1184 2425 factus
1237 2385 1352 2424 non
1398 2369 1486 2436 sit,
1547 2368 1604 2423 id
1634 2373 1827 2422 tamen

136 2461 337 2516 vitium
367 2460 582 2515 factum
613 2464 715 2525 est,
771 2458 925 2530 quod
954 2463 1010 2512 et
1056 2458 1427 2529 grammatica
1447 2457 1829 2528 reprehendat

137 2554 190 2604 et
233 2549 483 2605 musica:
535 2548 926 2620 grammatica,
978 2547 1114 2618 quia
1161 2545 1222 2601 id
1253 2545 1514 2614 verbum,
1545 2546 1706 2616 cujus
1730 2561 1830 2600 no-

134 2637 359 2692 vissima
389 2637 604 2708 syllaba
651 2635 1017 2708 producenda
1048 2637 1150 2698 est,
1182 2650 1249 2689 eo
1294 2634 1417 2688 loco
1456 2633 1708 2704 positum
1747 2637 1832 2688 est

135 2727 230 2781 ubi
261 2725 629 2797 corripienda
682 2724 826 2796 poni
877 2724 1112 2792 debuit;
1146 2722 1364 2778 musica
1400 2738 1531 2776 vero
1579 2725 1828 2777 tantum-

135 2816 303 2870 modo
351 2815 489 2887 quia
518 2814 797 2884 producta
823 2813 1096 2883 quaelibet
1143 2827 1249 2865 vox
1302 2814 1385 2864 est
1441 2826 1507 2865 eo
1538 2811 1682 2878 loco,
1714 2826 1828 2881 quo

134 2904 339 2975 corripi
369 2903 687 2975 oportebat,
743 2906 798 2955 et
841 2906 1065 2971 tempus
1114 2899 1372 2954 debitum
1423 2899 1578 2970 quod
1625 2914 1828 2953 nume-

135 3010 258 3048 rosa
304 2991 584 3047 dimensio
623 2979 971 3061 postulabat,
1021 2987 1309 3042 redditum
1365 3003 1484 3040 non
1528 2990 1633 3041 est.
1679 2987 1828 3050 Quo-

135 3079 278 3135 circa
307 3081 356 3134 si
379 3080 502 3151 jam
556 3078 689 3133 satis
747 3077 1022 3132 discernis
1077 3077 1216 3148 quid
1261 3093 1480 3144 sensus,
1534 3075 1672 3147 quid
1727 3092 1828 3130 au-

136 3169 358 3224 ctoritas
411 3168 679 3240 postulet,
754 3166 1016 3237 sequitur
1069 3169 1135 3220 ut
1190 3164 1500 3231 videamus,
1565 3164 1662 3218 ille
1705 3163 1829 3234 ipse

135 3274 331 3312 sensus
358 3274 460 3312 cur
487 3257 627 3310 alias
657 3256 970 3310 delectetur
996 3254 1059 3308 in
1113 3253 1264 3308 sonis
1295 3255 1384 3307 vel
1422 3253 1712 3324 productis
1741 3253 1829 3308 vel

137 3344 432 3414 correptis,
462 3342 601 3397 alias
629 3341 986 3396 offendatur:
1021 3340 1076 3394 id
1107 3344 1190 3394 est
1221 3339 1377 3395 enim
1406 3339 1560 3410 quod
1607 3339 1677 3392 ad
1707 3338 1828 3409 diu,

137 3437 192 3487 et
236 3449 349 3486 non
383 3431 483 3486 diu
511 3429 778 3502 pertinet.
810 3429 992 3493 Quam
1035 3433 1258 3500 partem
1301 3445 1404 3483 nos
1434 3426 1829 3499 explicandam

136 3519 447 3592 suscepisse
478 3519 642 3575 credo
674 3519 830 3590 quod
880 3517 1230 3572 memineris.
1283 3518 1358 3573 D.
1413 3517 1528 3587 Ego
1584 3531 1716 3570 vero
1775 3519 1830 3570 et

136 3609 273 3664 illud
305 3609 566 3677 discrevi,
599 3614 656 3663 et
683 3609 790 3662 hoc
819 3607 1078 3676 memini,
1111 3610 1167 3661 et
1209 3622 1276 3662 ea
1323 3622 1453 3677 qua
1513 3609 1830 3675 sequuntur

135 3698 516 3756 intentissima
553 3701 836 3768 exspecto.

419 3788 643 3842 CAPUT
675 3787 771 3841 IlI.
803 3817 875 3826 —
898 3779 1248 3854 Syllabarum
1287 3788 1545 3854 tempora.

205 3879 256 3932 3.
289 3879 368 3933 M.
410 3877 546 3941 Qua
577 3880 764 3947 putas,
800 3874 911 3928 nisi
939 3879 1004 3928 ut
1033 3872 1376 3944 incipiamus
1405 3871 1632 3926 sibimet
1661 3871 1829 3942 sylla-

134 3965 232 4020 bas
263 3981 614 4036 comparare,
646 3969 703 4018 et
729 3963 923 4018 videre
963 3978 1103 4033 quos
1133 3977 1402 4016 numeros
1459 3961 1530 4015 ad
1559 3975 1676 4014 sese
1727 3960 1830 4014 ha-

134 4054 332 4122 beant;
359 4053 504 4108 sicut
531 4053 600 4108 de
630 4052 878 4107 motibus
901 4052 1023 4123 jam
1038 4050 1189 4105 inter
1211 4066 1316 4104 nos
1340 4053 1458 4104 tam
1486 4049 1833 4119 longasupe—

134 4142 252 4198 rius
280 4143 504 4198 ratione
531 4146 836 4197 tractatum
864 4142 996 4195 est?
1025 4141 1090 4194 In
1121 4143 1281 4193 motu
1311 4141 1395 4192 est
1450 4137 1603 4191 enim
1659 4136 1832 4191 etiam

136 4247 306 4287 omne
338 4232 497 4304 quod
524 4234 686 4285 sonat
710 4247 722 4296 ;
750 4234 809 4285 et
830 4229 1062 4300 syllaba
1083 4227 1279 4298 utique
1310 4229 1547 4281 sonant:
1573 4241 1645 4280 an
1674 4225 1834 4296 quid-

137 4337 309 4391 quam
339 4321 551 4376 horum
582 4317 780 4390 negari
808 4317 1040 4388 potest?
1071 4317 1144 4383 D,
1181 4315 1348 4370 Nullo
1377 4313 1570 4368 modo.
1595 4315 1668 4368 M.
1693 4313 1834 4369 Cum

137 4424 272 4481 ergo
301 4410 458 4464 inter
477 4425 535 4462 se
551 4408 784 4479 syllaba
813 4405 1200 4472 conferuntur,
1223 4407 1410 4458 motus
1431 4401 1665 4473 quidam
1686 4401 1838 4456 inter

137 4514 192 4554 se
207 4498 604 4565 conferuntur,
633 4496 693 4551 in
723 4495 930 4568 quibus
960 4493 1180 4565 possint
1204 4491 1430 4548 numeri
1451 4491 1840 4563 quidamtem-

135 4588 289 4659 poris
314 4593 336 4623 ⁸
377 4602 650 4641 mensura
678 4582 1071 4639 diuturnitatis
1103 4581 1338 4652 inquiri.
1388 4582 1463 4635 D.
1510 4581 1593 4634 Ita
1630 4583 1729 4634 est.
1765 4583 1834 4635 Μ.

137 4678 282 4731 Num
314 4676 499 4748 igitur
529 4679 710 4746 potest
739 4673 848 4728 sibi
889 4689 1000 4727 una
1048 4671 1266 4742 syllaba
1305 4669 1667 4740 comparari?
1698 4669 1839 4722 Nam

137 4781 370 4821 omnem
403 4763 909 4836 comparationem,
949 4760 1062 4816 nisi
1089 4764 1151 4814 tu
1181 4759 1339 4814 aliud
1366 4763 1552 4830 putes,
1586 4757 1839 4828 singula-

139 4853 276 4908 ritas
305 4854 480 4925 fugit.
503 4854 578 4907 D.
613 4851 766 4906 Nihil
790 4856 928 4923 puto
952 4849 1125 4905 aliud.
1157 4851 1230 4904 M.
1261 4846 1448 4912 Quid?
1465 4863 1581 4901 una
1597 4845 1718 4912 uni,
1743 4849 1843 4900 aut

140 4958 257 4997 una
308 4943 402 4997 vel
462 4941 589 4996 dua
623 4940 842 4996 duabus
870 4940 956 4994 vel
979 4939 1182 5006 tribus,
1206 4935 1544 5006 etdeinceps
1568 4934 1631 4990 in
1659 4933 1839 5005 pluri-

140 5031 266 5099 bus,
300 5030 450 5103 quin
502 5029 723 5102 possint
770 5029 996 5085 sibimet
1036 5026 1302 5091 conferri,
1338 5041 1478 5079 num
1509 5039 1680 5094 negas
1707 5024 1736 5077 ‘P
1768 5023 1839 5076 D.

143 5121 277 5186 Quis
311 5121 428 5175 hoc
480 5117 819 5190 negaverit?
861 5121 937 5174 Μ.
972 5119 1188 5173 Rursus
1216 5116 1322 5170 hoc
1350 5113 1493 5177 vide,
1528 5110 1845 5184 quamlibet

141 5210 428 5282 syllabam
440 5209 670 5264 brevem
682 5207 1034 5278 minimeque
1047 5206 1146 5261 diu
1157 5203 1611 5277 pronuntiatam,
1635 5204 1689 5255 et
1713 5216 1846 5254 mox

142 5304 204 5354 ut
232 5297 499 5371 eruperit
525 5297 903 5361 desinentem,
936 5311 1209 5367 occupare
1248 5299 1440 5350 tamen
1485 5291 1548 5347 in
1588 5295 1846 5361 tempore

202 5444 216 5476 ¹
253 5441 316 5504 in
349 5441 434 5504 Β..
464 5442 553 5504 et;
583 5439 705 5504 Mss_.
734 5436 926 5504 A_etp,
954 5435 1030 5485 at.
1092 5495 1105 5504 _
1152 5434 1226 5504 nM.
1309 5495 1318 5504 _
1450 5493 1462 5504 ‘
1506 5494 1538 5504 η

199 5504 220 5538 2
257 5502 346 5552 Sic
369 5492 564 5575 ΜέεηᾹ
593 5503 645 5549 et
674 5501 735 5572 β.
770 5500 829 5548 In
853 5492 940 5556 Βζ,
971 5495 1106 5607 quod
1138 5493 1222 5562 ﬁt,
1249 5495 1428 5546 minus
1449 5493 1610 5544 latine
1674 5492 1746 5540 M.

203 5566 223 5599 3
252 5568 549 5607 Temnnns.
583 5565 653 5607 et.
680 5566 826 5607 quta
854 5561 947 5607 Ms.
974 5583 990 5607 ι
1020 5595 1032 5607 .
1165 5559 1226 5606 Μ.

1188 5434 1208 5482 1

203 5566 223 5599 ³
252 5565 549 5629 Temporis,
583 5565 653 5623 et,
675 5562 826 5625 juxta
854 5561 947 5609 Ms.
974 5559 1032 5607 λ.
1165 5559 1226 5606 Μ’.

1569 299 1783 355 LIBER
1822 299 2206 358 SECUNDUS.

3498 310 3635 368 1102

1941 425 2154 496 aliquid
2185 425 2375 496 spatii,
2407 429 2464 480 et
2487 426 2696 482 habere
2725 428 3032 498 quamdam
3048 429 3332 485 morulam
3352 447 3531 488 suam.
3554 435 3630 488 D.

1947 513 2116 567 Video
2144 529 2373 568 necesse
2404 531 2524 570 esse
2555 517 2708 588 quod
2737 516 2895 572 dicis.
2927 519 3001 573 Μ.
3029 517 3128 572 Dic
3156 535 3327 586 nunc,
3352 523 3502 576 unde
3525 539 3634 578 nu-

1941 617 2165 656 merum
2195 602 2573 659 exordiamur.
2608 605 2682 659 D.
2729 605 2813 660 Ab
2841 622 2955 660 uno
2985 605 3217 662 scilicet.
3263 610 3347 664 Μ.
3385 609 3508 664 Non
3537 611 3638 666 ab-

1939 690 2110 744 surde
2139 687 2318 760 igitur
2349 691 2458 745 hoc
2487 691 2547 746 in
2576 696 2834 764 tempore
2881 694 3044 766 quasi
3081 694 3388 751 minimum
3442 698 3633 768 spatii,

1941 778 2096 848 quod
2123 777 2310 832 brevis
2340 777 2557 833 obtinet
2585 781 2816 851 syllaba,
2848 798 3030 836 unum
3060 786 3287 854 tempus
3317 787 3532 838 veteres
3545 801 3638 840 vo-

1941 868 2246 918 caverunt:
2285 881 2317 918 a
2343 863 2502 919 brevi
2532 865 2687 919 enim
2718 867 2789 920 ad
2841 868 3072 938 longam
3101 870 3526 940 progredimur.
3557 872 3634 926 D.

1941 953 2148 1008 Verum
2175 957 2278 1009 est.
2311 955 2386 1008 Μ.
2419 953 2690 1024 Sequitur
2708 955 2852 1025 jam,
2884 960 2943 1010 ut
2959 957 3098 1012 illud
3119 974 3345 1030 quoque
3375 959 3652 1014 animad-’

1939 1045 2142 1106 vertas,
2177 1040 2452 1112 quoniam
2484 1045 2545 1096 ut
2588 1041 2650 1096 in
2708 1043 2958 1097 numeris
2984 1045 3052 1098 ab
3081 1061 3196 1099 uno
3255 1048 3328 1101 ad
3386 1047 3498 1101 duo
3551 1053 3637 1102 est

1939 1130 2126 1201 prima
2152 1132 2472 1202 progressio
2503 1151 2519 1198 ;
2550 1130 2626 1185 ita
2651 1134 2712 1185 in
2725 1132 2972 1202 syllabis,
3001 1149 3114 1204 qua
3136 1136 3151 1171 ¹
3175 1135 3390 1190 scilicet
3418 1153 3449 1190 a
3478 1135 3638 1190 brevi

1938 1219 2008 1272 ad
2037 1219 2270 1290 longam
2290 1219 2709 1291 progredimur,
2734 1220 2968 1290 longam
2981 1221 3222 1291 duplum
3239 1224 3513 1294 temporis
3531 1225 3634 1280 ba-

1939 1307 2072 1362 bere
2103 1308 2345 1362 debere:
2375 1324 2439 1361 ac
2467 1323 2570 1378 per
2623 1309 2730 1363 hoc
2772 1308 2819 1362 si
2849 1309 3098 1379 spatium
3130 1311 3279 1380 quod
3310 1311 3497 1366 brevis
3535 1329 3636 1368 oc-

1940 1400 2129 1466 cupat,
2151 1401 2302 1450 recte
2315 1413 2498 1451 unum
2518 1400 2745 1468 tempus
2761 1402 2992 1452 vocatur
3017 1414 3030 1465 ;
3059 1398 3310 1468 spatium
3323 1398 3460 1454 item
3481 1401 3633 1471 quod

1937 1484 2109 1556 longa
2139 1488 2396 1555 occupat,
2421 1489 2570 1540 recte
2603 1486 2715 1540 duo
2745 1490 3006 1558 tempora
3025 1485 3341 1542 nominari.
3371 1489 3444 1543 D.
3465 1490 3637 1545 Recte

1939 1589 2173 1644 prorsus
2201 1591 2214 1629 :
2237 1589 2373 1628 nam
2402 1573 2460 1627 id
2489 1573 2770 1628 rationem
2795 1575 3084 1644 postulare
3110 1575 3424 1631 consentio.

2293 1663 2516 1717 CAPUT
2546 1663 2636 1718 IV.
2669 1693 2737 1701 —
2760 1663 2922 1718 Pedes
2975 1663 3280 1732 dissyliabi.

2007 1750 2060 1805 4.
2093 1752 2166 1805 Μ.
2203 1752 2341 1821 Age,
2372 1767 2525 1805 nunc
2583 1751 2908 1806 collationes
2959 1752 3111 1821 ipsas
3140 1751 3467 1806 videamus:
3503 1767 3638 1807 nam

1936 1851 2052 1892 una
2071 1839 2255 1893 brevis
2284 1839 2500 1910 syllaba
2547 1839 2617 1893 ad
2655 1838 2828 1893 unam
2859 1839 3093 1894 brevem
3145 1840 3421 1911 syllabam
3446 1856 3638 1911 quare

1937 1941 2109 1997 quam
2138 1926 2423 1980 rationem
2448 1926 2554 1981 tibi
2582 1927 2792 1981 habere
2820 1927 3095 1995 videatur,
3123 1928 3210 1981 vel
3241 1927 3301 1982 hi
3333 1933 3520 1983 motus
3540 1925 3652 1984 in—'

1937 2018 2025 2067 ter
2053 2031 2112 2068 se
2141 2013 2280 2085 quid
2308 2017 2605 2071 vocentur.
2641 2013 2949 2069 Meministi
2983 2015 3159 2081 enim,
3192 2014 3304 2069 nisi
3335 2015 3522 2083 fallor,
3573 2015 3637 2070 in

1937 2102 2231 2172 superiore
2262 2118 2523 2157 sermone
2553 2119 2657 2158 nos
2688 2103 2954 2158 omnibus
2984 2103 3256 2171 motibus,
3289 2103 3557 2175 quiinter
3577 2120 3636 2160 se

1936 2191 2129 2263 aliqua
2155 2191 2566 2246 numerositate
2588 2191 2949 2257 conveniunt,
2975 2190 3313 2262 imposuisse
3337 2185 3632 2247 vocabula.

1938 2280 2012 2335 D.
2051 2281 2321 2352 Equales
2334 2297 2428 2335 eos
2447 2280 2688 2335 memini
2718 2279 3039 2334 nominatos
3065 2296 3077 2335 :
3102 2281 3458 2336 tantumdem
3484 2280 3637 2336 enim

1937 2369 2009 2424 ad
2057 2385 2178 2424 sese
2207 2369 2420 2425 habent
2465 2368 2764 2440 temporis.
2807 2371 2882 2425 M.
2916 2369 3025 2423 Sed
3074 2367 3243 2424 istam
3273 2369 3636 2424 collationem

1937 2457 2284 2527 syllabarum
2315 2473 2429 2529 qua
2451 2457 2558 2513 sibi
2582 2458 2701 2528 jam
2734 2457 3105 2512 conferuntur
3132 2462 3193 2512 ut
3215 2457 3459 2512 habeant
3479 2458 3551 2512 ad
3578 2474 3638 2513 se

1938 2544 2161 2616 aliquos
2191 2561 2482 2616 numeros,
2516 2562 2655 2600 num
2685 2561 2880 2600 censes
2909 2544 3031 2599 sine
3062 2545 3336 2600 vocabulo
3379 2561 3499 2599 esse
3540 2560 3636 2600 re-

1937 2633 2357 2705 linquendam?
2384 2635 2456 2689 D.
2505 2635 2632 2689 Non
2668 2638 2828 2706 puto.
2874 2636 2952 2690 M.
3009 2633 3185 2704 Atqui
3213 2633 3371 2700 scias,
3418 2637 3637 2690 veteres

1937 2723 2146 2793 pedem
2184 2738 2542 2793 nuncupasse
2593 2723 2766 2777 talem
2807 2721 3174 2776 collationem
3203 2737 3496 2776 sonorum.
3528 2720 3638 2776 Sed

1938 2827 2233 2882 quousque
2263 2811 2474 2882 pedem
2502 2809 2770 2881 progredi
2798 2809 2944 2865 ratio
2983 2809 3152 2876 sinat,
3184 2809 3490 2881 diligenter
3538 2809 3636 2864 ad-

1935 2899 2270 2954 vertendum
2302 2903 2404 2954 est.
2430 2899 2810 2963 Quamobrem
2831 2899 2955 2969 jam
2997 2897 3087 2952 dic
3114 2897 3310 2964 etiam,
3342 2897 3526 2952 brevis
3579 2902 3637 2952 et

1936 2985 2108 3056 longa
2134 2986 2345 3057 syllaba
2376 3003 2490 3057 qua
2508 2985 2617 3040 sibi
2640 2985 2859 3040 ratione
2872 2985 3246 3040 conferuntur
3263 2985 3378 3040 7D.
3393 2985 3631 3056 Opinor,

1938 3089 2005 3128 ex
2037 3074 2136 3130 illo
2166 3091 2374 3145 genere
2404 3091 2797 3141 numerorum,
2840 3091 2980 3146 quos
3009 3074 3378 3146 complicatos
3407 3074 3631 3129 vocavi-

1938 3179 2086 3231 mus,
2117 3163 2284 3217 istam
2313 3163 2676 3218 collationem
2705 3179 2937 3218 manere
2961 3180 2973 3218 :
3003 3163 3284 3234 siquidem
3305 3162 3368 3217 in
3397 3179 3463 3216 ea
3493 3163 3633 3218 sim-

1935 3253 2096 3323 plum
2126 3252 2194 3306 ad
2223 3253 2463 3322 duplum
2493 3253 2763 3306 collatum
2815 3268 2936 3306 esse
2987 3252 3172 3321 video,
3204 3251 3262 3306 id
3319 3255 3406 3306 est
3453 3267 3632 3305 unum

1936 3344 2161 3411 tempus
2191 3340 2377 3395 brevis
2403 3341 2633 3412 syllaba
2658 3340 2731 3395 ad
2760 3341 2871 3395 duo
2888 3345 3148 3411 tempora
3168 3340 3359 3410 longa
3379 3339 3631 3410 syllaba.

1937 3432 2011 3486 M.
2044 3431 2186 3496 Quid
2215 3430 2262 3485 si
2279 3429 2361 3485 ita
2390 3430 2752 3501 ordinentur,
2779 3435 2843 3485 ut
2871 3430 3032 3501 prius
3062 3432 3253 3501 longa,
3274 3429 3478 3485 deinde
3511 3431 3636 3486 bre-

1936 3520 2020 3575 vis
2045 3520 2260 3592 syllaba
2286 3519 2728 3590 pronuntietur?
2747 3535 2889 3574 num
2920 3520 3054 3591 quia
3085 3519 3223 3574 ordo
3254 3522 3508 3575 mutatus
3529 3523 3634 3587 est,

1936 3609 2066 3664 ideo
2105 3608 2576 3679 complicatorum
2606 3625 2981 3663 numerorum
3027 3607 3174 3662 ratio
3231 3623 3350 3662 non
3399 3609 3640 3662 manet?

1938 3699 2081 3753 Nam
2113 3696 2259 3751 utin
2288 3697 2386 3751 illo
2415 3697 2561 3768 pede
2589 3696 2859 3766 simplum
2908 3697 2978 3751 ad
3031 3697 3290 3767 duplum,
3321 3695 3402 3750 ita
3429 3695 3487 3750 in
3526 3695 3638 3751 isto

1940 3786 2179 3857 duplum
2213 3785 2284 3839 ad
2313 3785 2585 3856 simplum
2617 3785 2926 3840 invenitur.
2960 3786 3035 3840 D.
3075 3787 3159 3840 Ita
3187 3788 3292 3839 est.
3324 3785 3398 3839 M.
3446 3783 3590 3848 Quid
3610 3787 3642 3838 ‘2

1938 3875 1999 3930 in
2026 3875 2171 3945 pede
2205 3874 2448 3928 duarum
2469 3874 2795 3944 longarum,
2825 3890 3019 3928 nonne
3050 3873 3164 3928 duo
3208 3876 3470 3944 tempora
3496 3873 3638 3927 duo-

1938 3963 2045 4018 bus
2075 3962 2431 4033 temporibus
2458 3962 2827 4016 conferuntur
2851 3963 2881 4016 ?
2900 3963 2977 4018 D.
3024 3961 3385 4017 Manifestum
3415 3964 3516 4016 est.
3547 3963 3629 4016 M.

1942 4054 2016 4108 Ex
2038 4067 2164 4122 qua
2188 4066 2326 4121 ergo
2357 4049 2575 4104 ratione
2605 4049 2831 4104 ducitur
2857 4048 2966 4104 ista
2995 4049 3260 4104 collatio?
3306 4051 3381 4105 D.
3442 4050 3519 4104 Ex
3548 4064 3642 4104 eo-

1940 4156 2070 4195 rum
2100 4138 2311 4194 scilicet
2331 4138 2430 4210 qui
2457 4138 2702 4210 aquales
2725 4137 2996 4209 appellati
3025 4141 3176 4193 sunt.

2012 4233 2063 4284 5.
2087 4231 2161 4286 M.
2194 4231 2332 4300 Age,
2368 4243 2519 4282 nunc
2547 4226 2637 4283 dic
2664 4227 2829 4292 mihi,
2883 4242 2952 4282 ex
2979 4243 3094 4298 quo
3127 4243 3160 4281 a
3207 4225 3428 4281 duabus
3457 4224 3642 4280 brevi-

1943 4317 2049 4372 bus
2082 4316 2195 4371 orsi
2225 4317 2298 4372 ad
2345 4317 2484 4371 duas
2535 4316 2779 4387 syllabas
2811 4316 3015 4386 longas
3057 4314 3445 4385 pervenimus,
3504 4319 3651 4385 quot

1942 4405 2158 4477 pedum
2191 4405 2520 4461 collationes
2550 4403 3004 4460 tractaverimus.
3036 4403 3110 4458 D.
3167 4403 3457 4468 Quatuor:
3507 4419 3647 4457 nam

1946 4495 2132 4566 primo
2165 4495 2234 4550 de
2269 4495 2492 4549 duabus
2538 4493 2804 4549 brevibus
2855 4493 3069 4548 dictum
3125 4499 3231 4559 est,
3289 4491 3544 4548 secundo
3576 4491 3648 4546 de

1944 4581 2104 4637 brevi
2134 4586 2191 4637 et
2217 4581 2411 4652 longa,
2443 4581 2610 4636 tertio
2656 4582 2726 4636 de
2771 4582 2946 4651 longa
2997 4583 3053 4634 et
3107 4579 3285 4647 brevi,
3341 4583 3546 4651 quarto
3576 4580 3649 4634 de

1943 4670 2164 4724 duabus
2186 4669 2390 4741 longis.
2409 4671 2480 4723 Μ.
2504 4670 2653 4723 Num
2674 4672 2910 4738 possunt
2935 4683 3056 4721 esse
3072 4667 3268 4737 plures
3294 4683 3471 4738 quam
3501 4683 3646 4740 qua-

1947 4761 2096 4824 tuor,
2129 4773 2260 4812 cum
2291 4757 2418 4811 dua
2457 4757 2690 4828 syllaba
2714 4755 2944 4810 sibimet
2967 4755 3384 4810 conferuntur?
3403 4757 3480 4810 D.
3511 4756 3649 4811 Nul-

1948 4845 2003 4900 lo
2031 4844 2238 4901 modo:
2269 4861 2406 4899 nam
2431 4861 2563 4899 cum
2593 4843 2826 4916 syllaba
2853 4845 3006 4898 hunc
3035 4843 3274 4899 modum
3303 4837 3646 4914 acceperint,

1948 4941 2013 4991 ut
2038 4935 2226 4990 brevis
2265 4952 2446 4991 unum
2478 4939 2724 5006 tempus,
2765 4936 2938 5006 longa
2981 4935 3094 4990 duo
3133 4934 3359 5002 habeat,
3404 4949 3650 5004 cumque

1951 5025 2165 5096 syllaba
2195 5023 2381 5079 omnis
2410 5027 2510 5079 aut
2536 5023 2724 5078 brevis
2744 5027 2842 5078 aut
2870 5024 3045 5094 longa
3065 5023 3169 5091 sit;
3205 5039 3320 5094 quo
3345 5026 3512 5093 pacto
3541 5018 3651 5073 sibi

1949 5115 2184 5182 possunt
2215 5111 2342 5166 dua
2373 5111 2603 5182 syllaba
2635 5111 2958 5183 comparari
2987 5114 3158 5183 atque
3179 5109 3435 5182 copulari
3463 5111 3528 5163 ut
3554 5122 3649 5178 pe-

1953 5199 2083 5254 dem
2111 5199 2338 5266 faciant,
2375 5198 2485 5254 nisi
2516 5204 2615 5255 aut
2637 5199 2824 5255 brevis
2853 5205 2910 5254 et
2927 5199 3114 5254 brevis
3142 5200 3234 5265 sit,
3270 5201 3367 5251 aut
3392 5194 3582 5250 brevis
3595 5198 3652 5248 et

1953 5289 2144 5360 longa,
2178 5292 2277 5343 aut
2308 5289 2480 5360 longa
2509 5293 2566 5344 et
2595 5289 2802 5356 brevis,
2834 5292 2933 5343 aut
2963 5284 3428 5356 longaetlonga?
3449 5283 3524 5336 Μ.
3550 5279 3651 5335 Dic

1955 5376 2130 5433 etiam
2159 5380 2298 5448 quot
2324 5377 2532 5433 habeat
2553 5376 3087 5449 temporabinarum
3111 5370 3456 5442 syllabarum
3474 5367 3650 5423 mini-

2026 5553 2037 5584 ¹
2077 5549 2230 5608 Quia,
2253 5550 2399 5614 juxta
2429 5551 2522 5600 Ms.
2555 5550 2612 5605 Α,
2743 5552 2810 5597 Μ.
