4064 6356
403 334 540 388 1103

400 469 530 510 mus
557 467 676 523 pes,
709 451 852 519 quot
869 446 1009 501 item
1021 443 1321 499 maximus.
1338 440 1413 494 D.
1437 439 1556 493 Duo
1571 435 1806 504 ille,iste
1827 437 2087 505 quatuor.

401 544 478 600 M.
505 521 742 595 Videsne
776 539 837 589 ut
859 531 1180 606 progressio
1206 529 1316 585 nisi
1343 543 1524 598 usque
1556 525 1627 580 ad
1665 521 2094 595 quaternarium

405 643 712 686 numerum
742 624 867 679 ﬁeri
897 639 1014 677 non
1041 619 1311 692 potuerit,
1347 616 1462 672 sive
1500 615 1561 669 in
1599 612 1860 685 pedibus,
1891 609 2006 663 sive
2034 608 2095 661 in

406 713 803 788 temporibus?
846 713 921 767 D.
958 711 1128 765 Video
1169 709 1362 779 plane,
1411 709 1466 759 et
1517 702 1778 757 recordor
1815 699 2096 788 rationem

407 786 821 880 progressiOnis
852 801 911 854 in
952 797 1226 859 numeris,
1250 799 1419 866 atque
1457 793 1615 847 illam
1651 790 1765 843 vim
1795 787 1887 842 hic
1924 786 2097 840 etiam

408 876 596 950 inesse
629 890 810 945 sentio
841 904 972 943 cum
1003 902 1213 956 magna
1241 881 1417 937 animi
1445 881 1752 950 voluptate.
1794 879 1868 931 M.
1901 876 2098 929 Nonne

411 997 547 1051 ergo
578 994 792 1044 censes,
841 991 973 1030 cum
1002 974 1172 1046 pedes
1200 970 1427 1042 syllabis
1456 972 1733 1032 constent,
1773 965 1831 1019 id
1880 966 1964 1016 est
1993 961 2101 1015 dis-

411 1047 602 1124 tinctis
632 1071 688 1120 et
716 1063 880 1136 quasi
919 1059 1228 1116 articulatis
1266 1057 1513 1112 motibus
1543 1053 1642 1126 qui
1674 1057 1808 1106 sunt
1837 1051 1899 1104 in
1927 1047 2099 1112 sonis,

413 1154 644 1227 syllaba).
671 1132 864 1206 autem
893 1149 1199 1203 tendantur
1253 1142 1623 1214 temporibus,
1669 1142 1935 1210 oportere
1976 1132 2104 1188 ﬁeri

413 1223 587 1299 etiam
611 1255 790 1311 usque
816 1238 887 1292 ad
906 1240 1151 1308 quatuor
1175 1233 1414 1305 syllabas
1441 1228 1903 1301 progressionem
1925 1223 2100 1295 pedis,

416 1331 563 1385 sicut
586 1329 704 1400 jam
725 1327 929 1381 factam
949 1339 1126 1394 usque
1139 1321 1209 1376 ad
1235 1317 1667 1392 quaternarium
1689 1329 2017 1380 numerum,
2051 1315 2107 1364 et

415 1419 672 1490 ipsorum
698 1415 909 1486 pedum
939 1417 996 1467 et
1018 1416 1342 1482 temporum
1370 1407 1554 1461 cernis
1574 1407 1603 1459 ?
1634 1408 1700 1461 D.
1733 1405 1816 1458 Ita
1846 1403 2013 1474 plane
2046 1403 2109 1452 ut

417 1504 565 1562 dicis'
583 1505 784 1568 sentio,
817 1505 874 1557 et
890 1501 996 1555 hoc
1025 1499 1204 1554 videri
1232 1496 1498 1569 perfectas
1528 1491 1736 1549 rationi
1764 1505 2041 1562 cognosco
2065 1486 2105 1553 ‘,

421 1599 478 1648 et
506 1591 766 1648 debitum
795 1589 1012 1659 ﬂagito.

641 1741 646 1758 ε
799 1677 1027 1731 CAPUT
1058 1676 1117 1730 v.
1150 1704 1219 1714 —
1244 1671 1406 1729 Pedes
1436 1669 1730 1758 trisyllabt'.

490 1771 543 1825 6.
571 1751 646 1824 Μ.
678 1769 796 1838 Age
845 1780 998 1819 nunc
1035 1778 1171 1834 ergo
1199 1761 1381 1833 prius,
1412 1763 1476 1814 ut
1519 1759 1659 1813 ordo
1687 1757 1808 1827 ipse
1836 1751 2107 1840 postulat,

420 1863 714 1914 ternarum
756 1855 1100 1926 syllabarum
1139 1851 1311 1922 pedes
1342 1852 1480 1920 quot
1509 1863 1628 1902 esse
1657 1844 1896 1917 possint,
1930 1842 2114 1896 videa-

419 1961 567 2012 mus,
595 1944 738 1997 sicut
762 1942 1028 1996 binarum
1060 1942 1308 2010 quatuor
1338 1951 1458 1990 esse
1490 1933 1890 2004 comperimus.
1926 1933 1988 1984 D.
2031 1929 2114 1982 Ita

420 2033 538 2089 ﬁat.
564 2035 641 2088 M.
676 2028 978 2086 Meministi
1006 2027 1078 2081 ab
1109 2042 1226 2080 una
1267 2024 1426 2079 brevi
1455 2022 1691 2094 syllaba,
1736 2020 1794 2075 id
1833 2024 1917 2074 est
1943 2016 2115 2071 unius

397 2119 693 2192 -temporis
740 2118 907 2172 istam
937 2132 1042 2169 nos
1096 2114 1388 2168 inchoasse
1438 2110 1739 2174 rationem,
1791 2112 1849 2163 et
1892 2105 2116 2161 cur'ita

421 2210 711 2279 oporteret
741 2205 876 2260 satis
925 2202 1290 2257 intellexisse.
1348 2202 1418 2253 D.
1470 2198 1700 2253 Memini
1744 2197 1812 2251 ab
1866 2196 1962 2250 illa
1990 2195 2115 2264 lege

421 2294 784 2361 numerandi,
816 2309 931 2364 qua
953 2296 975 2329 ³
1000 2291 1070 2346 ab
1102 2306 1215 2344 uno
1236 2288 1559 2360 incipimus,
1588 2286 1739 2358 quod
1767 2283 2117 2356 principium

370 2426 383 2438 .
422 2399 798 2442 numerorum
828 2385 932 2448 est,
962 2378 1243 2450 placuisse
1277 2375 1442 2431 nobis
1484 2391 1600 2430 non
1637 2377 1902 2445 oportere
1933 2371 2115 2426 disce-

423 2474 578 2530 dere.
609 2474 684 2527 M.
723 2472 864 2526 Cum
891 2469 1070 2538 igitur
1095 2466 1157 2520 in
1186 2464 1428 2536 pedibus
1455 2463 1724 2517 binarum
1771 2459 2117 2532 syllabarum

423 2563 522 2618 ille
550 2561 622 2616 sit
663 2559 885 2630 primus
927 2555 1028 2627 qui
1057 2555 1279 2609 duabus
1323 2551 1587 2608 brevibus
1616 2554 1835 2604 constat
1866 2547 2121 2618 (cogebat

424 2650 579 2704 enim
597 2647 743 2702 ratio
755 2645 858 2700 uni
877 2643 1125 2714 tempori
1147 2641 1307 2713 prius
1320 2656 1500 2695 unum
1519 2643 1745 2710 tempus
1759 2637 1930 2709 jungi
1944 2651 2117 2708 quam

425 2738 604 2807 duo);
638 2749 809 2807 quem
851 2733 1084 2788 tandem
1133 2729 1422 2785 arbitraris
1449 2728 1512 2783 in
1549 2726 1790 2799 pedibus
1828 2731 2121 2780 ternarum

427 2825 773 2898 syllabarum
803 2822 1058 2894 primum
1082 2835 1201 2874 esse
1229 2818 1435 2873 debere
1453 2818 1480 2872 ?
1508 2818 1582 2872 D.
1615 2816 1816 2880 Quem,
1848 2813 1959 2868 nisi
1988 2827 2121 2867 eum

428 2913 529 2985 qui
557 2930 589 2968 a
617 2911 800 2966 tribus
824 2908 1087 2965 brevibus
1117 2905 1341 2961 conﬁt?
1368 2908 1444 2961 M.
1491 2906 1555 2959 Et
1593 2903 1698 2959 iste
1726 2907 1868 2974 quot
1898 2908 2123 2972 tempo-

429 3017 560 3057 rum
589 2998 722 3054 est?
752 3000 827 3053 D.
870 2997 1067 3052 Trium
1113 2995 1342 3050 scilicet.
1374 2996 1451 3049 M.
1503 2992 1802 3058 Quomodo
1850 3005 1985 3060 ergo
2015 2990 2123 3043 hu-

423 3092 714 3161 juspartes
739 3085 848 3142 sibi
874 3082 1283 3140 conferuntur?
1305 3083 1447 3137 Nam
1480 3097 1711 3136 omnem
1743 3079 1949 3151 pedem
1989 3095 2120 3150 pro-

429 3182 558 3248 pter
584 3175 743 3229 illam
769 3186 1145 3227 numerorum
1181 3169 1545 3224 collationem
1591 3167 1731 3221 duas
1758 3165 1967 3220 habere
1992 3180 2123 3235 par-

431 3269 538 3332 tes,
569 3279 698 3334 quas
725 3261 954 3316 sibimet
991 3259 1183 3330 aliqua
1212 3257 1432 3312 ratione
1462 3255 1848 3322 conferantur,
1897 3268 2125 3308 necesse

433 3357 538 3420 est,
569 3351 744 3422 idque
778 3348 1042 3420 superius
1071 3347 1252 3417 egisse
1282 3361 1384 3400 nos
1411 3343 1687 3399 memini:
1719 3343 1819 3397 sed
1845 3340 2126 3412 numquid

435 3455 734 3513 possumus
778 3438 933 3492 hunc
961 3435 1138 3490 trium
1165 3434 1423 3489 brevium
1452 3432 1796 3502 syllabarum
1834 3431 2038 3502 pedem
2067 3431 2128 3484 in

436 3530 579 3584 duas
609 3525 858 3598 aequales
911 3528 1103 3594 partes
1139 3521 1440 3576 dividere?
1468 3522 1543 3574 D.
1597 3519 1762 3573 Nullo
1810 3517 2002 3572 modo.
2049 3518 2123 3571 Μ.

435 3614 732 3681 Quomodo
754 3629 888 3684 ergo
916 3611 1189 3666 dividitur
1211 3613 1239 3666 ‘?
1267 3611 1342 3664 D.
1371 3609 1524 3664 Nihil
1553 3607 1707 3662 aliud
1731 3607 1914 3672 video,
1947 3605 2130 3659 nisiut

439 3703 628 3775 prima
655 3718 788 3773 pars
817 3701 1027 3756 habeat
1048 3715 1224 3754 unam
1245 3699 1542 3770 syllabam,
1565 3697 1812 3752 secunda
1839 3696 1979 3750 duas
2004 3699 2129 3762 ;aut

434 3791 625 3863 prima
655 3791 817 3859 duas,
843 3788 1085 3844 secunda
1109 3803 1303 3843 unam.
1333 3789 1410 3842 M.
1446 3787 1540 3842 Dic
1562 3786 1733 3841 etiam
1754 3787 1863 3840 hoc
1887 3788 1909 3821 ³
1927 3784 1998 3839 de
2019 3799 2132 3854 qua

436 3881 636 3952 regula
656 3895 1030 3934 numerorum
1057 3877 1176 3932 sit?
1203 3878 1279 3932 D.
1313 3878 1390 3932 De
1421 3875 1892 3946 complicatorum
1923 3887 2132 3945 genere

437 3986 560 4027 esse
584 3985 884 4041 cognosco.
1448 3987 1452 3992 ’

505 4065 560 4114 7.
590 4059 674 4114 Μ.
703 4061 842 4129 Age,
875 4073 1028 4112 nunc
1067 4057 1208 4112 illud
1233 4055 1479 4118 attende,
1513 4060 1626 4109 tres
1655 4053 1886 4124 syllaba:
1913 4053 1976 4106 in
2003 4051 2132 4122 qui-

437 4147 544 4202 bus
573 4150 658 4200 est
708 4161 825 4200 una
881 4145 1075 4215 longa,
1127 4149 1348 4198 caetera).
1386 4143 1608 4210 breves,
1667 4141 1890 4212 quoties
1927 4137 2133 4193 variari

437 4233 680 4306 possint,
713 4233 767 4287 id
793 4237 877 4287 est
905 4237 1048 4303 quot
1071 4232 1246 4302 pedes
1272 4232 1456 4285 facere
1482 4247 1495 4296 ;
1529 4234 1586 4284 et
1615 4229 1916 4298 responde,
1965 4227 2012 4281 si
2043 4227 2132 4281 in-

441 4320 682 4375 veneris.
717 4321 793 4373 D.
821 4321 1005 4373 Unum
1034 4319 1238 4389 pedem
1260 4318 1422 4372 video
1452 4334 1592 4383 esse,
1608 4317 1890 4387 quilonga
1919 4320 1974 4369 et
2000 4315 2136 4370 dua-

447 4409 554 4463 bus
582 4407 848 4462 brevibus
871 4409 1122 4473 constet;
1146 4407 1296 4460 aliud
1326 4422 1442 4460 non
1479 4404 1763 4475 intelligo.
1794 4407 1868 4460 Μ.
1903 4405 2133 4458 ldemne

441 4496 598 4550 solus
623 4494 728 4549 tibi
758 4494 981 4548 videtur
1009 4493 1216 4549 habere
1256 4511 1427 4548 unam
1456 4493 1518 4547 in
1540 4493 1720 4548 tribus
1750 4494 2001 4564 longam,
2036 4492 2136 4563 qui

443 4598 570 4637 eam
605 4581 793 4653 primo
819 4581 990 4636 habet
1020 4583 1144 4636 loco
1163 4581 1191 4635 ?
1228 4585 1294 4637 D.
1336 4581 1502 4636 Nullo
1531 4585 1694 4652 pacto
1722 4581 1873 4635 istud
1902 4586 2133 4652 putave-

443 4670 576 4740 rim,
601 4685 730 4725 cum
768 4669 988 4741 possint
1021 4670 1149 4725 dum
1176 4671 1375 4725 breves
1401 4671 1622 4741 priores
1673 4686 1811 4738 esse,
1845 4670 2017 4739 longa
2044 4670 2133 4723 ul-

443 4757 601 4813 tima.
633 4761 712 4814 M.
760 4758 1065 4814 Considera
1089 4763 1284 4814 utrum
1314 4759 1384 4814 sit
1416 4758 1629 4830 aliquid
1662 4759 1910 4813 tertium.
1940 4760 1995 4812 D
2044 4758 2136 4812 Est

443 4845 650 4918 plane:
679 4862 813 4900 nam
844 4847 966 4901 haec
1007 4847 1177 4919 longa
1206 4848 1379 4902 etiam
1409 4847 1469 4902 in
1517 4847 1703 4902 medio
1732 4848 1974 4903 duarum
2013 4847 2135 4900 bre-

444 4935 598 4990 vium
649 4935 912 4989 collocari
963 4940 1168 5005 potest.
1216 4938 1290 4992 M.
1349 4936 1483 4992 Vide
1531 4938 1779 4992 etiamne
1819 4936 1890 4990 sit
1917 4935 2136 5006 aliquid

445 5026 734 5095 quartum.
759 5026 824 5078 D.
857 5023 1102 5079 Omnino
1141 5041 1259 5079 non
1288 5030 1494 5096 potest.
1527 5029 1602 5081 M.
1633 5028 1872 5081 Potesne
1894 5024 2016 5095 jam
2043 5039 2134 5078 re-

446 5112 745 5183 spondere,
777 5116 892 5166 tres
940 5112 1168 5183 syllabae
1219 5114 1494 5170 habentes
1522 5115 1582 5170 in
1613 5132 1670 5168 se
1697 5130 1870 5168 unam
1904 5115 2134 5182 longam

445 5204 504 5258 et
531 5201 671 5256 duas
686 5201 903 5268 breves,
928 5202 1150 5272 quoties
1183 5203 1385 5258 variari
1403 5204 1640 5275 possint,
1673 5204 1732 5258 id
1762 5205 1846 5256 est
1875 5205 2015 5272 quot
2036 5216 2136 5272 pe--

509 5359 533 5455 ἔ
558 5361 798 5455 ilignum,
824 5359 980 5424 juxta
1004 5361 1131 5411 Mss.
1159 5361 1202 5411 Α
1221 5368 1272 5412 et
1294 5364 1351 5413 Β.
1478 5365 1548 5414 Μ.

585 5433 616 5455 n
647 5423 683 5455 Π
747 5424 889 5455 ηιιηιι
930 5423 1003 5455 Fr
1030 5424 1100 5455 Ma
1153 5425 1178 5455 Δ
1231 5439 1335 5455 nun
1388 5427 1548 5455 manet"

560 5421 620 5489 En
645 5423 722 5489 βο,
747 5421 1005 5489 quod._Ex
1025 5424 1121 5473 Ms.
1144 5425 1356 5489 A,_qua,
1388 5427 1598 5475 rectius.
1619 5486 1632 5489 _
1714 5424 1774 5489 AM

453 5541 463 5552 ο
509 5482 620 5552 {in
645 5459 876 5552 B._’Lieest
901 5484 1017 5547 hoc,
1041 5459 1636 5552 gu'o‘d’iiiveﬂriitu‘r'a‘piid
1667 5459 1833 5535 editos
1875 5497 2059 5534 omnes
2086 5487 2138 5533 et

451 5543 507 5592 in
535 5543 657 5592 Mss.
689 5545 730 5593 A
766 5547 904 5596 etB.
1004 5543 1107 5597 'lt'l.

1663 313 1759 370 DE
1796 308 2081 376 MUSICA,
2133 307 2187 362 S.
2249 299 2636 361 AUGUSTINI

3781 285 3921 338 1104

2201 427 2298 482 des
2344 426 2527 480 facere
2549 423 2659 478 ?D.
2697 421 2934 474 Possum
2963 430 3133 470 sane:
3168 429 3303 467 nam
3332 416 3417 466 ter
3462 415 3603 464 sunt
3647 408 3916 472 variatas,

2203 521 2258 569 et
2285 519 2399 568 tres
2423 511 2676 567 fecerunt
2704 506 2896 578 pedes.
2927 507 3001 560 M.
3034 501 3222 566 Quid?
3276 500 3371 554 isti
3418 503 3532 553 tres
3563 498 3750 569 pedes
3781 511 3922 567 quo—

2205 600 2377 655 modo
2407 599 2519 652 sint
2547 593 2847 650 ordinandi
2869 593 3066 664 jamne
3107 591 3228 660 ipse
3276 587 3517 656 colligis,
3550 602 3628 639 an
3684 584 3762 638 ad
3813 583 3923 637 hoc

2206 689 2379 743 etiam
2405 685 2733 741 minutatim
2772 699 2830 736 es
2879 677 3322 751 perducendus?
3351 679 3416 731 D.
3448 674 3731 746 Displicet
3762 672 3924 726 enim

2205 778 2314 833 tibi
2364 776 2504 830 ordo
2547 773 2642 827 ille
2674 787 2787 842 quo
2836 770 3020 839 ipsam
3068 765 3402 820 varietatem
3449 761 3924 833 comperi’lnam

2206 865 2392 937 primo
2451 860 2663 916 adverti
2710 874 2885 914 unam
2935 858 3166 926 longam
3197 859 3254 908 et
3281 854 3421 908 duas
3447 852 3676 913 breves,
3712 848 3926 904 deinde

2208 954 2347 1008 duas
2392 951 2589 1005 breves
2620 952 2678 1002 et
2727 963 2900 1000 unam
2956 946 3210 1014 longam,
3259 947 3550 1012 postremo
3592 939 3843 994 brevem
3874 940 3929 990 et

2209 1041 2439 1108 longam
2468 1042 2524 1090 et
2551 1037 2800 1090 brevem.
2831 1036 2906 1088 Μ.
2939 1034 3099 1086 Itane
3127 1046 3260 1085 vero
3300 1029 3404 1083 tibi
3451 1044 3569 1082 non
3615 1027 3929 1096 displiceat

2212 1127 2312 1198 qui
2341 1127 2422 1180 sic
2449 1125 2693 1190 ordinat,
2717 1128 2782 1176 ut
2806 1138 2840 1175 a
2866 1120 3055 1191 primo
3088 1118 3158 1172 ad
3176 1117 3408 1172 tertium
3439 1115 3654 1183 veniat,
3685 1133 3721 1168 a
3753 1113 3928 1166 tertio

2213 1216 2281 1269 ad
2299 1214 2610 1268 secundum
2636 1229 2649 1279 ;
2678 1228 2742 1265 ac
2773 1226 2888 1264 non
2916 1208 3108 1278 potius
3131 1223 3165 1260 a
3188 1205 3370 1278 primo
3402 1205 3470 1259 ad
3493 1203 3852 1267 secundum,
3876 1206 3931 1255 et

2215 1304 2417 1358 deinde
2449 1302 2515 1356 ad
2546 1300 2818 1356 tertium?
2836 1301 2899 1352 D.
2923 1296 3189 1366 Displicet
3218 1309 3490 1364 prorsus:
3525 1293 3626 1346 sed
3655 1291 3807 1362 quid
3837 1290 3930 1344 hic

2213 1392 2445 1447 tandem
2475 1391 2585 1444 tale
2615 1386 2928 1452 advertisti,
2957 1402 3095 1455 rogo
3116 1384 3144 1433 ‘?
3165 1386 3240 1439 Μ.
3259 1383 3402 1437 Cum
3433 1381 3560 1435 ideo
3583 1381 3647 1434 in
3681 1380 3798 1434 hac
3831 1378 3928 1433 tri-

2215 1479 2426 1551 partita
2452 1477 2776 1532 differentia
2802 1474 2967 1528 illum
2996 1472 3204 1543 pedem
3232 1470 3488 1541 primum
3513 1466 3808 1540 posueris,
3832 1466 3932 1538 qui

2215 1568 2404 1639 primo
2427 1567 2546 1621 loco
2565 1566 2735 1620 habet
2756 1564 3009 1633 longam,
3035 1559 3169 1632 quia
3197 1557 3423 1612 sensisti
3442 1557 3732 1611 unitatem
3746 1556 3932 1627 ipsam

2217 1657 2406 1726 longae
2459 1655 2691 1725 syllabas
2747 1649 3136 1723 principatum
3183 1651 3380 1701 tenere
3430 1644 3755 1716 (siquidem
3807 1643 3929 1714 ipse

2218 1743 2302 1798 ibi
2330 1760 2448 1797 una
2459 1741 2586 1812 est),
2610 1746 2667 1794 et
2683 1743 2987 1811 propterea
2999 1753 3125 1791 eam
3145 1735 3350 1789 debere
3371 1732 3633 1787 ordinem
3651 1731 3926 1801 gignere,

2220 1837 2283 1886 ut
2314 1831 2408 1885 ille
2439 1830 2511 1884 sit
2531 1829 2749 1900 p‘rimus
2777 1844 2878 1897 pes
2908 1826 3005 1880 ubi
3034 1825 3219 1895 prima
3239 1823 3363 1893 ipsa
3387 1825 3472 1876 est
3497 1837 3510 1874 :
3545 1820 3719 1873 simul
3757 1819 3929 1873 etiam

2221 1919 2414 1974 videre
2446 1917 2694 1972 debuisti
2723 1931 2856 1970 eum
2896 1929 3014 1969 esse
3045 1911 3357 1966 secundum
3388 1907 3488 1963 ubi
3515 1907 3643 1978 ipsa
3675 1907 3931 1962 secunda

2225 2014 2328 2074 est,
2364 2023 2498 2061 eum
2526 2006 2758 2061 tertium
2807 2003 2907 2058 ubi
2963 2002 3160 2056 eadem
3200 1999 3366 2054 tertia
3397 2002 3497 2052 est.
3531 2000 3620 2050 An
3651 1997 3847 2051 adhuc
3875 1995 3932 2048 in

2224 2097 2322 2152 illa
2351 2095 2630 2150 sententia
2655 2092 3004 2148 manendum
3026 2092 3194 2160 putas
3213 2089 3242 2141 ?
3266 2091 3333 2142 Β.
3357 2087 3477 2141 Imo
3509 2101 3637 2139 eam
3671 2085 3803 2138 sine
3837 2084 3933 2139 du-

2224 2185 2501 2241 bitatione
2539 2183 2888 2237 condemno:
2923 2179 3073 2234 hunc
3104 2176 3257 2231 enim
3286 2191 3407 2230 esse
3437 2174 3746 2228 meliorem
3779 2172 3932 2227 ordi-

2227 2291 2380 2339 nem,
2408 2273 2494 2327 vel
2525 2271 2716 2343 potius
2744 2271 2898 2325 hunc
2944 2284 3063 2322 esse
3093 2265 3378 2327 ordinem,
3411 2263 3538 2336 quis
3567 2278 3689 2318 non
3730 2278 3934 2316 assen-

2225 2363 2402 2418 tiatur
2429 2363 2459 2416 ?
2484 2363 2554 2416 M.
2591 2361 2750 2414 Nunc
2775 2373 2909 2428 ergo
2944 2356 3032 2411 dic
3059 2370 3174 2426 qua
3196 2367 3574 2408 numerorum
3605 2352 3816 2421 regula
3844 2349 3938 2404 isti

2227 2466 2457 2522 quoque
2483 2448 2808 2504 dividantur
2832 2446 3027 2516 pedes,
3058 2457 3371 2514 eorumque
3401 2441 3512 2495 sibi
3554 2444 3752 2511 partes
3796 2455 3938 2493 con-

2228 2539 2506 2594 ferantur.
2539 2539 2600 2591 D.
2626 2535 2883 2590 Primum
2905 2537 2962 2587 et
2989 2537 3347 2604 postremum
3377 2529 3588 2600 wquali
3607 2528 3821 2599 regula
3850 2527 3940 2582 di-

2228 2625 2345 2680 vidi
2374 2624 2560 2690 video,
2612 2622 2748 2694 quia
2804 2625 2859 2675 et
2883 2621 2976 2674 ille
3020 2619 3080 2674 in
3110 2619 3342 2689 longam
3392 2621 3450 2671 et
3476 2617 3616 2671 duas
3643 2615 3857 2670 breves
3885 2619 3941 2668 et

2229 2715 2333 2769 iste
2357 2713 2417 2766 in
2445 2713 2584 2766 duas
2610 2711 2809 2765 breves
2836 2713 2893 2763 et
2922 2710 3151 2779 longam
3173 2705 3348 2762 dividi
3377 2709 3582 2777 potest,
3614 2709 3678 2758 ut
3691 2703 3944 2774 singula:

2229 2807 2417 2873 partes
2446 2800 2694 2854 habeant
2721 2798 2856 2852 bina
2886 2802 3169 2866 tempora,
3199 2799 3254 2849 et
3284 2794 3355 2848 ob
3377 2794 3486 2848 hoc
3516 2793 3630 2846 sint
3659 2792 3940 2862 aequales.

2232 2892 2299 2945 In
2312 2881 2558 2944 secundo
2572 2893 2763 2942 autem
2781 2886 3054 2957 quoniam
3085 2883 3336 2938 mediam
3363 2882 3535 2937 habet
3557 2882 3796 2953 longam
3825 2880 3943 2951 syl-

2232 2979 2442 3045 labam,
2475 2976 2590 3030 sive
2621 2974 2800 3046 priori
2825 2974 2940 3028 sive
2982 2971 3286 3043 posteriori
3313 2969 3468 3042 parti
3496 2969 3811 3038 tribuatur,
3845 2972 3949 3022 aut

2233 3067 2295 3122 in
2324 3066 2435 3121 tria
2465 3071 2521 3119 et
2553 3079 2752 3130 unum,
2782 3066 2877 3116 aut
2907 3061 2967 3115 in
2991 3076 3175 3115 unum
3204 3064 3261 3114 et
3299 3057 3410 3114 tria
3438 3063 3698 3128 tempora
3729 3056 3944 3112 dividi-

2233 3160 2327 3210 tur
2358 3171 2372 3208 :
2401 3171 2464 3208 ac
2494 3169 2595 3224 per
2621 3152 2728 3207 hoc
2759 3151 2821 3204 in
2847 3151 2968 3219 eius
3016 3147 3292 3204 divisione
3321 3146 3800 3216 complicatorum
3828 3160 3939 3200 nu-

2234 3255 2529 3296 merorum
2559 3239 2703 3293 ratio
2733 3238 2900 3292 valet.

2307 3333 2358 3385 8.
2391 3331 2465 3384 Μ.
2517 3328 2656 3380 Volo
2711 3326 2856 3380 mihi
2897 3325 3019 3395 jam
3067 3323 3221 3379 dicas
3258 3326 3453 3394 perte
3492 3322 3614 3392 ipse
3670 3320 3716 3375 si
3747 3323 3943 3392 potes,

2237 3419 2366 3486 post
2393 3415 2533 3468 istos
2560 3413 2660 3484 qui
2700 3431 2732 3468 a
2760 3413 2925 3467 nobis
2953 3411 3179 3466 tractati
3218 3415 3372 3480 sunt,
3403 3426 3545 3482 quos
3568 3410 3744 3480 pedes
3783 3409 3945 3464 ordi-

2235 3503 2452 3558 nandos
2478 3507 2664 3572 putes.
2695 3500 2937 3555 Tractati
2959 3500 3110 3555 enim
3142 3505 3276 3554 sunt
3305 3499 3490 3571 primo
3514 3499 3791 3553 binarum
3824 3499 3946 3569 syl-

2236 3591 2494 3645 labarum
2526 3594 2790 3660 quatuor,
2824 3605 3071 3660 quorum
3090 3588 3228 3643 ordo
3258 3588 3462 3643 ductus
3493 3593 3580 3642 est
3600 3605 3632 3642 a
3661 3603 3947 3642 numero-

2238 3695 2368 3734 rum
2399 3679 2618 3746 ordine,
2644 3683 2708 3732 ut
2736 3694 2769 3732 a
2796 3678 3060 3738 brevibus
3089 3676 3318 3748 syllabis
3345 3677 3687 3731 ordiremur.
3723 3675 3948 3730 Deinde

2234 3769 2354 3839 jam
2381 3767 2770 3839 productiores
2791 3771 3084 3820 ternarum
3111 3765 3459 3836 syllabarum
3487 3764 3662 3835 pedes
3691 3767 3948 3818 tractan-

2240 3856 2340 3911 dos
2392 3855 2767 3926 suscepimus,
2800 3859 2857 3908 et
2884 3855 3035 3926 quod
3066 3854 3230 3908 facile
3283 3858 3405 3908 erat
3434 3869 3502 3907 ex
3531 3851 3830 3923 superiore
3861 3868 3948 3906 ra-

2241 3945 2417 4015 tione,
2443 3961 2474 3998 a
2503 3944 2684 3998 tribus
2707 3943 2971 3998 brevibus
3003 3943 3118 3996 orsi
3156 3958 3375 3998 sumus.
3421 3941 3571 4006 Quid
3613 3941 3825 3995 deinde
3857 3957 3948 3994 se-

2243 4033 2544 4104 quebatur,
2573 4030 2683 4085 nisi
2707 4035 2767 4084 ut
2786 4046 2900 4085 una
2925 4030 3098 4102 longa
3121 4047 3251 4085 cum
3271 4029 3491 4084 duabus
3511 4028 3780 4084 brevibus
3807 4033 3951 4100 quot

2242 4122 2452 4176 formas
2482 4120 2678 4175 ederet
2703 4119 3073 4174 videremus?
3107 4119 3304 4173 Visum
3342 4123 3460 4185 est;
3504 4123 3561 4172 et
3607 4123 3723 4171 tres
3765 4117 3950 4187 pedes

2243 4213 2369 4280 post
2408 4208 2572 4262 illum
2602 4207 2877 4278 primum,
2924 4207 3003 4261 ita
3032 4211 3095 4261 ut
3137 4207 3459 4277 oportebat,
3487 4206 3736 4260 ordinati
3788 4210 3947 4261 sunt.

2243 4297 2350 4362 Qui
2367 4297 2632 4367 deinceps
2656 4301 3075 4367 consequantur
3102 4311 3294 4350 nonne
3320 4311 3424 4366 per
3454 4300 3508 4349 te
3529 4295 3722 4365 ipsum
3748 4294 3952 4349 videre

2235 4387 2358 4457 jam
2386 4385 2577 4451 debes,
2625 4400 2696 4438 ne
2727 4383 2921 4438 omnia
2949 4383 3350 4438 minutissimis
3379 4383 3953 4454 interrogatiunculis

2243 4490 2509 4528 eruamus
2529 4474 2556 4526 ?
2586 4476 2648 4528 D.
2698 4475 2867 4528 Recte
2917 4473 3092 4528 dicis:
3135 4489 3270 4527 nam
3300 4473 3430 4544 quis
3462 4488 3578 4526 non
3626 4472 3818 4526 videat
3849 4488 3950 4527 eos

2235 4563 2356 4633 jam
2394 4561 2575 4633 sequi,
2620 4561 2680 4615 in
2724 4562 2931 4633 quibus
2963 4578 3074 4615 una
3102 4561 3289 4616 brevis
3321 4561 3416 4627 sit,
3449 4564 3673 4615 caeteras
3703 4562 3948 4632 longas?

2244 4651 2335 4706 cui
2365 4649 2542 4715 brevi,
2579 4649 2715 4720 quia
2743 4666 2860 4704 una
2895 4653 2996 4718 est,
3038 4666 3168 4704 cum
3200 4649 3492 4720 superiore
3521 4648 3748 4703 ratione
3788 4650 3954 4720 prin-

2242 4741 2461 4812 cipatus
2510 4738 2814 4801 tribuatur,
2857 4739 3077 4810 primus
3125 4738 3234 4793 erit
3291 4738 3544 4809 profecto
3611 4737 3672 4792 in
3707 4737 3799 4792 his
3851 4740 3953 4794 ubi

2244 4829 2432 4900 prima
2463 4832 2566 4889 est,
2602 4828 2882 4883 secundus
2913 4828 3011 4882 ubi
3055 4827 3320 4890 secunda,
3354 4827 3558 4881 tertius
3602 4825 3706 4881 ubi
3755 4829 3950 4895 tertia,

2246 4933 2375 4988 quae
2409 4917 2580 4970 etiam
2612 4917 2812 4971 ultima
2842 4920 2945 4970 est.
2977 4918 3052 4970 Μ.
3091 4916 3308 4985 Cernis,
3369 4920 3432 4969 ut
3469 4915 3694 4986 opinor,
3732 4916 3950 4986 quibus

2247 5005 2418 5060 etiam
2453 5005 2769 5059 rationibus
2797 5003 3142 5072 dividantur,
3165 5009 3230 5059 ut
3249 5003 3358 5059 sibi
3373 5020 3572 5059 eorum
3595 5009 3791 5074 partes
3818 5021 3955 5060 con-

2245 5099 2382 5153 ferri
2412 5104 2642 5170 queant.
2677 5099 2752 5152 D.
2795 5099 2975 5152 Cerno
3004 5114 3235 5168 prorsus
3261 5115 3273 5152 :
3307 5113 3442 5152 nam
3475 5098 3570 5151 ille
3601 5095 3703 5167 qui
3733 5112 3802 5150 ex
3831 5112 3955 5150 una

2245 5187 2404 5244 brevi
2433 5192 2488 5242 et
2511 5187 2729 5241 duabus
2752 5186 2940 5256 longis
2972 5192 3204 5248 constat,
3239 5187 3416 5241 dividi
3447 5201 3566 5241 non
3594 5190 3803 5256 potest,
3841 5184 3954 5238 nisi

2245 5276 2325 5330 ita
2352 5279 2417 5330 ut
2444 5275 2602 5346 prior
2632 5290 2758 5345 pars
2787 5275 2994 5330 habeat
3022 5275 3134 5331 tria
3160 5279 3454 5347 {tempora,
3504 5290 3635 5346 quae
3689 5274 3956 5328 continet

2243 5364 2473 5420 brevem
2505 5368 2560 5418 et
2587 5365 2855 5434 longam;
2884 5365 3164 5434 posterior
3193 5365 3328 5431 duo,
3357 5380 3486 5435 qua:
3517 5363 3617 5417 uni
3643 5363 3840 5434 longas
3869 5362 3955 5417 in-

2245 5457 2396 5506 sunt.
2430 5452 2530 5506 Hic
2583 5456 2774 5506 autem
2811 5453 3012 5508 tertius
3044 5453 3104 5507 in
3134 5470 3200 5507 eo
3232 5453 3464 5524 quidem
3496 5451 3814 5523 priori.par
3846 5457 3950 5518 est,

2249 5540 2401 5611 quod
2429 5557 2599 5594 unam
2634 5541 2846 5610 patitur
2870 5541 3203 5597 divisionem
3228 5559 3242 5611 ;
3281 5542 3342 5597 in
3371 5557 3438 5596 eo
3467 5545 3660 5596 autem
3691 5539 3951 5596 dissimi-
