4064 6356
144 324 278 377 1105

130 445 227 514 lis,
259 446 411 517 quod
435 460 566 500 cum
608 446 704 500 ille
731 445 793 499 in
821 446 932 500 tria
982 450 1040 501 et
1070 447 1204 514 duo,
1263 449 1367 503 iste
1397 446 1457 502 in
1485 448 1598 502 duo
1625 452 1680 504 et
1717 449 1828 503 tria

127 540 396 607 tempora
423 539 661 590 secatur.
693 536 834 590 Nam
857 536 1030 606 longa
1061 537 1294 608 syllaba,
1326 554 1455 609 quas
1482 537 1732 609 primam
1752 542 1830 594 te-

127 629 233 678 net
259 628 498 695 partem,
530 625 749 680 duobus
778 625 1399 696 temporibustenditur
1429 643 1443 682 :
1469 630 1641 682 restat
1659 629 1830 699 longa

127 718 189 768 et
217 714 424 781 brevis,
456 713 606 785 quod
637 717 720 767 est
735 713 910 768 trium
943 718 1270 784 temporum
1301 715 1569 787 spatium.
1594 719 1666 770 At
1694 733 1825 770 vero

127 802 356 858 medius
388 801 490 873 qui
526 802 698 857 habet
726 802 957 857 brevem
985 803 1261 874 syllabam
1317 805 1586 872 mediam,
1645 805 1827 876 gemi-

124 907 265 946 nam
295 894 480 962 potest
508 890 878 962 partitionem
928 891 1066 961 pati,
1103 893 1237 963 quia
1286 893 1486 948 eadem
1532 893 1718 948 brevis
1769 897 1827 948 et

121 980 310 1051 priori
339 985 396 1034 et
424 979 726 1051 posteriori
752 979 903 1050 parti
930 980 1105 1035 tribui
1135 985 1358 1052 potest:
1398 981 1606 1036 idcirco
1637 987 1737 1036 aut
1762 982 1824 1036 in

118 1069 244 1123 duo
276 1072 330 1123 et
366 1068 498 1137 tria,
543 1072 640 1123 aut
678 1068 738 1122 in
784 1069 894 1123 tria
936 1073 993 1123 et
1033 1069 1146 1124 duo
1197 1069 1468 1124 dividitur
1515 1074 1772 1142 tempora
1805 1088 1818 1125 :

118 1157 506 1228 quamobrem
536 1159 929 1226 sesquatorum
961 1173 1337 1211 numerorum
1366 1157 1510 1212 ratio
1541 1163 1654 1212 tres
1683 1159 1822 1213 istos

116 1245 380 1316 possidet
407 1245 599 1316 pedes.
659 1246 740 1299 M.
780 1245 1062 1300 Omnesne
1112 1245 1234 1315 jam
1270 1245 1444 1301 trium
1475 1247 1820 1317 syllabarum

117 1334 302 1404 pedes
359 1331 858 1390 consideravimus.
907 1349 978 1386 an
1015 1333 1232 1404 aliquid
1287 1338 1509 1389 restat?
1537 1337 1612 1388 D.
1632 1337 1819 1390 Unum

116 1422 413 1494 reliquum
437 1421 626 1487 video,
659 1419 757 1492 qui
785 1437 851 1474 ex
885 1421 1064 1475 tribus
1087 1421 1271 1492 longis
1299 1427 1538 1477 constat.
1572 1425 1644 1478 M.
1677 1424 1818 1478 Tra-

116 1514 213 1564 cta
245 1524 382 1578 ergo
414 1507 587 1562 etiam
615 1507 786 1578 hujus
814 1507 1168 1562 divisionem.
1215 1510 1288 1564 D.
1353 1511 1472 1564 Una
1517 1511 1733 1581 syllaba
1762 1515 1819 1566 et

115 1597 275 1664 dum,
309 1601 404 1651 aut
432 1597 561 1650 dum
590 1599 763 1668 atque
793 1611 908 1650 una
938 1596 1108 1667 hujus
1155 1596 1358 1652 divisio
1406 1602 1527 1665 est;
1556 1603 1818 1670 tempora

115 1686 338 1741 scilicet
366 1686 479 1741 duo
513 1689 570 1740 et
607 1690 874 1756 quatuor,
918 1690 1015 1740 aut
1060 1689 1304 1757 quatuor
1348 1691 1406 1740 et
1451 1687 1563 1742 duo
1596 1705 1608 1742 :
1640 1704 1816 1759 quare

113 1775 590 1847 complicatorum
623 1790 998 1829 numerorum
1028 1774 1252 1829 ratione
1308 1775 1473 1830 istius
1499 1775 1663 1846 pedis
1709 1777 1816 1832 sibi

111 1869 311 1937 partes
339 1865 730 1919 conferuntur.

451 1952 675 2006 CAPUT
701 1949 790 2004 VI.
822 1979 890 1990 ——
918 1950 1080 2004 Pedes
1110 1951 1468 2019 tetrasyllabi.

189 2045 249 2095 9.
288 2043 362 2096 Μ.
421 2041 581 2094 Nunc
629 2043 1036 2110 quaternarum
1083 2039 1424 2109 syllabarum
1467 2039 1639 2110 pedes
1676 2055 1814 2095 con-

26 2113 28 2116 .
110 2133 425 2201 sequenter
456 2133 627 2198 atque
683 2126 884 2181 ordine
944 2125 1256 2193 videamus,
1310 2131 1365 2181 et
1423 2127 1542 2197 ipse
1565 2127 1687 2198 jam
1721 2127 1811 2182 dic

107 2234 289 2291 quem
315 2217 519 2272 horum
549 2215 803 2286 primum
833 2231 953 2270 esse
984 2219 1266 2285 oporteat,
1298 2215 1490 2270 addita
1518 2216 1691 2270 etiam
1718 2232 1813 2270 ra-

106 2308 275 2361 tione
308 2304 602 2360 divisionis
647 2305 790 2374 ejus.
830 2304 898 2357 D.
957 2301 1178 2357 Scilicet
1227 2306 1476 2372 quatuor
1527 2303 1808 2371 brevium,

109 2395 219 2468 qui
249 2393 520 2450 dividitur
571 2392 632 2446 in
688 2392 828 2446 duas
879 2391 1146 2445 binarum
1204 2391 1548 2461 syllabarum
1595 2396 1807 2462 partes,

109 2481 429 2553 aequalium
477 2479 696 2534 ratione
750 2493 1126 2532 numerorum
1178 2477 1292 2531 duo
1322 2481 1379 2531 et
1409 2477 1522 2531 duo
1551 2482 1811 2549 tempora

106 2569 488 2642 possidentes.
518 2570 591 2622 Μ.
627 2568 806 2621 Tenes
829 2569 845 2602 ί
873 2583 886 2632 ;
912 2565 1033 2636 jam
1087 2565 1276 2636 itaque
1331 2581 1505 2636 perge
1558 2567 1696 2638 ipse,
1756 2572 1812 2623 et

107 2668 462 2722 persequere
491 2657 714 2706 caetera.
752 2651 905 2706 Nihil
936 2650 1090 2705 enim
1119 2667 1264 2722 opus
1293 2666 1412 2706 esse
1437 2652 1558 2722 jam
1588 2656 1726 2723 puto
1753 2657 1808 2708 te

103 2751 219 2806 per
249 2736 473 2806 singula
517 2734 879 2805 interrogari,
911 2749 1040 2787 cum
1099 2733 1172 2787 sit
1199 2749 1315 2787 una
1344 2733 1488 2787 ratio
1544 2734 1808 2789 demendi

105 2823 382 2894 deinceps
419 2823 615 2876 breves
671 2822 933 2892 syllabas,
993 2826 1050 2875 et
1091 2837 1195 2892 pro
1243 2820 1333 2876 his
1380 2822 1580 2894 longas
1624 2823 1808 2894 subji-

101 2912 317 2979 ciendi,
343 2913 522 2966 donec
551 2911 618 2965 ad
651 2927 850 2966 omnes
882 2911 1080 2981 longas
1110 2909 1372 2965 veniatur
1397 2927 1409 2977 ;
1462 2915 1519 2966 et
1548 2927 1678 2966 cum
1708 2912 1805 2966 de-

101 3005 346 3055 muntur
384 3000 603 3066 breves,
634 3000 936 3071 longasque
967 2999 1306 3065 subduntur,
1338 3016 1478 3070 quas
1507 2999 1807 3056 varietates

97 3090 335 3157 faciant,
367 3094 423 3145 et
451 3092 588 3160 quot
613 3089 784 3160 pedes
813 3087 1074 3160 gignant,
1119 3087 1519 3143 considerandi
1545 3105 1558 3155 ;
1585 3105 1652 3142 ea
1699 3087 1803 3141 sci-

98 3179 240 3234 licet
265 3179 482 3250 syllaba
512 3175 898 3247 principatum
928 3175 1142 3230 ordinis
1180 3176 1484 3244 retinente,
1534 3191 1661 3246 quae
1694 3192 1805 3229 una

96 3267 282 3324 fuerit
309 3267 458 3322 inter
486 3270 716 3321 caeteras
745 3265 832 3320 vel
861 3265 1034 3336 longa
1064 3265 1146 3318 vel
1176 3264 1401 3320 brevis:
1428 3265 1487 3318 in
1516 3264 1605 3319 liis
1652 3264 1804 3318 enim

96 3355 376 3412 omnibus
398 3356 519 3426 jam
547 3354 808 3426 superius
831 3371 890 3407 es
923 3353 1278 3408 exercitatus.
1311 3352 1414 3408 Ubi
1454 3357 1647 3407 autem
1676 3353 1804 3407 duae

97 3447 303 3501 breves
333 3449 467 3500 sunt
491 3448 548 3498 et
578 3444 705 3498 duae
726 3444 932 3513 longae,
967 3442 1192 3514 quodin
1208 3441 1664 3513 praecedentibus
1685 3458 1803 3496 non

98 3540 249 3602 erat,
282 3551 424 3605 quas
452 3549 646 3587 censes
673 3531 1058 3603 principatum
1083 3532 1294 3586 habere
1325 3531 1650 3586 debere?D.
1677 3533 1703 3586 J
1711 3547 1802 3584 am

97 3624 213 3678 hoc
243 3637 474 3694 quoque
505 3620 871 3675 manifestum
907 3625 989 3674 est
1031 3620 1099 3675 de
1149 3619 1560 3690 superioribus.
1613 3618 1801 3689 Siqui—

99 3713 243 3767 dem
271 3710 452 3781 magis
485 3713 637 3764 tenet
677 3709 951 3764 unitatem
989 3709 1173 3763 brevis
1211 3708 1425 3779 syllaba
1455 3724 1583 3777 quae
1622 3723 1802 3761 unum

95 3801 278 3856 habet
313 3803 559 3870 tempus,
594 3814 766 3870 quam
797 3799 966 3865 longa
993 3813 1122 3867 qua:
1153 3796 1285 3850 duo.
1319 3797 1383 3850 Et
1413 3799 1712 3866 propterea
1741 3794 1802 3848 in

97 3888 269 3944 omni
293 3887 476 3959 capite
503 3892 675 3957 atque
704 3884 988 3956 principio
1016 3901 1147 3938 eum
1165 3884 1370 3956 pedem
1399 3883 1800 3938 constituimus

95 3979 203 4052 qui
235 3994 303 4032 ex
332 3976 597 4032 brevibus
625 3977 862 4028 constat.

176 4069 265 4122 lO.
297 4068 370 4121 M.
406 4065 557 4120 Nihil
589 4063 764 4134 igitur
792 4066 847 4116 te
899 4060 1161 4131 impedit,
1219 4059 1362 4132 quin
1412 4075 1610 4114 omnes
1665 4059 1800 4114 istos

98 4153 471 4229 persequaris
501 4153 675 4224 pedes
704 4150 968 4205 audiente
1000 4166 1062 4204 ac
1089 4149 1374 4221 iudicante
1414 4164 1525 4213 me,
1563 4165 1681 4202 non
1709 4148 1798 4202 in-

95 4246 453 4314 terrogantc.
486 4242 560 4295 D.
597 4239 818 4294 Faciam
847 4237 895 4292 si
924 4243 1121 4309 potero
1155 4254 1167 4292 :
1202 4253 1336 4292 nam
1368 4237 1553 4308 primo
1567 4237 1634 4292 de
1667 4253 1801 4308 qua-

95 4335 232 4383 tuor
261 4328 527 4384 brevibus
555 4327 727 4399 primi
757 4326 940 4397 pedis,
963 4326 1148 4381 brevis
1173 4342 1288 4380 una
1317 4325 1667 4380 detrahenda
1695 4329 1796 4393 est,

96 4422 156 4473 et
185 4433 292 4490 pro
322 4433 389 4471 ea
417 4416 586 4487 longa
616 4415 879 4486 ponenda
911 4415 970 4469 in
999 4414 1187 4486 primo
1210 4415 1333 4469 loco
1363 4419 1599 4485 propter
1613 4415 1801 4468 unita-

95 4508 172 4562 tis
201 4504 560 4577 dignitatem.
628 4505 723 4558 llic
771 4509 962 4558 autem
992 4520 1093 4574 pes
1140 4502 1413 4558 dividitur
1456 4502 1582 4557 bis:
1611 4501 1799 4557 autin

99 4597 342 4666 longam
373 4600 430 4648 et
460 4598 573 4648 tres
602 4593 795 4648 breves
821 4609 834 4659 ;
869 4599 966 4647 aut
993 4592 1050 4646 in
1083 4593 1312 4662 longam
1363 4596 1418 4646 et
1445 4592 1695 4658 brevem,
1745 4595 1803 4645 et

99 4685 246 4740 duas
283 4683 519 4748 breves;
562 4682 618 4737 id
647 4687 732 4736 est
760 4687 860 4736 aut
888 4681 947 4735 in
979 4681 1090 4735 duo
1124 4686 1179 4735 et
1209 4681 1350 4747 tria;
1384 4685 1481 4734 aut
1509 4680 1570 4734 in
1591 4679 1723 4748 tria,
1747 4684 1802 4734 et

99 4775 216 4829 duo
250 4777 528 4843 tempora.
555 4771 812 4826 Secundo
843 4775 1036 4824 autem
1086 4771 1208 4825 loco
1238 4769 1423 4840 posita
1456 4769 1627 4839 longa
1659 4766 1798 4823 facit

98 4863 283 4917 alium
318 4861 544 4932 pedem,
579 4860 678 4931 qui
717 4876 833 4914 uno
864 4860 1034 4914 modo
1066 4863 1214 4913 recte
1255 4856 1548 4920 dividitur,
1606 4854 1668 4908 in
1692 4854 1802 4908 tria

97 4952 318 5005 scilicet
345 4953 402 5004 et
425 4949 537 5004 duo
567 4955 845 5019 tempora,
876 4953 936 5002 ut
960 4947 1118 5019 prior
1165 4962 1295 5018 pars
1350 4947 1542 4999 teneat
1570 4943 1801 4997 brevem

99 5045 158 5093 et
188 5040 446 5109 longam,
475 5036 759 5107 posterior
808 5037 947 5090 duas
1002 5035 1221 5090 breves.
1255 5036 1431 5088 Porro
1477 5031 1644 5086 tertio
1674 5031 1799 5085 loco

101 5127 412 5182 constituta
467 5127 636 5197 longa
691 5125 824 5180 facit
857 5141 988 5178 eum
1021 5124 1246 5195 pedem,
1303 5121 1402 5193 qui
1450 5137 1645 5175 rursus
1685 5135 1800 5174 uno

102 5216 276 5271 modo
307 5214 416 5268 rite
447 5213 756 5280 dividitur;
790 5213 886 5268 sed
924 5212 1004 5266 ita
1036 5217 1097 5266 ut
1125 5212 1286 5284 prior
1313 5228 1442 5282 pars
1464 5210 1668 5264 habeat
1687 5209 1800 5262 duo

99 5310 367 5375 tempora
397 5302 455 5356 in
478 5302 698 5357 duabus
729 5301 991 5355 brevibus
1020 5302 1269 5371 syllabis,
1302 5299 1579 5370 posterior
1605 5297 1714 5352 tria
1741 5297 1801 5351 in

102 5395 277 5463 longa
299 5395 357 5446 et
384 5391 562 5446 brevi.
593 5391 864 5456 Quartum
886 5388 1088 5460 pedem
1113 5388 1433 5459 {acitlonga
1459 5387 1680 5453 ultima,
1702 5385 1798 5457 qui

169 5575 180 5605 '
212 5572 399 5626 Teneo,
421 5567 576 5632 juxta
609 5567 691 5621 Er,
726 5566 888 5628 Ludg.
927 5565 1055 5614 Ven.
1093 5568 1144 5612 et
1166 5564 1285 5613 Mss.
1319 5562 1359 5612 A
1389 5567 1440 5612 et
1469 5563 1521 5612 Β.
1592 5562 1657 5610 Μ.

1577 325 1790 383 LIBER
1831 323 2217 382 SECUNDUS.

3496 333 3631 386 1106

1943 447 2169 502 duobus
2199 447 2384 502 modis
2408 447 2698 514 dividitur,
2733 453 2799 504 ut
2828 448 2924 503 ille
2962 448 3064 503 ubi
3107 447 3295 520 prima
3340 454 3461 507 est:
3495 467 3631 508 nam

1940 537 2027 591 vel
2057 536 2116 591 in
2138 536 2278 592 duas
2306 537 2527 606 breves,
2559 542 2615 593 et
2654 538 2885 593 brevem
2915 554 2978 592 ac
3011 538 3276 610 longam;
3307 539 3397 594 vel
3427 539 3488 595 in
3517 545 3630 596 tres

1937 625 2154 692 breves,
2188 631 2245 681 et
2275 627 2503 698 longam
2522 627 2721 698 partiri
2753 643 2883 683 eum
2902 627 3033 682 licet
3058 647 3072 695 ;
3101 627 3162 681 in
3187 627 3299 682 duo
3329 627 3632 696 scilicet,et

1937 714 2084 781 tria;
2116 719 2216 768 aut
2245 715 2303 769 in
2342 715 2471 784 tria,
2504 720 2561 769 et
2589 716 2702 770 duo
2749 719 3030 786 tempora.
3075 716 3289 770 Omnes
3316 719 3508 770 autem
3537 715 3630 771 isti

1937 806 2182 874 quatuor
2211 803 2403 874 pedes,
2437 801 2532 856 ubi
2563 819 2694 856 cum
2723 803 2903 858 tribus
2931 803 3195 859 brevibus
3253 807 3405 858 varie
3457 805 3628 876 longa

1935 892 2264 959 collocatur,
2315 894 2712 962 sesquatorum
2768 907 3139 947 numerorum
3176 892 3396 948 ratione
3435 897 3627 964 partes

1934 995 2068 1035 suas
2097 980 2164 1034 ad
2197 996 2256 1035 se
2287 981 2514 1034 collatas
2544 977 2564 1012 ί
2595 978 2827 1034 habent.

2007 1073 2090 1124 lt.
2125 1068 2394 1139 Sequitur
2422 1071 2486 1121 ut
2514 1067 2584 1121 de
2641 1071 2886 1138 quatuor
2932 1067 3194 1121 brevibus
3251 1068 3470 1123 duabus
3524 1070 3623 1124 de-

1930 1157 2148 1224 tractis,
2187 1172 2292 1227 pro
2323 1155 2412 1210 his
2443 1155 2584 1209 duas
2617 1154 2818 1226 longas
2856 1155 3245 1225 subjiciamus,
3301 1156 3622 1212 videamus-

1931 1261 2043 1316 que
2074 1249 2215 1316 quot
2241 1246 2452 1299 formas
2484 1260 2548 1298 ac
2575 1244 2751 1315 pedes
2781 1259 2909 1297 cum
2941 1243 3138 1297 breves
3170 1259 3232 1297 ac
3260 1243 3448 1316 longae
3473 1245 3626 1300 binas

1929 1332 2064 1399 sint,
2095 1334 2315 1403 possint
2353 1333 2544 1387 edere.
2578 1332 2770 1387 Primo
2799 1332 2977 1404 igitur
3020 1332 3185 1387 video
3234 1333 3375 1388 duas
3427 1333 3624 1389 breves

1928 1425 1986 1476 et
2014 1422 2153 1476 duas
2183 1422 2383 1491 longas
2403 1437 2522 1475 esse
2541 1421 2858 1492 ponendas,
2884 1421 3038 1492 quod
3066 1438 3100 1474 a
3129 1421 3393 1476 brevibus
3416 1422 3625 1477 rectius

1926 1510 2222 1564 exordium
2279 1510 2368 1564 sit.
2405 1509 2504 1564 Hic
2529 1513 2720 1563 autem
2746 1525 2847 1580 pes
2874 1509 3046 1563 habet
3075 1510 3364 1580 duplicem
3392 1509 3624 1565 divisio-

1925 1613 2059 1652 nem
2091 1615 2104 1652 :
2135 1602 2234 1652 aut
2261 1597 2418 1652 enim
2447 1597 2506 1651 in
2536 1598 2649 1652 duo
2681 1602 2738 1652 et
2767 1603 3043 1668 quatuor,
3075 1603 3174 1652 aut
3202 1598 3264 1652 in
3292 1603 3538 1669 quatuor
3567 1602 3624 1653 et

1925 1685 2038 1740 duo
2060 1685 2631 1756 dividiturtempora;
2654 1690 2720 1739 ut
2739 1690 2836 1739 aut
2855 1686 2984 1740 duas
3013 1687 3212 1741 breves
3232 1686 3483 1756 priorem
3503 1702 3624 1758 par-

1923 1777 2041 1828 tem
2071 1777 2320 1840 teneant,
2348 1777 2405 1827 et
2434 1773 2802 1844 posteriorem
2831 1774 2959 1828 duae
2990 1775 3204 1844 longas;
3238 1779 3338 1828 aut
3367 1777 3428 1828 ut
3469 1773 3624 1845 prio-

1924 1877 2047 1915 rem
2077 1861 2204 1915 dua:
2228 1862 2426 1915 breves
2456 1866 2513 1915 et
2536 1862 2724 1932 longa,
2773 1861 3146 1932 posteriorem
3201 1866 3391 1916 autem
3445 1863 3621 1933 longa

1923 1965 2053 2020 quas
2080 1949 2301 2020 reliqua
2329 1954 2435 2005 est.
2471 1949 2558 2003 Fit
2586 1949 2732 2004 alius
2777 1966 2896 2021 pes,
2929 1966 3057 2004 cum
3111 1949 3241 2005 dua:
3271 1950 3392 2005 istae
3419 1949 3618 2006 breves

1923 2053 2065 2109 quas
2091 2037 2150 2092 in
2177 2037 2360 2109 capite
2391 2053 2791 2108 posueramus,
2820 2039 2900 2092 ita
2923 2042 2989 2092 ut
3012 2038 3150 2093 ordo
3178 2038 3300 2108 ipse
3345 2039 3616 2108 postulat,

1919 2125 1983 2180 in
2009 2125 2200 2180 medio
2229 2125 2444 2180 fuerint
2471 2125 2777 2194 collocatae,
2809 2131 2866 2181 et
2895 2131 2979 2181 est
3006 2127 3180 2198 hujus
3207 2127 3367 2198 pedis
3414 2127 3616 2183 divisio

1919 2210 1983 2265 in
2013 2211 2122 2265 tria
2149 2215 2206 2266 et
2228 2212 2339 2265 tria
2366 2217 2623 2283 tempora
2657 2228 2671 2266 :
2703 2228 2836 2266 nam
2890 2212 3145 2283 priorem
3184 2218 3406 2284 partem
3444 2229 3616 2268 occu-

1919 2303 2060 2369 pant
2085 2300 2258 2370 longa
2293 2303 2351 2354 et
2379 2299 2586 2367 brevis,
2632 2299 3010 2370 posteriorem
3066 2300 3253 2355 brevis
3307 2305 3362 2356 et
3419 2301 3610 2372 longa.

1920 2388 2060 2442 Cum
2093 2393 2287 2442 autem
2317 2393 2613 2459 ponuntur
2639 2389 2700 2442 in
2730 2389 2952 2456 ultimo,
3004 2406 3136 2444 nam
3188 2390 3297 2444 hoc
3329 2391 3612 2462 sequitur,

1919 2475 2135 2530 faciunt
2163 2477 2368 2547 pedem
2386 2476 2631 2546 geminae
2645 2476 2959 2542 divisionis,
2983 2478 3145 2549 cujus
3176 2482 3276 2532 aut
3299 2477 3456 2548 prior
3482 2495 3616 2550 pars

1920 2563 2126 2618 habeat
2146 2564 2257 2618 duo
2280 2567 2540 2634 tempora
2555 2563 2616 2617 in
2628 2580 2746 2618 una
2768 2565 2959 2634 longa,
2982 2565 3268 2635 posterior
3286 2569 3535 2636 quatuor
3554 2566 3616 2621 in

1920 2654 2091 2723 longa
2121 2657 2179 2706 et
2208 2653 2427 2708 duabus
2451 2653 2750 2718 brevibus;
2785 2656 2884 2707 aut
2907 2653 3064 2723 prior
3093 2657 3341 2725 quatuor
3366 2651 3427 2706 in
3467 2653 3614 2708 dua-

1919 2741 2025 2796 bus
2055 2741 2260 2812 longis,
2293 2741 2575 2812 posterior
2601 2741 2661 2796 in
2695 2741 2914 2795 duabus
2944 2742 3210 2796 brevibus
3239 2741 3370 2795 duo.
3401 2743 3613 2796 Horum

1919 2833 2109 2884 autem
2121 2829 2298 2884 trium
2314 2829 2527 2899 pedum
2542 2833 2753 2899 partes,
2779 2829 2929 2899 quod
2947 2829 3015 2882 ad
3035 2829 3288 2898 primum
3306 2833 3362 2883 et
3379 2829 3613 2884 tertium

1919 2917 2140 2980 attinet,
2161 2917 2630 2987 complicatorum
2652 2932 3027 2970 numerorum
3065 2917 3288 2972 ratione
3309 2916 3419 2971 sibi
3448 2933 3612 2972 com-

1915 3010 2230 3077 parantur;
2261 3005 2482 3060 medius
2502 3005 2748 3075 aequales
2778 3021 2872 3058 eas
2903 3005 3096 3059 habet.

1993 3097 2072 3150 l2.
2105 3095 2230 3148 1am
2252 3093 2521 3164 deinceps
2549 3093 2670 3147 istae
2701 3093 2829 3148 duae
2858 3093 3057 3147 breves
3112 3109 3240 3163 qua:
3296 3092 3610 3164 conjuncta:

1915 3182 2595 3254 ponebantur,disjunctae
2617 3182 2894 3253 ponenda:
2913 3186 3047 3236 sunt
3069 3197 3343 3253 :quarum
3373 3180 3614 3236 minima

1917 3271 2224 3341 disjunctio
2254 3276 2360 3337 est,
2392 3288 2424 3325 a
2453 3288 2567 3341 qua
2595 3271 2765 3324 etiam
2788 3269 3201 3340 incipiendum,
3233 3275 3297 3325 ut
3309 3286 3483 3324 unam
3503 3271 3610 3340 syl-

1914 3360 2103 3414 labam
2130 3359 2364 3429 longam
2412 3358 2563 3412 inter
2613 3374 2672 3413 se
2718 3358 3006 3424 habeant;
3038 3357 3302 3425 maxima,
3335 3362 3400 3412 ut
3445 3358 3608 3413 duas.

1913 3445 2020 3501 Sed
2050 3461 2179 3499 cum
2210 3461 2325 3500 una
2353 3449 2437 3499 est
2463 3445 2614 3499 inter
2642 3460 2755 3511 eas,
2789 3445 3011 3499 duobus
3067 3444 3253 3499 modis
3292 3444 3376 3511 tit,
3411 3449 3468 3498 et
3497 3445 3610 3498 duo

1913 3535 2092 3606 pedes
2122 3534 2460 3605 gignuntur.
2488 3533 2853 3588 Priorautem
2877 3538 2962 3587 est
2980 3533 3183 3587 horum
3212 3533 3530 3599 modorum,
3551 3537 3614 3588 ut

1913 3622 1973 3676 in
2003 3622 2186 3692 capite
2210 3621 2394 3676 brevis
2419 3623 2511 3687 sit,
2534 3621 2738 3676 deinde
2760 3622 2960 3690 longa:
2982 3620 3114 3675 inde
3134 3620 3341 3688 brevis,
3365 3626 3422 3676 et
3440 3622 3613 3692 longa

1913 3726 2044 3780 quae
2059 3709 2279 3780 reliqua
2291 3713 2396 3763 est.
2413 3711 2566 3763 Alter
2576 3708 2783 3762 modus
2795 3713 2896 3774 est,
2916 3712 2980 3762 ut
2999 3708 3057 3761 in
3073 3708 3319 3762 secundo
3338 3708 3462 3762 etin
3483 3709 3611 3762 ulti-

1913 3814 2006 3852 mo
2034 3798 2151 3851 sint
2176 3798 2390 3863 breves,
2416 3797 2476 3850 in
2503 3797 2688 3866 primo
2717 3800 2773 3850 et
2801 3795 2968 3850 tertio
2996 3797 3117 3850 loco
3149 3796 3336 3865 longae
3360 3812 3373 3849 :
3396 3796 3474 3850 ita
3500 3797 3610 3852 erit

1911 3887 2086 3957 longa
2115 3890 2172 3939 et
2191 3885 2459 3954 brevis,et
2479 3884 2650 3953 longa
2670 3883 2941 3938 etbrevis.
2963 3883 3203 3939 Maxima
3214 3899 3345 3937 vero
3370 3883 3470 3938 illa
3494 3883 3607 3937 dis-

1905 3973 2132 4045 junctio
2164 3978 2265 4040 est,
2299 3989 2428 4026 cum
2461 3972 2589 4026 dum
2611 3973 2798 4041 longae
2845 3970 2904 4024 in
2947 3970 3136 4024 medio
3165 3974 3315 4037 sunt,
3348 3970 3608 4026 brevium

1910 4068 2104 4118 autem
2134 4079 2248 4116 una
2279 4062 2336 4116 in
2361 4061 2572 4132 primo,
2605 4061 2782 4114 altera
2811 4059 2870 4113 in
2901 4063 3150 4114 extremo
3181 4059 3324 4113 loco.
3369 4060 3436 4114 Et
3462 4059 3607 4114 divi-

1911 4153 2128 4207 duntur
2158 4151 2196 4204 ii
2225 4155 2339 4205 tres
2368 4151 2559 4221 pedes,
2587 4148 2647 4203 in
2679 4148 2885 4220 quibus
2930 4147 3127 4202 breves
3173 4147 3468 4217 disjunctee
3496 4163 3609 4218 po-

1910 4231 2146 4304 nuntur,
2181 4234 2239 4288 in
2270 4235 2381 4288 tria
2406 4238 2462 4288 et
2477 4233 2874 4302 triatempora,
2907 4231 2963 4285 id
2990 4231 3307 4302 estprimus
3327 4231 3608 4286 horumin

1907 4327 2137 4380 brevem
2160 4330 2216 4379 et
2246 4325 2495 4394 longam,
2527 4326 2582 4376 et
2598 4322 2828 4376 brevem
2859 4337 2923 4374 ac
2953 4321 3182 4391 longam
3210 4335 3222 4372 :
3249 4319 3533 4374 secundus
3547 4319 3610 4373 in

1911 4411 2143 4481 longam
2174 4427 2237 4464 ac
2266 4409 2518 4476 brevem,
2549 4411 2605 4462 et
2633 4407 2863 4476 longam
2915 4420 2977 4459 ac
3006 4405 3234 4458 brevem
3267 4419 3280 4457 :
3319 4403 3519 4458 tertius
3550 4403 3612 4459 in

1909 4499 2145 4554 brevem
2175 4515 2239 4552 ac
2267 4499 2520 4567 longam,
2552 4501 2608 4550 et
2631 4495 2862 4564 longam
2895 4510 2958 4547 ac
2982 4493 3331 4547 brevem.lta
3351 4491 3500 4546 ﬁunt
3513 4508 3612 4547 sex

1911 4589 2086 4659 pedes
2115 4587 2336 4641 duabus
2368 4584 2635 4640 brevibus
2667 4587 2722 4637 et
2747 4583 2968 4636 duabus
2998 4581 3189 4652 longis
3209 4579 3436 4652 syllabis
3455 4580 3610 4635 varie

1911 4676 2063 4731 inter
2093 4691 2172 4742 se,
2201 4674 2388 4746 quoad
2422 4675 2682 4744 possunt,
2714 4669 2926 4724 locatis.

1987 4768 2071 4820 13.
2096 4765 2289 4818 Restat
2323 4769 2384 4816 ut
2413 4762 2484 4816 de
2504 4764 2752 4832 quatuor
2772 4757 3036 4812 brevibus
3074 4755 3446 4811 detrahantur
3473 4759 3610 4826 tres,

1911 4857 1969 4908 et
1995 4868 2098 4924 pro
2131 4851 2220 4905 his
2248 4855 2362 4904 tres
2391 4850 2577 4919 longae
2607 4847 3027 4902 constituantur
3059 4861 3072 4899 :
3105 4844 3215 4899 erit
3243 4839 3360 4899 una
3387 4844 3608 4912 brevis;

1911 4948 1970 4998 et
1997 4941 2132 5013 quia
2160 4955 2276 4994 una
2298 4938 2483 4993 brevis
2513 4938 2571 4991 in
2603 4935 2805 5006 capite,
2840 4949 3014 5006 quam
3044 4939 3158 4987 tres
3204 4933 3391 5003 longa:
3412 4949 3610 4986 conse-

1913 5034 2183 5099 quentur,
2207 5028 2338 5081 facit
2355 5025 2532 5079 alium
2559 5022 3038 5095 pedem,secundo
3063 5023 3186 5076 loco
3210 5021 3395 5093 posita
3407 5036 3608 5075 secun-

1911 5119 2067 5183 dum,
2102 5115 2334 5170 tertium
2364 5113 2556 5178 tertio,
2599 5117 2867 5184 quartum
2895 5115 3121 5182 quarto.
3153 5111 3407 5175 Quorum
3459 5123 3606 5177 qua-

1911 5211 2061 5273 tuor,
2093 5205 2205 5260 duo
2233 5203 2404 5275 primi
2421 5203 2478 5256 in
2502 5203 2609 5256 tria
2628 5206 2683 5256 et
2710 5206 2954 5272 quatuor
2978 5205 3240 5270 tempora
3254 5196 3603 5259 dividuntur,

1911 5295 2024 5349 duo
2053 5297 2245 5347 autem
2287 5291 2625 5362 posteriores
2656 5289 2713 5343 in
2751 5294 2998 5360 quatuor
3025 5293 3082 5342 et
3128 5285 3256 5350 tria,
3295 5289 3350 5338 et
3400 5297 3603 5335 omnes

1911 5385 2312 5454 sesquatorum
2343 5378 2562 5434 ratione
2591 5393 2966 5433 numerorum
2998 5379 3183 5446 partes
3229 5371 3335 5425 sibi
3378 5369 3607 5422 collatas
3703 5373 3706 5377 '

1979 5564 1990 5594 ι
2025 5557 2342 5618 Collocalas,
2370 5559 2525 5621 juxta
2554 5558 2651 5607 Ms.
2683 5556 2722 5606 Α
2757 5564 2827 5607 δα
2846 5554 2975 5604 Edd.
3012 5561 3193 5599 omnes
3259 5547 3325 5596 M.
