4064 6352
431 342 563 395 “07

424 457 641 515 habent
671 471 686 512 :
719 471 853 511 nam
882 455 1040 527 prior
1065 470 1197 526 pars
1224 453 1396 525 primi
1423 456 1508 507 est
1537 451 1721 507 brevis
1749 457 1807 508 et
1827 453 2016 524 longa,
2038 457 2118 508 te-

425 562 568 603 nens
597 545 706 600 tria
735 548 1022 615 tempora;
1049 542 1332 615 posterior
1354 541 1482 596 dua:
1511 542 1739 613 longua:
1770 540 1832 596 in
1872 545 2119 613 quatuor

424 634 798 706 temporibus.
814 632 1056 688 Secundi
1069 631 1230 702 prior
1247 647 1379 702 pars
1399 635 1484 684 est
1500 631 1670 701 longa
1687 634 1741 684 et
1758 630 1963 694 brevis,
1980 647 2116 701 ergo

422 724 532 778 tria
560 729 847 794 tempora;
875 721 1157 793 posterior
1185 721 1312 775 dua:
1332 721 1539 789 longas,
1569 723 1816 791 quatuor
1832 723 2115 791 tempora.

425 811 648 867 Tertius
673 809 832 882 prior
855 813 1171 882 empartem
1197 808 1369 863 habet
1395 808 1458 862 in
1487 808 1707 862 duabus
1735 807 1945 879 longis,
1975 824 2117 880 qua-

423 903 558 955 tuor
580 898 968 969 temporibus;
1000 897 1372 968 posteriorem
1428 897 1551 966 ejus
1593 899 1815 966 partem
1845 895 2032 950 brevis
2063 900 2120 951 et

423 987 593 1059 longa
621 987 861 1051 obtinet,
897 986 953 1040 id
984 990 1068 1040 est
1118 984 1228 1039 tria
1279 988 1557 1055 tempora.
1613 984 1810 1049 Quarti
1865 984 2114 1055 priorem

421 1081 645 1147 partem
674 1074 937 1129 similiter
963 1074 1180 1130 faciunt
1225 1073 1354 1128 duae
1384 1073 1573 1144 longa:
1612 1076 1859 1144 quatuor
1900 1077 2119 1143 tempo-

423 1179 582 1232 rum;
613 1167 670 1217 et
699 1163 1074 1234 posteriorem
1113 1163 1285 1232 longa
1315 1166 1370 1216 et
1398 1161 1608 1228 brevis,
1641 1160 1824 1214 tribus
1849 1161 2120 1232 tempori-

420 1252 552 1307 bus.
591 1251 867 1323 Reliquus
886 1267 986 1322 pes
1017 1255 1101 1305 est
1129 1255 1378 1322 quatuor
1395 1250 1763 1322 syllabarum,
1785 1248 1885 1304 ubi
1917 1266 2115 1304 omnes

425 1339 766 1396 auferuntur
792 1339 1013 1407 breves,
1046 1344 1108 1394 ut
1137 1343 1380 1410 quatuor
1410 1338 1596 1408 longis
1625 1354 1724 1409 pes
1753 1341 1988 1393 constet.
2018 1338 2119 1392 Hic

424 1428 486 1483 in
518 1429 657 1484 duas
687 1432 744 1484 et
773 1429 914 1483 duas
942 1429 1143 1498 longas
1199 1427 1511 1482 secundum
1550 1427 1797 1498 aequales
1826 1442 2116 1493 numeros,

424 1517 483 1572 id
507 1515 659 1570 estin
671 1520 917 1588 quatuor
937 1520 993 1571 et
1007 1520 1256 1588 quatuor
1276 1515 1535 1570 videlicet
1556 1514 1827 1569 dividitur
1839 1520 2114 1586 tempora.

427 1605 611 1660 Habes
651 1605 801 1676 quod
829 1621 932 1676 per
981 1604 1264 1676 meipsum
1315 1602 1582 1675 explicari
1634 1602 1911 1658 voluisti:
1944 1618 2118 1675 perge

421 1694 544 1764 jam
573 1693 830 1765 rogando
855 1694 1124 1764 persequi
1153 1697 1375 1747 caetera.

430 1783 655 1838 CAPUT
682 1783 798 1836 Vll.
827 1813 897 1822 —
933 1783 1130 1838 Versus
1160 1785 1299 1836 certo
1318 1780 1536 1851 pedum,
1577 1783 1638 1835 ut
1663 1795 1760 1850 pes
1781 1780 2119 1852 syllabarum

1032 1885 1250 1925 numero
1277 1871 1503 1924 constat.

413 2031 418 2034 _
497 1959 581 2012 14.
613 1960 686 2014 Μ.
737 1958 958 2013 Faciam
1003 1973 1016 2013 :
1063 1958 1161 2013 sed
1205 1957 1416 2012 satisne
1463 1953 2116 2027 considerastiprogres-

421 2045 638 2102 sionem
668 2045 835 2101 istam
865 2063 1046 2118 usque
1075 2046 1147 2100 ad
1174 2045 1604 2117 quaternarium
1629 2060 1955 2112 numerum,
1989 2062 2118 2117 quae

422 2134 634 2205 inipsis
654 2135 910 2190 numeris
927 2135 1311 2190 demonstrata
1323 2138 1427 2201 est,
1461 2139 1742 2205 quantum
1763 2134 1822 2187 in
1834 2134 1923 2188 his
1943 2134 2117 2188 etiam

422 2223 664 2295 pedibus
691 2224 885 2278 valet?
906 2224 981 2278 D.
1016 2224 1099 2278 Ita
1128 2239 1262 2278 sane
1290 2223 1351 2277 in
1377 2223 1466 2278 his
1494 2227 1561 2278 ut
1585 2223 1644 2276 in
1673 2222 1786 2276 illis
1810 2224 1956 2277 hanc
1984 2239 2117 2293 pro-

423 2310 719 2382 grediendi
746 2310 1027 2366 rationem
1077 2309 1278 2380 probo.
1331 2312 1407 2365 Μ.
1441 2311 1583 2375 Quid
1615 2309 1754 2365 illud
1777 2311 1806 2366 ?
1836 2327 2024 2364 nonne
2054 2315 2120 2365 ut

424 2399 702 2454 contextis
732 2397 959 2470 syllabis
983 2397 1156 2468 pedes
1189 2397 1321 2452 facti
1350 2403 1504 2462 sunt,
1532 2399 1610 2452 ita
1639 2399 1809 2452 etiam
1841 2399 2118 2453 contextis

421 2485 664 2558 pedibus
693 2485 909 2556 aliquid
937 2484 1063 2539 ﬁeri
1109 2500 1273 2555 posse
1328 2485 1767 2540 existimandum
1808 2490 1910 2556 est,
1967 2487 2119 2557 quod

413 2575 540 2644 jam
567 2589 754 2644 neque
784 2573 1013 2644 syllabae
1049 2588 1236 2645 neque
1287 2573 1452 2645 pedis
1503 2574 1738 2629 nomine
1776 2574 2118 2630 censeatur?

423 2664 498 2717 D.
532 2661 777 2716 Omnino
807 2661 1087 2716 existimo.
1117 2664 1192 2717 Μ.
1219 2662 1364 2726 Quid
1398 2663 1626 2717 tandem
1656 2663 1711 2718 id
1741 2667 1906 2735 putas
1953 2666 2119 2719 esse?

424 2752 499 2806 D.
533 2751 768 2804 Versum
809 2749 1079 2805 arbitror.
1136 2752 1211 2805 Μ.
1245 2749 1392 2814 Quid
1423 2749 1468 2804 si
1498 2755 1778 2821 perpetuo
1817 2755 2118 2807 contexere

430 2837 718 2912 quispiam
748 2839 918 2910 pedes
943 2838 1164 2909 aliquos
1193 2837 1351 2908 velit,
1377 2838 1458 2892 ita
1477 2842 1540 2893 ut
1570 2839 1649 2894 eis
1679 2840 1914 2894 modum
1954 2856 2016 2894 ac
2046 2841 2114 2894 fi-

423 2944 556 2983 nem
587 2943 704 2982 non
732 2926 1013 2997 imponat,
1047 2926 1158 2981 nisi
1183 2931 1282 2981 aut
1303 2927 1553 2982 defectus
1583 2929 1753 2994 vocis,
1784 2933 1884 2983 aut
1913 2929 2117 3000 aliquis

423 3016 568 3072 alius
595 3033 754 3071 casus
784 3015 1174 3086 interpellans,
1207 3019 1306 3070 aut
1358 3015 1632 3088 temporis
1663 3016 1804 3072 ratio
1861 3018 1929 3072 ad
1962 3018 2116 3073 aliud

423 3105 639 3176 aliquid
667 3104 1042 3159 transeundi?
1068 3103 1314 3158 etiamne
1341 3119 1534 3158 versus
1563 3120 1597 3158 a
1625 3108 1680 3158 te
1703 3104 2116 3174 nominabitur,

423 3193 638 3248 habens
664 3193 752 3247 vel
788 3191 1003 3263 vigenti
1034 3193 1119 3246 vel
1161 3192 1373 3263 trigina
1408 3193 1496 3247 vel
1539 3196 1769 3247 centum
1798 3192 1971 3247 etiam
2002 3192 2117 3248 sive

425 3282 673 3354 amplius
722 3281 915 3352 pedes,
963 3285 1028 3335 ut
1076 3280 1323 3335 voluerit
1370 3297 1433 3335 ac
1464 3281 1714 3351 potuerit
1749 3281 1846 3335 ille
1876 3282 1976 3352 qui
2022 3298 2115 3336 eos

428 3369 746 3442 quamlibet
783 3369 958 3440 longa
995 3368 1373 3440 perpetuitate
1424 3369 1719 3424 contexit?
1755 3370 1830 3424 D.
1864 3371 1987 3424 Non
2039 3370 2117 3424 ita

423 3463 508 3516 est
538 3476 552 3514 :
585 3474 772 3531 neque
803 3457 959 3513 enim
990 3463 1087 3512 aut
1114 3456 1214 3512 ubi
1237 3458 1412 3529 pedes
1440 3473 1582 3528 quos
1603 3458 1746 3513 libet
1767 3458 2118 3530 quibuslibet

423 3547 734 3620 permixtos
763 3546 1239 3615 animadvertero,
1272 3550 1371 3600 aut
1392 3545 1788 3617 perinﬁnitam
1813 3547 2116 3618 longitudi-

420 3653 556 3692 nem
581 3637 792 3691 multos
819 3651 1121 3705 connexos,
1153 3650 1380 3689 versum
1424 3634 1727 3706 appellabo
1753 3652 1766 3704 ;
1801 3636 1898 3690 sed
1927 3641 1985 3691 et
2023 3653 2117 3708 ge-

423 3741 532 3780 nus
561 3729 617 3780 et
645 3740 952 3779 numerum
979 3724 1211 3794 pedum,
1241 3722 1300 3778 id
1314 3723 1510 3795 estqui
1535 3728 1591 3779 et
1619 3728 1758 3796 quot
1787 3725 1961 3796 pedes
1988 3742 2116 3780 ver-

421 3830 549 3868 sum
579 3812 881 3868 conﬁciant
931 3812 1122 3884 aliqua
1180 3811 1479 3883 disciplina
1533 3811 1804 3884 consequi
1861 3798 1916 3868 et
1951 3831 2019 3868 ex
2049 3830 2118 3869 ea

413 3902 671 3973 judicare
703 3905 925 3973 potero,
958 3905 1151 3956 utrum
1178 3916 1373 3955 versus
1421 3916 1587 3955 aures
1618 3917 1774 3956 meas
1803 3902 2111 3972 pepulerit.

421 3993 496 4048 M.
521 3992 594 4045 At
620 3989 742 4045 hinc
767 4005 1144 4062 quaecumque
1175 3993 1257 4044 est
1288 3988 1604 4060 disciplina,
1644 3990 1898 4045 versibus
1943 4006 2114 4062 regu-

420 4079 538 4132 lam
551 4081 609 4132 et
632 4077 869 4131 modum
894 4093 1010 4131 non
1022 4076 1222 4146 utique
1241 4080 1307 4130 ut
1327 4076 1554 4130 libitum
1576 4080 1678 4139 est,
1703 4076 1801 4131 sed
1820 4077 2014 4148 aliqua
2028 4092 2114 4132 ra-

416 4165 574 4220 tione
603 4164 914 4218 constituit.
948 4165 1023 4217 D.
1059 4165 1185 4217 Non
1215 4163 1367 4217 enim
1411 4163 1594 4230 aliter,
1627 4163 1914 4235 siquidem
1943 4165 2113 4219 disci-

421 4251 580 4322 plina
611 4255 714 4318 est,
746 4255 846 4304 aut
875 4250 1193 4320 oportebat,
1244 4254 1342 4304 aut
1381 4255 1627 4321 poterat.
1672 4254 1748 4307 Μ.
1783 4254 1937 4308 Hanc
1975 4269 2111 4325 ergo

418 4337 702 4393 rationem
754 4336 1177 4407 investigemus,
1222 4340 1278 4391 et
1333 4353 1724 4409 assequamur,
1779 4341 1826 4394 si
1882 4343 2111 4413 placet:

421 4442 556 4481 nam
582 4425 630 4479 si
660 4424 1056 4479 auctoritatem
1085 4425 1263 4480 solam
1299 4423 1645 4494 intueamur,
1678 4427 1725 4480 is
1756 4427 1865 4482 erit
1895 4445 2110 4498 versus,

423 4530 596 4586 quem
623 4529 848 4568 versum
879 4513 990 4568 dici
1021 4513 1200 4568 voluit
1227 4513 1586 4586 Asclepiades
1615 4515 1806 4571 nescio
1860 4517 1980 4588 qui,
2015 4525 2115 4575 aut

422 4602 812 4670 Archilochus,
845 4607 1032 4674 poeta:
1061 4602 1278 4657 scilicet
1303 4607 1543 4675 veteres,
1577 4609 1674 4658 aut
1723 4603 1949 4676 Sappho
1981 4623 2113 4677 poe-

417 4691 550 4760 tria,
581 4694 638 4746 et
661 4690 870 4761 caateri,
903 4707 1149 4762 quorum
1175 4691 1346 4746 etiam
1375 4691 1706 4747 nominibus
1721 4709 1988 4749 versuum
2010 4711 2109 4766 ge-

421 4792 561 4832 nera
587 4780 878 4845 vocantur,
913 4795 1042 4850 qua:
1092 4779 1267 4850 primi
1323 4780 1836 4837 animadvertentes
1890 4784 2109 4839 cecine-

420 4868 574 4920 runt.
609 4865 750 4920 Nam
780 4869 838 4920 et
865 4866 1276 4938 Asclepiadaeus
1305 4883 1499 4923 versus
1527 4869 1751 4938 dicitur,
1779 4875 1834 4926 et
1861 4873 2112 4928 Archilo—

420 4955 582 5010 chius
609 4958 667 5009 et
684 4953 1019 5025 Sapphicus,
1046 4960 1102 5009 et
1121 4957 1231 5011 alia
1250 4964 1510 5012 sexcenta
1531 4963 1828 5014 auctorum
1840 4962 2110 5016 vocabula

421 5042 599 5098 Graeci
626 5041 883 5096 versibus
913 5041 1120 5097 diversi
1146 5046 1732 5114 generisindiderunt.
1758 5050 1834 5103 Ex
1858 5065 1970 5120 quo
1993 5065 2110 5103 non

419 5130 943 5200 absurdecuipiam
972 5129 1150 5185 videri
1174 5137 1378 5202 potest,
1414 5136 1564 5206 quod
1600 5135 1648 5190 si
1695 5137 1822 5208 quis
1848 5141 1910 5192 ut
1937 5139 2106 5208 volet,

420 5221 594 5290 pedes
620 5223 760 5292 quot
786 5218 955 5286 volet,
971 5221 1026 5272 et
1043 5234 1186 5289 quos
1213 5221 1366 5275 volet
1393 5221 1765 5293 ordiuaverit,
1793 5224 1925 5296 quia
1939 5241 2108 5280 nemo

423 5312 554 5363 ante
587 5308 775 5378 ipsum
805 5307 957 5362 hunc
975 5306 1235 5361 ordinem
1265 5325 1328 5362 ac
1357 5325 1680 5366 mensuram
1709 5313 1951 5382 pedibus
1971 5331 2107 5368 con-

421 5395 687 5464 stituerit,
711 5400 860 5451 recte
887 5413 952 5450 ac
974 5395 1105 5468 jure
1126 5397 1385 5452 conditor
1409 5398 1539 5452 novi
1571 5400 1797 5469 generis
1839 5417 2107 5457 versuum

417 5488 876 5556 propagatorque
901 5485 1137 5541 dicetur.
1169 5487 1280 5540 Aut
1299 5485 1350 5556 si
1387 5486 1508 5540 haec
1527 5486 1753 5542 licentia
1779 5489 2107 5546 intercludi-

418 5574 514 5627 tur
540 5572 796 5644 homini,
824 5591 953 5630 cum
991 5547 1396 5649 conquestione
1425 5578 1798 5649 quaerendum
1836 5584 1921 5635 est
1966 5579 2103 5650 quid

1700 337 1795 392 DE
1840 335 2124 403 MUSICA,
2168 335 2222 391 S.
2264 332 2648 390 AUGUSTINI

3809 332 3825 382 Ι
3845 333 3942 384 108

2229 453 2461 508 tandem
2491 451 2575 507 illi
2612 455 2966 519 meruerunt,
3017 451 3064 504 si
3121 450 3340 505 nullam
3383 450 3673 505 rationem
3730 452 3940 516 secuti,

2227 541 2635 596 connexionem
2684 540 2898 611 pedum
2953 556 3094 611 quos
3153 540 3266 594 illis
3295 543 3630 594 connectere
3689 539 3936 610 placuit,

2226 647 2453 686 versum
2481 630 2717 702 apellari
2747 629 3059 700 haberique
3089 629 3360 683 fecerunt.
3391 632 3478 682 An
3507 628 3614 683 tibi
3647 628 3827 683 aliter
3857 629 3941 682 vi-

2229 720 2440 774 detur?
2470 721 2542 773 D.
2577 720 2660 774 Ita
2686 733 2819 772 vero
2851 721 2934 771 est
2963 722 3025 770 ut
3055 717 3215 786 dicis,
3249 721 3306 771 et
3343 732 3575 788 prorsus
3624 714 3940 781 assentior,

2228 807 2449 862 ratione
2479 807 2671 878 potius
2701 822 2875 878 quam
2902 806 3234 860 auctoritate
3264 821 3490 859 versum
3519 819 3643 859 esse
3686 819 3943 874 genera-

2228 899 2371 963 tum,
2404 911 2577 968 quam
2605 897 2736 966 peto
2763 893 3117 966 jamjamque
3145 893 3457 948 videamus.

2476 1019 2702 1074 CAPUT
2733 1019 2872 1074 VIII.
2905 1048 2974 1059 —
3010 1020 3182 1074 Varia
3206 1019 3405 1089 pedum
3434 1021 3674 1074 nomina.

2302 1147 2385 1198 15.
2418 1145 2492 1198 Μ.
2525 1142 2826 1198 Videamus
2861 1159 2997 1214 ergo
3026 1143 3127 1215 qui
3163 1144 3336 1214 pedes
3367 1144 3596 1200 sibimet
3647 1148 3946 1217 copulan-

2227 1231 2285 1287 di
2314 1232 2448 1298 sint,
2481 1230 2687 1286 deinde
2716 1231 2854 1303 quid
2884 1232 2973 1286 bis
3005 1232 3279 1302 copulatis
3308 1233 3406 1287 ﬁat
3435 1233 3577 1305 (non
3613 1234 3776 1288 enim
3809 1251 3946 1288 vcr-

2228 1337 2322 1374 sus
2351 1320 2416 1374 ﬁt
2444 1321 2612 1390 solus)
2646 1340 2661 1387 ;
2689 1325 2974 1391 postremo
2999 1321 3068 1375 de
3098 1337 3294 1375 versus
3316 1326 3436 1376 tota
3465 1322 3690 1377 ratione
3721 1329 3946 1378 tracta-

2227 1409 2436 1464 bimus.
2469 1409 2580 1464 Sed
2616 1425 2753 1463 num
2782 1425 2976 1464 censes
3005 1410 3306 1464 commode
3336 1409 3444 1464 ista
3467 1427 3572 1464 nos
3602 1427 3772 1481 posse
3803 1429 3945 1483 per-

2230 1497 2413 1568 sequi,
2445 1497 2557 1551 nisi
2585 1498 2801 1567 pedum
2829 1498 3064 1552 nomina
3084 1502 3382 1553 teneamus
3403 1502 3430 1552 ?
3449 1500 3798 1570 Quanquam
3831 1501 3947 1555 hoc

2229 1586 2427 1641 ordine
2453 1602 2485 1640 a
2509 1585 2672 1640 nobis
2698 1586 2904 1657 digesti
2951 1591 3102 1650 sunt,
3158 1591 3220 1642 ut
3247 1587 3463 1658 possint
3490 1588 3671 1659 ipsius
3697 1589 3791 1642 sui
3849 1606 3947 1643 or—

2229 1674 2379 1730 dinis
2407 1674 2738 1728 nominibus
2768 1675 3122 1745 nuncupari:
3153 1675 3264 1729 dici
3279 1675 3430 1729 enim
3455 1681 3658 1746 potest,
3686 1677 3947 1747 primus,

2229 1762 2530 1830 secundus,
2562 1762 2784 1829 tertius,
2817 1767 2988 1834 atque
3017 1764 3125 1818 hoc
3167 1764 3340 1817 modo
3375 1765 3592 1820 cmteri.
3642 1766 3749 1820 Sed
3801 1767 3950 1837 quia

2228 1866 2347 1905 non
2367 1855 2499 1905 sunt
2529 1851 2948 1905 contemnenda
2975 1856 3196 1905 vetusta
3221 1851 3507 1918 vocabula,
3541 1868 3646 1907 nec
3676 1853 3854 1908 facile
3911 1872 3946 1908 a

2228 1940 2638 1994 consuetudine
2671 1939 3075 2007 recedendum,
3105 1939 3214 1994 nisi
3241 1957 3368 2011 quae
3399 1939 3607 1994 rationi
3662 1942 3944 1996 adversa-

2229 2032 2358 2096 tur;
2388 2028 2670 2082 utendum
2701 2033 2785 2082 est
2809 2028 2896 2082 his
2908 2028 3236 2082 nominibus
3265 2027 3478 2098 pedum
3495 2045 3623 2099 qua:
3646 2029 3838 2083 Graeci
3851 2029 3944 2083 in-

2228 2117 2556 2182 stituerunt,
2590 2120 2647 2170 et
2700 2116 2875 2170 nostri
2913 2117 3034 2186 jam
3075 2120 3318 2170 utuntur
3369 2132 3472 2186 pro
3523 2117 3716 2170 latinis
3751 2133 3763 2170 :
3803 2133 3942 2188 qua:

2228 2204 2396 2274 plane
2427 2203 2506 2257 ita
2527 2219 2894 2273 usurpemus,
2923 2206 2988 2257 ut
3043 2219 3158 2257 non
3184 2219 3508 2274 quaeramus
3538 2203 3796 2273 origines
3829 2221 3940 2260 no-

2229 2291 2472 2347 minum.
2511 2292 2748 2347 Multum
2780 2291 2934 2346 enim
2961 2291 3134 2346 habet
3161 2291 3268 2346 ista
3296 2308 3385 2345 res
3412 2291 3798 2362 loquacitatis,
3828 2294 3944 2348 uti-

2226 2380 2400 2434 litatis
2426 2396 2650 2450 parum.
2715 2381 2907 2450 Neque
2962 2379 3116 2433 enim
3159 2395 3226 2433 eo
3273 2380 3462 2434 minus
3487 2380 3709 2435 utiliter
3739 2383 3803 2436 in
3849 2383 3937 2437 lo-

2227 2469 2452 2540 quendo
2469 2470 2721 2539 appellas
2745 2485 2973 2539 panem,
2994 2469 3236 2539 lignum,
3254 2469 3523 2539 lapidem,
3547 2471 3700 2540 quod
3734 2473 3938 2526 nescis

2228 2573 2329 2613 cur
2357 2559 2477 2612 haec
2505 2559 2584 2612 ita
2612 2558 2724 2612 sint
2777 2557 3080 2628 appellata.
3112 2558 3193 2612 D.
3247 2559 3330 2612 Ita
3383 2575 3636 2629 prorsus,
3667 2562 3734 2613 ut
3764 2560 3938 2627 dicis,

2229 2647 2432 2702 sentio.

2227 2754 2307 2808 M.
2341 2751 2567 2807 Primus
2595 2767 2693 2822 pes
2723 2753 2954 2805 vocatur
2983 2751 3367 2823 Pyrrhichius,
3396 2767 3461 2807 ex
3488 2751 3708 2808 duabus
3735 2753 3937 2809 brevi-

2298 2841 2423 2906 bus,
2453 2844 2778 2910 temporum
2809 2840 3009 2906 duum,
3041 2844 3105 2894 ut
3131 2843 3289 2910 fuga.

2228 2927 2538 2994 Secundus,
2570 2926 2818 2996 Iambus,
2849 2943 2917 2981 ex
2942 2926 3101 2981 brevi
3131 2932 3186 2981 et
3211 2928 3402 2998 longa,
3430 2931 3493 2982 ut
3517 2943 3742 2998 parens,
3780 2933 3937 2984 tem-

2299 3031 2501 3087 porum
2537 3015 2717 3069 trium
2730 3055 2742 3068 .

2229 3105 2468 3172 Tertius,
2489 3105 2811 3173 Trochaeus,
2852 3103 2938 3158 vel
2969 3103 3229 3171 Chorius,
3262 3119 3331 3159 ex
3360 3105 3530 3176 longa
3555 3107 3610 3159 et
3639 3104 3834 3175 brevi;
3871 3114 3939 3162 ut

2297 3199 2459 3262 meta,
2490 3197 2818 3263 temporum
2844 3193 3046 3247 trium.

2229 3281 2495 3349 Quartus,
2530 3282 2848 3351 Spondeus,
2880 3297 2943 3335 ex
2973 3280 3194 3336 duabus
3223 3279 3428 3352 longis,
3453 3283 3517 3335 ut
3543 3284 3722 3347 astas,
3779 3285 3936 3336 tem-

2298 3386 2506 3441 porum
2539 3373 2808 3439 quatuor.
3829 3441 3846 3450 _

2228 3459 2488 3526 Quintus,
2524 3458 2884 3519 Tribrachus,
2917 3473 2986 3513 ex
3023 3457 3206 3516 tribus
3245 3458 3532 3527 brevibus,
3575 3461 3639 3513 ut
3679 3462 3932 3528 macula,

2296 3551 2624 3618 temporum
2658 3545 2855 3602 trium.

2227 3636 2449 3706 Sextus,
2500 3635 2780 3706 Dactylus,
2830 3651 2897 3688 ex
2925 3635 3097 3706 longa
3147 3638 3203 3689 et
3247 3635 3468 3691 duabus
3507 3636 3816 3704 brevibus,
3859 3642 3932 3692 ut

2295 3725 2577 3792 Maenalus,
2609 3728 2935 3796 temporum
2963 3727 3228 3796 quatuor.

2228 3813 2535 3885 Septimus,
2566 3813 3042 3884 Amphibrachus,
3078 3829 3147 3868 ex
3181 3811 3339 3867 brevi
3369 3815 3423 3867 et
3451 3813 3624 3884 longa
3656 3817 3713 3868 et
3735 3813 3926 3882 brevi,

2297 3907 2360 3957 ut
2387 3905 2595 3969 carina,
2626 3906 2952 3972 temporum
2985 3905 3251 3972 quatuor.

2227 3989 2482 4058 Octavus,
2515 3990 2866 4058 Anapaestus,
2899 4003 2965 4041 ex
2996 3987 3217 4042 duabus
3239 3986 3504 4041 brevibus
3547 3991 3603 4042 et
3633 3987 3831 4059 longa,
3868 3995 3938 4045 ut

2296 4079 2483 4142 Erato,
2518 4079 2843 4146 temporum
2875 4080 3139 4146 quatuor.

2228 4166 2440 4231 Nonus,
2477 4163 2765 4231 Bacchius,
2795 4181 2862 4218 ex
2889 4164 3048 4219 brevi
3077 4167 3133 4218 et
3161 4163 3379 4219 duabus
3409 4163 3618 4236 longis,
3651 4167 3714 4219 ut
3743 4166 3932 4221 Acha.-

2297 4258 2394 4320 tes,
2425 4257 2752 4323 temporum
2775 4252 3052 4324 quinque.

2226 4341 2502 4403 Decimus,
2536 4340 2782 4395 Creticus
2803 4341 2890 4394 vel
2915 4339 3372 4411 Amphimacrus,
3405 4357 3469 4395 ex
3492 4341 3686 4412 longa,
3709 4345 3766 4396 et
3795 4343 3931 4399 brc-

2293 4429 2347 4482 vi
2377 4433 2434 4483 et
2466 4429 2658 4499 longa,
2685 4432 2750 4482 ut
2775 4431 2979 4491 insulae,
3010 4433 3334 4500 temporum
3353 4430 3624 4500 quinque.

2225 4517 2583 4583 Undecimus,
2615 4516 3084 4581 Palimbacchius,
3118 4534 3181 4571 ex
3204 4518 3424 4572 duabus
3444 4519 3631 4590 longis
3655 4523 3715 4574 et
3736 4519 3924 4588 brevi,

2293 4610 2353 4659 ut
2379 4609 2600 4672 natura,
2634 4609 2959 4676 temporum
2992 4606 3264 4678 quinque.

2223 4692 2620 4756 Duodecimus,
2676 4694 2966 4762 Molossus,
3021 4711 3086 4750 ex
3127 4695 3308 4750 tribus
3355 4694 3541 4766 longis
3592 4698 3657 4750 ut
3701 4699 3925 4769 zEneas,

2291 4786 2617 4853 temporum
2647 4798 2763 4838 sex.

2222 4871 2483 4926 Decimus
2514 4871 2728 4938 tertius,
2763 4872 3293 4933 Proceleumaticus,
3339 4889 3408 4928 ex
3444 4876 3693 4945 quatuor
3738 4873 3926 4932 brevi-

2289 4960 2413 5027 bus,
2449 4964 2512 5015 ut
2539 4963 2774 5029 avicula,
2815 4965 3140 5032 temporum
3170 4965 3434 5033 quatuor.

2221 5050 2482 5104 Decimus
2509 5054 2765 5121 quartus,
2800 5051 2972 5103 Pzeon
3011 5050 3253 5120 primus,
3287 5056 3352 5104 ex
3408 5050 3598 5122 prima
3635 5053 3816 5125 longa
3872 5059 3925 5110 ct

2289 5136 2470 5191 tribus
2502 5137 2785 5204 brevibus,
2813 5142 2877 5192 ut
2902 5139 3190 5205 legitimus,
3218 5142 3542 5209 temporum
3565 5139 3849 5213 quinque.

2220 5225 2479 5280 Decimus
2513 5227 2760 5297 quintus,
2797 5229 2967 5281 Paeon
2993 5228 3292 5293 secundus,
3347 5244 3413 5282 ex
3446 5229 3694 5283 secunda
3743 5231 3921 5303 longa

2289 5318 2346 5367 ct
2373 5313 2552 5368 tribus
2579 5315 2867 5378 brevibus,
2907 5320 2971 5370 ut
2999 5317 3223 5379 colonia,
3265 5320 3594 5387 temporum
3632 5317 3918 5391 quinque.

2218 5401 2480 5456 Decimus
2505 5406 2714 5469 sextus,
2750 5405 2920 5458 Paeon
2942 5403 3165 5470 tertius,
3186 5421 3250 5458 ex
3273 5404 3439 5458 tertia
3455 5404 3628 5475 longa
3645 5408 3702 5458 ct
3732 5406 3916 5462 tribus

2285 5489 2574 5556 brevibus,
2609 5496 2675 5545 ut
2701 5493 3059 5559 Menedemus,
3093 5497 3421 5563 temporum
3454 5493 3733 5564 quinque.

2219 5579 2480 5634 Decimus
2519 5579 2816 5651 septimus,
2861 5585 3033 5637 Paeon
3067 5587 3322 5652 quartus,
3374 5598 3438 5638 ex
3489 5587 3694 5653 quarta
3741 5584 3913 5657 longa
