4064 6348
48 341 192 392 1109

117 463 174 513 et
222 459 420 516 tribus
473 461 757 531 brevibus,
806 468 872 518 ut
917 465 1183 533 celeritas,
1230 470 1557 538 temporum
1603 467 1766 539 quin-

117 565 258 620 que.

48 638 326 692 Decimus
371 642 621 705 octavus,
667 640 890 695 Ionicus
926 659 958 696 a
997 641 1238 711 minore,
1280 660 1345 698 ex
1384 645 1603 699 duabus
1637 645 1766 699 bre-

115 726 292 781 vibus
346 731 407 782 et
456 727 678 782 duabus
724 729 932 801 longis,
983 736 1049 786 ut
1089 731 1384 793 Diomedes,
1439 737 1765 804 temporum

118 832 240 870 εει.

47 904 322 959 Decimus
383 921 587 972 nonus,
647 906 1040 976 Choriambus,
1094 925 1160 962 ex
1209 909 1381 980 longa
1430 913 1487 963 et
1544 910 1764 966 duabus

116 993 401 1048 brevibus
431 999 488 1048 et
517 995 708 1066 longa,
741 1000 803 1050 ut
831 1000 1179 1067 armipotens,
1208 1004 1531 1069 temporum
1562 1015 1677 1053 sex.

48 1081 400 1152 Vigesimus,
429 1083 652 1139 Ionicus
675 1101 706 1138 a
735 1086 972 1156 majore,
995 1104 1062 1141 ex
1086 1087 1304 1141 duabus
1325 1087 1512 1159 longis
1543 1092 1599 1142 et
1623 1088 1760 1142 dua-

116 1172 225 1224 bus
260 1172 556 1235 brevibus,
591 1177 654 1228 ut
679 1176 965 1242 Junom‘us,
998 1181 1326 1246 temporum
1358 1193 1471 1231 sex.

48 1258 383 1330 Vigesimus
431 1261 671 1332 primus,
720 1263 1032 1331 Diiambus,
1080 1281 1146 1318 ex
1192 1264 1349 1318 brevi
1380 1270 1435 1319 et
1479 1266 1670 1333 longa,
1703 1269 1760 1320 et

114 1347 281 1402 brevi
311 1352 370 1402 et
401 1349 595 1421 longa,
629 1354 690 1404 ut
712 1355 1115 1421 propinquitas,
1145 1357 1474 1424 temporum
1501 1369 1612 1407 sex.

48 1436 380 1508 Vigesimus
429 1438 732 1506 secundus,
784 1440 1082 1494 Dichorius
1128 1442 1215 1495 vel
1268 1441 1636 1511 Ditrochzeus,
1690 1458 1756 1496 ex

113 1527 294 1596 longa
322 1530 384 1580 et
410 1525 593 1597 brevi,
633 1532 689 1582 et
715 1527 886 1600 longa
928 1533 982 1583 et
1010 1529 1186 1597 brevi,
1217 1534 1281 1584 ut
1312 1531 1582 1584 cantilena
1611 1535 1755 1585 tem-

111 1630 328 1685 porum
362 1632 478 1671 sex.

48 1703 368 1773 Vigesimus
412 1703 634 1774 tertius,
685 1705 1063 1776 Antispastus,
1110 1723 1178 1761 ex
1227 1706 1385 1762 brevi
1431 1712 1488 1762 et
1535 1708 1754 1762 duabus

110 1793 300 1864 longis
334 1797 394 1847 et
424 1793 610 1860 brevi,
640 1799 703 1848 ut
729 1795 1038 1862 Saloninus,
1069 1799 1392 1866 temporum
1423 1813 1536 1850 sex.

47 1881 370 1952 Vigesimus
403 1887 660 1953 quartus,
703 1884 974 1954 Epitritus
1010 1884 1250 1955 primus,
1286 1902 1353 1940 ex
1381 1885 1569 1957 prima
1597 1885 1753 1941 brevi

108 1974 164 2024 et
192 1970 382 2024 tribus
404 1971 611 2040 longis,
643 1975 708 2026 ut
736 1973 1055 2039 sacerdotes,
1093 1978 1410 2044 temporum
1438 1981 1674 2045 septem.

47 2058 367 2129 Vigesimus
414 2059 676 2130 quintus,
722 2061 992 2131 Epitritus
1041 2063 1339 2131 secundus,
1369 2079 1450 2126 ex
1497 2064 1751 2118 secunda

107 2148 268 2202 brevi
301 2152 359 2202 et
388 2148 571 2204 tribus
615 2149 823 2219 longis,
855 2154 919 2204 ut
945 2152 1263 2218 conditores,
1296 2157 1624 2223 temporum
1657 2169 1748 2207 se-

107 2241 287 2307 ptem.

48 2325 364 2396 Vigesimus
399 2328 612 2392 sextus,
654 2326 926 2397 Epitritus
961 2328 1182 2395 tertius,
1217 2345 1281 2383 ex
1312 2330 1477 2384 tertia
1504 2330 1656 2385 brevi
1691 2336 1746 2386 et

107 2415 292 2468 tribus
317 2415 528 2485 longis,
558 2419 622 2469 ut
651 2416 1044 2483 Demosthenes,
1074 2421 1399 2488 temporum
1432 2425 1672 2490 septem.

47 2503 361 2573 Vigesimus
414 2503 709 2573 septimus,
772 2505 1045 2575 Epitritus
1103 2511 1360 2577 quartus,
1418 2525 1484 2562 ex
1542 2514 1745 2579 quarta

105 2593 264 2646 brevi
295 2596 354 2648 et
386 2592 570 2647 tribus
599 2593 807 2665 longis,
825 2599 891 2648 ut
913 2597 1284 2663 Fescenninus,
1310 2600 1635 2668 temporum
1655 2616 1742 2654 se-

107 2685 282 2751 ptem.

48 2769 363 2840 Vigesimus
413 2774 658 2837 octavus,
714 2770 1085 2842 Dispondeus,
1134 2789 1202 2827 ex
1245 2778 1491 2844 quatuor
1533 2776 1738 2847 longis,

105 2862 167 2912 ut
190 2863 456 2925 oratores,
486 2861 812 2928 temporum
842 2862 968 2912 octo
992 2860 1032 2914 ί.

341 2983 570 3038 CAPUT
596 2983 681 3036 ῐΧ.
715 3011 782 3022 -
802 2984 877 3036 De
905 2981 1101 3050 pedum
1129 2985 1429 3039 structura.

111 3095 189 3147 16.
243 3094 308 3147 D.
363 3091 554 3146 Habeo
609 3089 734 3143 ista.
788 3091 948 3143 Nunc
991 3089 1223 3157 dissere,
1266 3091 1364 3161 qui
1417 3091 1524 3145 sibi
1567 3093 1738 3162 pedes

47 3181 393 3250 :opulentur.
437 3181 512 3234 Μ.
552 3178 838 3234 Judicabis
876 3179 984 3232 hoc
1030 3179 1212 3246 facile,
1265 3179 1310 3232 si
1350 3181 1738 3252 aequalitatem

49 3284 99 3320 ac
126 3268 564 3322 similitudinem
600 3267 978 3338 inasqualitati
1010 3283 1073 3321 ac
1102 3267 1554 3323 dissimilitudini
1588 3287 1736 3340 pra:-

49 3355 370 3410 stantiorem
425 3373 543 3410 esse
581 3355 824 3426 judicas.
857 3359 922 3410 D.
969 3355 1267 3411 Neminem
1308 3374 1428 3412 esse
1466 3359 1735 3429 arbitror,

50 3444 134 3513 qui
164 3461 280 3498 non
307 3445 388 3499 ita
417 3444 654 3515 judicet.
700 3447 773 3499 M.
821 3446 975 3499 Hanc
1023 3461 1158 3515 ergo
1203 3446 1360 3516 prius
1391 3447 1637 3502 maxime
1677 3448 1734 3503 in

49 3533 404 3588 :ontexendis
435 3533 676 3604 pedibus
707 3533 866 3604 sequi
897 3537 1142 3604 oportet,
1174 3551 1275 3588 nec
1305 3535 1374 3589 ab
1405 3552 1470 3589 ea
1499 3537 1734 3591 omnino

50 3621 396 3689 ieviandum,
438 3621 547 3675 nisi
578 3638 707 3676 cum
752 3622 944 3692 aliqua
981 3639 1150 3676 causa
1173 3623 1490 3692 justissima
1524 3630 1626 3679 est.
1668 3629 1732 3680 D.

49 3710 340 3765 :‘issentior.
367 3713 442 3765 Μ.
475 3712 597 3765 Νοη
627 3711 804 3780 igitur
825 3711 1107 3764 dubitabis
1128 3712 1483 3782 pyrrhichios
1508 3713 1735 3767 sibimet

49 3797 206 3866 pedes
237 3803 558 3860 contexere,
588 3815 692 3852 nec
722 3798 963 3862 iambos,
997 3812 1101 3850 nec
1130 3798 1406 3852 trochazos
1437 3799 1535 3869 qui
1562 3805 1734 3854 etiam

49 3885 205 3940 chorii
239 3887 635 3954 nominantur,
677 3901 779 3938 nec
817 3885 1130 3954 spondeos;
1173 3890 1342 3956 atque
1381 3886 1460 3940 ita
1498 3891 1731 3941 caeteros

50 3974 121 4027 sui
146 3976 371 4045 generis
400 3975 659 4046 profecto
691 3974 918 4027 sibimet
947 3973 1067 4027 sine
1101 3975 1218 4028 ulla
1251 3975 1602 4029 dubitatione
1633 3993 1730 4030 co-

50 4063 289 4130 pulabis:
324 4071 410 4120 est
440 4064 595 4118 enim
627 4079 851 4117 summa
877 4062 1171 4132 aequalitas
1201 4079 1330 4118 cum
1353 4064 1609 4134 ejusdem
1640 4081 1732 4135 ge-

51 4153 179 4205 neris
201 4165 257 4208 et
280 4153 535 4208 nominis
554 4153 725 4223 pedes
751 4169 871 4206 sese
902 4156 1346 4222 consequuntur.
1369 4155 1454 4206 An
1483 4153 1585 4206 tibi
1613 4171 1731 4208 non

52 4239 286 4296 videtur?
314 4247 379 4298 D.
417 4243 583 4297 Nullo
624 4242 789 4296 modo
825 4241 967 4295 mihi
1005 4241 1171 4294 aliter
1199 4240 1375 4294 videri
1403 4244 1606 4309 potest.
1639 4243 1721 4295 Μ.

53 4326 213 4390 Quid?
243 4331 385 4385 illud
417 4347 606 4385 nonne
640 4331 941 4400 approbas,
971 4330 1109 4382 alios
1140 4329 1264 4383 aliis
1289 4330 1463 4399 pedes
1493 4328 1729 4399 {equali-

55 4419 148 4470 tate
178 4424 396 4474 servata
438 4436 556 4474 esse
597 4418 964 4473 miscendos?
1000 4417 1144 4481 Quid
1178 4417 1331 4471 enim
1363 4417 1596 4471 auribus
1626 4435 1728 4488 po-

55 4506 141 4558 test
160 4507 469 4577 jucundius
492 4525 632 4573 esse,
659 4524 831 4578 quam
861 4523 990 4561 cum
1008 4511 1062 4560 et
1081 4507 1350 4560 varietate
1382 4507 1726 4573 mulcentur,

57 4607 140 4646 nec
171 4597 495 4667 aequalitate
536 4595 906 4652 fraudantur?
948 4600 1011 4650 D.
1055 4596 1198 4649 Satis
1238 4596 1436 4666 probo.
1471 4599 1546 4651 Μ.
1582 4597 1729 4650 Num

53 4693 223 4737 censes
244 4685 382 4739 alios
404 4687 652 4756 requales
672 4686 963 4740 habendos
991 4685 1186 4754 pedes,
1208 4684 1316 4737 nisi
1343 4683 1440 4754 qui
1471 4684 1728 4754 ejusdem

56 4783 310 4828 mensurae
359 4776 528 4828 sunt?
558 4779 625 4829 D.
677 4775 758 4828 Ita
808 4773 1087 4828 existimo.
1129 4775 1202 4828 Μ.
1246 4773 1430 4836 Quid?
1473 4773 1727 4843 ejusdem

57 4871 313 4916 mensurae
343 4862 660 4933 putandine
703 4866 852 4928 sunt,
895 4862 1006 4915 nisi
1043 4861 1142 4932 qui
1168 4861 1442 4931 temporis
1469 4864 1727 4914 tantum-

56 4943 162 5000 dem
200 4954 514 5022 occupant?
549 4954 614 5006 D.
651 4952 859 5005 Verum
893 4955 995 5005 est.
1038 4953 1112 5006 Μ.
1146 4951 1296 5015 Quos
1335 4966 1470 5022 ergo
1499 4949 1727 5004 invene-

58 5031 118 5084 ris
142 5038 308 5105 pedes
343 5039 580 5094 totidem
610 5043 954 5110 temporum,
987 5039 1110 5093 sine
1147 5039 1371 5094 aurium
1415 5039 1726 5094 oﬂ‘ensione

59 5129 311 5182 contexes.
344 5128 420 5183 D.
453 5129 623 5183 Video
653 5145 771 5182 esse
800 5145 1182 5200 consequens.

111 5278 136 5350 t‘
152 5279 280 5331 Libri
309 5289 512 5336 veteres
545 5288 742 5349 absque
781 5286 1127 5348 explicatione
1157 5291 1210 5336 et
1249 5287 1488 5350 exemplo
1515 5287 1623 5337 ullo
1654 5289 1727 5338 sic

61 5338 193 5412 belles
212 5353 482 5412 recensent
504 5365 515 5398 :
549 5338 772 5399 l’rinms
793 5338 888 5412 pés
912 5351 1130 5398 vocatur
1149 5338 1513 5412 I’yrrhicliius,
1539 5355 1728 5400 Serun-

61 5396 386 5474 rtus‘tambus.
427 5396 1513 5473 mea;"at;scriptumque"adgnata;
1541 5396 1727 5474 pars-

61 5467 164 5536 runt
178 5471 447 5536 spondius,
461 5467 786 5536 dispondirus',
799 5467 974 5536 pa'an,
993 5487 1086 5535 pro
1095 5467 1374 5536 spondeus,
1389 5467 1725 5535 dispendens,

62 5534 116 5600 ll}
132 5538 212 5600 ou.
231 5531 354 5600 item
380 5549 473 5600 pro
493 5531 1294 5600 tribracttus'etanzphibrachus,
1310 5531 1506 5586 habent
1525 5531 1726 5600 aliquo;

64 5549 116 5586 μαι
132 5549 212 5575 υιι.
234 5549 354 5580 ιιυιη
397 5550 473 5584 )I‘O
493 5549 794 5586 ινιυγασηκε
815 5549 989 5597 ειαηιιλ

64 5589 143 5632 Hes
173 5549 465 5657 tribrachys
490 5602 540 5647 et
569 5596 989 5660 amphibrachys.

1498 344 1708 402 LIBER
1759 344 2148 403 SECUNDUS.

3436 357 3570 409 1110

1879 467 2103 522 CAPUT
2133 469 2194 523 X.
2230 500 2295 508 —
2314 470 2753 540 Amphibrachus
2778 487 2867 526 nec
2895 486 2992 541 per
3015 487 3070 527 se
3096 487 3189 527 nec
3218 475 3343 529 aliis
3367 475 3572 530 mimtus

2103 573 2316 618 versum
2344 562 2569 628 conﬁcit.
2598 564 2670 614 De
2694 562 2954 615 levatione
2983 565 3032 616 et
3053 565 3337 631 positione.

1951 667 2032 717 t7.
2064 666 2136 719 Μ.
2171 665 2340 719 Recte
2398 666 2665 736 quidem:
2714 668 2811 721 sed
2859 668 3045 722 adhuc
3100 667 3364 722 nonnihil
3413 685 3570 740 qua:-

1874 751 2071 806 stionis
2091 768 2181 806 res
2201 753 2392 807 habet.
2424 754 2563 807 Nam
2586 771 2715 809 cum
2733 757 3189 826 Amphibrachus
3200 774 3301 828 pes
3323 762 3569 828 quatuor

1872 840 1944 894 sit
1971 844 2320 911 temporum,
2351 846 2562 912 negant
2592 860 2724 898 eum
2753 845 2985 914 quidam
3015 861 3177 916 posse
3200 845 3450 916 misceri,
3481 847 3568 901 vel

1871 928 2108 1001 dactylis
2135 930 2220 984 vel
2254 931 2558 1000 anapaestis
2588 933 2672 985 vel
2707 933 2974 1002 spondeis
3007 935 3094 989 vel
3124 935 3565 1005 proceleumati-

1869 1016 1984 1072 cis:
2015 1034 2150 1072 nam
2178 1018 2239 1072 hi
2270 1024 2402 1073 sunt
2432 1035 2629 1074 omnes
2664 1025 3075 1091 quaternorum
3111 1028 3434 1094 temporum
3461 1041 3566 1094 pe-

1869 1104 2004 1158 des:
2037 1110 2092 1159 et
2121 1123 2237 1160 non
2261 1107 2448 1162 solum
2489 1107 2614 1161 istis
2664 1124 2796 1161 eum
2847 1114 3062 1178 negant
3110 1128 3272 1180 posse
3314 1112 3563 1182 misceri,

1867 1193 1964 1247 sed
1992 1210 2095 1248 nec
2122 1211 2189 1248 ex
2210 1195 2332 1264 ipso
2361 1196 2482 1249 solo
2514 1197 2757 1266 repetito
2785 1201 2840 1250 et
2870 1197 3099 1252 sibimet
3117 1215 3390 1268 conuexo,
3413 1207 3562 1256 recte

1866 1285 1924 1334 et
1952 1282 2114 1351 quasi
2147 1282 2399 1353 legitime
2441 1283 2752 1354 procedere
2799 1301 3108 1340 numerum
3144 1291 3365 1357 putant.
3407 1289 3563 1354 Quo-

1866 1386 1995 1424 rum
2027 1371 2356 1441 opinionem
2397 1373 2753 1428 considerare
2783 1391 2886 1428 nos
2914 1380 3159 1445 oportet,
3187 1393 3259 1430 ne
3290 1378 3424 1448 quid
3453 1381 3564 1434 ha-

1864 1459 1995 1513 beat
2023 1460 2277 1527 rationis,
2325 1461 2482 1532 quod
2511 1463 2674 1533 sequi
2703 1468 2759 1518 et
2785 1465 3102 1534 approbare
3140 1466 3460 1522 conveniat.
3493 1472 3559 1523 Ι).

1865 1547 2042 1618 Cupio
2086 1553 2256 1620 atque
2291 1565 2427 1604 aveo
2474 1566 2709 1621 prorsus
2736 1551 2935 1606 audire
2973 1552 3110 1623 quid
3140 1553 3402 1611 afferant.
3438 1556 3563 1610 Non

1863 1636 2019 1690 enim
2048 1653 2252 1708 parum
2273 1654 2365 1692 me
2396 1643 2605 1705 movet,
2631 1656 2760 1694 cum
2785 1641 3209 1712 duodetriginta
3227 1643 3402 1713 pedes
3427 1643 3562 1714 sint,

1863 1741 2005 1795 quos
2029 1727 2174 1780 ratio
2207 1731 2505 1796 persecuta
2534 1733 2634 1793 est,
2668 1729 2818 1782 hunc
2849 1730 3033 1783 solum
3063 1730 3283 1784 excludi
3314 1747 3348 1784 a
3377 1733 3561 1786 conti-

1863 1815 2135 1869 nuatione
2179 1832 2569 1883 numerorum,
2607 1833 2737 1871 cum
2784 1821 3009 1872 tantum
3054 1819 3223 1888 spatii
3268 1824 3461 1876 teneat
3499 1820 3558 1876 in

1860 1908 2118 1975 tempore
2146 1909 2426 1976 quantum
2455 1906 2711 1976 dactylus
2740 1909 2795 1960 et
2824 1905 2921 1960 alii
2951 1922 3093 1976 quos
3120 1923 3287 1977 pares
3317 1925 3559 1964 enume-

1857 1993 2016 2059 rasti,
2063 2010 2204 2064 quos
2246 1998 2581 2048 connectere
2630 2010 2801 2049 nemo
2848 1995 3204 2066 prohibetur.
3253 1999 3326 2052 Μ.
3385 2000 3557 2070 Atqui

1859 2097 2003 2151 opus
2029 2083 2129 2148 est,
2164 2082 2226 2133 ut
2253 2080 2359 2134 hoc
2389 2079 2665 2149 dispicere
2698 2081 2904 2149 valeas,
2934 2081 3292 2136 considerare
3323 2089 3557 2140 czeteros

1855 2169 2048 2240 pedes,
2070 2168 2558 2238 quemadmodum
2576 2167 2806 2222 sibimet
2833 2184 3033 2222 eorum
3053 2174 3242 2238 partes
3263 2173 3558 2228 conferan-

1855 2259 1985 2309 tur:
2011 2255 2092 2310 ita
2121 2255 2276 2309 enim
2305 2255 2524 2310 videbis
2548 2255 2682 2310 huic
2714 2256 2812 2310 uni
2844 2257 3118 2328 quiddam
3156 2259 3408 2313 accidere
3448 2277 3556 2315 no-

1855 2360 1992 2398 vum
2020 2360 2086 2397 ac
2113 2344 2423 2415 singulare,
2456 2348 2521 2399 ut
2548 2361 2663 2398 non
2694 2345 2903 2400 frustra
2934 2345 3170 2401 minime
3200 2347 3556 2404 adhibendus

1855 2433 1926 2488 ad
1949 2449 2219 2487 numeros
2242 2433 2528 2503 judicatus
2558 2433 2646 2488 sit.

1930 2521 2012 2572 18.
2068 2519 2172 2573 Sed
2205 2521 2310 2574 hoc
2340 2520 2504 2574 nobis
2545 2520 3051 2590 considerantibus,
3102 2539 3246 2593 opus
3301 2528 3383 2578 est
3433 2527 3556 2582 haec

1855 2606 1969 2661 duo
2000 2608 2235 2662 nomina
2263 2609 2538 2663 mandare
2577 2610 2897 2679 memoriae,
2937 2611 3277 2666 levationem
3311 2616 3365 2667 et
3398 2614 3554 2684 posi-

1849 2695 2089 2750 tionem.
2124 2699 2185 2751 In
2233 2698 2558 2768 plaudendo
2603 2697 2758 2752 enim
2807 2697 2942 2768 quia
2987 2699 3291 2754 levatur‘et
3318 2702 3555 2771 ponitur

1849 2798 2076 2850 manus,
2103 2789 2327 2854 partem
2357 2786 2515 2856 pedis
2545 2785 2652 2840 sibi
2688 2787 2890 2841 levatio
2921 2788 3189 2854 vindicat,
3217 2794 3439 2860 partem
3455 2806 3554 2860 po-

1851 2870 1998 2926 sitio.
2032 2874 2224 2926 Partes
2254 2879 2446 2928 autem
2473 2874 2682 2945 pedum
2717 2874 2840 2928 dico
2871 2875 3014 2942 illas,
3049 2875 3116 2930 de
3148 2877 3355 2946 quibus
3380 2894 3550 2949 supe-

1851 2959 1992 3025 rius,
2015 2976 2145 3014 cum
2167 2976 2260 3014 eos
2283 2961 2482 3016 ordine
2504 2977 3003 3032 persequeremur,
3036 2964 3170 3017 satis
3199 2964 3414 3018 dictum
3443 2968 3546 3020 est.

1850 3047 2122 3112 Quocirca
2178 3049 2226 3103 si
2273 3049 2382 3103 hoc
2428 3050 2655 3120 probas,
2706 3049 2896 3120 incipe
2953 3066 3247 3106 recensere
3301 3052 3550 3107 breviter

1847 3151 2144 3191 mensuras
2174 3137 2424 3208 partium
2459 3138 2520 3192 in
2559 3137 2826 3193 omnibus
2862 3139 3120 3210 pedibus,
3151 3144 3215 3194 ut
3246 3141 3385 3210 quid
3414 3141 3549 3196 huic

1849 3225 1949 3279 uni
1975 3226 2044 3280 de
2075 3242 2186 3297 quo
2217 3225 2406 3297 agitur
2436 3226 2734 3297 proprium
2767 3227 3052 3294 acciderit,
3087 3229 3326 3284 noveris.
3359 3233 3424 3284 D.
3457 3230 3549 3284 Vi-

1847 3315 1953 3368 deo
1983 3315 2238 3384 primum
2256 3315 2652 3384 pyrrhichium
2677 3320 2903 3370 tantum
2936 3316 3146 3370 habere
3179 3317 3238 3370 in
3270 3318 3548 3372 levatione

1847 3407 2126 3473 quantum
2181 3402 2240 3456 in
2281 3402 2597 3472 positione.
2647 3403 2942 3472 Spondeus
2984 3420 3230 3474 quoque,
3271 3404 3544 3476 dactylus,

1845 3496 2191 3560 anapaastus,
2242 3491 2774 3561 proceleumaticus,
2817 3492 3198 3558 choriambus,
3241 3493 3543 3562 diiambus,

1844 3579 2152 3646 dichorius,
2215 3579 2580 3650 antispastus,
2639 3580 3013 3650 dispondeus,
3068 3582 3269 3636 eadem
3325 3583 3546 3638 ratione

1846 3667 2206 3721 dividuntur:
2255 3683 2389 3721 nam
2437 3668 2795 3722 tantumdem
2835 3667 3106 3738 temporis
3147 3667 3208 3722 in
3247 3668 3336 3722 his
3381 3671 3546 3740 ponit

1843 3756 2097 3826 plausus,
2141 3758 2420 3824 quantum
2465 3756 2631 3808 levat.
2681 3755 2855 3808 Video
2899 3756 3232 3822 secundum,
3282 3756 3541 3811 iambum

1843 3842 2035 3912 simpli
2056 3846 2112 3896 et
2133 3842 2294 3912 dupli
2320 3843 2529 3897 habere
2546 3841 2856 3908 rationem;
2882 3857 3055 3912 quam
3076 3843 3354 3898 rationem
3372 3860 3541 3898 cerno

1843 3930 1984 3984 etin
2014 3931 2208 3984 chorio
2243 3931 2381 3985 etin
2422 3930 2708 3985 tribracho
2743 3934 2798 3984 et
2828 3930 2888 3985 in
2923 3931 3189 3998 molosso,
3219 3931 3352 3986 etin
3378 3936 3538 3986 utro-

1843 4034 1952 4089 que
1985 4018 2193 4074 ionico.
2227 4020 2351 4073 Jam
2381 4019 2554 4089 hujus
2585 4019 2980 4089 amphibrachi
3010 4019 3216 4073 levatio
3246 4023 3302 4074 et
3332 4019 3536 4090 positio

1842 4109 1999 4177 (nam
2029 4107 2154 4177 ipsa
2183 4107 2327 4161 mihi
2367 4124 2432 4162 ex
2463 4107 2661 4161 ordine
2694 4107 2958 4174 occurrit,
2990 4107 3082 4162 cui
3111 4123 3275 4178 pares
3303 4113 3539 4162 caeteros

1841 4197 2137 4268 quaeram),
2172 4196 2364 4267 simpli
2393 4201 2449 4250 et
2469 4196 2625 4267 tripli
2649 4195 2869 4250 ratione
2903 4199 3136 4250 constat.
3171 4195 3281 4250 Sed
3311 4212 3428 4249 non
3457 4195 3541 4249 in-

1840 4285 2003 4339 venio
2032 4301 2265 4354 prorsus
2293 4284 2467 4338 alium
2499 4284 2785 4356 deinceps,
2829 4285 2990 4356 cujus
3022 4283 3129 4338 sibi
3159 4289 3348 4355 partes
3380 4287 3537 4338 tanto

1839 4373 2135 4428 intervallo
2163 4374 2550 4428 conferantur.
2577 4374 2717 4427 Nam
2738 4389 2866 4428 cum
2890 4389 2982 4426 eos
3008 4372 3306 4426 considero
3331 4372 3389 4426 in
3418 4372 3540 4443 qui-

1840 4463 1946 4516 bus
1991 4478 2108 4516 una
2149 4461 2332 4516 brevis
2383 4467 2465 4516 est
2504 4465 2561 4516 et
2591 4462 2718 4516 duas
2759 4463 2966 4531 longze,
3015 4461 3074 4515 id
3104 4465 3190 4514 est
3217 4460 3539 4532 bacchium,

1839 4551 2108 4605 creticum
2149 4554 2204 4605 et
2244 4550 2741 4620 palimbacchium,
2789 4549 3144 4620 sesquialteri
3181 4550 3409 4604 numeri
3449 4565 3537 4604 ra-

1839 4640 1990 4694 tione
2040 4639 2379 4694 levationem
2431 4655 2492 4692 ac
2536 4638 2878 4710 positionem
2920 4639 2980 4692 in
3027 4637 3116 4692 his
3167 4638 3294 4692 ﬁeri
3351 4637 3537 4692 video.

1839 4729 2046 4783 Eadem
2077 4728 2218 4781 ratio
2241 4732 2323 4781 est
2344 4731 2398 4780 et
2419 4727 2478 4782 in
2506 4727 2574 4780 iis
2603 4730 2872 4798 quatuor,
2903 4726 2963 4780 in
2990 4726 3198 4795 quibus
3229 4743 3342 4781 una
3366 4727 3539 4798 longa

1837 4821 1922 4872 est
1949 4820 2006 4871 et
2034 4820 2146 4870 tres
2174 4816 2392 4883 breves,
2427 4815 2525 4886 qui
2557 4819 2802 4886 quatuor
2839 4831 3066 4886 paeones
3109 4831 3176 4868 ex
3205 4815 3402 4870 ordine
3433 4831 3536 4869 no-

1839 4906 2150 4961 minantur.
2206 4904 2431 4974 Reliqui
2460 4908 2593 4958 sunt
2636 4908 2882 4974 quatuor
2927 4902 3145 4973 epitriti
3181 4903 3441 4958 similiter
3469 4919 3537 4956 ex

1838 4995 2036 5049 ordine
2062 4991 2395 5062 nuncupati,
2443 5007 2691 5064 quorum
2721 4992 3067 5047 levationem
3097 5008 3161 5047 ac
3191 4992 3530 5064 positionem

1837 5081 2232 5153 sesquitertius
2261 5097 2537 5135 numerus
2565 5080 2839 5136 continet.

1912 5175 1994 5225 l9.
2027 5173 2100 5224 M.
2154 5171 2301 5224 Num
2349 5169 2527 5240 igitur
2555 5186 2761 5240 parum
2791 5169 2893 5224 tibi
2922 5169 3077 5240 justa
3111 5183 3278 5223 causa
3311 5166 3534 5221 videtur

1836 5275 1979 5326 esse,
2012 5274 2112 5312 cur
2151 5258 2258 5313 iste
2309 5273 2406 5329 pes
2459 5260 2532 5328 (a)
2566 5259 2634 5314 ad
2676 5259 2881 5314 seriem
2919 5272 3282 5313 numerosam
3327 5269 3530 5308 vocum

1838 5362 1952 5400 non
1981 5345 2334 5415 admittatur,
2357 5347 2506 5417 quod
2530 5347 2706 5401 solius
2735 5351 2922 5419 partes
2946 5351 3062 5400 tam
3084 5347 3253 5414 longe
3283 5360 3316 5397 a
3343 5357 3401 5396 se
3430 5341 3532 5396 dif-

1835 5435 2038 5500 ferant,
2074 5439 2135 5488 ut
2162 5451 2280 5489 una
2311 5435 2516 5507 simpla
2547 5436 2640 5503 sit,
2675 5436 2786 5490 alia
2819 5433 3028 5505 tripla?
3073 5431 3336 5486 Vicinitas
3375 5429 3531 5484 enim

1903 5599 1972 5658 (a)
2006 5597 2438 5660 Amphibraclius.
