4064 6370
443 298 571 352 1111

430 418 699 493 quedam
751 419 1007 490 partium
1057 421 1214 473 tanto
1273 424 1358 473 est
1412 418 1823 490 approbatione
1879 420 2127 493 dignior,

429 513 645 581 quanto
675 512 760 564 est
786 509 1050 580 proxima
1079 506 1412 579 aequalitati.
1449 509 1646 580 Itaque
1675 508 1736 563 in
1765 510 1858 564 illa
1889 513 2086 582 regula
2112 511 2132 547 ί

430 613 806 652 numerorum
838 613 970 652 cum
998 597 1068 651 ab
1098 611 1214 651 uno
1245 611 1425 666 usque
1455 596 1527 650 ad
1557 596 2123 671 quatuor'progredi-

428 700 579 752 mur,
622 684 765 739 nihil
814 683 1122 754 unicuique
1161 687 1244 737 est
1282 682 1468 753 seipso
1500 686 1897 757 propinquius.
1939 688 2122 752 Quare

427 772 571 828 illud
590 771 649 827 in
669 772 872 843 primis
897 771 1340 843 approbandum
1371 778 1455 828 est
1479 773 1538 827 in
1568 775 1831 846 pedibus,
1853 792 1984 832 cum
2005 781 2123 832 tan-

426 860 684 915 tumdem
719 861 930 915 habent
958 864 1148 932 partes
1187 861 1260 915 ad
1286 861 1558 929 invicem;
1605 863 1806 919 deinde
1844 865 2124 936 capulatio

427 948 621 1020 simpli
651 951 706 1003 et
733 949 895 1020 dupli
925 949 1138 1004 eminet
1150 947 1210 1002 in
1240 964 1357 1003 uno
1387 954 1445 1004 et
1474 951 1722 1020 duobus;
1755 953 2126 1025 sesquialtera

425 1051 557 1090 vero
587 1036 876 1107 copulatio
905 1036 966 1090 in
1005 1036 1227 1091 duobus
1265 1042 1324 1092 et
1348 1037 1530 1092 tribus
1561 1043 1826 1111 apparet;
1852 1042 1975 1112 jam
1997 1058 2121 1096 ses-

425 1123 717 1196 quitertia,
739 1124 924 1180 tribus
953 1130 1010 1180 et
1029 1129 1295 1196 quatuor.
1328 1125 1608 1198 Simplum
1637 1144 1770 1182 vero
1803 1133 1862 1184 et
1887 1130 2123 1201 triplum

425 1227 757 1284 quanquam
785 1212 1262 1283 complicatorum
1287 1229 1660 1270 numerorum
1685 1215 1811 1287 lege
1839 1220 2120 1286 teneatur,

425 1315 542 1355 non
566 1304 762 1355 tamen
786 1299 849 1354 in
889 1300 1090 1356 ordine
1121 1301 1221 1355 illo
1250 1301 1472 1357 sibimet
1507 1304 1792 1360 cohaeret:
1825 1321 1940 1360 non
1967 1306 2121 1361 enim

423 1392 554 1457 post
575 1403 756 1442 unum
787 1387 898 1442 tria
927 1405 1313 1456 numeramus,
1343 1391 1442 1445 sed
1462 1391 1534 1446 ab
1562 1409 1674 1447 uno
1704 1393 1776 1448 ad
1805 1395 2122 1449 ternarium

426 1491 728 1530 numerum
769 1476 992 1531 binario
1039 1477 1371 1549 interposito
1415 1480 1764 1549 pervenitur.
1812 1483 1938 1538 Haec
1974 1485 2121 1538 ratio

423 1567 508 1619 est
537 1580 651 1636 qua
689 1565 1070 1620 excludendus
1106 1566 1399 1637 judicatur
1439 1567 1883 1640 amphibrachus
1912 1587 2013 1642 pes
2049 1572 2120 1627 ab

423 1669 492 1706 ea
521 1653 879 1724 copulatione
908 1654 977 1709 de
1007 1670 1121 1726 qua
1145 1655 1456 1726 quaerimus
1475 1653 1519 1723 ²,
1542 1671 1672 1727 quae
1703 1656 1753 1711 si
1779 1656 1878 1712 abs
1907 1662 1963 1712 te
1991 1674 2121 1728 pro-

423 1741 610 1807 batur,
649 1747 851 1796 caetera
889 1741 1200 1798 videamus.
1241 1747 1306 1798 D.
1345 1743 1626 1799 Probatur
1663 1761 1797 1800 sane
1825 1761 1960 1801 nam
1997 1763 2121 1802 ma-

421 1828 787 1884 nifestissima
808 1833 979 1902 atque
1008 1830 1322 1886 certissima
1351 1837 1453 1888 est.
1888 1872 1890 1875 -

599 1918 821 1974 CAPUT
849 1921 934 1975 XI.
968 1949 1037 1961 —
1071 1911 1285 1976 Pedum"
1302 1921 1644 1976 rationabilis
1672 1923 1935 1976 mixtura.

491 2006 582 2060 20.
638 2008 714 2061 M.
778 2007 918 2062 Cum
974 2023 1109 2080 ergo
1161 2009 1400 2080 placeat,
1458 2025 1690 2080 quoquo
1737 2009 1908 2064 modo
1953 2026 2012 2064 se
2058 2010 2118 2064 in

419 2094 650 2165 syllabis
677 2095 943 2164 habeant,
977 2100 1171 2152 tamen
1199 2097 1246 2151 si
1277 2096 1530 2168 ejusdem
1560 2097 1728 2169 spatii
1755 2097 1868 2152 sint
1897 2098 1957 2153 in
1985 2103 2116 2154 tem.

419 2198 582 2253 pore,
613 2188 765 2239 recte
790 2183 897 2239 sibi
940 2189 998 2240 et
1035 2184 1155 2240 sine
1193 2185 1533 2240 detrimento
1569 2186 1909 2258 aequalitatis
1944 2187 2117 2258 pedes

417 2286 584 2341 posse
613 2271 864 2341 misceri,
893 2277 1128 2344 excepto
1160 2274 1435 2328 duntaxat
1465 2273 1906 2344 amphibracho;
1933 2276 2116 2346 quaeri

420 2374 534 2413 non
579 2358 870 2415 immerito
913 2365 1115 2430 potest,
1164 2365 1361 2416 utrum
1405 2365 1555 2417 recte
1597 2361 1966 2431 misceantur,
2016 2363 2117 2435 qui

419 2462 748 2522 quanquam
781 2448 894 2504 sint
931 2451 1180 2522 aequales
1218 2454 1497 2521 tempore,
1538 2467 1656 2506 non
1695 2452 1894 2507 eadem
1922 2456 2114 2508 tamen

419 2535 784 2605 percussione
822 2537 1184 2604 concordant,
1222 2554 1352 2609 quae
1390 2538 1676 2593 levatione
1725 2556 1790 2594 ac
1833 2541 2113 2610 positione

414 2627 605 2693 partes
651 2623 813 2694 pedis
863 2624 1091 2681 sibimet
1128 2625 1371 2680 confert.
1424 2628 1567 2681 Nam
1612 2627 1863 2699 dactylus
1891 2633 1950 2683 et
1978 2646 2113 2684 ana-

417 2715 626 2782 paestus
652 2717 710 2767 et
742 2713 1032 2783 spondens
1071 2729 1191 2768 non
1220 2715 1408 2769 solum
1447 2714 1758 2786 aequalium
1785 2721 2113 2788 temporum

417 2804 568 2865 sunt,
601 2799 701 2854 sed
731 2800 903 2855 etiam
942 2801 1342 2872 percutiuntur
1378 2803 1706 2874 aequaliter:
1746 2803 1808 2859 in
1847 2807 2114 2862 omnibus

416 2886 572 2941 enim
602 2890 823 2942 tantum
851 2889 1080 2954 levatio,
1120 2894 1400 2962 quantum
1441 2891 1648 2963 positio
1684 2892 1793 2947 sibi
1831 2893 2102 2952 vindicat.

415 2976 610 3047 Itaque
638 2975 700 3030 hi
729 2976 838 3032 sibi
868 2976 1180 3033 miscentur
1203 2980 1411 3051 justius
1432 2997 1606 3052 quam
1629 2981 1871 3052 quilibet
1893 2983 2113 3039 ionicus

413 3063 630 3117 caeteris
655 3080 750 3119 sex
776 3067 1102 3136 temporum
1140 3067 1400 3138 pedibus.
1436 3070 1681 3140 Uterque
1720 3070 1936 3141 quippe
1963 3071 2110 3126 ioni-

415 3166 514 3206 cus
561 3151 632 3205 ad
675 3151 948 3222 simplum
977 3158 1034 3208 et
1082 3154 1322 3225 duplum
1362 3155 1700 3226 percutitur,
1749 3157 1861 3212 duo
1900 3157 2112 3214 scilicet

417 3241 679 3307 tempora
707 3243 953 3310 quatuor
979 3242 1335 3312 temporibus
1360 3243 1672 3298 conferens.
1707 3245 1802 3300 His
1830 3247 2111 3301 molossus

416 3324 592 3379 etiam
618 3324 678 3379 in
709 3326 812 3380 hac
839 3344 900 3381 re
927 3329 1207 3398 congruit.
1251 3331 1451 3385 Caeteri
1490 3347 1620 3385 vero
1651 3332 1727 3404 (a)
1759 3333 1832 3387 ad
1857 3337 2108 3390 tantum-

414 3411 572 3480 dem;
604 3430 740 3469 nam
767 3414 829 3469 in
853 3416 942 3470 his
969 3416 1237 3472 levationi
1264 3434 1328 3472 ac
1359 3419 1630 3489 positioni
1659 3424 1821 3477 terna
1849 3427 2110 3495 tempora

413 3499 765 3558 tribuuntur.
808 3505 953 3575 Ergo
1003 3505 1222 3561 tametsi
1261 3523 1461 3562 omnes
1497 3509 1749 3580 legitime
1790 3510 2104 3582 feriantur;

413 3600 548 3640 nam
577 3591 632 3642 et
656 3587 743 3643 illi
772 3593 884 3644 tres
915 3589 1108 3663 simpli
1132 3596 1187 3646 et
1214 3592 1376 3664 dupli
1397 3594 1635 3664 ratione,
1664 3599 1719 3650 et
1743 3596 1840 3650 alii
1860 3603 2107 3668 quatuor

412 3673 593 3746 aequis
607 3676 865 3748 partibus
876 3677 1189 3748 feriuntur;
1211 3684 1404 3736 tamen
1425 3681 1560 3752 quia
1580 3684 1844 3754 plausum
1856 3685 2106 3759 inaequa-

408 3762 523 3818 lem
550 3764 685 3820 facit
705 3765 814 3820 ista
828 3766 1156 3838 permixtio,
1179 3770 1332 3824 haud
1360 3769 1474 3825 scio
1497 3787 1569 3824 an
1581 3771 1714 3842 jure
1735 3773 2100 3844 repudietur:

409 3851 518 3906 nisi
548 3852 686 3925 quid
713 3853 887 3910 habes
916 3856 989 3910 ad
1018 3857 1158 3912 haec.
1189 3861 1257 3913 D.
1310 3859 1619 3915 Proclivior
1662 3877 1788 3916 sum
1836 3861 1899 3917 iu
1935 3863 2103 3920 istam

408 3942 766 3997 sententiam.
809 3945 951 3999 Nam
971 3944 1272 4018 inaequalis
1294 3948 1525 4018 plausus
1553 3950 1842 4020 quomodo
1872 3967 2103 4009 sensum

405 4043 520 4081 non
549 4028 803 4084 oifendat
828 4030 1031 4102 ignoro
1057 4047 1071 4085 :
1101 4031 1149 4086 si
1178 4038 1368 4088 autem
1399 4034 1654 4103 offendit,
1675 4037 1802 4091 non
1827 4038 2026 4110 utique
2042 4041 2101 4096 id

404 4119 593 4186 potest
618 4116 740 4171 sine
765 4117 901 4172 vitio
930 4118 1100 4188 hujus
1127 4121 1519 4191 permixtionis
1545 4124 1817 4180 accidere.

473 4207 562 4258 21.
589 4209 662 4260 Μ.
690 4206 864 4276 Atqui
903 4207 1044 4261 scias
1068 4213 1282 4263 veteres
1312 4209 1630 4266 miscendos
1647 4213 1932 4285 judicasse
1961 4215 2101 4271 istos

402 4291 594 4361 pedes,
627 4296 686 4346 et
712 4292 921 4348 horum
964 4295 1235 4351 mixtione
1277 4313 1472 4351 versus
1513 4301 1857 4372 compositos
1904 4305 2100 4360 condi-

403 4379 570 4434 disse.
603 4379 712 4435 Sed
757 4397 828 4436 ne
869 4386 925 4436 te
966 4385 1299 4440 auctoritate
1337 4402 1599 4456 premere
1643 4389 1857 4459 videar,
1907 4396 2098 4466 accipe

401 4466 620 4538 aliquid
639 4469 848 4524 horum
875 4486 1164 4539 versuum,
1197 4476 1253 4527 et
1282 4473 1409 4529 vide
1441 4480 1634 4531 utrum
1662 4478 1916 4536 offendat
1943 4485 2099 4538 audi-

399 4561 542 4612 tum.
571 4556 628 4612 Si
653 4558 808 4613 enim
835 4576 952 4614 non
978 4561 1148 4616 modo
1175 4579 1292 4618 non
1319 4563 1641 4636 offenderit,
1673 4569 1770 4623 sed
1801 4570 1974 4626 etiam
2005 4573 2097 4627 de-

399 4643 708 4714 lectaverit,
731 4649 889 4704 nulla
905 4648 1013 4704 erit
1027 4650 1172 4707 ratio
1190 4652 1360 4724 hujus
1374 4653 1664 4710 mixtionis
1676 4655 2091 4728 improbandae.

398 4733 603 4788 Versus
633 4738 823 4791 autem
851 4737 896 4791 ii
923 4743 1056 4793 sunt
1085 4756 1226 4811 quos
1255 4741 1512 4798 advertas
1540 4745 1702 4801 volo:

583 4823 914 4900 étconsona.
936 4839 1055 4890 quia
1080 4833 1222 4900 sunt,
1257 4831 1360 4880 nisi
1387 4831 1660 4900 vocalibus
1687 4838 1851 4899 aptas,

584 4885 709 4956 Pars
733 4885 1010 4956 dimidium
1033 4891 1178 4940 vocis
1206 4885 1339 4956 opus
1367 4895 1599 4956 proferet
1626 4911 1691 4946 ex
1719 4885 1812 4947 ‘sei:

579 4947 706 5016 Pars
731 4954 878 4998 muta
895 4951 1011 5016 soni
1042 4947 1350 5016 comprimet
1372 4947 1469 5005 ora
1495 4958 1807 5009 molientum
1829 4975 1843 5010 :

580 5008 689 5083 Illis
719 5022 884 5083 sonus
909 5008 1184 5083 obscurior
1211 5016 1631 5083 impeditiorque,

578 5070 885 5136 Utrumque‘
906 5077 1082 5124 tamen
1105 5070 1366 5140 promitur
1393 5094 1482 5130 ore
1511 5070 1810 5133 s‘em'icluso.

1435 5144 1456 5202 (
1462 5145 1842 5208 Terentianus.)

454 5221 564 5299 LIn'
672 5220 818 5299 deest
842 5223 1030 5299 vocula
1053 5226 1333 5299 tauquam.
1349 5230 1676 5299 restituimus
1709 5246 1773 5281 ex
1804 5234 1904 5299 Era
1921 5236 2084 5299 Lugd.

392 5280 521 5357 Xen.
543 5284 668 5357 lfov.
693 5287 747 5356 et
769 5285 965 5357 Mss..A
980 5287 1106 5357 eti}:
1123 5280 1431 5357 Notandum
1453 5292 1568 5343 loco
1588 5293 1706 5353 illa,
1723 5280 2089 5357 ’quEa’hEBé’ﬁi

389 5341 732 5406 Benedictini,
761 5359 874 5396 esse
899 5347 953 5396 in
979 5348 1150 5407 editis,
1179 5348 1301 5400 ista.
1368 5353 1436 5401 Μ.

450 5407 556 5454 ³1η
586 5407 662 5475 B,,
700 5411 1044 5475 quaesivimus.
1071 5411 1154 5460 Er.
1190 5411 1352 5475 Lugd.
1393 5414 1524 5464 Ven.
1558 5416 1680 5465 Lov.
1713 5431 1809 5467 nec
1842 5433 1948 5470 non
1985 5422 2080 5473 Ms.

386 5465 778 5529 A,quaerimus.
847 5473 914 5520 Μ.

451 5528 524 5594 (ά)
543 5529 900 5595 Choriambus,
934 5535 1215 5598 diiambus,
1245 5535 1529 5600 dichorius,
1557 5541 1893 5605 antispastus.

1711 299 1805 353 DE
1843 297 2126 367 MUSICA,
2171 299 2224 355 S.
2267 297 2649 358 AUGUSTINI

3806 288 3941 342 HI2

2231 420 2377 478 Satis
2402 437 2522 476 esse
2552 417 2798 474 arbitror
2824 417 2897 472 ad
2910 415 3288 489 judicandum
3305 414 3363 470 id
3387 413 3541 486 quod
3577 411 3730 469 volo.
3757 411 3949 474 Quare

2231 510 2340 578 dic,
2391 525 2608 582 quaeso,
2665 510 2859 562 utrum
2915 504 3061 560 nihil
3117 508 3242 560 tuas
3273 519 3439 558 aures
3499 517 3784 556 numerus
3845 501 3947 555 iste

2231 595 2612 669 permulserit.
2667 598 2732 649 D.
2774 596 2894 649 Imo
2946 592 3090 647 nihil
3147 591 3289 647 mihi
3311 591 3538 645 videtur
3593 605 3837 645 currere
3887 604 3947 644 ac

2232 703 2436 742 sonare
2475 683 2748 741 festivius.
2799 685 2873 740 M.
2932 681 3239 738 Considera
3289 679 3467 751 igitur
3528 679 3728 750 pedes,
3781 677 3946 732 inve-

2233 775 2357 830 nies
2387 773 2640 846 profecto
2665 788 2796 826 cum
2827 770 2940 825 sint
2968 770 3221 842 quinque
3255 783 3471 834 versus,
3521 767 3668 822 duos
3718 766 3944 838 primos

2233 862 2366 918 solis
2420 861 2623 917 ionicis
2679 876 2928 928 currere,
2985 863 3098 914 tres
3163 856 3507 929 posteriores
3572 855 3792 910 habere
3852 855 3943 909 ad-

2232 951 2476 1006 mixtum
2529 949 2870 1015 dichorium,
2899 963 3030 1002 cum
3074 962 3273 1001 omnes
3303 945 3542 1001 omnino
3569 959 3813 999 sensum
3844 959 3942 997 no-

2231 1043 2412 1094 strum
2469 1037 2761 1094 communi
2808 1035 3133 1108 aequalitate
3184 1034 3484 1089 delectent.
3522 1035 3586 1087 Ι).
3641 1032 3771 1086 Jam
3834 1029 3942 1083 hoc

2231 1127 2627 1196 animadverti,
2655 1131 2711 1180 et
2729 1125 2950 1180 facilius
2972 1129 3026 1179 te
3053 1122 3485 1195 pronuntiante.
3514 1121 3598 1174 Μ.
3623 1119 3774 1184 Quid
3801 1135 3940 1190 ergo

2231 1215 2558 1272 dubitamus
2572 1213 2896 1269 consentire
2909 1212 3192 1267 veteribus
3215 1227 3330 1265 non
3351 1225 3551 1264 eorum
3569 1207 3940 1275 auctoritate,

2231 1305 2331 1359 sed
2359 1304 2484 1375 ipsa
2508 1305 2629 1376 jam
2657 1302 2880 1358 ratione
2917 1300 3068 1368 victi,
3102 1299 3202 1372 qui
3239 1302 3475 1353 censent
3504 1313 3602 1351 eos
3632 1296 3813 1368 pedes
3844 1295 3945 1367 qui

2232 1393 2487 1463 ejusdem
2535 1390 2810 1463 temporis
2840 1394 2972 1445 sunt
2999 1387 3413 1443 rationabiliter
3469 1401 3635 1456 posse
3685 1383 3941 1449 misceri,

2233 1481 2280 1534 si
2305 1481 2554 1535 habeant
2588 1479 2926 1550 legitimam,
2979 1476 3240 1548 quamvis
3271 1475 3560 1530 diversam
3614 1472 3941 1544 percussio-

2228 1569 2406 1624 nem?
2439 1569 2509 1624 D.
2545 1568 2690 1624 Cedo
2709 1568 2835 1639 jam
2855 1582 3090 1639 prorsus
3116 1582 3131 1620 :
3159 1581 3294 1620 nam
3314 1581 3406 1619 me
3435 1563 3531 1618 ille
3561 1579 3742 1618 sonus
3774 1561 3940 1634 quid-

2229 1672 2403 1728 quam
2431 1655 2816 1711 contradicere
2842 1669 2960 1709 non
2989 1653 3146 1708 sinit.

2510 1745 2734 1800 CAPUT
2764 1745 2878 1798 XII.
2906 1772 2974 1783 —
3002 1743 3166 1798 Pedes
3195 1756 3290 1797 sea:
3321 1744 3639 1809 temporum.

2298 1833 2385 1887 22.
2416 1833 2490 1886 Μ.
2524 1831 2762 1885 Intende
2791 1829 2932 1883 item
2966 1829 3026 1882 iu
3055 1828 3191 1882 istos
3216 1843 3450 1881 versus:

2414 1918 2546 1985 Yolo
2568 1918 2788 1985 tandem
2809 1917 2905 1966 tibi
2935 1930 3134 1980 parcas,
3159 1915 3309 1985 labor
3335 1918 3414 1963 est
3441 1915 3496 1964 in
3526 1913 3751 1985 chartis,

2415 1981 2476 2043 Et
2503 1984 2743 2043 apertum
2775 1980 2850 2028 ire
2874 1977 2967 2042 per
2989 1992 3144 2043 auras
3170 1977 3406 2043 animum
3437 1977 3714 2043 permittas

2411 2038 2586 2091 Placet
2614 2041 2715 2090 hoc
2747 2038 3184 2095 nam—sapienter,
3221 2038 3486 2088 remittere
3515 2038 3794 2088 interdum

2411 2104 2594 2154 Aciem
2621 2104 2778 2153 rebus
2803 2101 3022 2166 agendis
3051 2103 3298 2150 decenter
3336 2101 3613 2150 intentam.

2226 2183 2301 2237 D.
2330 2183 2512 2237 Etiam
2540 2183 2648 2237 hoc
2675 2182 2810 2236 satis
2839 2187 2943 2237 est.
2974 2184 3050 2237 Μ.
3081 2181 3407 2237 Praesertim
3448 2196 3578 2234 cum
3609 2178 3708 2234 isti
3739 2195 3939 2235 versus

2223 2271 2337 2326 sint
2364 2271 2662 2339 inconditi,
2694 2287 2838 2342 quos
2870 2270 3204 2325 necessitate
3235 2270 3306 2325 ad
3337 2274 3565 2340 tempus
3614 2268 3940 2326 fabricatus

2225 2375 2370 2414 sum.
2407 2361 2812 2414 Verumtamen
2843 2364 2900 2413 et
2927 2359 2987 2413 in
3013 2358 3082 2412 iis
3114 2364 3360 2430 quatuor
3389 2357 3626 2429 requiro
3646 2357 3942 2428 judicium

2222 2464 2420 2501 sensus
2447 2447 2553 2502 tui.
2586 2452 2653 2502 D.
2685 2447 2834 2511 Quid
2851 2447 3007 2501 aliud
3039 2453 3097 2501 et
3117 2446 3208 2500 hic
3237 2462 3480 2516 possum
3507 2446 3719 2512 dicere,
3756 2462 3939 2517 quam

2222 2535 2456 2606 pulchre
2500 2535 2628 2590 illos
2677 2540 3174 2606 congruenterque
3231 2535 3489 2589 sonuisse
3541 2536 3619 2590 Μ.
3665 2534 3941 2589 Sentisne

2222 2624 2394 2678 etiam
2426 2623 2566 2678 duos
2595 2623 2918 2694 superiores
2934 2625 3112 2677 altero
3141 2621 3330 2677 ionico
3355 2626 3613 2677 constare
3661 2624 3765 2692 qui
3800 2621 3943 2676 dici-

2221 2717 2315 2767 tur
2342 2728 2376 2766 a
2404 2711 2646 2774 minore,
2682 2711 2821 2766 duos
2852 2715 3045 2766 autem
3089 2711 3430 2782 posteriores
3460 2710 3785 2766 diiambum
3819 2710 3934 2764 ha-

2220 2801 2354 2856 bere
2410 2799 2809 2870 permixtum?
2846 2800 2913 2854 D.
2978 2801 3042 2854 Et
3089 2800 3194 2854 hoc
3223 2803 3280 2854 te
3310 2799 3744 2870 pronuntiando
3788 2799 3933 2853 insi-

2221 2892 2434 2942 nuante
2455 2887 2729 2960 persensi.
2761 2891 2827 2944 E.
2863 2887 3051 2952 Quid?
3089 2887 3230 2942 illud
3251 2903 3444 2942 nonne
3468 2891 3524 2942 te
3554 2892 3744 2941 movet
3775 2887 3937 2958 quod

2220 2976 2280 3030 in
2310 2975 2421 3031 illis
2443 2975 2768 3031 Terentiani
2797 2975 3052 3031 versibus
3079 2976 3264 3031 ionico
3297 2977 3352 3030 ei
3393 2976 3493 3048 qui
3523 2993 3557 3030 a
3585 2975 3806 3045 majore
3841 2976 3930 3030 di-

2221 3062 2388 3133 citur,
2416 3063 2734 3130 dichorius;
2769 3062 2828 3118 in
2855 3061 2926 3116 iis
2957 3067 3146 3118 autem
3179 3064 3387 3118 nostris
3419 3063 3582 3118 alteri
3601 3063 3793 3118 ionico
3824 3064 3933 3135 qui

2219 3167 2254 3205 a
2282 3150 2505 3205 minore
2536 3150 2884 3218 nominatur,
2918 3151 3203 3206 diiambus
3243 3151 3452 3206 mixtus
3481 3153 3609 3206 est?
3648 3168 3724 3205 an
3772 3151 3931 3206 nihil

2219 3237 2496 3293 interesse
2527 3239 2863 3294 arbitraris?
2891 3240 2970 3295 D.
3010 3241 3129 3294 Imo
3162 3240 3418 3310 interest,
3448 3243 3505 3295 et
3532 3239 3733 3294 videor
3779 3240 3935 3295 mihi

2218 3325 2504 3380 rationem
2531 3325 2716 3398 ipsam
2746 3325 2935 3381 videre
2961 3343 2974 3380 :
3008 3343 3141 3382 nam
3171 3327 3445 3398 quoniam
3477 3326 3701 3381 ionicus
3731 3343 3766 3380 a
3796 3343 3933 3381 ma-

2212 3413 2339 3484 jore
2366 3429 2399 3468 a
2429 3414 2650 3469 duabus
2679 3413 2878 3484 incipit
2898 3413 3112 3486 longis,
3134 3430 3268 3469 eum
3291 3415 3399 3469 sibi
3424 3414 3617 3486 potius
3648 3415 3936 3486 copulan-

2218 3501 2354 3556 dum
2395 3502 2593 3573 poscit,
2628 3502 2728 3557 ubi
2784 3502 2958 3574 longa
3006 3503 3193 3575 prima
3233 3507 3336 3571 est,
3369 3503 3428 3558 id
3457 3508 3543 3557 est
3572 3502 3931 3558 dichorium.

2218 3589 2510 3646 Diiambus
2540 3607 2670 3645 vero
2697 3591 2851 3663 quod
2881 3591 3086 3663 incipit
3112 3608 3146 3646 a
3174 3592 3352 3660 brevi,
3385 3592 3800 3663 congruentius
3836 3593 3932 3646 al-

2214 3679 2325 3734 teri
2355 3679 2625 3734 miscetur
2649 3679 2836 3734 ionico
2866 3697 2899 3734 a
2928 3681 3146 3736 duabus
3176 3681 3445 3736 brevibus
3479 3680 3808 3752 incipienti.

2283 3770 2371 3824 23.
2401 3770 2474 3824 Μ.
2503 3769 2650 3823 Bene
2680 3769 2988 3841 intelligis:
3021 3785 3197 3842 quare
3218 3771 3330 3826 hoc
3353 3786 3580 3842 quoque
3599 3769 3928 3825 tenendum

2213 3858 2297 3910 est
2337 3855 2506 3910 istam
2561 3857 2734 3911 etiam
2786 3857 3242 3929 congruentiam,
3302 3863 3536 3931 excepta
3585 3859 3926 3929 aequalitate

2212 3949 2558 4015 temporum,
2591 3944 2653 3999 in
2681 3945 2924 4016 pedibus
2970 3946 3278 4002 miscendis
3309 3939 3668 4018 aliq'uantum
3724 3947 3922 4001 valere

2212 4037 2474 4104 oportere
2509 4050 2521 4088 :
2555 4051 2670 4090 non
2699 4035 2853 4090 enim
2904 4036 3240 4108 plurimum,
3286 4037 3388 4092 sed
3418 4041 3614 4092 tamen
3645 4023 3921 4094 nonnihil

2211 4122 2375 4177 valet.
2412 4123 2552 4177 Nam
2577 4139 2681 4195 pro
2713 4124 2872 4179 omni
2924 4125 3068 4196 pede
3125 4142 3224 4181 sex
3267 4129 3617 4197 temporum,
3675 4143 3920 4182 omnem

2209 4211 2414 4280 pedem
2472 4229 2570 4266 sex
2626 4216 2950 4285 temporum
3010 4214 3151 4286 poni
3212 4231 3395 4286 posse,
3458 4216 3538 4270 ita
3603 4232 3779 4270 sensu
3828 4217 3922 4271 in-

2210 4303 2497 4370 terrogato
2519 4300 2743 4371 judices
2789 4302 2958 4358 licet:
2998 4303 3252 4374 primum
3303 4303 3536 4358 molossi
3577 4306 3918 4376 exemplum

2208 4385 2282 4440 sit
2336 4387 2516 4453 nobis,
2571 4391 2800 4445 virtutes
2853 4410 2869 4445 :
2921 4390 3094 4446 ionici
3151 4408 3184 4445 a
3237 4392 3479 4462 minore,
3529 4393 3842 4450 moderatas
3898 4415 3916 4450 :

2211 4474 2546 4541 choriambi,
2596 4481 2865 4548 percipies
2906 4499 2922 4534 :
2969 4479 3143 4535 ionici
3189 4497 3222 4534 a
3271 4481 3508 4552 majore,
3559 4482 3845 4537 concedere
3896 4503 3914 4536 :

2203 4563 2462 4633 diiambi,
2523 4565 3145 4636 benignitas:dichorii,
3203 4571 3540 4640 civitasque:
3580 4570 3915 4642 antispasti,

2201 4652 2339 4706 votet
2360 4653 2534 4721 justa.
2595 4655 2663 4710 D.
2729 4655 2919 4710 Habeo
2971 4657 3096 4711 ista.
3153 4659 3228 4713 M.
3262 4658 3508 4714 Contexe
3563 4659 3742 4731 igitur
3798 4659 3917 4714 ista

2201 4739 2394 4795 omnia
2427 4745 2600 4814 atque
2644 4745 2972 4814 pronuntia,
3003 4747 3090 4801 vel
3121 4762 3214 4802 me
3263 4747 3457 4818 potius
3486 4747 3908 4818 pronuntiante

2201 4829 2410 4900 accipe,
2435 4846 2547 4902 quo
2568 4831 2640 4903 ad
2663 4833 3039 4904 judicaudum
3070 4835 3302 4891 liberior
3330 4853 3528 4891 sensus
3547 4842 3724 4893 vacet.
3759 4840 3911 4894 Nam

2199 4920 2264 4972 ut
2291 4919 2607 4976 continuati
2633 4922 2859 4977 numeri
2888 4924 3275 4995 aequalitatem
3305 4925 3426 4980 sine
3445 4926 3562 4979 ulla
3576 4925 3911 4981 offensione

2198 5007 2426 5062 aurium
2454 5009 2557 5064 tibi
2587 5010 2897 5081 insinuem,
2929 5013 3035 5066 hoc
3064 5017 3249 5068 totum
3280 5019 3605 5069 contextum
3637 5019 3724 5069 ter
3773 5031 3911 5084 pro-

2199 5096 2494 5164 nuntiabo,
2525 5100 2684 5170 quod
2715 5100 2851 5154 satis
2881 5117 3001 5156 esse
3031 5119 3146 5157 non
3199 5103 3605 5159 dubitaverim.
3655 5107 3908 5162 Virtutes

2195 5185 2501 5240 moderatas
2529 5189 2810 5257 percipies,
2842 5191 3121 5245 concedere
3148 5192 3450 5262 benignitas
3477 5195 3781 5262 civitasque
3808 5211 3906 5248 vo-

2195 5273 2265 5326 let
2281 5273 2458 5342 justa.
2499 5277 2739 5331 Virtutes
2768 5278 3080 5335 moderatas
3104 5284 3394 5350 percipies,
3428 5282 3708 5336 concedere
3749 5283 3908 5338 beni-

2192 5364 2374 5429 gnitas
2407 5365 2705 5434 civitasque
2733 5368 2869 5421 volet
2891 5368 3065 5437 justa.
3124 5368 3358 5424 Virtutes
3386 5371 3695 5426 moderatas
3714 5377 3906 5442 perci-

2193 5451 2335 5518 pies,
2383 5454 2660 5508 concedere
2682 5456 2986 5523 benignitas
3029 5460 3327 5528 civitasque
3354 5461 3491 5515 votet
3528 5461 3708 5529 justa.
3747 5462 3903 5519 Num

2081 5619 2084 5622 t
2191 5539 2338 5596 forte
2364 5539 2580 5612 aliquid
2613 5542 2672 5598 in
2692 5544 2802 5600 hoc
2812 5546 3025 5617 pedum
3038 5563 3206 5603 cursu
3228 5564 3392 5604 aures
3414 5553 3538 5605 tuas
3564 5552 3904 5622 aequalitate
