4064 6348
127 291 264 342 1113

116 413 224 464 aut
249 407 524 464 suavitate
552 408 880 464 fraudavit?
909 411 975 464 D.
1011 409 1177 463 Nullo
1214 408 1406 464 modo.
1439 409 1509 463 Μ.
1561 408 1828 463 Delecta-.

117 498 280 552 vitne
299 497 516 569 aliquid
538 498 568 552 ?
595 513 923 570 quanquam
950 497 1059 552 hoc
1089 497 1324 569 quidem
1356 513 1711 570 consequens
1738 501 1822 552 est

117 587 186 642 in
205 588 313 642 hoc
341 601 571 658 genere,
607 591 670 641 ut
689 587 928 642 delectet
959 603 1129 641 omne
1160 587 1314 659 quod
1343 603 1459 642 non
1497 587 1816 643 offenderit.

114 677 205 730 D.
239 677 365 730 Non
389 692 625 747 possum
661 676 827 730 aliter
853 692 944 730 me
989 677 1171 730 dicere
1202 677 1486 744 affectum,
1521 693 1694 748 quam
1723 677 1806 732 vi-

115 765 294 819 detur
319 764 441 819 tibi.
474 767 549 820 M.
584 765 793 820 Probas
818 781 954 836 ergo
1000 781 1198 820 omnes
1222 766 1363 821 istos
1400 767 1574 837 pedes
1617 783 1819 821 senum

115 857 452 923 temporum
483 857 632 909 recte
663 853 770 909 sibi
821 869 988 926 posse
1025 853 1280 927 copulari
1321 858 1491 927 atque
1517 854 1535 889 ¹
1557 854 1810 912 misceri.

116 942 198 996 D.
232 941 439 998 Probo.

231 1049 474 1105 CAPUT.
514 1050 640 1106 XIII
669 1079 735 1091 —
769 1049 912 1107 Ordo
938 1050 1137 1120 pedum
1187 1050 1448 1122 quomodo
1479 1054 1713 1106 mutetur

839 1141 1107 1194 concinne.

190 1249 282 1304 24.
330 1249 404 1303 M.
467 1246 695 1302 Nihilne
721 1247 1014 1316 formidas,
1061 1264 1134 1302 ne
1183 1248 1312 1320 quis
1345 1248 1653 1304 arbitretur
1699 1253 1818 1304 tam

113 1336 420 1408 aequaliter
465 1336 605 1391 istos
675 1337 850 1408 pedes
911 1338 1019 1392 hoc
1073 1337 1274 1392 ordine
1324 1339 1561 1393 collatos
1616 1353 1816 1391 sonare

112 1423 410 1494 potuisse;
437 1425 483 1478 si
506 1429 697 1479 autem
725 1425 988 1480 ordinem
1018 1430 1333 1496 permutes,
1361 1441 1479 1479 non
1508 1425 1662 1480 idem
1693 1441 1819 1495 pos-

113 1513 226 1567 se?
255 1514 330 1568 D.
365 1513 636 1568 Nonnihil
665 1514 901 1585 quidem
950 1514 1132 1582 aliert,
1165 1514 1264 1569 sed
1296 1513 1544 1584 experiri
1589 1529 1704 1567 non
1734 1517 1819 1567 est

114 1599 374 1656 difﬁcile.
407 1603 482 1656 M.
511 1603 669 1656 Istud
701 1617 838 1672 ergo
865 1601 1034 1656 facito
1070 1618 1199 1656 cum
1229 1601 1480 1657 vacabit:
1506 1616 1626 1656 non
1651 1601 1817 1655 aliter

113 1690 375 1746 invenies
413 1707 588 1762 quam
618 1707 850 1746 sensum
887 1695 1054 1745 tuum
1083 1690 1424 1746 multiformi
1452 1690 1720 1745 varietate
1759 1695 1818 1744 et

112 1795 238 1834 una
265 1779 590 1850 mqualitate
638 1779 898 1834 mulceri.
927 1784 991 1835 D.
1028 1779 1287 1834 Faciam:
1339 1794 1671 1850 quanquam
1710 1779 1817 1832 hoc

75 1869 380 1942 exemplo
406 1883 578 1922 nemo
631 1873 733 1934 est,
778 1867 877 1940 qui
926 1885 1042 1922 non
1077 1867 1385 1939 praavideat
1413 1866 1731 1922 necessario
1758 1865 1815 1921 id

112 1959 475 2010 eventurum.
499 1957 580 2011 Μ.
619 1956 790 2010 Recte
821 1955 1145 2010 existimas:
1177 1955 1277 2009 sed
1301 1955 1449 2026 quod
1498 1955 1568 2009 ad
1599 1970 1812 2025 propo-

111 2043 293 2098 situm
335 2044 605 2114 pertinet,
639 2044 865 2099 admoto
894 2045 1100 2115 plausu
1132 2043 1238 2098 ista
1268 2060 1620 2115 percurram,
1651 2049 1715 2098 ut
1743 2044 1813 2097 de

111 2131 225 2186 hoc
249 2148 479 2203 quoque
511 2132 822 2203 dijudicare
854 2134 1034 2204 possis
1063 2138 1256 2187 utrum
1298 2133 1536 2204 aliquid,
1570 2150 1642 2187 an
1669 2133 1813 2188 nihil

110 2219 428 2274 claudicet:
464 2225 636 2291 atque
664 2225 724 2274 ut
753 2220 924 2275 simul
950 2220 1167 2292 aliquid
1228 2221 1538 2297 experiaris
1568 2222 1636 2276 de
1658 2238 1814 2276 com-

111 2307 436 2362 mutatione
465 2308 620 2362 illius
649 2308 882 2376 ordinis,
915 2325 1089 2380 quam
1115 2309 1257 2364 nihil
1287 2310 1714 2365 claudicationis
1743 2311 1813 2365 il-

111 2397 361 2450 laturam
387 2413 507 2450 esse
530 2396 936 2468 praediximus;
962 2399 1082 2468 jam
1114 2414 1268 2452 nunc
1312 2399 1501 2470 ipsum
1554 2400 1814 2454 ordinem

110 2488 297 2550 muta,
329 2488 386 2538 et
413 2489 476 2538 ut
503 2482 732 2541 libitum
763 2490 866 2554 est,
889 2486 1118 2540 eosdem
1157 2487 1329 2558 pedes
1379 2488 1681 2542 collocatos
1711 2489 1814 2542 ali-

113 2578 202 2627 ter
214 2577 386 2644 atque
409 2589 443 2626 a
472 2589 563 2628 me
583 2574 840 2629 collocati
861 2579 1013 2642 sunt,
1037 2576 1426 2646 personandos
1476 2577 1620 2633 mihi
1647 2579 1813 2648 plau-

113 2663 449 2734 dendosque
479 2664 764 2736 permitte.
798 2667 874 2720 D.
899 2665 1158 2720 Primum
1196 2667 1322 2720 volo
1353 2682 1472 2721 esse
1501 2666 1757 2720 ionicum
1783 2682 1814 2720 a

112 2751 359 2818 minore,
395 2753 708 2808 secundum
754 2753 1005 2808 ionicum
1037 2773 1069 2809 a
1121 2756 1358 2827 majore,
1409 2756 1644 2810 tertium
1687 2755 1814 2809 cho-

113 2839 426 2907 riambum,
459 2845 727 2912 quartum
756 2841 1092 2911 diiambum,
1115 2843 1379 2914 quintum
1409 2844 1811 2916 antispastum,

111 2931 339 2982 sextum
367 2929 707 2997 dichorium,
734 2931 1040 3002 septimum
1070 2933 1408 2988 moloswm.
1446 2935 1522 2988 M.
1574 2934 1812 2988 Intende

112 3033 252 3088 ergo
283 3022 341 3071 et
370 3033 568 3072 aurem
605 3019 666 3073 in
697 3035 922 3088 sonum,
959 3025 1016 3074 et
1042 3020 1103 3074 in
1133 3021 1398 3092 plausum
1436 3022 1626 3076 oculos
1652 3039 1665 3076 :
1697 3038 1812 3076 non

111 3104 270 3159 enim
301 3105 507 3172 audiri,
540 3107 640 3162 sed
658 3107 839 3162 videri
870 3125 1013 3180 opus
1039 3114 1124 3164 est
1151 3110 1521 3180 plaudentem
1552 3126 1808 3176 manum,

111 3197 168 3247 et
201 3193 583 3251 animadverti
608 3197 813 3252 acriter
841 3203 1054 3268 quanta
1082 3199 1354 3270 temporis
1386 3216 1549 3253 mora
1568 3199 1630 3253 in
1660 3200 1809 3253 leva-

113 3282 293 3348 tione,
339 3290 552 3355 quanta
609 3285 669 3340 in
708 3287 992 3358 positione
1025 3287 1117 3342 sit.
1167 3291 1229 3343 D.
1282 3290 1454 3343 Totus
1501 3287 1628 3343 istic
1659 3304 1808 3356 sum,

110 3377 396 3443 quantum
435 3375 614 3429 valeo.
647 3377 720 3430 Μ.
753 3376 957 3446 Accipe
983 3375 1160 3446 igitur
1187 3376 1623 3430 collocationem
1651 3377 1809 3431 illam

110 3478 242 3516 cum
261 3462 470 3533 plausu
497 3467 655 3519 tuam
679 3481 691 3518 :
726 3466 1054 3532 Moderatus,
1082 3466 1376 3532 concedere,
1407 3468 1692 3536 percipies,
1723 3467 1809 3520 be-

107 3553 378 3619 nignitas,
417 3553 744 3622 voletjusta,
768 3557 1084 3624 civitasque,
1103 3557 1352 3610 virtutes.
1378 3559 1444 3609 D.
1474 3555 1667 3610 Sentio
1689 3555 1812 3626 qui-

109 3640 239 3694 dem
270 3656 639 3712 nequaquam
660 3643 922 3713 plausum
949 3643 1124 3698 istum
1145 3644 1480 3710 claudicare,
1513 3649 1568 3697 et
1584 3649 1809 3698 tantum

107 3732 297 3784 levare
346 3736 626 3800 quantum
681 3748 936 3802 ponere;
984 3733 1081 3786 sed
1141 3733 1510 3787 vehementer
1555 3733 1810 3787 admiror

107 3819 399 3888 quomodo
430 3835 496 3872 eo
529 3819 742 3889 percuti
773 3818 1069 3888 potuerint
1099 3818 1181 3872 illi
1208 3820 1402 3889 pedes,
1436 3836 1684 3889 quorum
1715 3823 1807 3876 di-

109 3907 248 3962 visio
296 3907 487 3977 simpli
517 3911 573 3960 et
616 3907 775 3977 dupli
813 3907 957 3961 ratio
987 3912 1225 3972 constat,
1259 3909 1423 3962 sicuti
1466 3915 1601 3963 sunt
1636 3910 1805 3964 ambo

107 3995 285 4050 ionici
315 4000 373 4050 et
423 3996 719 4049 molossus.
741 3997 812 4050 M.
851 3994 997 4059 Quid
1018 3995 1109 4048 hic
1137 3995 1261 4049 ﬁeri
1284 3999 1476 4049 tamen
1493 3997 1802 4064 arbitraris,

106 4099 234 4139 cum
265 4083 330 4138 in
359 4083 448 4138 his
476 4083 587 4137 tria
612 4084 869 4138 leventur
890 4088 1169 4154 tempora,
1202 4084 1555 4156 totidemque
1585 4103 1803 4156 ponan-

108 4174 246 4226 tur?
271 4173 353 4228 D.
381 4171 531 4228 Nihil
565 4171 721 4227 aliud
749 4172 838 4226 hic
862 4188 1096 4243 prorsus
1123 4173 1282 4227 video
1312 4189 1485 4245 quam
1524 4190 1650 4228 eam
1680 4176 1803 4230 lon-

106 4277 237 4330 gam
294 4261 592 4331 syllabam,
626 4277 756 4332 quae
798 4261 859 4315 in
890 4261 1074 4315 ionico
1102 4278 1135 4316 a
1156 4261 1372 4332 majore
1393 4267 1448 4316 et
1468 4261 1526 4316 in
1557 4265 1802 4318 molosso

105 4349 378 4416 secunda,
419 4349 479 4403 in
509 4349 696 4404 ionico
725 4356 919 4404 autem
950 4368 983 4404 a
1008 4350 1234 4406 minore
1265 4353 1432 4407 tertia
1463 4358 1567 4421 est,
1598 4355 1801 4424 plausu

106 4438 226 4507 ipso
257 4436 468 4504 dividi;
501 4443 565 4492 ut
601 4438 873 4510 quoniam
903 4439 1015 4493 duo
1063 4440 1236 4494 habet
1291 4445 1573 4512 tempora,
1624 4459 1803 4498 unum

104 4526 236 4581 inde
269 4526 555 4596 superiori
585 4527 754 4598 parti,
787 4528 1029 4582 alterum
1057 4529 1803 4603 posterioritribuat,atque

107 4613 183 4668 ita
208 4622 379 4670 terna
406 4619 667 4684 tempora
696 4615 901 4670 levatio
933 4617 1255 4688 positioque
1289 4619 1623 4674 sortiantur.

172 4706 264 4757 25.
301 4705 377 4757 M.
406 4703 557 4757 Nihil
586 4703 679 4758 hic
709 4704 946 4759 omnino
971 4705 1127 4760 aliud
1157 4707 1267 4762 dici
1297 4713 1392 4762 aut
1423 4709 1667 4779 intelligi
1696 4726 1804 4780 po-

103 4795 228 4847 test.
263 4791 373 4846 Sed
404 4807 505 4845 cur
541 4808 657 4846 non
687 4793 861 4847 etiam
892 4794 987 4848 ille
1032 4797 1495 4866 amphibrachus,
1529 4814 1703 4868 quem
1732 4799 1802 4853 ab

106 4879 210 4934 ista
239 4879 651 4935 numerositate
676 4881 904 4952 penitus
933 4882 1318 4952 ejiciebamus,
1348 4885 1453 4939 hac
1475 4886 1803 4941 conditione

107 4969 412 5024 misceatur
435 4969 710 5039 spondeo,
741 4971 983 5040 dactylo,
1025 4977 1082 5026 et
1127 4979 1437 5044 anapaesto,
1479 4974 1567 5028 vel
1615 4991 1716 5045 per
1745 4992 1803 5030 se

107 5056 223 5126 ipse
279 5073 652 5112 numerosum
678 5056 701 5090 ²
733 5060 948 5129 aliquid
979 5060 1039 5114 in
1086 5061 1306 5116 musica
1335 5061 1696 5117 continuatus
1727 5063 1803 5118 ef-

108 5146 257 5200 ﬁciat
276 5147 306 5200 ?
324 5148 511 5201 Potest
540 5147 693 5202 enim
725 5147 898 5202 simili
927 5149 1144 5205 ratione
1175 5151 1362 5205 media
1382 5167 1612 5222 quoque
1641 5152 1804 5222 pedis

109 5235 226 5303 ejus
257 5235 495 5306 syllaba,
550 5252 679 5306 quae
710 5237 878 5306 longa
926 5242 1029 5303 est,
1087 5239 1287 5308 plausu
1336 5238 1546 5305 dividi;
1581 5245 1643 5294 ut
1671 5257 1802 5295 cum

110 5353 276 5463 arma)
303 5353 496 5463 liras“
515 5353 737 5413 ;rectius
761 5367 878 5402 cum
902 5353 987 5402 Er.
1015 5353 1182 5418 Lugd.
1210 5356 1338 5406 Ven.
1364 5356 1489 5405 Lov.
1506 5360 1558 5405 et
1579 5357 1699 5406 Mss.
1718 5358 1798 5418 A.,

167 5427 285 5509 ἓξὲξ

108 5475 189 5585 su:
215 5475 300 5526 Sic
333 5477 478 5538 Mss.;
514 5480 567 5527 at
590 5477 711 5526 Lov.
762 5477 981 5542 aliaeque
1014 5477 1270 5529 editiones
1304 5479 1516 5538 habent,
1555 5493 1798 5533 numero-

1566 282 1780 338 LIBER
1819 278 2201 336 SECUNDUS.

3501 276 3632 332 1114

1934 403 2163 476 singula
2190 408 2448 476 tempora
2475 404 2714 476 singulis
2745 402 3020 458 lateribus
3051 402 3289 471 dederit,
3347 419 3460 458 non
3505 404 3632 475 jam

1931 510 2114 548 unum
2145 496 2200 547 et
2253 493 2382 560 tria,
2429 494 2526 548 sed
2569 493 2705 548 bina
2757 495 3019 564 tempora
3047 491 3251 546 levatio
3305 491 3629 564 positioque

1930 579 2039 635 sibi
2098 579 2415 634 vindicent:
2467 580 2580 634 nisi
2649 581 2826 635 habes
2884 578 3099 650 aliquid
3156 579 3307 649 quod
3381 579 3629 634 resistat.

1933 672 1992 722 D.
2028 667 2179 722 Nihil
2209 684 2342 721 sane
2363 667 2542 722 habeo
2575 669 2726 740 quod
2757 669 2962 738 dicam,
2983 667 3092 722 nisi
3123 667 3274 721 hunc
3303 666 3475 724 etiam
3506 683 3630 722 esse

1930 756 2371 812 admittendum.
2405 758 2478 811 Μ.
2510 757 2741 827 Aliquid
2767 773 2902 828 ergo
2948 757 3292 827 plaudamus
3317 759 3628 827 quaterno-

1928 862 2060 900 rum
2090 849 2418 916 temporum
2447 845 2690 914 pedibus
2721 845 3048 899 ordinatum
3071 850 3241 916 atque
3275 848 3629 912 contextum,

1929 935 2138 1006 quibus
2191 935 2298 990 iste
2355 933 2700 988 commixtus
2743 933 2836 999 sit,
2894 938 2951 988 et
2980 934 3182 988 eodem
3230 933 3402 989 modo
3453 949 3627 988 sensu

1927 1025 2284 1096 exploremus
2314 1026 2506 1077 utrum
2539 1021 2683 1076 nihil
2713 1021 2974 1092 imparile
3000 1022 3267 1076 offendat.
3297 1024 3362 1076 Et
3391 1022 3518 1076 ideo
3547 1025 3625 1077 at-

1925 1112 2095 1166 tendo
2130 1112 2192 1166 in
2219 1111 2372 1165 hunc
2389 1125 2695 1164 numerum
2724 1113 2957 1180 propter
2975 1110 3265 1175 judicandi
3293 1110 3623 1164 facilitatem

1926 1216 2057 1254 cum
2085 1200 2289 1270 plausu
2325 1198 2491 1254 tertio
2549 1197 2878 1269 repetitum.
2926 1199 3118 1254 Sumas
3164 1201 3388 1267 optima,
3440 1201 3622 1265 facias

1928 1291 2165 1344 honesta.
2197 1290 2391 1344 Sumas
2420 1289 2644 1358 optima,
2676 1289 2852 1353 facias
2890 1287 3135 1341 honesta.
3173 1287 3365 1341 Sumas
3396 1290 3622 1356 optima,

1923 1379 2103 1443 facias
2148 1379 2382 1431 honesta.
2435 1380 2500 1432 D.
2545 1376 2811 1446 Jamjam,
2872 1374 3128 1444 obsecro,
3163 1390 3330 1445 parce
3389 1376 3624 1429 auribus

1926 1466 2068 1520 meis
2094 1480 2107 1522 :
2137 1482 2270 1520 nam
2302 1466 2472 1520 etiam
2502 1467 2707 1535 plausu
2738 1481 2852 1518 non
2884 1464 3138 1528 admoto,
3169 1463 3291 1534 ipse
3311 1479 3415 1534 per
3442 1479 3500 1517 se
3525 1464 3626 1518 ho-

1924 1571 2052 1609 rum
2076 1555 2288 1626 pedum
2308 1554 2684 1608 cursusinillo
2709 1552 3116 1623 amphibracho
3129 1551 3626 1606 vehementissime

1925 1643 2226 1698 claudicat.
2265 1645 2336 1698 Μ.
2372 1643 2516 1707 Quid
2547 1641 2726 1714 igitur
2779 1641 3101 1710 putandum
3135 1645 3218 1694 est
3249 1656 3369 1695 esse
3417 1657 3623 1707 causae,

1928 1736 1992 1785 ut
2027 1732 2086 1785 in
2113 1732 2218 1786 hoc
2244 1730 2368 1784 fieri
2398 1747 2514 1784 non
2540 1731 2723 1800 possit
2767 1730 2919 1800 quod
2969 1729 3028 1782 in
3061 1729 3309 1782 molosso
3341 1733 3396 1783 et
3423 1729 3626 1783 ionicis

1925 1822 2112 1893 potuit
2131 1822 2243 1877 ?an
2257 1821 2530 1892 quoniam
2558 1820 2618 1874 in
2640 1819 2751 1873 illis
2770 1818 3014 1890 aequalia
3034 1823 3168 1872 sunt
3187 1818 3376 1872 medio
3397 1819 3577 1873 latera
3593 1821 3625 1874 ?

1926 1913 1986 1965 in
2011 1926 2252 1966 numero
2280 1909 2434 1964 enim
2455 1908 2601 1981 pari,
2632 1909 2731 1963 ubi
2761 1908 2831 1962 sit
2863 1907 3118 1962 medium
3145 1907 3263 1961 suis
3290 1907 3508 1977 aequale
3538 1908 3621 1962 la-

1924 1999 2162 2066 teribus,
2215 1998 2435 2069 primus
2465 1996 2719 2052 senarius
2777 1994 3040 2050 occurrit.
3100 1996 3248 2066 Ergo
3304 1995 3388 2050 illi
3417 2009 3620 2049 senum

1926 2093 2249 2158 temporum
2307 2085 2482 2156 pedes
2531 2084 2806 2156 quoniam
2863 2084 2976 2138 duo
3020 2086 3283 2154 tempora
3320 2082 3380 2138 in
3428 2082 3621 2138 medio

1922 2176 2234 2247 possident,
2269 2179 2324 2230 et
2355 2173 2490 2229 bina
2509 2174 2568 2228 in
2595 2173 2867 2228 lateribus
2895 2189 2908 2239 ;
2935 2171 3174 2226 libenter
3195 2171 3620 2242 quodammodo

1923 2265 2068 2319 illud
2111 2263 2367 2318 medium
2416 2262 2619 2317 cecidit
2660 2261 2720 2315 in
2776 2263 2970 2324 latera,
3023 2260 3232 2331 quibus
3279 2259 3623 2315 amicissima

1925 2353 2251 2425 aequalitate
2309 2352 2695 2422 conjungitur.
2755 2351 2880 2404 Non
2947 2357 3141 2404 autem
3199 2349 3352 2404 idem
3408 2349 3508 2404 ﬁet
3561 2349 3620 2403 in

1925 2441 2468 2514 amphibracho,ubi
2493 2445 2628 2496 sunt
2642 2439 2887 2510 imparia
2907 2439 3095 2494 medio
3119 2440 3315 2505 latera,
3335 2437 3621 2510 siquidem

1925 2531 1985 2585 in
2009 2531 2121 2586 illis
2149 2531 2396 2601 singula,
2429 2530 2487 2584 in
2509 2530 2607 2583 illo
2638 2529 2750 2583 duo
2779 2532 3038 2598 tempora
3074 2532 3226 2582 sunt.
3262 2529 3379 2581 Huc
3408 2526 3624 2581 accedit

1926 2621 2078 2692 quod
2108 2619 2168 2674 in
2223 2619 2424 2674 ionicis
2477 2623 2532 2673 et
2569 2617 2814 2672 molosso
2872 2617 3062 2672 medio
3091 2616 3154 2671 in
3208 2617 3386 2670 latera
3413 2615 3620 2682 soluto,

1924 2712 2088 2763 terna
2118 2709 2266 2762 ﬁunt
2292 2712 2571 2778 tempora,
2620 2707 2680 2760 in
2710 2705 2917 2778 quibus
2948 2721 3175 2760 rursum
3216 2704 3406 2759 medio
3450 2703 3578 2774 pari
3599 2702 3620 2736 ί

1925 2797 2083 2869 paria
2135 2797 2315 2851 latera
2371 2795 2772 2860 inveniuntur;
2826 2795 2980 2866 quod
3037 2794 3176 2848 item
3229 2793 3368 2847 deﬁt
3394 2792 3620 2855 amphi-

1924 2885 2160 2941 bracho.
2201 2888 2266 2940 D.
2301 2885 2384 2938 Ita
2409 2901 2498 2938 res
2531 2887 2616 2937 est
2642 2887 2705 2938 ut
2737 2883 2911 2938 dicis:
2942 2898 3047 2936 nec
3074 2881 3364 2936 immerito
3395 2880 3620 2951 amphi-

1924 2973 2166 3029 brachus
2193 2974 2253 3028 in
2305 2973 2407 3028 illa
2436 2971 2576 3028 serie
2608 2971 2846 3026 offendit
2875 2970 3158 3036 auditum,
3191 2969 3249 3024 hi
3280 2985 3413 3023 vero
3444 2969 3618 3025 etiam

1923 3063 2225 3117 delectant.

2063 3169 2286 3224 CAPUT
2314 3168 2446 3222 XIV.
2488 3197 2556 3208 —
2589 3167 2692 3234 Qui
2715 3166 2878 3237 pedes
2896 3165 3091 3236 quibus
3125 3166 3471 3221 misceantur.

1991 3278 2080 3330 26.
2116 3277 2191 3332 Η.
2226 3278 2362 3346 Age,
2396 3290 2549 3328 nunc
2573 3277 2637 3328 tu
2663 3290 2770 3344 per
2820 3277 2875 3328 te
2927 3273 2998 3328 ab
3029 3273 3154 3342 ipso
3185 3271 3445 3326 exordire
3484 3287 3616 3342 pyr-

1921 3363 2163 3431 rhichio,
2187 3369 2244 3418 et
2259 3363 2569 3417 secundum
2595 3379 2768 3434 supra
2789 3362 2964 3417 dictas
2985 3361 3255 3429 rationes,
3280 3376 3423 3432 quos
3443 3359 3616 3430 pedes

1921 3453 2130 3525 quibus
2179 3451 2406 3506 misceri
2456 3456 2733 3522 oporteat,
2794 3443 3102 3521 quantum'
3133 3454 3316 3521 potes,
3370 3448 3619 3504 breviter

1921 3541 2158 3612 explica.
2191 3545 2255 3595 D.
2303 3541 2503 3595 Nullus
2551 3539 2918 3612 pyrrhichio:
2948 3556 3066 3594 non
3095 3539 3249 3594 enim
3283 3537 3428 3592 alius
3457 3538 3616 3592 inve-

1919 3617 2343 3685 nitur'totidem
2375 3634 2719 3700 temporum.
2758 3628 2952 3683 [ambo
2992 3634 3184 3698 posset
3211 3627 3473 3681 chorius:
3519 3626 3617 3680 sed

1917 3721 2154 3788 propter
2180 3717 2526 3788 inaequalem
2555 3719 2820 3788 plausum
2841 3717 3133 3771 vitandum
3165 3721 3267 3784 est,
3302 3715 3452 3786 quod
3473 3715 3617 3769 alter

1920 3823 1950 3860 a
1981 3805 2207 3876 simplo,
2248 3822 2280 3858 a
2311 3805 2484 3876 duplo
2518 3807 2661 3859 alter
2689 3805 2907 3876 incipit.
2942 3807 3084 3876 Ergo
3115 3804 3434 3858 tribrachus
3465 3802 3616 3857 utri-

1918 3912 2029 3968 que
2084 3894 2501 3949 accommodari
2529 3897 2731 3964 potest.
2766 3894 3090 3964 Spondeum
3142 3897 3197 3947 et
3239 3892 3527 3963 dactylum
3559 3896 3614 3946 et

1915 3982 2914 4054 anapaestum,et'proceleumaticum
2935 3982 3148 4036 amicos
3168 3981 3318 4035 inter
3346 3997 3404 4034 se
3435 3986 3609 4052 atque

1916 4068 2264 4140 copulabiles
2294 4068 2485 4123 video:
2519 4085 2636 4123 non
2674 4069 2828 4123 enim
2860 4074 3081 4124 tantum
3110 4067 3487 4139 temporibus,
3513 4067 3610 4121 scd

1915 4160 2121 4230 plausu
2167 4157 2342 4212 etiam
2415 4157 2520 4212 sibi
2587 4163 2930 4228 congruunt,
2995 4156 3294 4212 Enimvero
3354 4156 3613 4211 exclusus

1915 4246 2379 4315 amphibrachus,
2452 4247 2613 4302 nulla
2681 4247 2869 4318 potuit
2940 4247 3160 4302 ratione
3227 4245 3440 4313 reduci,
3521 4245 3615 4301 cui

1914 4335 2172 4406 parilitas
2224 4341 2547 4407 temporum
2607 4335 2869 4392 auxiliari
2902 4336 3059 4408 quid,
3116 4335 3392 4390 divisione
3448 4335 3612 4406 plau-

1916 4439 2096 4494 suque
2153 4423 2525 4492 discordante,
2595 4440 2708 4477 non
2764 4422 2970 4494 potuit.
3027 4421 3262 4476 Baccliio
3315 4421 3608 4487 creticum,

1916 4516 1972 4565 et
2010 4528 2242 4582 paeones
2290 4513 2561 4581 primum,
2610 4511 2922 4566 secundum
2977 4516 3035 4566 et
3079 4514 3365 4582 quartum.
3401 4510 3613 4564 Palim-

1913 4601 2146 4655 bacchio
2177 4606 2368 4655 autem
2417 4601 2684 4656 eumdem
2706 4601 3002 4665 creticum,
3037 4605 3332 4670 etpazones
3353 4599 3610 4670 primum

1915 4695 1971 4744 et
2023 4690 2258 4744 tertium
2308 4695 2363 4744 et
2417 4694 2707 4760 quartum,
2751 4689 3234 4760 et’temporibus
3289 4693 3346 4743 et
3405 4690 3613 4760 plausu

1913 4779 2256 4833 concordare
2295 4778 2660 4833 manifestum
2711 4782 2811 4832 est.
2851 4780 2993 4848 Ergo
3050 4778 3344 4839 creticoet
3394 4778 3610 4851 paeoni-

1915 4868 2020 4921 bus
2075 4867 2263 4938 primo
2321 4872 2376 4920 et
2429 4871 2659 4938 quarto,
2713 4865 2987 4938 quoniam
3035 4871 3089 4921 et
3146 4883 3178 4921 a
3217 4867 3441 4922 duobus
3495 4873 3611 4922 eta

1912 4955 2094 5010 tribus
2125 4955 2478 5026 temporibus
2507 4971 2704 5009 eorum
2735 4954 2986 5026 incipere
3017 4954 3220 5011 divisio
3260 4960 3468 5027 potest,
3501 4971 3608 5009 cte-

1915 5045 2022 5099 teri
2052 5060 2250 5098 omnes
2298 5043 2541 5115 quinum
2599 5049 2925 5116 temporum
2975 5046 3149 5115 pedes
3204 5048 3444 5116 possunt
3486 5043 3608 5098 sine

1913 5131 2030 5184 ulla
2051 5128 2460 5183 claudicatione
2500 5130 2772 5201 cepulari.
2796 5131 2920 5184 Jam
2950 5129 3183 5185 illorum
3215 5130 3312 5202 qui
3349 5145 3441 5182 sex
3467 5133 3608 5182 tem-

1913 5217 2150 5290 poribus
2178 5223 2455 5286 constant,
2488 5217 2745 5273 omnium
2774 5219 2923 5274 inter
2955 5236 3014 5275 se
3061 5219 3262 5273 miram
3293 5216 3602 5288 quamdam

1976 5357 2080 5431 I‘Ip
2111 5357 2257 5421 prius
2281 5358 2434 5407 editis
2459 5359 2719 5431 omittitur
2737 5360 2875 5431 part,
2897 5372 3054 5431 quam
3078 5369 3256 5431 vocem
3278 5357 3606 5431 restituimus

1911 5433 1976 5484 ex
2006 5418 2152 5476 Mssl.
2183 5434 2389 5484 necnon
2416 5435 2482 5470 ex
2517 5422 2700 5471 iisdem
2729 5418 2889 5484 paulo
2911 5418 3064 5474 infra.
3092 5419 3148 5470 hi
3174 5432 3303 5484 uero
3319 5418 3486 5484 etiam
3513 5421 3603 5470 de~

1911 5482 2144 5539 lactant;
2172 5484 2262 5531 ubi
2301 5483 2424 5532 editi
2455 5484 2668 5542 habent,
2702 5481 2785 5534 hic
2816 5495 2942 5533 rero
2974 5485 3138 5531 etiam
3166 5481 3411 5530 delectat.

1978 5546 1998 5579 9
2030 5545 2086 5592 In
2113 5547 2188 5603 B.,
2219 5549 2271 5596 in
2293 5547 2656 5610 temporibus;
2683 5546 2874 5595 rectius
2901 5557 3020 5592 cum
3051 5548 3273 5607 utroque
3294 5545 3410 5604 Μελ,
3439 5546 3503 5594 et.
3535 5544 3601 5601 Μ.
