4064 6384
378 320 508 372 1115

369 451 489 490 esse
521 435 902 502 concordiam,
930 433 1067 488 satis
1094 434 1448 503 disputatum
1467 437 1568 488 est.
1589 433 2064 505 Quandoquidem

369 522 455 578 illi
485 539 712 595 quoque
743 523 814 577 ab
844 521 970 576 aliis
990 521 1052 576 in
1079 521 1402 593 plaudendo
1432 539 1547 577 non
1573 522 1890 590 dissonant,
1922 540 2063 595 quos

369 613 534 667 aliter
561 611 735 667 dividi
764 612 918 681 cogit
949 611 1202 665 conditio
1262 611 1640 682 syllabarum:
1683 616 1902 666 tantam
1945 613 2062 666 vim

370 701 545 756 habet
574 717 700 755 cum
724 700 914 754 medio
947 701 1191 754 laterum
1223 700 1536 771 inqualitas.
1561 702 1734 755 Porro
1762 705 2062 771 septenum

369 793 693 860 temporum
723 790 898 860 pedes
949 804 1080 842 cum
1112 789 1227 842 sint
1281 793 1548 859 quatuor,
1593 789 1691 859 qui
1721 789 1935 858 epitriti
1965 806 2063 843 no-

368 877 680 944 minantur,
735 879 986 948 primum
1024 881 1081 931 et
1129 877 1438 931 secundum
1470 875 1697 930 invenio
1737 877 1843 930 sibi
1897 894 2061 948 posse

370 966 658 1037 copulari:
688 965 990 1020 amborum
1022 965 1175 1018 enim
1206 964 1405 1020 divisio
1434 964 1634 1035 incipit
1663 981 1692 1019 a
1724 965 1904 1019 tribus
1924 960 2064 1020 temé

371 1054 628 1127 poribus,
657 1053 866 1109 idcirco
911 1069 1015 1108 nec
1053 1052 1233 1123 spatio
1263 1052 1536 1124 temporis
1567 1069 1668 1107 nec
1713 1054 1918 1124 plausu
1943 1054 2060 1108 dis-

291 1163 295 1170 ·
369 1143 574 1198 sident.
610 1143 823 1197 Rursus
853 1142 1099 1196 libenter
1120 1141 1226 1195 sibi
1251 1142 1574 1212 junguntur
1592 1141 1795 1196 tertius
1815 1145 1872 1196 et
1895 1159 2062 1213 quar-

370 1235 481 1299 tus,
515 1232 650 1302 quia
683 1236 920 1302 uterque
947 1229 1008 1284 in
1036 1229 1335 1284 dividendo
1356 1229 1559 1300 incipit
1579 1247 1612 1284 a
1639 1234 1887 1301 quatuor
1914 1234 2058 1284 tem-

371 1321 626 1392 poribus,
661 1336 835 1392 quare
866 1323 921 1372 et
947 1318 1264 1374 metiuntur
1285 1323 1342 1373 et
1365 1319 1720 1389 plauduntur
1740 1319 2056 1390 aequaliter.

1644 314 1737 367 DE
1776 311 2062 379 MUSICA,
2103 311 2159 368 S.
2200 309 2584 369 AUGUSTINI

3752 317 3894 367 1116

2171 433 2364 489 Restat
2404 437 2526 488 octo
2584 437 2909 505 temporum
2964 451 3065 506 pes
3111 436 3211 507 qui
3239 435 3592 506 dispondeus
3622 442 3895 505 vocatur,

2171 521 2263 576 cui
2292 523 2436 575 sicut
2463 522 2790 593 pyrrhichio
2820 539 2923 594 par
2951 523 3144 578 nullus
3173 527 3276 579 est.
3312 526 3496 580 Habes
3534 542 3570 580 a
3600 542 3698 581 me
3732 528 3899 598 quod

2169 610 2479 682 poposcisti
2509 616 2562 665 et
2608 612 2790 666 facere
2820 613 3000 684 potui.
3033 614 3212 684 Perge
3262 615 3335 668 ad
3374 615 3625 686 reliqua.
3662 618 3740 670 Μ.
3783 617 3895 670 Fa-

2170 700 2351 754 ciam:
2395 700 2489 754 sed
2518 704 2650 771 post
2677 705 2795 754 tam
2861 702 3099 771 longum
3150 719 3473 758 sermonem
3524 705 3898 776 respiremus

2171 788 2623 860 aliquantulum;
2679 793 2736 843 et
2781 789 3010 844 illorum
3076 807 3342 846 versuum
3413 793 3897 864 meminerimus,

2171 893 2314 948 quos
2331 875 2473 932 mihi
2487 878 2901 948 extemporales
2930 881 3103 950 paulo
3129 884 3260 934 ante
3281 881 3405 951 ipsa
3434 881 3721 938 lassitudo
3752 899 3895 953 sug-

2169 965 2363 1034 gessit.

2416 1053 2548 1119 Volo
2577 1054 2789 1119 tandem
2810 1055 2906 1104 tibi
2926 1069 3128 1118 parcas,
3160 1055 3308 1105 labor
3324 1057 3414 1105 'est
3438 1057 3493 1105 in
3529 1057 3757 1119 chartis,

2414 1116 2479 1182 Et
2500 1121 2738 1182 apertum
2772 1117 2846 1166 ire
2874 1116 2966 1180 per
2993 1132 3150 1182 auras
3183 1119 3418 1167 animum
3451 1116 3756 1182 permittas.

2415 1179 2590 1226 Placet
2611 1179 2712 1228 hoc
2739 1193 2860 1228 nam
2876 1179 3174 1237 sapienter,
3206 1179 3468 1230 remittere
3499 1182 3780 1232 interdum

2343 1256 2349 1260 ·
2412 1240 2589 1289 Aciem
2617 1242 2776 1290 rebus
2804 1240 3021 1304 agendis
3051 1243 3294 1291 decenter
3333 1244 3620 1293 intentam.

2241 1323 2305 1375 D.
2345 1320 2534 1376 Placet
2562 1337 2718 1389 sane,
2751 1338 2813 1376 ac
2841 1322 3086 1376 libenter
3120 1323 3474 1395 obtempero.

1441 1515 1956 1637 LIBER
2048 1516 2802 1642 TERTIUS.

272 1690 282 1704 ‘
371 1684 432 1732 In
464 1695 568 1746 quo
604 1683 886 1747 exponitur
913 1684 1039 1748 quid
1073 1684 1280 1734 intersit
1307 1684 1624 1753 discriminis
1654 1685 1794 1753 inter
1811 1684 2148 1753 rhythmum,
2177 1688 2405 1753 metrum
2432 1688 2486 1753 et
2510 1698 2756 1753 versum;
2795 1689 2909 1736 tum
2936 1686 3111 1751 agitur
3139 1685 3358 1736 scorsim
3395 1686 3459 1736 de
3498 1687 3794 1753 rhythmo;
3830 1702 3892 1737 ac

1589 1747 1778 1796 deinde
1807 1737 2046 1795 tractatio
2077 1737 2146 1794 de
2165 1750 2332 1796 metro
2359 1747 2657 1798 inchoatur.

437 1909 663 1965 CAPUT
696 1910 994 1965 PRIMUM.
1029 1941 1098 1950 —
1125 1911 1426 1980 Rhythmus
1473 1927 1534 1966 ac
1561 1916 1791 1966 metrum
1829 1912 1984 1980 quid.

442 2001 490 2053 1.
522 1999 602 2054 M.
641 1997 864 2052 Tertius
893 1997 986 2053 hic
1038 2015 1226 2054 sermo
1255 2001 1524 2071 postulat,
1573 2004 1640 2054 ut
1671 2000 1948 2071 quoniam
1987 2000 2057 2054 de

366 2087 578 2159 pedum
624 2087 874 2142 amicitia
902 2087 1152 2159 quadam
1199 2089 1616 2160 concordiaque
1661 2089 1792 2143 satis
1843 2090 2057 2143 dictum

365 2179 470 2243 est,
500 2175 794 2231 videamus
823 2176 962 2247 quid
1020 2193 1088 2231 ex
1137 2176 1224 2230 his
1275 2177 1552 2231 contextis
1600 2176 2058 2248 continuatisque

365 2267 648 2339 gignatur.
678 2267 862 2332 Quare
892 2266 1146 2337 primum
1173 2283 1238 2320 ex
1276 2272 1330 2321 te
1363 2283 1577 2338 qurere,
1617 2271 1806 2322 utrum
1837 2267 2059 2338 possint

364 2355 613 2427 copulati
643 2355 750 2410 sibi
774 2355 972 2426 pedes,
1004 2372 1149 2426 quos
1179 2356 1435 2426 copulari
1465 2360 1688 2426 oportet
1716 2360 2057 2427 perpetuum

365 2445 674 2516 quemdam
731 2459 1036 2498 numerum
1068 2460 1278 2510 creare,
1323 2444 1419 2499 ubi
1468 2446 1659 2499 nullus
1690 2445 1818 2500 finis
1872 2449 2058 2499 certus

365 2537 638 2604 appareat
662 2550 674 2587 :
709 2533 865 2587 velut
893 2549 1021 2586 cum
1051 2533 1440 2604 symphoniaci
1470 2533 1711 2588 scabella
1730 2537 1785 2587 et
1803 2533 2059 2604 cymbala

363 2621 610 2692 pedibus
635 2621 867 2686 feriunt,
899 2621 1065 2675 certis
1090 2622 1321 2693 quidem
1351 2622 1605 2676 numeris
1634 2627 1689 2675 et
1709 2621 1797 2675 his
1827 2623 1926 2693 qui
1949 2622 2056 2676 sibi

363 2725 496 2764 cum
535 2710 764 2764 aurium
797 2710 1084 2780 voluptate
1108 2710 1469 2781 junguntur;
1501 2711 1597 2765 sed
1638 2714 1828 2764 tamen
1858 2715 2056 2765 tenore

363 2802 665 2869 perpetuo,
699 2798 776 2851 ita
806 2803 869 2851 ut
897 2798 944 2851 si
983 2798 1149 2852 tibias
1178 2814 1295 2852 non
1326 2798 1541 2866 audias,
1573 2800 1730 2854 nullo
1760 2800 1931 2854 modo
1975 2799 2055 2853 ibi

362 2891 561 2942 notare
591 2887 768 2956 possis
793 2903 1091 2959 quousque
1123 2892 1420 2958 procurrat
1439 2888 1715 2942 connexio
1735 2889 1971 2958 pedum,
2000 2893 2057 2943 et

362 2975 513 3029 unde
547 2991 743 3029 rursus
777 2976 847 3029 ad
880 2980 1050 3046 caput
1077 2977 1362 3032 redeatur.
1397 2977 1561 3030 Velut
1587 2976 1634 3030 si
1665 2981 1726 3031 tu
1757 2977 1894 3031 velis
1923 2994 2056 3032 cen-

359 3068 483 3118 tum
496 3064 580 3118 vel
602 3063 869 3134 amplius,
886 3081 1181 3135 quousque
1202 3065 1426 3119 libitum
1458 3069 1562 3126 est,
1585 3065 1941 3135 pyrrhichios
1967 3067 2054 3120 vel

358 3151 500 3206 alios
535 3151 633 3222 qui
692 3152 844 3206 inter
892 3169 950 3207 se
993 3154 1162 3208 amici
1209 3159 1342 3208 sunt
1385 3154 1578 3224 pedes,
1612 3155 1885 3208 continua
1913 3171 2053 3209 con-

345 3240 597 3294 .nexione
651 3240 970 3296 decurrere.
1031 3245 1094 3296 D.
1127 3243 1250 3296 Jam
1281 3241 1562 3313 intelligo,
1594 3248 1651 3297 et
1706 3243 1831 3296 ﬁeri
1883 3260 2050 3315 posse

362 3329 607 3383 concedo
633 3330 949 3401 quamdam
978 3331 1191 3401 pedum
1220 3331 1652 3398 connexionem,
1684 3331 1745 3385 in
1773 3348 1887 3402 qua
1931 3349 2050 3387 cer-

359 3421 483 3471 tum
541 3421 625 3472 est
672 3434 852 3489 usque
903 3419 976 3472 ad
1029 3423 1167 3489 quot
1209 3419 1377 3489 pedes
1430 3419 1910 3490 progrediendum
1959 3420 2050 3487 sit,

361 3510 533 3577 atque
565 3505 700 3561 inde
747 3507 1123 3561 redeundum.
1151 3510 1225 3562 M.
1256 3509 1402 3561 Num
1436 3507 1606 3578 hujus
1652 3508 1877 3579 generis
1932 3524 2052 3562 esse

362 3594 588 3650 dubitas
614 3597 654 3662 ί,
687 3611 817 3650 cum
847 3599 1065 3651 certum
1095 3596 1487 3651 faciendorum
1511 3613 1777 3652 versuum
1803 3596 2051 3668 discipli-

357 3697 494 3736 nam
541 3698 661 3737 esse
709 3699 828 3736 non
883 3699 1076 3754 neges,
1127 3689 1184 3738 et
1213 3683 1313 3754 qui
1343 3699 1537 3738 versus
1563 3688 1616 3738 te
1671 3701 1897 3755 semper
1921 3700 2051 3738 cum

357 3771 648 3842 voluptate
678 3771 901 3826 audisse
923 3772 1212 3826 confessus
1251 3771 1369 3826 sis?
1391 3773 1465 3826 D.
1502 3772 1860 3828 Manifestum
1889 3777 1970 3827 est
1997 3777 2053 3828 et

353 3861 464 3915 hoc
490 3875 630 3926 esse,
664 3865 721 3915 et
747 3861 814 3915 ab
844 3861 942 3915 illo
974 3861 1265 3932 superiore
1294 3876 1502 3932 genere
1534 3861 1764 3916 distare.

427 3951 480 4003 2.
509 3951 583 4004 Μ.
621 3950 764 4020 Ergo
799 3950 1072 4020 quoniam
1093 3954 1321 4020 oportet
1376 3949 1652 4021 distingui
1682 3951 1858 4004 etiam
1885 3967 2048 4005 voca-

355 4037 506 4092 bulis
536 4054 603 4092 ca
625 4055 752 4110 qua:
779 4055 837 4092 re
867 4039 935 4092 ab
971 4055 1028 4092 sc
1074 4039 1334 4092 distincta
1381 4043 1531 4105 sunt,
1580 4038 1721 4092 scias
1765 4039 1904 4093 illud
1955 4056 2050 4094 su-

357 4125 550 4196 perius
581 4142 760 4196 genus
780 4127 1177 4198 copulationis,
1212 4125 1542 4196 rhythmum
1574 4143 1606 4179 a
1651 4127 1857 4181 Graecis
1890 4147 1904 4194 ;
1942 4127 2051 4181 hoc

357 4218 548 4268 autem
581 4214 844 4278 alterum,
904 4219 1152 4268 metrum
1189 4213 1411 4268 vocari:
1468 4213 1640 4268 latine
1696 4219 1888 4268 autem
1940 4215 2052 4270 dici

355 4305 611 4372 possent,
669 4301 808 4356 illud
843 4318 1138 4371 numerus,
1188 4303 1294 4356 hoc
1349 4301 1568 4356 mensio
1617 4303 1706 4356 vel
1762 4319 2048 4359 mensura.

358 4389 465 4444 Sed
498 4389 768 4458 quoniam
810 4389 933 4443 hazc
961 4389 1112 4460 apud
1165 4405 1266 4443 nos
1318 4389 1555 4443 nomina
1608 4389 1718 4444 late
1747 4395 1963 4461 patent,
1998 4396 2052 4446 et

357 4477 672 4532 cavendum
731 4482 815 4532 est
875 4494 948 4532 ne
994 4477 1261 4548 ambigue
1310 4479 1631 4549 loquamur,
1693 4480 2051 4534 commodius

356 4565 572 4619 utimur
600 4564 818 4635 graecis.
854 4565 1019 4620 Vides
1052 4569 1264 4633 tamen,
1317 4571 1381 4620 ut
1409 4565 1632 4637 opinor,
1668 4583 1840 4639 quam
1897 4574 2050 4624 recte

356 4657 666 4723 utrumque
699 4671 909 4710 nomen
940 4655 1013 4709 sit
1043 4655 1130 4709 his
1160 4655 1330 4711 rebus
1359 4655 1709 4726 impositum.
1744 4658 1884 4711 Nam
1907 4675 2049 4728 quo-

354 4741 511 4796 niam
541 4741 683 4796 illud
713 4744 952 4814 pedibus
985 4745 1153 4798 certis
1173 4744 1544 4815 provolvitur,
1575 4751 1956 4818 peccaturque
1986 4747 2050 4802 in

357 4847 424 4886 eo
453 4830 499 4884 si
553 4830 728 4901 pedes
777 4832 990 4887 dissoni
1041 4834 1408 4899 misceantur,
1447 4839 1596 4888 recte
1632 4836 1926 4906 appelatus
1967 4841 2052 4890 est

357 4920 681 4991 rhythmus,
714 4919 770 4974 id
803 4925 885 4975 est
936 4923 1228 4976 numeris:
1263 4923 1362 4977 sed
1415 4923 1550 4994 quia
1579 4923 1700 4995 ipsa
1730 4924 2050 4994 provolutio

358 5025 476 5064 non
505 5008 680 5062 habet
709 5009 967 5078 modum,
1022 5026 1125 5064 nec
1174 5015 1447 5066 statutum
1494 5016 1577 5066 est
1614 5013 1672 5066 in
1701 5018 1875 5084 quoto
1907 5013 2049 5084 pede

355 5097 488 5152 ﬁnis
517 5096 724 5168 aliquis
757 5096 1042 5164 emineat;
1066 5103 1302 5168 propter
1325 5101 1542 5153 nullam
1573 5117 1902 5156 mensuram
1921 5117 2050 5155 cou-

357 5187 692 5242 tinuationis
733 5202 851 5241 non
910 5185 1106 5240 debuit
1163 5191 1410 5242 metrum
1463 5189 1672 5244 vocari.
1715 5192 1830 5244 Hoc
1859 5194 2050 5245 autem

421 5329 437 5362 ¹
452 5327 592 5392 Lov._:
601 5331 738 5378 Num
749 5331 951 5378 certum
962 5339 1074 5392 esse
1083 5326 1498 5392 dubitas;atMss.
1508 5342 1656 5386 ,num
1669 5328 1836 5392 hujus
1845 5333 2050 5391 generis

357 5401 463 5455 esse
495 5389 731 5455 dubitas;
764 5389 1030 5455 quonide
1079 5390 1238 5455 etiam
1267 5390 1528 5455 editiones
1567 5392 1679 5455 Am.
1721 5389 1773 5440 et
1813 5389 1897 5440 Er.
1932 5407 2049 5455 qua:

363 5449 583 5514 addunt,
612 5457 662 5501 et
680 5449 860 5502 hoc—ab
873 5452 967 5500 illo
981 5451 1442 5514 superiorcdistare
1458 5453 1715 5501 concedis.
1732 5455 1860 5502 —ln
1875 5449 1994 5502 Mss.
2009 5455 2050 5502 Λ

555 5512 710 5623 Ιιυλῖἰς
763 5517 982 5575 generis,
1032 5512 1239 5578 fertque
1293 5513 1614 5578 simpliciter,
1647 5527 1773 5564 num
1817 5529 1926 5566 esse
1953 5516 2048 5566 du-

405 5585 523 5622 uas.
653 5585 717 5622 Μ.

2168 1915 2476 1984 utrumque
2506 1912 2714 1968 habet:
2768 1929 2901 1968 nam
2940 1917 2997 1968 et
3044 1913 3209 1968 certis
3257 1913 3502 1984 pedibus
3530 1915 3785 1985 currit',
3833 1923 3893 1972 et

2168 2002 2321 2053 certo
2369 1999 2715 2056 terminatur
2757 2002 2946 2056 modo.
2981 2003 3175 2074 Itaque
3207 2019 3323 2058 non
3373 2004 3559 2058 solum
3617 2009 3891 2062 metrum

2165 2092 2402 2160 propter
2456 2089 2742 2161 insignem
2800 2090 2996 2157 ﬁnem,
3056 2091 3150 2146 sed
3191 2090 3365 2145 etiam
3396 2092 3708 2163 rhythmus
3772 2099 3887 2162 est,

2166 2181 2402 2248 propter
2440 2179 2652 2250 pedum
2683 2179 3080 2234 rationabilem
3110 2179 3544 2236 connexionem.
3595 2182 3891 2246 Quocirca

2167 2281 2339 2319 omne
2369 2269 2616 2320 metrum
2647 2267 2968 2337 rhythmus,
2999 2283 3116 2320 non
3145 2267 3330 2322 omnis
3352 2269 3660 2340 rhythmus
3696 2271 3888 2326 etiam

2167 2357 2414 2408 metrum
2446 2359 2546 2408 est.
2582 2355 2852 2426 Rhythmi
2893 2355 3045 2409 enim
3074 2373 3288 2410 nomen
3317 2356 3378 2411 in
3410 2357 3629 2411 musica
3682 2375 3887 2431 usque

2169 2442 2310 2496 adeo
2341 2443 2452 2496 late
2480 2447 2654 2514 patet,
2708 2447 2771 2497 ut
2802 2444 2924 2497 haec
2970 2448 3087 2498 tota
3110 2461 3241 2515 pars
3271 2445 3393 2515 ejus
3423 2462 3554 2516 quae
3583 2447 3654 2500 ad
3685 2448 3787 2501 diu
3827 2454 3888 2503 et

2169 2546 2282 2583 non
2312 2530 2409 2584 diu
2438 2532 2704 2601 pertinet,
2733 2531 3033 2601 rhythmus
3084 2532 3376 2586 nominata
3406 2537 3496 2587 sit.
3531 2534 3640 2589 Sed
3673 2535 3748 2590 de
3778 2553 3886 2591 no-

2166 2617 2343 2687 mine,
2371 2635 2501 2672 cum
2554 2635 2640 2672 res
2692 2623 2985 2690 appareat,
3040 2637 3156 2675 non
3208 2637 3328 2675 esse
3379 2624 3790 2695 satagendum,
3826 2631 3886 2680 et

2167 2705 2344 2758 doctis
2367 2709 2421 2759 et
2447 2706 2800 2776 sapientibus
2830 2707 3065 2777 placuit.
3104 2712 3191 2762 An
3219 2710 3436 2779 aliquid
3467 2711 3886 2768 contradicen-

2167 2792 2304 2846 dum
2371 2797 2468 2848 aut
2515 2794 2839 2848 dubitatum
2895 2801 3062 2866 putas
3117 2798 3186 2852 de
3241 2799 3329 2852 his
3361 2815 3490 2870 quae
3519 2816 3551 2854 a
3595 2815 3689 2854 me
3723 2801 3883 2856 dicta

2163 2886 2296 2935 sunt
2322 2881 2349 2935 ‘I
2375 2885 2438 2936 D.
2471 2883 2591 2936 Imo
2616 2899 2848 2952 prorsus
2877 2885 3176 2941 assentior.

2164 2971 2388 3024 CAPUT
2418 2972 2487 3025 II.
2514 3002 2583 3010 —
2621 2971 2763 3037 Quid
2793 2975 3007 3027 intersit
3056 2977 3198 3028 inter
3252 2991 3472 3031 versum
3513 2982 3561 3031 et
3611 2982 3876 3034 metrum.

2231 3061 2283 3113 3.
2306 3061 2378 3113 M.
2410 3061 2569 3114 Nunc
2599 3076 2733 3130 ergo
2759 3077 2985 3115 mecum
3010 3062 3150 3117 illud
3179 3064 3496 3131 considera,
3530 3071 3734 3120 utrum
3761 3068 3880 3122 sic-

2161 3151 2224 3200 ut
2252 3147 2437 3200 omnis
2467 3163 2658 3202 versus
2690 3154 2935 3203 metrum
2969 3155 3071 3220 est,
3104 3151 3181 3205 ita
3209 3169 3377 3207 omne
3407 3157 3657 3208 metrum
3692 3156 3878 3211 etiam

2160 3251 2354 3289 versus
2376 3235 2469 3290 sit.
2493 3237 2874 3292 D.Considero
2898 3239 3152 3309 quidem,
3184 3241 3279 3294 sed
3312 3241 3450 3312 quid
3473 3244 3879 3312 respondeam

2162 3341 2275 3378 non
2305 3323 2553 3378 invenio.
2573 3327 2643 3380 M.
2671 3325 2827 3380 Unde
2858 3326 2916 3379 id
2946 3327 3048 3381 tibi
3079 3344 3273 3382 censes
3295 3330 3604 3385 accidisse?
3635 3349 3709 3386 an
3733 3334 3882 3404 quia

2160 3413 2228 3466 de
2256 3413 2547 3467 vocabulis
2581 3414 2820 3484 quaestio
2851 3416 2980 3468 est?
3015 3417 3138 3470 Non
3170 3417 3322 3470 enim
3370 3421 3435 3471 ut
3476 3418 3546 3472 de
3577 3420 3754 3473 rebus
3799 3421 3879 3474 ad

2160 3501 2517 3572 disciplinam
2548 3502 2986 3571 pertinentibus,
3011 3503 3091 3557 ita
3113 3505 3182 3558 de
3199 3505 3532 3560 nominibus
3561 3523 3879 3577 possumus

2160 3590 2503 3660 respondere
2530 3589 2904 3661 interrogati:
2938 3597 3242 3663 propterea
3289 3593 3424 3665 quia
3464 3611 3552 3649 res
3601 3597 3880 3652 omnium

2160 3679 2449 3734 mentibus
2481 3680 2866 3734 communiter
2895 3686 3025 3735 sunt
3054 3683 3278 3749 insitae;
3328 3683 3566 3738 nomina
3610 3702 3776 3753 vero,
3810 3692 3882 3742 ut

2159 3768 2364 3840 cuique
2382 3767 2616 3839 placuit,
2648 3768 2936 3839 imposita,
2960 3786 3208 3840 quorum
3232 3771 3314 3825 vis
3335 3773 3676 3827 auctoritate
3695 3778 3878 3846 atque

2159 3855 2570 3913 consuetudine
2603 3859 2850 3913 maxime
2890 3859 3127 3914 nititur:
3166 3861 3314 3915 unde
3365 3861 3538 3916 etiam
3589 3879 3714 3918 esse
3749 3865 3870 3919 lin-

2160 3963 2404 4016 gnarum
2417 3946 2708 4001 diversitas
2725 3951 2932 4017 potest,
2953 3963 3147 4002 rerum
3173 3953 3365 4004 autem
3392 3949 3452 4004 in
3472 3950 3596 4021 ipsa
3621 3951 3877 4009 veritate

2159 4035 2599 4090 constitutarum
2622 4038 2873 4108 profecto
2887 4054 3002 4092 non
3024 4042 3233 4109 potest.
3263 4041 3310 4093 Α
3339 4055 3431 4092 me
3461 4039 3643 4110 igitur
3675 4043 3878 4114 accipe

2159 4124 2318 4194 quod
2349 4123 2469 4194 ipse
2490 4125 2646 4180 nullo
2676 4131 2837 4196 pacto
2859 4127 3200 4197 respondere
3221 4143 3420 4198 posses
3447 4144 3460 4182 :
3493 4144 3612 4183 non
3637 4147 3876 4187 versum

2159 4213 2365 4280 solum,
2399 4217 2644 4267 metrum
2676 4219 2892 4270 veteres
2931 4231 3218 4270 vocavere.
3260 4218 3457 4288 Itaque
3494 4218 3646 4288 quod
3692 4219 3765 4274 ad
3817 4224 3875 4276 te

2160 4300 2360 4355 attinet
2383 4302 2508 4357 vide
2543 4307 2713 4373 atque
2745 4304 3045 4374 responde,
3079 4321 3199 4358 non
3228 4304 3380 4358 enim
3415 4305 3539 4376 jam
3573 4306 3644 4359 de
3677 4309 3874 4363 nomi-

2160 4389 2328 4442 nibus
2369 4390 2578 4461 agitur,
2626 4396 2818 4446 utrum
2876 4391 3025 4446 inter
3063 4393 3184 4446 haec
3245 4393 3356 4447 duo
3417 4393 3636 4465 aliquid
3669 4395 3872 4464 distet,

2159 4478 2315 4547 quod
2345 4478 2578 4548 quidam
2611 4496 2884 4533 numerus
2899 4481 3111 4551 pedum
3138 4481 3217 4535 ita
3239 4486 3392 4535 certo
3409 4482 3520 4535 ﬁne
3539 4483 3872 4552 claudatur,

2159 4571 2224 4619 ut
2253 4565 2398 4619 nihil
2429 4566 2498 4619 ad
2530 4583 2653 4620 rem
2707 4568 3006 4637 pertineat,
3041 4568 3141 4622 uti
3176 4569 3274 4622 ﬁat
3321 4569 3555 4640 quidam
3588 4571 3875 4626 articulus

2159 4658 2467 4724 antequam
2499 4656 2760 4709 veniatur
2795 4657 2863 4710 ad
2894 4656 3104 4722 ﬁnem;
3137 4657 3280 4711 alius
3310 4663 3499 4711 autem
3527 4675 3646 4712 non
3680 4661 3875 4715 solum

2160 4747 2310 4796 certo
2338 4743 2450 4796 ﬁne
2473 4745 2790 4814 claudatur,
2823 4746 2921 4799 sed
2953 4745 3127 4800 etiam
3154 4751 3284 4800 ante
3307 4747 3480 4801 tinem
3507 4746 3707 4802 ’ccrto
3727 4766 3875 4820 quo-

2161 4831 2292 4884 dam
2334 4831 2457 4885 loco
2489 4833 2752 4903 quaedam
2798 4834 2923 4902 ejus
2978 4834 3212 4903 partitio
3263 4835 3534 4903 emineat,
3591 4841 3657 4890 ut
3703 4840 3879 4908 quasi

2161 4919 2432 4972 membris
2457 4920 2792 4974 conﬁciatur
2816 4920 3056 4974 duobus.
3092 4923 3154 4975 D.
3191 4923 3315 4976 Non
3347 4921 3628 4994 intelligo.
3661 4926 3741 4982 M.
3781 4930 3878 4982 At-

2158 5007 2327 5061 tende
2359 5023 2493 5079 ergo
2523 5007 2581 5061 in
2610 5009 2730 5062 haec
2759 5009 3041 5078 exempla.

2655 5115 2727 5184 I‘te
2764 5113 2941 5184 igitur,
2975 5115 3241 5184 Camoenae

2654 5176 2942 5244 Eonticolae
2956 5177 3180 5244 puellae,

2588 5287 2591 5290 ,
2655 5238 2783 5293 Quze
2813 5239 2996 5285 canitis
3026 5241 3123 5287 sub
3153 5238 3320 5288 antris

2654 5297 2928 5346 Melliﬂuos
2951 5314 3189 5356 sonores,

2657 5360 2785 5416 Quae
2808 5360 2981 5411 lavitis
3011 5363 3258 5424 capillum

2225 5458 2240 5490 ι
2270 5456 2329 5502 In
2352 5455 2437 5512 13.,
2466 5457 2723 5514 curritur,
2754 5456 2829 5503 Ex
2859 5457 2976 5504 Vat.
3009 5461 3060 5505 et
3088 5459 3208 5506 Mss.
3241 5458 3302 5516 Α,
3326 5460 3517 5508 currit.
3587 5461 3656 5509 M.

2223 5517 2376 5589 {Huc
2407 5518 2765 5589 remeavimus
2791 5533 2855 5566 ex
2878 5520 3190 5589 Mssistliaee
3217 5522 3394 5589 verba,
3429 5519 3878 5589 a_n_lc_/ine:_n.quu

2161 5579 2216 5626 in
2245 5579 2500 5627 hactenus
2534 5579 2685 5628 editis
2717 5580 2992 5628 desunt.—
3017 5583 3131 5629 Non
3163 5582 3355 5631 desunt
3380 5584 3433 5630 in
3459 5579 3626 5633 Vatic.
3668 5587 3738 5633 Μ.
