4064 6348
91 310 218 362 ΗΠ

596 431 923 492 Purpureum
937 431 1290 492 ,Hyppocreno

593 491 772 548 Fonte,
801 491 891 540 ubi
926 491 1079 540 fusus
1097 492 1225 542 olim

595 553 822 616 Spumea
851 553 978 602 lavit
1006 554 1176 602 almus

596 617 698 664 Ora
722 616 868 678 jubis
899 617 1112 678 aquosis

594 679 842 740 Pegasus,
873 679 926 726 in
959 679 1212 727 nitentem

597 740 967 789 Pervolaturus
993 741 1231 790 rethram.

86 819 279 876 Cernis
309 819 572 891 profecto
604 821 860 892 quinque
904 821 1222 892 superiores
1249 821 1551 877 versiculbs
1591 822 1790 876 eodem

84 911 208 965 loco
248 897 479 981 partem
527 910 800 966 orationis
846 911 1054 965 habere
1102 911 1487 980 terminatam,
1530 912 1590 968 id
1619 916 1705 967 est
1732 912 1791 966 in

86 997 422 1054 choriambo
452 999 618 1070 pede,
652 999 743 1052 cui
770 999 1139 1070 subjungitur
1166 1001 1453 1068 bacchius,
1514 1006 1580 1056 ut
1616 1001 1788 1055 versi-

89 1087 279 1141 culum
309 1088 601 1158 compleat
627 1087 895 1158 (namque
936 1087 995 1141 hi
1036 1089 1322 1156 undecim,
1371 1089 1701 1144 choriambo
1735 1093 1792 1144 et

89 1175 324 1230 bacchio
355 1175 603 1246 pedibus
634 1176 911 1245 constant)
941 1197 954 1243 ;
986 1181 1216 1231 caeteros
1237 1194 1369 1232 vero
1394 1182 1626 1248 excepto
1651 1195 1786 1244 uno,

91 1264 303 1318 scilicet
352 1265 466 1320 0m
495 1265 649 1334 jubis
699 1267 937 1334 aquosis,
988 1282 1104 1320 non
1150 1266 1350 1320 eodem
1401 1267 1524 1321 loco
1581 1267 1791 1321 habere

93 1351 466 1407 terminatam
485 1357 709 1423 partem
733 1353 1026 1406 orationis.
1059 1354 1134 1408 D.
1168 1355 1348 1409 Cerno
1367 1354 1517 1408 istud
1533 1355 1788 1425 quidem,

89 1441 184 1495 sed
224 1457 339 1512 quo
370 1441 660 1512 pertineat
689 1457 807 1495 non
835 1441 1014 1496 video.
1046 1444 1121 1497 M.
1171 1444 1246 1496 Eo
1278 1442 1494 1497 scilicet
1522 1448 1587 1497 ut
1617 1443 1789 1498 intel-

90 1530 248 1600 ligas,
281 1530 390 1584 hoc
411 1534 662 1584 metrum
693 1547 809 1584 non
823 1530 984 1601 quasi
1003 1530 1325 1602 legitimum
1355 1532 1544 1586 locum
1558 1531 1786 1598 habere,

89 1617 185 1672 ubi
214 1621 347 1672 ante
375 1616 557 1672 ﬁnem
589 1635 782 1672 versus
805 1619 1040 1673 ﬁniatur
1066 1637 1196 1691 pars
1243 1619 1518 1674 orationis
1544 1638 1555 1674 :
1591 1638 1722 1675 nam
1746 1621 1792 1676 si

92 1707 166 1762 ita
194 1710 362 1772 esset,
396 1723 599 1761 omnes
630 1708 832 1762 eodem
853 1709 974 1762 loco
991 1709 1143 1762 hunc
1166 1709 1444 1763 haberent
1466 1709 1788 1777 articulum,

92 1799 188 1850 aut
216 1799 366 1849 certe
398 1794 690 1849 rarissime
738 1796 799 1850 in
839 1796 929 1850 his
959 1796 1314 1851 inveniretur
1343 1797 1441 1869 qui
1468 1815 1584 1852 non
1612 1799 1791 1853 habe-

95 1888 176 1939 ret
207 1901 221 1938 :
254 1900 407 1938 nunc
436 1900 573 1938 vero
604 1901 734 1938 cum
765 1884 877 1939 sint
895 1885 1182 1956 undecim,
1213 1902 1306 1940 sex
1325 1886 1404 1939 ita
1434 1891 1587 1954 sunt,
1621 1887 1789 1958 quiu-

94 1990 199 2044 que
229 1989 344 2028 non
374 1973 476 2027 ita.
512 1974 583 2027 D.
640 1975 706 2027 Et
735 1974 840 2028 hoc
886 1973 1118 2044 accipio,
1180 1979 1237 2028 et
1292 1975 1475 2029 adhuc
1505 1993 1616 2046 quo
1647 1976 1788 2030 ratio

94 2061 281 2116 tendat
312 2067 594 2134 exspecto.
627 2064 700 2117 Μ.
735 2063 975 2117 Attende
1005 2079 1140 2134 ergo
1176 2063 1348 2118 etiam
1394 2063 1454 2117 in
1495 2064 1604 2118 ista
1656 2081 1788 2135 per-

95 2149 485 2220 vulgatissima
521 2166 535 2204 :
567 2151 742 2205 Arma
763 2153 1046 2220 virumque
1076 2167 1227 2217 cano,
1265 2153 1439 2221 Troja:
1463 2155 1560 2220 qui
1581 2156 1790 2223 primus

96 2239 164 2292 ab
185 2241 310 2294 oris.
344 2239 410 2293 Et
437 2254 512 2293 ne
542 2239 777 2310 longum
808 2239 1101 2308 faciamus,
1135 2239 1271 2310 quia
1300 2256 1531 2294 carmen
1561 2242 1790 2296 notissi-

100 2343 254 2381 mum
285 2332 389 2395 est,
423 2327 494 2382 ab
527 2327 634 2382 hoc
670 2344 834 2382 versu
867 2344 1046 2399 usque
1098 2329 1171 2383 ad
1200 2345 1372 2400 quem
1415 2331 1659 2384 volueris
1689 2348 1788 2385 ex-

98 2417 252 2486 plora
283 2415 542 2487 singulos
571 2433 584 2482 ;
619 2415 874 2470 invenies
904 2416 1127 2471 finitam
1154 2422 1376 2488 partem
1428 2419 1700 2473 orationis
1730 2419 1790 2473 in

100 2503 292 2576 quinto
322 2504 638 2575 semipede,
670 2504 727 2560 id
757 2510 858 2573 est,
893 2505 953 2560 in
985 2506 1206 2560 duabus
1233 2507 1475 2577 pedibus
1505 2511 1560 2562 et
1591 2507 1788 2562 semis-

99 2609 195 2646 se:
229 2609 362 2648 nam
417 2593 479 2648 hi
528 2609 722 2648 versus
771 2599 1031 2649 constant
1085 2595 1325 2666 pedibus
1377 2600 1790 2668 quaternorum

98 2685 409 2752 temporum
442 2699 455 2736 :
491 2699 670 2754 quare
699 2683 804 2737 iste
833 2682 963 2757 ﬁnis
981 2683 1050 2737 de
1081 2701 1195 2755 quo
1225 2685 1417 2756 agitur
1449 2686 1627 2756 partis
1659 2704 1788 2741 ora-

101 2770 282 2837 tionis,
313 2771 480 2842 quasi
499 2771 795 2842 legitimus
821 2772 882 2826 in
909 2772 1130 2827 decimo
1156 2776 1414 2844 tempore
1435 2778 1538 2828 est.
1570 2776 1642 2829 D.
1676 2776 1786 2828 Ma-

101 2858 360 2913 nifestum
394 2864 500 2914 est.

162 2948 212 3001 4.
243 2950 320 3003 Μ.
349 2950 477 3003 Jam
507 2965 642 3019 ergo
669 2947 944 3019 intelligis
973 2949 1124 3003 inter
1151 2949 1251 3004 illa
1280 2949 1392 3004 duo
1425 2966 1636 3021 genera
1662 2968 1791 3023 quae

103 3039 220 3089 ante
265 3036 371 3092 ista
430 3038 693 3108 exempla
738 3053 1168 3108 proposueram,
1227 3038 1484 3093 nonnihil
1534 3039 1787 3096 distare:

103 3123 245 3193 quod
275 3125 426 3180 aliud
459 3125 675 3180 scilicet
708 3130 959 3180 metrum
990 3131 1302 3197 antequam
1331 3127 1646 3196 claudatur,
1674 3145 1790 3184 non

103 3209 261 3266 habet
289 3218 508 3267 certum
537 3219 593 3268 et
617 3217 892 3268 statutum
924 3213 1176 3284 aliquem
1216 3215 1538 3280 articulum,
1566 3217 1711 3272 sicut
1731 3218 1790 3271 in

103 3297 203 3353 illis
263 3302 532 3357 undecim
585 3302 874 3356 versiculis
923 3304 1342 3374 exploravimus
1384 3321 1397 3359 :
1451 3304 1607 3360 aliud
1657 3323 1789 3360 vero

105 3386 283 3458 habet,
312 3390 460 3444 sicut
510 3391 574 3445 in
601 3390 830 3445 heroico
860 3397 1040 3446 metro
1072 3392 1306 3463 quintus
1355 3394 1600 3464 semipes
1657 3396 1789 3449 satis

105 3474 321 3532 indicat.
371 3481 448 3534 D.
495 3481 620 3534 Jam
669 3480 852 3551 liquet
898 3481 1051 3552 quod
1089 3481 1249 3536 dicis.
1302 3486 1371 3538 Μ.
1419 3481 1593 3551 Atqui
1648 3484 1790 3537 scias

106 3570 330 3634 oportet,
367 3585 399 3622 a
426 3569 710 3623 veteribus
743 3569 943 3636 doctis,
973 3570 1033 3624 in
1089 3570 1298 3642 quibus
1330 3587 1540 3642 magna
1569 3576 1652 3626 est
1681 3589 1788 3626 au—

107 3655 336 3723 ctoritas,
367 3656 510 3711 illud
543 3657 803 3729 superius
828 3675 1009 3729 genus
1037 3675 1154 3712 non
1183 3675 1301 3712 esse
1331 3675 1557 3713 versum
1587 3661 1786 3730 appel-

108 3740 272 3796 latum
297 3761 310 3811 ;
340 3746 440 3800 sed
469 3762 624 3800 nunc
651 3745 950 3800 definitum
999 3751 1056 3800 et
1091 3751 1354 3801 vocatum
1388 3763 1509 3801 esse
1538 3764 1783 3813 versum,

111 3830 197 3899 qui
227 3831 446 3889 duobus
480 3834 643 3906 quasi
675 3834 946 3888 membris
990 3839 1293 3901 constaret,
1326 3840 1477 3889 certa
1519 3851 1789 3889 mensura

110 3922 156 3971 et
185 3920 393 3977 ratione
422 3921 762 3993 conjunctis.
795 3922 904 3977 Sed
949 3927 1008 3976 tu
1035 3939 1149 3977 non
1195 3923 1439 3977 multum
1469 3923 1689 3980 labores
1719 3925 1787 3979 de

111 4007 340 4076 nomine,
376 4009 532 4082 quod
564 4009 673 4063 nisi
693 4025 726 4063 a
753 4025 846 4064 me
873 4011 959 4063 vel
992 4027 1024 4064 a
1054 4010 1310 4081 quolibet
1339 4011 1451 4066 alio
1485 4013 1588 4066 tibi
1636 4012 1787 4066 indi—

109 4100 332 4164 caretur,
364 4099 524 4152 nullo
556 4098 726 4152 modo
778 4098 846 4152 de
875 4098 984 4152 hoc
1034 4099 1416 4170 interrogatus
1447 4101 1786 4172 respondere

109 4196 304 4250 posses.
333 4186 442 4242 Sed
470 4186 627 4257 quod
657 4186 802 4241 ratio
830 4187 1012 4254 docet,
1046 4188 1104 4242 in
1133 4189 1191 4243 id
1212 4189 1498 4260 prazcipue
1527 4195 1584 4244 et
1613 4190 1788 4245 maxi-

111 4284 190 4324 me
219 4274 470 4330 animum
494 4275 750 4345 intende,
784 4276 937 4330 velut
964 4277 1071 4331 hoc
1100 4277 1286 4348 ipsum
1314 4279 1467 4349 quod
1491 4295 1644 4334 nunc
1673 4279 1788 4350 agi-

111 4371 224 4412 mus
257 4377 269 4414 :
300 4363 444 4417 ratio
473 4362 628 4418 enim
658 4364 820 4418 docet
853 4364 1006 4418 inter
1034 4365 1155 4419 haec
1185 4366 1297 4419 duo
1332 4382 1542 4436 genera
1578 4368 1786 4422 distare

112 4445 328 4518 aliquid,
372 4453 720 4524 quibuslibet
766 4453 1051 4507 vocabulis
1111 4460 1516 4525 nuncupentur
1549 4472 1562 4510 :
1590 4455 1785 4527 itaque

112 4531 205 4588 hoc
252 4536 395 4592 bene
445 4540 828 4612 interrogatus
880 4557 1072 4611 posses
1135 4543 1319 4597 dicere
1375 4544 1500 4614 ipsa
1553 4544 1786 4598 veritate

113 4623 336 4680 conﬁsus
367 4643 381 4694 ;
413 4628 552 4683 illud
585 4635 777 4684 autem
807 4629 912 4684 nisi
945 4632 1340 4685 auctoritatem
1373 4637 1620 4702 secutus,
1672 4649 1787 4686 non

115 4723 306 4778 posses.
335 4715 414 4772 D.
453 4717 822 4789 Apertissime
873 4718 995 4790 jam
1048 4719 1155 4774 ista
1184 4720 1442 4791 cognovi,
1493 4724 1548 4773 et
1585 4721 1786 4791 quanti

114 4801 311 4865 pendas
339 4805 460 4868 hoc,
497 4807 565 4860 de
623 4823 737 4878 quo
791 4823 883 4862 me
931 4812 1048 4861 tam
1099 4809 1297 4862 crebro
1347 4809 1638 4876 admones,
1665 4810 1785 4879 jam

114 4887 372 4948 existimo.
404 4893 478 4950 Μ.
511 4896 638 4949 Haec
685 4912 820 4966 ergo
871 4896 978 4950 tria
1025 4897 1285 4964 nomina,
1341 4897 1548 4968 quibus
1607 4897 1786 4952 disse-

115 4977 261 5031 rendi
281 4996 445 5036 causa
476 4984 792 5038 necessario
806 4985 969 5039 usuri
991 5003 1205 5050 sumus,
1223 4986 1516 5040 memoria:
1549 4987 1784 5041 mandes

115 5064 267 5121 velim
302 5085 314 5122 :
345 5070 698 5142 rhythmum,
731 5077 1000 5141 metrum,
1038 5091 1284 5129 versum.
1318 5074 1453 5139 Qua:
1478 5074 1553 5127 sic
1580 5075 1782 5128 distin-

116 5160 366 5225 guuntur,
399 5164 459 5214 ut
489 5177 657 5215 omne
687 5166 935 5215 metrum
983 5163 1156 5217 etiam
1188 5164 1485 5236 rhythmus
1541 5163 1634 5230 sit,
1670 5179 1785 5217 non

113 5242 275 5297 omnis
301 5246 594 5318 rhythmus
624 5252 794 5304 etiam
827 5255 1097 5307 metrum.
1137 5254 1279 5306 Item
1329 5253 1517 5307 omnis
1564 5269 1777 5308 versus.

116 5328 266 5385 etiam
295 5341 535 5393 metrum
568 5339 658 5405 sit,
703 5355 817 5394 non
847 5356 1016 5394 omne
1064 5345 1311 5395 metrum
1366 5342 1540 5396 etiam
1565 5358 1778 5395 versus.

117 5414 244 5488 Ergo
273 5426 456 5481 omnis
479 5444 676 5482 versus
705 5432 788 5481 est
817 5428 1122 5498 rhythmus
1148 5435 1204 5483 et
1233 5434 1478 5484 metrum
1501 5447 1663 5484 :nam
1676 5430 1783 5484 hoc

117 5509 171 5557 ut
196 5509 441 5582 arbitror,
481 5532 601 5571 esse
632 5532 985 5589 consequens
1036 5517 1214 5573 vides.
1251 5519 1321 5574 D.
1379 5519 1552 5575 Video
1600 5535 1732 5574 sane
1767 5536 1780 5574 :

120 5604 233 5647 nam
257 5603 336 5652 est
364 5601 482 5657 luce
511 5604 737 5660 clarius.

1555 308 1766 365 LIBER
1803 309 2124 366 TERTIUS.

3459 311 3595 365 ill8

2142 432 2366 487 CAPUT
2403 433 2500 487 ΙΙΙ.
2529 462 2598 474 -
2623 433 2885 501 Rhythmi
2904 447 2971 486 ea:
2991 433 3354 503 pyn‘hichiis.

1975 566 2026 616 5.
2077 565 2151 620 M.
2187 563 2350 618 Prius
2401 565 2596 636 igitur,
2630 565 2675 619 si
2705 567 2910 637 placet,
2968 565 3035 619 de
3092 565 3358 637 rhythmo
3390 564 3450 620 in
3479 581 3592 635 quo

1904 653 2127 706 nullum
2173 657 2419 707 metrum
2451 658 2552 718 est,
2584 655 2788 708 deinde
2819 655 2887 709 de
2913 659 3094 708 metro
3125 653 3224 709 ubi
3254 670 3447 708 versus
3477 670 3592 708 non

1903 744 2006 808 est,
2041 746 2330 812 postremo
2362 743 2430 796 de
2458 743 2580 814 ipso
2603 760 2788 808 versu,
2821 748 3100 816 quantum
3126 759 3450 814 possumus,
3482 743 3594 797 dis-

1904 846 2177 885 seramus.
2209 832 2283 886 D.
2316 831 2504 886 Placet
2549 848 2703 886 vero.
2759 834 2832 887 Μ.
2865 833 3035 887 Sume
3069 849 3204 903 ergo
3236 831 3339 886 tibi
3367 832 3435 886 ab
3465 831 3590 902 ipso

1902 919 2085 988 capite
2132 920 2308 989 pedes
2358 919 2738 991 pyrrhichius,
2771 925 2826 973 et
2857 921 2924 974 de
2954 920 3043 974 his
3083 921 3415 992 rhythmum
3459 936 3594 974 con-

1903 1008 2046 1058 texe.
2102 1006 2176 1059 D.
2211 1005 2389 1059 Etiam
2425 1006 2470 1058 si
2500 1005 2560 1059 id
2599 1005 2811 1076 possim
2840 1006 3043 1073 facere,
3071 1008 3167 1078 qui
3203 1007 3403 1062 modus
3434 1008 3591 1062 erit?

1899 1097 1974 1148 Μ.
2008 1094 2149 1148 Satis
2180 1099 2282 1159 est,
2316 1099 2378 1148 ut
2408 1111 2540 1149 eum
2570 1095 2768 1149 tendas
2798 1094 3069 1166 (exempli
3123 1095 3276 1150 enim
3317 1096 3502 1168 gratia
3531 1096 3590 1150 id

1899 1182 2164 1254 facimus)
2197 1200 2375 1255 usque
2406 1184 2475 1238 ad
2506 1184 2700 1238 decem
2729 1183 2938 1254 pedes:
2973 1199 3104 1237 nam
3136 1201 3313 1255 usque
3344 1185 3595 1239 ad'hunc

1900 1271 2111 1341 pedum
2143 1288 2446 1326 numerum
2474 1289 2589 1325 non
2645 1271 3011 1342 progreditur
3064 1288 3277 1337 versus,
3309 1274 3462 1344 quod
3492 1291 3594 1329 suo

1897 1361 2019 1413 loco
2050 1360 2356 1430 diligenter
2385 1360 2736 1414 tractabitur.
2787 1361 2861 1414 D.
2898 1361 3048 1414 Bene
3076 1360 3312 1432 quidem
3363 1366 3425 1415 tu
3470 1379 3586 1416 non

1902 1449 2112 1502 multos
2142 1448 2313 1518 pedes
2337 1447 2479 1502 mihi
2509 1447 2864 1519 proposuisti
2893 1448 3265 1518 copulandas;
3320 1449 3417 1504 sed
3447 1451 3596 1505 vide-

1901 1534 1976 1586 ris
2010 1532 2153 1587 mihi
2184 1550 2299 1586 non
2327 1535 2635 1601 recordari,
2656 1536 2779 1606 jam
2805 1540 2861 1589 te
2892 1535 3025 1589 satis
3072 1535 3417 1602 discrevisse,
3454 1535 3594 1608 quid

1898 1621 2049 1675 inter
2076 1619 2514 1693 grammaticum
2545 1627 2601 1677 et
2629 1623 2909 1678 musicum
2933 1623 3171 1691 intersit,
3206 1640 3334 1678 cum
3361 1641 3465 1696 ego
3489 1625 3595 1680 tibi

1899 1709 2338 1780 respondissem,
2357 1711 3020 1782 syllabarumlongarum
3045 1715 3100 1765 et
3121 1711 3380 1766 brevium
3403 1713 3598 1783 cogni-

1903 1799 2120 1853 tionem
2144 1815 2234 1852 me
2265 1816 2382 1852 non
2405 1799 2633 1866 habere,
2667 1817 2794 1870 qum
2826 1816 2860 1853 a
2888 1799 3275 1870 grammaticis
3303 1801 3546 1855 traditur
3579 1819 3591 1856 :

1901 1886 2011 1940 nisi
2031 1887 2180 1940 forte
2209 1887 2513 1956 permittis,
2550 1892 2613 1942 ut
2643 1904 2759 1941 non
2779 1887 2984 1953 verbis,
3021 1888 3118 1942 sed
3150 1887 3342 1960 aliquo
3389 1889 3594 1960 plausu

1900 1974 2233 2045 rhythmum
2263 1975 2434 2029 istum
2458 1975 2788 2030 exhibeam:
2814 1991 2944 2030 nam
2971 1975 3251 2046 judicium
3277 1976 3502 2031 aurium
3524 1979 3596 2032 ad

1900 2067 2223 2135 temporum
2254 2069 2547 2119 momenta
2576 2065 2923 2119 moderanda
2951 2081 3039 2118 me
3057 2081 3219 2136 posse
3240 2064 3448 2120 habere
3475 2083 3593 2121 non

1898 2169 2084 2224 nego;
2120 2169 2248 2224 quae
2277 2170 2409 2208 vero
2456 2155 2670 2224 syllaba
2713 2153 3078 2224 producenda
3119 2154 3206 2207 vel
3235 2152 3594 2224 corripienda

1901 2240 1991 2306 sit,
2024 2242 2173 2312 quod
2201 2241 2258 2294 in
2289 2242 2622 2296 auctoritate
2653 2241 2828 2295 situm
2859 2244 2961 2307 est,
2995 2239 3228 2294 omnino
3269 2240 3472 2294 nescio.
3517 2242 3592 2296 Μ.

1900 2331 2100 2384 Fateor
2128 2346 2232 2384 nos
2260 2329 2359 2400 ita,
2406 2334 2466 2384 ut
2491 2330 2650 2397 dicis,
2684 2328 3122 2401 grammaticum
3145 2346 3176 2383 a
3208 2329 3423 2384 musico
3473 2328 3588 2383 dis-

1902 2417 2162 2488 crevisse,
2195 2421 2249 2473 et
2279 2419 2340 2472 in
2370 2419 2479 2473 hoc
2508 2423 2562 2472 te
2591 2434 2800 2490 genere
2822 2417 3107 2472 inscitiam
3136 2421 3294 2472 tuam
3321 2434 3440 2472 esse
3468 2433 3596 2472 con-

1900 2506 2131 2562 fessum.
2167 2509 2351 2572 Quare
2374 2524 2406 2562 a
2437 2524 2529 2562 me
2561 2508 2751 2577 accipe
2799 2508 2904 2561 hoc
2952 2507 3193 2578 exempli
3223 2522 3400 2576 genus
3430 2525 3443 2561 :
3477 2506 3596 2572 Ago

1899 2597 2136 2651 celeriter
2159 2599 2299 2664 agile
2328 2597 2471 2668 quod
2496 2613 2597 2667 ago
2621 2598 2720 2651 tibi
2744 2596 2888 2666 quod
2917 2598 3102 2650 anima
3122 2597 3268 2650 velit.
3302 2594 3368 2649 D.
3405 2595 3594 2649 Habeo

1900 2683 2060 2738 istuc.

1972 2776 2023 2827 6.
2053 2775 2126 2828 Μ.
2179 2775 2294 2827 Hoc
2343 2789 2477 2844 ergo
2535 2773 2759 2844 quoties
2816 2772 2952 2827 libet
2999 2773 3330 2842 repetendo,
3386 2771 3596 2827 efﬁcies

1902 2861 2154 2932 rhythmi
2183 2862 2353 2932 hujus
2402 2861 2823 2932 longitudinem
2875 2865 3149 2931 quantam
3177 2861 3350 2928 voles,
3405 2878 3594 2933 quan-

1901 2966 2075 3022 quam
2100 2949 2160 3003 hi
2189 2951 2382 3004 decem
2409 2950 2584 3020 pedes
2642 2950 2713 3003 ad
2765 2951 3086 3019 exemplum
3127 2949 3429 3003 sufﬁciant.
3485 2949 3592 3004 Sed

1900 3038 2042 3093 illud
2073 3055 2290 3109 quaero,
2325 3038 2369 3092 si
2400 3039 2504 3092 tibi
2534 3037 2819 3109 quispiam
2849 3037 3017 3104 dicat,
3059 3054 3177 3092 non
3227 3037 3588 3108 pyrrhichiis,

1901 3128 1998 3181 sed
2017 3126 2510 3198 proceleumaticis
2521 3127 2762 3197 pedibus
2779 3125 2932 3180 hunc
2952 3127 3288 3198 rhythmum
3309 3129 3589 3194 constare,

1900 3216 2036 3286 quid
2066 3214 2439 3286 respondebis
2463 3218 2490 3269 ?
2525 3217 2595 3268 D.
2628 3216 2866 3268 Prorsus
2923 3213 3123 3286 ignoro
3156 3230 3168 3268 :
3205 3231 3336 3268 nam
3365 3214 3464 3268 ubi
3492 3215 3590 3268 dc-

1899 3321 2020 3360 cem
2035 3303 2511 3376 pyrrhichiisunt,
2547 3302 2802 3375 quinque
2824 3303 3331 3374 proceleumaticos
3361 3302 3592 3370 metior;

1899 3398 1954 3448 et
1984 3411 2049 3447 eo
2074 3394 2262 3464 major
2291 3392 2568 3448 dubitatio
2602 3396 2705 3458 est,
2737 3391 2891 3462 quod
2945 3391 3013 3445 de
3045 3392 3311 3463 rhythmo
3342 3391 3594 3445 consuli-

1900 3499 2048 3549 mur,
2081 3483 2176 3554 qui
2211 3482 2424 3536 scilicet
2452 3485 2729 3552 perpetuo
2762 3481 2905 3535 ﬂuit.
2943 3481 3214 3536 Undecim
3266 3482 3419 3536 enim
3463 3497 3594 3553 pyr-

1898 3570 2104 3625 rliichii
2127 3571 2214 3625 vel
2247 3570 2539 3636 tredecim,
2575 3574 2631 3624 et
2660 3569 2919 3640 quolibet
2949 3568 3156 3640 impari
3189 3585 3449 3636 numero,
3475 3585 3593 3623 non

1896 3663 2139 3728 possunt
2167 3658 2376 3713 habere
2406 3657 2692 3725 integrum
2731 3657 3341 3727 proceleumaticorum
3391 3673 3593 3711 nume-

1898 3763 2048 3801 rum.
2091 3746 2148 3800 Si
2195 3763 2331 3817 ergo
2372 3749 2520 3799 esset
2553 3749 2736 3798 certus
2773 3745 2903 3798 ﬁnis
2933 3744 2993 3798 in
3021 3745 3130 3798 hoc
3161 3745 3228 3799 de
3253 3762 3365 3816 quo
3405 3744 3596 3814 agitur

1897 3834 2188 3906 rhythmo,
2222 3833 2302 3888 ibi
2331 3833 2532 3886 saltem
2568 3833 2752 3887 dicere
2781 3849 3077 3903 possemus
3121 3832 3448 3904 pyrrhichio
3487 3849 3592 3903 po-

1897 3923 2010 3976 tius
2041 3938 2214 3994 quam
2243 3921 2720 3993 proceleumatico
2776 3937 2908 3976 eum
2965 3937 3211 3988 currere,
3253 3921 3352 3976 ubi
3393 3937 3592 3976 omnes

1896 4011 2106 4082 integri
2133 4010 2595 4082 proceleumatici
2641 4027 2759 4064 non
2806 4009 3200 4065 invenirentur
3236 4027 3248 4064 :
3277 4027 3429 4064 nunc
3455 4027 3588 4066 vero

1897 4104 1951 4154 et
1985 4100 2174 4170 ipsum
2225 4099 2518 4154 inﬁnitum
2549 4099 2713 4154 nobis
2766 4099 3066 4153 conturbat
3099 4098 3404 4170 judicium,
3458 4099 3590 4154 etsi

1895 4187 2122 4258 quando
2153 4187 2443 4241 numerati
2473 4187 2706 4258 quidem
2730 4187 2922 4257 pedes,
2955 4186 3050 4240 sed
3075 4185 3195 4256 pari
3220 4203 3462 4241 numero
3489 4203 3589 4240 no-

1896 4277 1982 4331 bis
2011 4279 2432 4347 proponuntur,
2466 4275 2611 4330 sicut
2638 4276 2732 4330 isti
2757 4279 2892 4329 sunt
2933 4275 3148 4335 decem,
3179 4277 3255 4330 M.
3287 4275 3459 4346 Atqui
3488 4292 3593 4331 nec

1897 4367 1966 4420 de
1997 4366 2121 4437 ipso
2153 4365 2361 4436 impari
2405 4381 2645 4419 numero
2677 4363 3158 4436 pyrrhichiorum,
3191 4364 3339 4434 quod
3373 4364 3477 4418 tibi
3503 4364 3594 4419 vi—

1896 4471 2022 4508 sum
2054 4458 2156 4522 est,
2188 4453 2402 4525 liquido
2421 4453 2605 4507 visum
2626 4458 2728 4508 est.
2749 4452 2894 4517 Quid
2908 4453 3062 4506 enim
3090 4453 3137 4506 si
3166 4451 3434 4508 undecim
3458 4469 3594 4524 pro-

1895 4542 2096 4612 positis
2126 4542 2366 4612 pedibus
2389 4541 2728 4612 pyrrhichiis
2759 4540 2977 4595 dicatur
3005 4541 3306 4611 rhythmus
3335 4541 3593 4614 quinque

1895 4631 2102 4684 habere
2134 4631 2634 4701 proceleumaticos
2667 4634 2722 4683 et
2752 4629 3099 4700 semipedem
3122 4630 3149 4683 ?
3191 4631 3473 4701 numquid
3504 4647 3594 4686 re-

1894 4719 2016 4772 sisti
2043 4723 2244 4789 potest,
2276 4735 2406 4772 cum
2438 4719 2644 4773 multos
2673 4710 3029 4771 inveniamus
3060 4733 3253 4772 versus
3284 4719 3470 4773 claudi
3500 4736 3589 4774 se-

1894 4806 2160 4878 mipede?
2199 4808 2268 4861 D.
2300 4809 2426 4861 Jam
2451 4806 2568 4860 dixi
2599 4822 2688 4860 me
2719 4809 2934 4860 nescire
2969 4806 3108 4876 quid
3149 4805 3217 4860 de
3249 4806 3353 4860 hac
3383 4823 3444 4861 re
3477 4807 3588 4862 dici

1893 4897 2090 4966 possit.
2121 4897 2194 4950 Μ.
2227 4897 2374 4949 Num
2427 4895 2600 4950 etiam
2656 4895 2796 4949 illud
2849 4895 3053 4960 nescis,
3112 4896 3589 4966 proceleumatico

1892 4986 2145 5056 priorem
2180 5001 2299 5038 esse
2330 4984 2727 5055 pyrrhichium
2747 4987 2775 5038 ‘8
2804 4984 3086 5056 siquidem
3121 4985 3342 5039 duobus
3363 4984 3591 5056 pyrrhi-

1892 5073 2031 5127 chiis
2069 5073 2576 5144 proceleumaticus
2627 5073 2837 5142 conﬁt;
2871 5073 3018 5128 sicut
3044 5073 3206 5144 prius
3260 5079 3344 5127 est
3395 5088 3577 5126 unum

1891 5179 2065 5233 quam
2095 5163 2224 5226 duo,
2260 5166 2318 5215 et
2350 5162 2461 5216 duo
2494 5179 2666 5233 quam
2694 5167 2962 5234 quatuor,
3005 5163 3082 5217 ita
3109 5159 3583 5232 proceleumatico

1891 5251 2050 5321 prior
2082 5255 2164 5304 est
2194 5250 2575 5321 pyrrhichius.
2624 5252 2695 5306 D.
2742 5252 3109 5306 Verissimum
3155 5254 3260 5304 ost.
3316 5249 3388 5302 Μ.
3442 5247 3587 5303 Cum

1892 5354 2026 5408 ergo
2065 5337 2126 5392 in
2176 5339 2324 5392 hanc
2376 5338 2811 5406 ambiguitatem
2867 5337 3192 5402 incidimus,
3226 5339 3288 5388 ut
3317 5333 3494 5404 possit
3527 5335 3587 5390 in

1892 5426 2158 5497 rhythmo
2186 5432 2244 5481 et
2288 5427 2651 5498 pyrrhichius
2697 5426 2886 5481 metiri
2942 5431 2999 5478 et
3051 5421 3582 5494 proceleumaticus,

1890 5515 1979 5570 cui
2010 5516 2395 5587 principatum
2429 5516 2612 5570 daturi
2671 5517 2912 5569 sumus?
2959 5510 3158 5583 priori,
3192 5527 3260 5564 ex
3315 5526 3428 5580 quo
3476 5510 3582 5567 iste

1893 5609 2142 5672 constat;
2191 5622 2262 5659 an
2297 5605 2616 5675 posteriori,
2659 5621 2726 5657 ex
2769 5619 2882 5674 quo
2916 5601 3008 5655 ille
3041 5615 3157 5654 non
3200 5599 3470 5654 constat?
3508 5602 3580 5656 D.
