4064 6380
420 320 554 373 1119

413 440 591 494 Nemo
621 434 906 492 dubitabit
931 433 1112 506 priori
1159 447 1280 487 esse
1333 431 1606 487 dandum.
1648 431 1730 486 Μ.
1765 429 1911 495 Quid
1965 444 2099 500 ergo

414 525 640 581 dubitas
669 524 737 579 de
762 524 867 577 hac
891 537 951 576 re
981 521 1271 575 consultus
1298 519 1664 590 respondere,
1711 515 2104 588 pyrrhichium

416 613 608 686 potius
636 629 809 684 quam
838 608 1379 682 proceleumaticum
1408 607 1581 662 istum
1624 606 1955 677 rhythmum
1986 619 2107 658 esse

417 701 871 772 nuncupandum
893 701 919 754 ?
946 700 1024 754 D.
1065 699 1186 753 Jam
1217 697 1454 751 omnino
1499 711 1616 749 non
1651 695 1849 749 dubito
1882 710 1895 748 :
1931 694 2109 765 pudet

419 797 537 847 tam
574 789 935 845 manifestam
976 786 1257 842 rationem
1300 801 1416 840 non
1462 800 1555 839 me
1595 783 1705 838 cito
1749 783 2106 838 animadver-

419 882 571 938 tisse.

700 968 925 1022 CAPUT
956 965 1044 1020 IV.
1081 993 1142 1006 —
1183 963 1483 1032 Rhythmus
1521 963 1820 1017 continuus.

483 1062 538 1114 7.
570 1059 644 1112 Μ.
675 1056 918 1110 Videsne
946 1053 1091 1108 illud
1121 1052 1293 1107 etiam
1324 1051 1430 1105 ista
1459 1051 1677 1105 ratione
1707 1050 1852 1122 cogi,
1888 1053 1953 1104 ut
1979 1049 2106 1120 qui-

415 1147 548 1202 dam
579 1145 754 1216 pedes
776 1143 909 1209 sint,
943 1141 1041 1212 qui
1072 1141 1405 1211 rhythmum
1455 1140 1782 1194 continuare
1812 1154 1930 1193 non
1973 1155 2104 1210 pos-

413 1234 573 1288 sint?
604 1235 746 1288 Nam
777 1231 929 1302 quod
961 1231 1030 1284 de
1060 1227 1534 1300 proceleumatico
1564 1228 1858 1282 inventum
1890 1231 1990 1294 est,
2014 1227 2106 1282 cui

353 1323 364 1328 “
411 1322 560 1376 tollit
595 1318 958 1392 pyrrhichius
988 1318 1396 1388 principatum,
1428 1317 1536 1371 hoc
1564 1321 1618 1370 et
1649 1317 1718 1370 de
1755 1316 2004 1371 diiambo
2051 1319 2107 1370 ct

418 1406 488 1460 de
512 1405 768 1460 dichorio
797 1409 854 1460 et
883 1405 952 1460 de
983 1404 1300 1475 dispondeo
1331 1403 1627 1458 inventum
1652 1406 1792 1474 puto
1817 1419 1829 1457 :
1862 1402 1972 1457 nisi
2000 1401 2106 1457 tibi

413 1493 570 1548 aliud
601 1493 843 1548 videtur.
875 1494 948 1548 D.
982 1492 1129 1558 Quid
1159 1491 1303 1547 mihi
1333 1491 1486 1546 aliud
1526 1491 1701 1546 videri
1726 1496 1929 1562 potest,
1975 1506 2105 1545 cum

412 1581 653 1652 probata
674 1582 772 1636 illa
787 1581 1008 1636 ratione
1037 1580 1143 1635 hoc
1171 1580 1324 1652 quod
1347 1579 1608 1651 sequitur
1633 1579 1959 1650 improbare
1986 1595 2105 1634 non

411 1669 672 1741 possim?
727 1671 801 1724 M.
853 1669 991 1724 Vide
1048 1669 1221 1724 etiam
1257 1669 1384 1736 ista,
1417 1673 1474 1722 et
1497 1685 1764 1740 compara
1803 1685 1867 1723 ac
1887 1669 2100 1738 judica.

413 1760 553 1813 Nam
583 1758 972 1827 videtur,cum
1001 1758 1113 1812 tale
1133 1757 1417 1812 incertum
1447 1758 1652 1824 evenit,
1682 1759 1884 1828 plausu
1911 1756 2103 1826 potius

412 1847 618 1900 debere
648 1845 892 1900 discerni
916 1846 932 1880 ¹
954 1863 1066 1916 quo
1093 1846 1233 1917 pede
1271 1850 1534 1900 curratur
1564 1862 1578 1900 :
1611 1849 1674 1899 ut
1699 1845 1745 1899 si
1771 1845 2100 1916 pyrrhichio

409 1934 550 1989 velis
579 1950 828 2002 currere,
873 1950 1054 1988 unum
1097 1933 1203 1988 tibi
1248 1937 1478 2004 tempus
1533 1933 1860 1999 levandum,
1919 1949 2098 1987 unum

408 2023 740 2094 ponendum
770 2023 879 2090 sit;
934 2022 982 2076 si
1009 2021 1502 2093 proceleumatico,
1534 2023 1648 2076 duo
1679 2026 1732 2076 et
1778 2021 2012 2076 duozita
2045 2027 2103 2076 et

407 2129 509 2183 pes
537 2111 858 2182 apparebit,
891 2115 948 2165 et
975 2112 1168 2165 nullus
1196 2111 1410 2181 pedum
1443 2111 1550 2164 erit
1579 2127 1610 2164 a
1639 2110 1894 2181 rhythmi
1922 2111 2100 2164 conti-

408 2199 686 2255 nuatione
738 2201 990 2254 seclusus
1064 2200 1138 2253 D.
1183 2199 1325 2254 Huic
1369 2199 1551 2269 magis
1585 2199 1745 2253 faveo
1778 2199 2096 2267 sententia,

407 2307 537 2362 qua
565 2291 791 2346 nullum
823 2290 1024 2361 pedem
1036 2290 1108 2344 ab
1121 2290 1226 2344 hac
1250 2289 1605 2344 contextione
1631 2305 1753 2344 esse
1781 2290 2100 2345 immunem

407 2377 562 2432 sinit.
595 2379 667 2433 Μ.
717 2379 887 2431 Recte
952 2376 1108 2445 facis,
1141 2381 1198 2430 et
1251 2393 1364 2448 quo
1421 2376 1602 2445 magis
1633 2377 1741 2430 hoc
1795 2376 2099 2448 approbas,

407 2465 705 2518 considera
717 2465 787 2519 de
808 2465 1094 2519 tribracho
1111 2466 1253 2535 pede
1267 2463 1406 2536 quid
1425 2465 1772 2536 respondere
1793 2465 2096 2535 possimus,

408 2552 456 2606 si
485 2553 864 2608 nihilominus
895 2554 1138 2625 quisque
1166 2554 1472 2609 contendat
1499 2570 1615 2608 non
1645 2553 1971 2624 pyrrhichio
2003 2559 2102 2608 aut

406 2642 884 2712 proceleumatico
913 2643 1086 2696 istum
1115 2642 1472 2713 rhythmum,
1529 2642 1624 2696 sed
1655 2642 1942 2696 tribracho
1973 2657 2099 2696 cur-

406 2745 551 2784 rere.
589 2732 659 2784 D.
699 2730 871 2785 Video
895 2730 1174 2801 judicium
1205 2731 1275 2785 ad
1306 2733 1571 2801 plausum
1591 2731 1754 2785 illum
1784 2747 1904 2785 esse
1935 2747 2097 2786 revo-

407 2818 745 2888 candum,si
775 2835 956 2873 unum
1014 2823 1240 2889 tempus
1292 2823 1377 2873 est
1404 2819 1465 2873 in
1520 2819 1815 2885 levatione,
1869 2820 1981 2874 duo
2037 2820 2098 2874 in

405 2906 714 2976 positione,
744 2905 802 2960 id
832 2911 934 2973 est,
967 2923 1080 2961 una
1109 2908 1301 2962 etdua
1332 2908 1600 2978 syllaba;
1631 2913 1940 2962 autcontra
1969 2909 2098 2964 dua

404 2993 466 3047 in
495 2993 802 3064 levatione,
830 3011 948 3049 una
975 2993 1038 3048 in
1067 2995 1385 3065 positione;
1434 2996 1752 3050 tribrachus
1797 2997 2098 3074 rhythmus

403 3097 526 3135 esse
557 3082 795 3137 dicatur.
1793 3103 1796 3106 ’

475 3173 529 3225 8.
557 3173 631 3226 M.
662 3173 832 3226 Recte
866 3172 1155 3243 intelligis.
1207 3172 1587 3236 Quamobrem
1632 3173 1754 3244 jam
1809 3174 1898 3229 dic
1956 3175 2098 3228 mihi

405 3263 600 3313 utrum
635 3261 924 3330 spondeus
952 3277 1052 3330 pes
1107 3262 1434 3332 pyrrhichio
1485 3263 1754 3332 rhythmo
1789 3262 1970 3332 possit
1998 3263 2096 3317 ad-

398 3347 588 3418 jungi.
613 3349 686 3402 D.
715 3348 882 3401 Nullo
911 3349 1083 3402 modo
1111 3365 1123 3403 :
1156 3364 1272 3402 non
1303 3349 1455 3403 enim
1486 3349 1914 3404 continuabitur
1939 3351 2097 3421 plau-

405 3452 501 3489 sus
532 3435 768 3506 aqualis
795 3454 812 3502 ;
844 3451 975 3490 cum
1003 3437 1209 3491 levatio
1240 3441 1296 3491 et
1313 3437 1520 3507 positio
1553 3438 1610 3490 in
1636 3438 1964 3509 pyrrhichio
1986 3439 2099 3493 sin-

403 3525 560 3594 gula,
587 3523 644 3577 in
674 3523 926 3594 spondeo
955 3540 1086 3579 vero
1107 3524 1242 3579 bina
1263 3529 1520 3596 tempora
1540 3530 1790 3581 teneant.
1819 3530 1892 3582 M.
1910 3529 2098 3582 Potest

404 3626 539 3682 ergo
568 3611 1045 3680 proceleumatico
1077 3611 1332 3682 adjungi.
1363 3614 1426 3666 C.
1456 3613 1663 3667 Potest.
1695 3616 1770 3668 Μ.
1793 3613 1938 3678 Quid
1967 3631 2096 3668 cum

403 3699 457 3754 ei
487 3699 862 3771 adjungitur?
920 3699 1257 3770 interrogati
1307 3705 1499 3756 utrum
1556 3702 1856 3773 rhythmus
1903 3719 2097 3774 proce-

402 3786 738 3842 leumaticus
788 3804 861 3842 an
890 3787 1231 3858 spondiacus
1277 3788 1366 3853 sit,
1415 3789 1550 3860 quid
1580 3790 2097 3860 respondebimus?

403 3877 477 3930 D.
511 3876 658 3941 Quid
681 3892 900 3943 censes,
934 3877 1044 3931 nisi
1095 3877 1349 3948 spondeo
1377 3878 1626 3933 dandum
1659 3895 1778 3934 esse
1807 3881 2094 3950 principa-

400 3966 570 4019 tum?
597 3966 736 4020 Cum
765 3965 920 4019 enim
951 3965 1156 4036 plausu
1186 3967 1291 4020 ista
1343 3968 1724 4022 controversia
1748 3985 1865 4023 non
1894 3969 2097 4040 dijudi-

401 4057 580 4116 cetur,
615 4069 747 4108 nam
769 4053 829 4107 in
855 4057 1100 4124 utroque
1129 4054 1264 4108 bina
1294 4057 1542 4110 levamus
1572 4073 1634 4110 ac
1655 4057 1924 4128 ponimus
1956 4062 2097 4112 tem-

398 4158 578 4213 pora;
612 4141 750 4213 quid
777 4141 935 4195 aliud
954 4146 1148 4209 restat,
1178 4142 1286 4196 nisi
1317 4147 1381 4196 ut
1405 4145 1500 4198 ille
1531 4149 1731 4215 regnet
1753 4147 1852 4216 qui
1877 4146 1936 4200 in
1969 4147 2094 4216 ipso

399 4231 613 4302 pedum
633 4229 832 4284 ordine
858 4229 1018 4300 prior
1038 4235 1123 4284 est
1138 4230 1165 4281 ?
1197 4233 1272 4286 M.
1295 4231 1591 4286 Rationem
1606 4237 1661 4286 te
1692 4238 1952 4288 secutum
1973 4251 2095 4288 esse

401 4317 540 4371 satis
567 4316 858 4387 approbo;
894 4322 949 4370 et
980 4318 1154 4381 vides,
1198 4323 1260 4372 ut
1309 4319 1576 4385 arbitror,
1622 4321 1754 4391 quid
1801 4327 2091 4393 sequatur.

401 4407 483 4460 D.
521 4403 667 4468 Quid
698 4405 928 4458 tandem
951 4406 979 4458 ?
1007 4407 1080 4460 Μ.
1116 4405 1261 4470 Quid
1283 4409 1468 4476 putas,
1494 4407 2094 4477 nisiproceleumatico

400 4493 919 4563 rhythmo’nullum
944 4493 1121 4549 alium
1152 4495 1357 4566 pedem
1377 4511 1540 4565 posse
1553 4496 1808 4551 misceri?
1821 4501 2090 4569 quoniam

402 4580 661 4654 quisquis
713 4581 1047 4637 miscebitur
1084 4583 1320 4639 totidem
1373 4589 1720 4655 temporum,
1775 4603 1890 4641 non
1939 4589 2094 4644 enim

401 4670 566 4724 aliter
586 4674 770 4740 potest
791 4672 1034 4740 misceri,
1067 4672 1129 4726 in
1159 4688 1289 4726 eum
1317 4673 1571 4742 rhythmi
1598 4690 1812 4729 nomen
1849 4678 2094 4732 transfe-

397 4761 555 4812 ratur
581 4774 808 4812 necesse
837 4765 938 4815 est.
996 4761 1204 4816 Omnes
1234 4761 1386 4815 enim
1417 4761 1635 4833 priores
1668 4763 1766 4818 illo
1801 4769 1954 4831 sunt,
1994 4767 2094 4837 qui

400 4843 641 4898 totidem
672 4847 1028 4916 temporibus
1059 4853 1336 4903 constant.
1354 4851 1418 4904 Et
1440 4850 1712 4920 quoniam
1735 4851 1803 4905 iis
1824 4852 1923 4923 qui
1943 4854 2093 4922 prio-

403 4947 495 4985 res
531 4930 752 4984 inventi
805 4933 1036 5001 fuerint,
1091 4936 1240 5006 cogit
1296 4953 1397 4990 nos
1452 4939 1620 5006 ratio,
1677 4956 1850 5010 quam
1905 4941 2095 4996 vidisti

399 5018 950 5088 principatumdare,
979 5021 1034 5074 id
1066 5027 1170 5088 est,
1185 5039 1250 5076 ex
1279 5039 1346 5077 eo
1377 5025 1708 5095 rhythmum
1740 5044 2093 5099 nuncupare;

401 5121 518 5161 non
555 5106 665 5160 erit
688 5107 807 5177 jam
858 5109 1373 5177 proceleumaticus
1406 5113 1724 5184 rhythmus,
1757 5115 1947 5188 aliquo
1980 5119 2091 5172 alio

465 5224 480 5284 1
513 5223 753 5280 Decrrni,
781 5220 933 5284 juxta
957 5223 1050 5272 Ms.
1082 5223 1143 5273 Α.
1209 5225 1258 5273 Μ

461 5283 666 5366 1.193;:
679 5283 820 5366 93"}!
831 5287 1128 5366 P249513???
1141 5288 1690 5366 'e'zierasclemﬁco
1709 5305 1867 5354 quam
1882 5294 2082 5366 Pyrrhi-

461 5306 482 5319 -
519 5306 572 5332 ιιι
593 5306 666 5332 ο.;
685 5306 1242 5347 uuwpmus,msuam
1260 5306 1690 5348 proceleumauco
1709 5306 1867 5354 quam
1923 5306 2082 5366 grrm-

402 5344 520 5395 chio
539 5344 801 5417 rhythmo
834 5363 845 5396 :
888 5353 1139 5417 corrupte
1171 5349 1430 5417 profecto;
1462 5365 1584 5399 nam
1611 5367 1729 5401 cum
1757 5306 2091 5417 pyrrﬁnchius

400 5419 587 5472 omnes
608 5407 738 5472 alios
763 5411 1026 5472 praecedat
1045 5407 1220 5472 pedes,
1238 5411 1286 5459 ei
1305 5407 1439 5460 male
1459 5407 1942 5466 accommodaretur
1958 5421 2090 5468 ratio

401 5467 468 5539 ab
497 5467 790 5540 Augustino
840 5467 1093 5540 subjecta,
1137 5488 1255 5536 qua
1285 5474 1338 5522 in
1379 5475 1872 5538 proceleumaticum
1899 5467 2087 5531 conve-

402 5533 726 5581 nientissimc
755 5533 954 5584 incidit}
1023 5536 1089 5584 M.

1689 307 1784 363 DE
1821 305 2106 374 MUSICA,
2151 303 2204 361 S.
2247 299 2629 360 AUGUSTINI

3821 296 3949 348 “‘20

2217 430 2461 494 quatuor
2487 429 2814 495 temporum
2842 422 3038 489 mixto,
3086 421 3180 476 sed
3211 419 3564 491 spondiacus
3610 422 3720 474 aut
3754 418 3947 490 dacty-

2219 517 2360 570 licus
2390 519 2490 569 aut
2517 511 2909 584 anapasticus.
2940 510 3432 582 Amphibrachum
3469 509 3638 564 enim
3701 507 3782 562 ab
3813 507 3944 562 isto-

2218 621 2347 658 rum
2403 602 2761 674 c0pulatione
2817 615 3189 654 numerorum
3240 602 3392 653 recte
3451 601 3772 652 remotum
3830 612 3942 652 esse

2218 692 2506 748 convenit.
2545 693 2621 745 D.
2656 691 2854 744 Fateor
2882 689 2962 743 ita
2991 705 3129 742 esse.

2289 786 2338 837 9.
2369 784 2442 838 M.
2472 782 2632 835 Nunc
2680 796 2816 850 ergo
2869 774 2943 832 ex
2991 777 3193 832 ordine
3251 775 3554 830 considera
3614 771 3940 828 iambicum

2217 870 2569 942 rhythmum,
2626 867 2897 939 quoniam
2950 865 3344 938 pyrrhichium
3375 869 3431 918 et
3477 863 3939 929 proceleumati-

2217 975 2367 1026 cum,
2415 957 2514 1029 qui
2542 956 2828 1028 duplicato
2861 954 3188 1027 pyrrhichio
3219 953 3496 1025 gignitur,
3533 952 3676 1007 satis
3715 950 3939 1006 discus-

2217 1047 2412 1102 simus.
2448 1049 2633 1113 Quare
2665 1045 2819 1100 dicas
2875 1044 3046 1098 velim
3102 1043 3236 1098 huic
3267 1059 3440 1114 quem
3494 1057 3705 1096 censes
3760 1041 3939 1095 admi-

2217 1135 2489 1191 scendum
2518 1134 2744 1206 pedem,
2777 1137 2841 1187 ut
2863 1132 3139 1186 iambicus
3168 1131 3470 1202 rhythmus
3498 1147 3674 1184 suum
3713 1145 3934 1183 nomen

2218 1224 2488 1279 obtineat.
2519 1223 2595 1277 D.
2623 1223 2825 1288 Quem,
2854 1220 2965 1275 nisi
2987 1220 3356 1286 tribrachum,
3376 1218 3477 1291 qui
3493 1217 3936 1289 ettemporibus

2217 1317 2274 1368 et
2300 1313 2506 1384 plausu
2536 1309 2800 1381 congruit
2824 1329 2839 1377 ;
2868 1313 2926 1364 et
2951 1309 3086 1380 quia
3115 1309 3399 1380 posterior
3426 1312 3533 1376 est,
3565 1323 3758 1379 regno
3811 1308 3936 1378 pol-

2216 1403 2332 1457 lere
2363 1418 2476 1457 non
2505 1401 2741 1472 potest?
2772 1399 2914 1453 Nam
2947 1397 3177 1452 chorius
3207 1401 3292 1452 est
3322 1396 3557 1468 quidem
3611 1396 3932 1467 posterior,

2217 1496 2274 1544 et
2303 1489 2537 1544 totidem
2567 1493 2914 1559 temporum,
2951 1487 3050 1542 sed
3077 1501 3198 1541 non
3245 1485 3444 1541 eodem
3477 1485 3652 1540 modo
3700 1485 3935 1557 plaudi~

2213 1584 2325 1634 tur.
2357 1582 2430 1634 Μ.
2460 1579 2599 1648 Age,
2625 1578 2751 1648 jam
2779 1577 2909 1631 vide
2959 1576 3294 1647 rhythmum
3333 1573 3717 1640 trochaicum,
3757 1577 3820 1628 et
3860 1574 3931 1628 ad

2215 1667 2413 1721 eadem
2442 1666 2511 1721 de
2535 1665 2642 1720 hoc
2669 1681 2897 1736 quoque
2928 1663 3226 1736 responde.
3260 1665 3331 1718 D.
3366 1663 3526 1718 Idem
3558 1663 3926 1734 respondeo:

2214 1771 2349 1810 nam
2378 1758 2569 1825 potest
2597 1758 2653 1809 et
2684 1753 2818 1808 huic
2848 1770 2964 1808 non
2994 1754 3181 1807 solum
3235 1752 3416 1824 spatio
3449 1751 3761 1822 temporis,
3831 1751 3928 1804 sed

2212 1841 2414 1915 plausu
2459 1843 2632 1898 etiam
2661 1841 2958 1897 concinere
2988 1841 3325 1896 tribrachus.
3361 1841 3693 1896 Cavendum
3723 1844 3929 1894 autem

2213 1933 2470 1987 iambum
2490 1932 2618 2002 quis
2647 1947 2763 1986 non
2784 1931 3016 1985 videat?
3040 1929 3140 2001 qui
3161 1929 3332 1984 etiam
3357 1929 3403 1983 si
3433 1929 3744 2000 aqualiter
3763 1929 3928 1999 plan.

2213 2021 2461 2088 daretur,
2493 2020 2874 2092 principatum
2893 2024 3085 2074 tamen
3114 2019 3328 2073 mixtus
3340 2019 3610 2073 auferret.
3633 2019 3712 2072 Μ.
3743 2018 3928 2081 Quid?

2213 2109 2518 2181 spondiaco
2547 2110 2816 2180 rhythmo
2851 2124 3021 2180 quem
3053 2107 3285 2162 tandem
3317 2105 3767 2177 copulabimuus
3820 2122 3925 2176 pe-

2212 2199 2343 2253 dem
2362 2199 2392 2251 ?
2415 2199 2487 2252 D.
2517 2197 2661 2253 Sane
2674 2198 2735 2251 in
2765 2199 2873 2252 hoc
2895 2196 3215 2268 largissime
3237 2196 3404 2266 copia
3429 2200 3549 2250 est:
3584 2211 3724 2248 nam
3747 2199 3810 2248 et
3829 2195 3926 2248 da-

2211 2287 2423 2356 ctylum
2455 2290 2511 2340 et
2550 2290 2906 2355 anapastum
2935 2289 2993 2338 et
3044 2283 3588 2355 proceleumaticum
3619 2283 3788 2336 nulla
3817 2283 3925 2337 im-

2209 2373 2496 2444 parilitate
2549 2379 2900 2444 temporum,
2955 2374 3110 2427 nulla
3177 2371 3593 2426 claudicatione
3649 2372 3921 2442 plausus,

2211 2461 2368 2515 nulla
2393 2461 2741 2532 principatus
2771 2459 3135 2532 ademptione
3162 2459 3532 2530 impediente,
3568 2459 3706 2514 huic
3745 2459 3923 2514 video

2210 2549 2434 2603 misceri
2462 2565 2646 2621 posse.

2284 2643 2374 2693 10.
2411 2641 2485 2692 Μ.
2520 2638 2690 2692 Video
2743 2638 2860 2708 jam
2913 2639 2970 2690 te
3016 2636 3179 2690 facile
3227 2651 3392 2707 posse
3448 2641 3656 2690 catera
3711 2635 3924 2690 ordine

2209 2727 2477 2798 persequi
2510 2743 2522 2781 :
2570 2725 2834 2798 quocirca
2885 2730 3104 2779 remota
3154 2725 3609 2794 interrogatione
3641 2741 3798 2790 mea,
3832 2727 3922 2781 vel

2207 2815 2396 2886 potius
2421 2819 2694 2885 tanquam
2742 2814 2811 2868 de
2866 2814 3129 2869 omnibus
3181 2813 3569 2883 interrogatus
3622 2815 3923 2884 responde

2207 2904 2472 2970 breviter,
2506 2903 2867 2974 dilucideque
2897 2907 3178 2972 quantum
3212 2906 3391 2972 potes,
3440 2902 3741 2971 quomodo
3793 2903 3918 2956 sin-

2208 2989 2328 3062 guli
2359 2991 2458 3062 qui
2486 2995 2700 3045 restant
2726 2991 2920 3061 pedes,
2953 2990 3079 3043 aliis
3109 2989 3360 3060 legitime
3416 2990 3714 3057 immixtis,
3777 2992 3924 3046 obti-

2207 3085 2383 3134 neant
2409 3096 2575 3133 suum
2607 3095 2820 3133 nomen
2875 3079 2937 3133 in
2966 3079 3261 3149 rhythmo.
3323 3080 3396 3133 D.
3434 3078 3659 3133 Faciam
3686 3096 3923 3150 :neqne

2207 3168 2359 3221 enim
2375 3167 2548 3222 ullius
2575 3167 2792 3238 negotii
2807 3171 2913 3234 est,
2934 3171 3091 3220 tanta
3112 3166 3402 3220 rationum
3424 3167 3549 3221 luce
3573 3167 3910 3237 praemissa.

2209 3258 2350 3311 Nam
2380 3257 2663 3311 tribracho
2695 3257 2884 3310 nullus
2914 3255 3277 3322 miscebitur;
3310 3272 3509 3310 omnes
3567 3256 3730 3310 enim
3761 3258 3922 3327 prio-

2206 3360 2297 3398 res
2323 3349 2472 3410 sunt,
2505 3344 2604 3416 qui
2631 3344 2685 3398 ei
2713 3347 2845 3398 sunt
2871 3343 3224 3414 temporibus
3256 3359 3442 3413 pares.
3500 3344 3738 3413 Dactylo
3774 3361 3921 3398 ana-

2206 3435 2415 3502 pastus
2443 3437 2664 3502 potest;
2689 3448 2821 3486 nam
2856 3436 2912 3486 et
2939 3436 3024 3486 est
3052 3431 3358 3503 posterior,
3393 3435 3450 3484 et
3487 3432 3506 3468 ¹
3538 3435 3807 3502 tempore
3857 3450 3926 3488 ac

2206 3522 2411 3591 plausu
2439 3521 2615 3576 currit
2645 3521 2939 3592 aqualiter
2972 3540 2983 3575 :
3014 3520 3243 3592 utrique
3275 3525 3468 3574 autem
3513 3521 3924 3591 proceleuma-

2206 3608 2350 3662 ticus
2381 3609 2576 3664 eadem
2609 3609 2820 3662 scilicet
2877 3608 3099 3663 ratione
3152 3608 3478 3679 capulatur.
3515 3610 3644 3663 Jam
3673 3609 3921 3665 bacchio

2206 3697 2465 3767 creticus,
2495 3705 2550 3752 et
2599 3699 2667 3752 de
2700 3697 2998 3768 paonibus
3028 3697 3268 3768 primus,
3311 3697 3593 3751 secundus
3623 3702 3682 3752 et
3737 3716 3919 3770 quar-

2205 3792 2295 3842 tus
2325 3787 2551 3842 misceri
2600 3791 2858 3857 possunt.
2915 3788 3091 3840 Porro
3151 3785 3262 3855 ipsi
3295 3786 3522 3854 cretico,
3576 3801 3784 3841 omnes
3815 3789 3921 3859 qui

2205 3881 2333 3947 post
2352 3876 2658 3930 illumsunt
2673 3875 2927 3946 quinque
2955 3880 3280 3946 temporum
3311 3875 3486 3945 pedes
3505 3875 3638 3945 jure
3670 3876 3922 3932 miscen-

2204 3970 2320 4032 tur,
2353 3965 2451 4019 sed
2468 3981 2587 4019 non
2635 3980 2834 4018 omnes
2855 3964 3054 4018 eadem
3074 3963 3384 4018 divisione.‘
3407 3962 3518 4017 Alii
3543 3980 3804 4035 namque
3842 3968 3914 4022 ad

2205 4053 2317 4107 duo
2345 4058 2402 4108 et
2426 4053 2554 4120 tria,
2586 4053 2684 4106 alii
2715 4053 2786 4106 ad
2813 4052 2923 4106 tria
2971 4057 3028 4106 et
3075 4052 3189 4106 duo
3239 4058 3500 4122 tempora
3543 4052 3914 4110 dividuntur.

2205 4141 2313 4194 Iste
2341 4144 2532 4194 autem
2562 4139 2802 4194 creticus
2831 4144 3074 4210 utroque
3105 4140 3276 4194 modo
3305 4139 3483 4194 dividi
3528 4145 3742 4210 potest,
3779 4144 3921 4214 quia

2207 4229 2394 4301 media
2430 4228 2618 4282 brevis
2665 4227 2898 4282 cuilibet
2925 4227 3074 4298 parti
3103 4227 3393 4282 tribuitur.
3451 4228 3919 4286 Palimbacchius

2204 4321 2414 4384 autem,
2444 4316 2580 4388 quia
2632 4318 2754 4388 ejus
2798 4315 3001 4370 divisio
3031 4333 3065 4369 a
3096 4316 3319 4371 duobus
3374 4316 3740 4387 temporibus
3773 4320 3918 4375 inci-

2202 4406 2388 4477 piens,
2412 4407 2472 4460 in
2499 4404 2610 4459 tria
2647 4405 2874 4472 desinit,
2924 4421 3208 4476 congruos
3239 4409 3294 4459 et
3329 4404 3684 4475 copulabiles
3738 4408 3919 4462 habet

2202 4510 2431 4564 paones
2489 4509 2709 4559 omnes,
2757 4498 2968 4563 prater
3015 4493 3349 4548 secundum.
3399 4494 3674 4548 Molossus
3704 4495 3778 4548 de
3809 4498 3916 4549 tri-

2203 4582 2430 4653 syllabis
2454 4586 2648 4650 restat,
2670 4598 2702 4634 a
2731 4597 2845 4653 quo
2871 4581 3059 4652 primo
3101 4581 3388 4651 incipiunt
3429 4598 3524 4636 sex
3574 4587 3914 4652 temporum

2202 4671 2397 4742 pedes,
2428 4670 2528 4742 qui
2572 4680 2770 4725 omnes
2817 4671 2998 4724 eidem
3057 4670 3333 4741 conjungi
3383 4676 3642 4741 possunt,
3691 4673 3910 4742 partim

2203 4763 2435 4830 propter
2487 4759 2677 4831 simpli
2731 4759 3001 4831 duplique
3049 4759 3365 4824 rationem;
3426 4758 3637 4828 partim
3670 4767 3914 4830 prOpter

2200 4848 2360 4903 illam
2392 4865 2563 4920 quam
2581 4849 2745 4903 nobis
2770 4849 3000 4918 plausus
3021 4847 3286 4912 ostendit,
3318 4847 3690 4917 partitionem
3715 4849 3912 4920 longa

2203 4938 2456 5008 syllaba,
2488 4953 2616 5008 qua
2645 4937 2873 5007 singula
2901 4942 3161 5006 tempora
3182 4936 3329 5006 parti
3362 4935 3593 5006 utrique
3622 4938 3910 5006 concedit,

2203 5026 2337 5097 quia
2370 5026 2430 5079 in
2462 5025 2684 5079 senario
2727 5041 2965 5080 numero
3016 5041 3121 5094 par
3175 5025 3450 5078 lateribus
3483 5025 3746 5097 medium
3801 5032 3908 5080 est.

2201 5114 2282 5168 0b
2313 5131 2485 5185 quam
2515 5130 2742 5168 causam
2770 5119 2826 5168 et
2853 5114 3149 5179 molossus,
3183 5117 3238 5166 et
3265 5113 3432 5167 ambo
3453 5112 3630 5166 ionici
3655 5130 3776 5168 non
3813 5131 3908 5169 so-

2201 5205 2321 5258 lum
2351 5203 2411 5257 in
2443 5203 2735 5274 simplum,
2768 5208 2824 5257 et
2849 5203 3108 5274 duplum,
3141 5203 3237 5257 sed
3265 5203 3437 5256 etiam
3469 5203 3531 5256 in
3561 5220 3758 5274 aquas
3779 5222 3912 5275 par-

2200 5296 2284 5345 tes
2309 5308 2412 5362 per
2428 5295 2592 5345 terna
2619 5296 2880 5361 tempora
2894 5292 3200 5346 feriuntur.
3226 5291 3363 5344 Hinc
3387 5291 3637 5346 efﬁcitur
3665 5293 3909 5349 utdein-

2201 5394 2331 5448 ceps
2361 5377 2626 5432 omnibus
2656 5393 2753 5431 sex
2780 5381 3102 5448 temporum
3134 5377 3394 5448 pedibus,
3427 5394 3630 5432 omnes
3659 5380 3910 5436 totidem

2268 5485 2282 5517 ι
2307 5483 2366 5550 in
2386 5483 2443 5550 Β.
2467 5484 2518 5530 et
2541 5481 2975 5550 omnibuseditis,
2998 5486 3544 5550 posteriortempqre,
3563 5486 3769 5550 omissa
3792 5503 3911 5549 par-

2200 5544 2360 5593 ticula
2392 5547 2458 5606 el,
2487 5557 2641 5606 quam
2663 5544 2762 5593 fort
2787 5545 2878 5593 Ms.
2910 5546 2970 5605 Α,
2999 5544 3051 5594 et
3069 5545 3181 5594 sine
3212 5561 3314 5608 qua
3336 5544 3502 5595 oratio
3533 5544 3819 5598 claudicat.
3839 5553 3905 5601 Μ.
