4064 6360
148 296 273 348 ll?!

144 425 471 490 temporum
505 417 848 490 posteriores
878 418 1131 489 copulari
1159 421 1401 490 queant;
1443 419 1710 492 solusque
1741 436 1842 474 an-

145 508 416 579 tispastus
465 507 567 579 qui
614 507 835 562 nullum
888 507 996 560 sibi
1050 505 1185 561 velit
1231 507 1480 578 misceri,
1528 513 1840 565 remaneat.

151 599 260 651 Hos
307 601 735 667 consequuntur
776 599 1020 667 quatuor
1068 595 1304 667 epitriti,
1347 613 1594 669 quorum
1624 597 1845 668 primus

148 685 400 740 admittit
433 686 770 751 secundum,
823 686 1103 739 secundus
1140 687 1385 752 nullum,
1418 687 1619 741 tertius
1670 704 1845 758 quar-

150 778 290 841 tum,
338 779 577 845 quartus
607 774 850 828 nullum.
887 774 1081 828 Restat
1111 774 1478 846 dispondeus,
1511 776 1844 847 rhythmum

149 863 300 916 solus
324 861 496 916 etiam
526 862 646 932 ipse
673 862 945 924 facturus,
969 861 1105 933 quia
1120 877 1224 916 nec
1249 863 1626 933 posteriorem
1648 879 1846 934 quem-

149 966 320 1022 quam
358 949 596 1016 invenit,
639 966 742 1004 nec
782 951 1083 1020 aequalem.
1117 951 1316 1022 Itaque
1344 951 1598 1006 omnium
1630 951 1843 1023 pedum

148 1043 272 1092 octo
304 1043 436 1093 sunt
473 1041 513 1105 ί,
563 1038 662 1110 qui
693 1039 850 1092 nullo
880 1039 993 1093 alio
1022 1039 1197 1093 mixto
1225 1040 1558 1110 rhythmum
1588 1039 1838 1094 faciunt:

149 1126 526 1198 pyrrhichius,
547 1127 886 1195 tribrachus,
905 1127 1465 1199 proceleusmaticus,
1487 1144 1652 1199 paeon
1675 1144 1842 1200 quar-

147 1219 254 1283 tus,
301 1216 669 1286 autispastus,
701 1215 965 1287 epitritus
1015 1217 1321 1284 secundus,
1375 1221 1430 1271 et
1480 1221 1737 1288 quartus,
1787 1221 1843 1272 et

147 1304 494 1376 dispondeus
527 1322 539 1360 :
582 1306 790 1378 reliqui
823 1323 935 1373 eos,
970 1307 1069 1378 qui
1109 1323 1167 1361 se
1196 1307 1541 1377 posteriores
1570 1311 1721 1367 sunt,
1750 1321 1842 1359 co-

147 1394 333 1464 pulari
373 1394 484 1449 sihi
532 1395 846 1465 patiuntur,
905 1397 985 1450 ita
1043 1400 1107 1450 ut
1150 1395 1404 1465 rhythmi
1445 1411 1658 1450 nomen
1701 1393 1844 1449 obti-

149 1486 338 1549 neant,
390 1481 614 1537 etiamsi
654 1483 954 1549 pauciores
1009 1484 1069 1538 in
1128 1500 1191 1538 ea
1243 1483 1389 1538 serie
1445 1487 1840 1537 numerentur.

154 1573 264 1625 Hoc
292 1575 396 1637 est,
438 1576 503 1626 ut
546 1571 770 1643 opinor,
822 1573 956 1627 satis
989 1589 1023 1627 a
1061 1587 1154 1627 me
1192 1573 1348 1643 quod
1375 1572 1628 1640 voluisti,
1660 1571 1842 1641 expli-

151 1664 335 1714 catum
367 1665 540 1732 atque
587 1660 907 1732 digestum:
957 1665 1123 1717 tuum
1169 1666 1254 1715 est
1283 1662 1404 1732 jam
1449 1661 1643 1716 videre
1687 1659 1844 1731 quod

151 1753 340 1805 restat.

152 1837 373 1891 CAPUT
402 1837 464 1890 V.
497 1867 565 1877 —
604 1838 695 1891 An
722 1839 835 1892 sint
875 1839 1039 1907 pedes
1086 1853 1257 1908 supra
1301 1838 1543 1906 syllabas
1586 1843 1838 1907 quatuor.

221 1928 302 1979 ll.
344 1925 429 1979 Μ.
483 1924 602 1978 Imo
660 1941 884 1979 mecum
937 1927 1110 1981 etiam
1162 1931 1329 1980 tuum
1360 1930 1414 1980 ἐ
1473 1927 1642 1981 ambo
1687 1925 1841 1980 enim

153 2012 476 2084 querimus.
517 2012 622 2067 Sed
655 2014 791 2085 quid
822 2015 1057 2069 tandem
1087 2021 1301 2070 restare
1337 2015 1650 2081 arbitraris,
1684 2015 1841 2085 quod

154 2100 217 2154 ad
239 2099 572 2170 rhythmum
590 2100 836 2154 attinet?
863 2102 1064 2156 Nonne
1087 2102 1228 2156 illud
1250 2101 1730 2155 considerandum
1758 2105 1845 2155 est

154 2194 337 2242 utrum
371 2190 566 2260 aliqua
608 2188 889 2243 dimensio
925 2190 1109 2260 pedis,
1139 2190 1398 2262 quamvis
1427 2195 1554 2244 octo
1584 2195 1844 2260 tempora

156 2293 264 2331 non
294 2277 546 2346 excedat,
578 2293 706 2348 quae
736 2277 1086 2347 dispondeus
1116 2279 1354 2344 obtinet,
1387 2279 1631 2334 excedat"
1651 2283 1844 2332 tamen

157 2380 456 2420 numerum
503 2371 751 2436 quatuor
795 2367 1183 2437 syllabarum?
1231 2367 1305 2421 D.
1353 2367 1556 2432 Quare,
1602 2367 1844 2437 quaeso?

158 2454 237 2508 M.
275 2455 392 2508 Imo
435 2458 515 2515 tu,
563 2470 740 2524 quare
781 2470 873 2509 me
902 2455 1092 2524 potius
1123 2471 1296 2525 quam
1336 2455 1583 2525 teipsum
1632 2455 1840 2525 rogas?

159 2545 239 2595 An
258 2543 361 2596 tibi
390 2558 507 2596 non
536 2543 760 2596 videtur
779 2543 900 2596 sine
921 2544 1040 2597 ulla
1067 2543 1265 2598 fraude
1289 2545 1379 2598 vel
1402 2543 1717 2598 offensione
1739 2559 1842 2598 au-

158 2629 322 2698 rium,
354 2631 470 2685 sive
502 2631 656 2702 quod
685 2629 708 2665 3
748 2631 819 2686 ad
849 2633 1116 2702 plausum
1142 2647 1206 2686 ac
1241 2632 1580 2686 divisionem
1610 2632 1843 2703 pedum,

158 2718 265 2772 sive
311 2720 464 2790 quod
517 2720 589 2774 ad
641 2718 892 2791 spatium
942 2720 1215 2790 temporis
1254 2721 1522 2791 pertinet,
1571 2736 1677 2790 pro
1731 2737 1845 2775 una

159 2808 319 2878 longa
343 2808 561 2878 syllaba
606 2809 746 2862 duas
792 2825 958 2879 posse
993 2808 1135 2879 poni
1162 2809 1404 2864 breves?
1449 2811 1524 2865 D.
1569 2809 1707 2874 Quis
1736 2811 1844 2865 hoc

158 2897 438 2967 negaverit
462 2899 491 2951 ?
515 2898 600 2950 Μ.
627 2897 770 2951 Hinc
789 2913 926 2967 ergo
951 2901 1034 2951 est
1057 2898 1210 2968 quod
1241 2915 1346 2969 pro
1371 2898 1563 2953 iambo
1593 2900 1680 2952 vel
1709 2899 1843 2953 cho-

158 2985 236 3038 rio
266 2986 615 3040 tribrachum
645 2987 939 3057 ponimus,
960 2991 1015 3040 et
1039 3003 1143 3058 pro
1166 2988 1416 3058 spondeo
1447 2987 1734 3059 dactylum
1754 2988 1841 3042 vel

156 3078 500 3144 anapaestum
537 3075 625 3128 vel
670 3075 1266 3145 proceleusmaticum,
1309 3091 1440 3130 cum
1481 3076 1569 3130 vel
1617 3092 1721 3147 pro
1762 3092 1844 3130 se-

157 3162 330 3216 cunda
358 3163 504 3233 ejus,
545 3163 630 3216 vel
663 3178 768 3232 pro
809 3162 998 3234 prima
1035 3163 1177 3217 duas
1206 3163 1402 3218 breves
1426 3163 1719 3234 ponimus,
1753 3165 1844 3218 vel

157 3255 391 3317 quatuor
408 3266 518 3322 pro
544 3254 808 3322 utraque.
841 3252 915 3306 D.
947 3251 1256 3306 Assentior.
1287 3253 1374 3306 Μ.
1405 3253 1512 3307 Fac
1534 3252 1707 3322 igitur
1736 3253 1845 3308 hoc

157 3337 300 3392 idem
333 3339 392 3392 in
424 3338 614 3394 ionico
645 3340 921 3410 quolibet,
953 3340 1040 3394 vel
1072 3340 1183 3394 alio
1217 3340 1493 3411 quopiam
1524 3341 1845 3411 quadrisyl-

159 3423 278 3478 labo
297 3442 393 3480 sex
412 3431 746 3496 temporum
777 3427 944 3497 pede,
977 3431 1032 3481 et
1059 3443 1166 3497 pro
1194 3443 1310 3482 una
1331 3429 1452 3498 ejus
1482 3443 1845 3499 quacumque

161 3512 320 3584 longa
350 3515 493 3569 duas
524 3515 724 3569 breves
765 3515 1045 3570 constitue
1069 3520 1108 3571 ι.
1136 3517 1284 3570 Num
1322 3517 1639 3588 quidquam
1680 3532 1843 3572 meu-

161 3617 297 3656 surai
327 3603 570 3673 deperit,
604 3607 704 3658 aut
740 3604 967 3674 plausui
995 3603 1255 3658 resistit?
1291 3605 1368 3659 D.
1401 3604 1552 3658 Nihil
1582 3604 1839 3659 omnino.

163 3691 238 3744 Μ.
283 3693 593 3747 Considera
635 3709 774 3764 ergo
823 3698 962 3764 quot
996 3693 1228 3763 syllabae
1267 3692 1433 3748 ﬁunt.
1474 3697 1538 3748 D.
1581 3693 1844 3764 Quinque

162 3779 275 3835 ﬁeri
302 3782 488 3838 video.
519 3783 603 3837 Μ.
646 3783 810 3837 Vides
845 3787 996 3836 certe
1027 3798 1190 3852 posse
1221 3787 1468 3853 quatuor
1496 3783 1844 3852 syllabarum

161 3883 449 3925 numerum
502 3871 715 3925 excedi.
770 3871 846 3926 D.
900 3869 1072 3924 Video
1120 3885 1274 3924 sane.
1319 3871 1402 3924 Μ.
1442 3869 1610 3936 Quid,
1652 3869 1699 3923 si
1738 3886 1842 3941 pro

160 3956 380 4025 duabus,
413 3975 547 4031 qum
592 3958 671 4012 ibi
717 3962 848 4012 sunt
888 3959 1096 4028 longae,
1136 3963 1381 4029 quatuor
1406 3959 1605 4013 breves
1635 3975 1843 4028 posue-

160 4045 272 4098 ris?
299 4064 489 4102 nonne
522 4047 584 4102 in
614 4062 730 4102 uno
760 4047 906 4117 pede
945 4063 1041 4101 sex
1071 4047 1314 4118 syllabas
1334 4063 1562 4102 necesse
1601 4051 1684 4101 est
1716 4063 1842 4102 me-

219 4133 230 4165 ¹
262 4133 318 4180 In
346 4135 402 4182 B.
426 4134 545 4183 Am.
572 4133 656 4196 Er.
687 4137 740 4182 et
770 4133 896 4181 Lov.
931 4145 943 4196 ξ
977 4135 1165 4196 Itaque
1183 4135 1423 4196 omnium
1441 4133 1634 4196 pedum
1654 4146 1844 4196 novem

162 4197 286 4260 suat,
299 4197 388 4260 qui
407 4197 558 4246 nullo
579 4195 687 4260 alio
708 4196 873 4245 mixlo
887 4194 1195 4260 rhythmum
1210 4194 1423 4260 faciunt
1439 4194 1456 4243 Ξ
1465 4194 1840 4260 pyrrhichius,

167 4256 474 4322 tribrachus,
496 4256 1181 4322 proceleusmaticus,_pwon
1206 4256 1489 4319 secundus,
1507 4256 1659 4322 pmori
1686 4272 1845 4321 quar-

169 4319 261 4376 tus,
279 4326 376 4384 etc.
406 4319 531 4369 Haec
552 4319 699 4384 addit
714 4320 980 4384 no_ta_edit.
1007 4320 1230 4370 Bened.:
1252 4323 1379 4370 Mss.
1402 4319 1574 4370 omnes
1591 4319 1719 4384 quos
1742 4333 1846 4384 per

167 4381 516 4446 nosi'mpicere
551 4381 726 4441 licuit,
767 4380 977 4442 habent,
1015 4387 1134 4431 octo
1158 4386 1384 4446 sunttel
1411 4396 1540 4446 mox,
1562 4380 1618 4432 iri
1656 4380 1844 4433 horum

165 4441 663 4512 pgdum‘recensione
676 4447 937 4504 omittunt,
949 4458 1117 4556 paeon
1134 4441 1426 4506 secundus;
1446 4445 1542 4509 qui
1561 4449 1734 4495 tamen
1749 4457 1843 4517 pes

167 4503 357 4570 videtur
385 4506 531 4570 haud
547 4518 708 4570 posse
729 4520 794 4556 ex
819 4505 929 4570 lege
987 4519 1032 4555 lc
1050 4510 1359 4570 praescripla
1383 4507 1697 4570 rhythmum
1730 4509 1843 4557 alio

169 4565 392 4617 admixto
405 4565 725 4633 peaeTucere
743 4584 760 4617 :
777 4565 982 4633 quippe
1001 4565 1126 4633 cum
1142 4565 1471 4633 posteriores
1484 4572 1700 4633 totidem
1723 4572 1846 4619 lem-

164 4639 347 4696 porum
381 4630 804 4696 pedes’_m-_isceri:
825 4630 914 4681 illi
946 4630 1229 4696 prohihéal
1257 4632 1488 4696 plausus
1514 4631 1846 4696 dispariles;

167 4691 355 4750 priores
381 4691 503 4756 uero
531 4691 577 4741 si
606 4692 690 4741 illi
728 4691 1043 4752 miscentur,
1083 4691 1392 4756 rhylhinum
1421 4693 1523 4743 sibi
1555 4691 1842 4753 vindicent,

167 4761 415 4820 suumque
440 4755 549 4820 ipsi
563 4767 767 4820 nomen
780 4758 1079 4818 imponant.
1104 4755 1444 4820 Quapropter
1466 4756 1733 4820 lectionem
1752 4768 1843 4806 re-

168 4815 412 4882 liytuimus
440 4815 733 4882 editionum
767 4815 881 4868 Ani.
920 4820 1092 4882 Eget
1119 4815 1244 4868 Lov'.
1286 4815 1437 4868 Falsa
1482 4818 1842 4882 suppositione

170 4876 340 4943 nititur
360 4878 490 4943 illud
512 4883 900 4943 argumentum,
925 4879 1122 4928 scilicet
1145 4894 1384 4943 pauonem
1407 4876 1696 4929 secundum
1723 4879 1844 4928 cum

169 4937 308 5006 nullo
329 4939 430 5006 alio
451 4937 597 5003 pede'
609 4937 1006 5006 posse‘misceri.
1025 4937 1160 4991 Nam
1178 4957 1329 5006 paeon
1350 4947 1587 5006 quartus,
1609 4946 1669 5006 ut
1692 4947 1845 4991 testa-

170 5001 246 5067 tur
259 4999 371 5067 libr.
393 5005 438 5058 2,
453 4999 516 5051 'n.
541 4999 624 5062 10,
640 5003 803 5052 dividi
824 5009 995 5067 potest
1014 5008 1112 5055 aut
1129 4999 1304 5055 in'duo
1321 4999 1516 5064 el'lria,
1530 4999 1630 5054 aut
1649 5003 1710 5054 in
1732 5007 1845 5067 lria

170 5060 342 5131 el‘duo
377 5060 673 5131 tenipora;_
693 5060 1191 5131 quze'divisioieum
1221 5067 1394 5131 paeoni
1424 5060 1655 5116 secundo
1685 5066 1844 5116 mari-

169 5122 240 5190 tat
254 5124 361 5190 s_ine
384 5122 600 5190 plausus
625 5122 945 5190 disparitate.
1012 5130 1079 5178 M.

222 5184 243 5218 ³
259 5186 371 5255 lino
385 5184 567 5239 'meum
593 5184 752 5255 eliain
781 5193 859 5255 l_u_,
879 5191 1034 5255 juxta
1052 5191 1133 5240 Er.
1164 5191 1328 5255 Lugd.
1356 5191 1487 5240 Ven.
1508 5193 1623 5242 Ima
1643 5203 1842 5252 meum,

167 5251 411 5366 magaba;
430 5252 636 5364 legum“
647 5256 771 5302 uxta
791 5251 914 5302 Mss.
940 5252 1000 5302 A.
1032 5255 1145 5304 Ima
1171 5251 1350 5305 me'um
1372 5258 1634 5318 estquam
1665 5258 1844 5314 tuum,

226 5370 245 5441 ξ
267 5372 441 5441 _l_lic_et
467 5377 626 5441 paulo
656 5379 793 5440 post,
824 5374 981 5441 quod,
1004 5375 1159 5438 juxta
1187 5365 1374 5428 Vaticf
1420 5379 1487 5428 M.

225 5433 345 5511 f_Er,
375 5433 538 5511 Lugd.
572 5433 699 5511 Veri.
727 5433 786 5488 et
803 5433 948 5498 L'ov.,
970 5433 1157 5511 'e'lpro
1183 5453 1296 5491 una
1321 5441 1496 5504 eius...
1525 5441 1843 5511 constituas.

169 5489 281 5568 glas.
318 5498 358 5546 A
390 5489 561 5568 etvllr,
602 5505 662 5552 ut
704 5515 806 5568 pro
844 5489 955 5553 una
999 5489 1118 5565 ejus
1143 5489 1495 5568 quacumque
1529 5489 1847 5568 maciam

174 5551 346 5610 breves
372 5551 678 5615 constituas.
704 5551 721 5565 ⁵
746 5551 814 5613 Μ.

1604 295 1818 354 LIBER
1857 293 2188 352 TERTIUS.

3515 302 3651 354 H22

1952 417 2048 473 tiri
2067 418 2189 472 ?D.
2219 417 2304 471 Ita
2334 420 2437 471 est.
2470 417 2556 472 Μ.
2588 416 2757 483 Quid,
2781 418 2829 470 si
2869 415 3172 486 cujuslibet
3202 417 3419 488 epitriti
3452 435 3656 474 omnes

1954 507 2163 577 longas
2193 507 2373 559 solvas
2401 504 2459 558 in
2483 505 2683 560 breves
2702 507 2732 559 ?
2759 519 2902 559 num
2942 504 3115 560 etiam
3146 505 3216 560 de
3241 510 3462 576 septem
3490 508 3654 579 sylla-

1953 595 2040 650 bis
2059 594 2437 649 dubitandum
2455 593 2580 648 est?
2602 595 2674 649 D.
2704 593 2868 648 Nullo
2888 593 3081 648 modo.
3107 595 3194 648 M.
3223 593 3369 658 Quid
3390 594 3514 665 ipse
3535 595 3656 649 dis-

1953 683 2260 754 pondeus?
2296 697 2488 736 nonne
2528 686 2653 735 octo
2684 682 2874 743 efﬁcit,
2909 698 3039 736 cum
3085 698 3190 752 pro
3225 682 3492 736 omnibus
3523 683 3652 737 lon-

1953 771 2040 842 gis
2071 771 2234 826 binas
2261 770 2460 824 breves
2490 770 2742 823 locamus
2762 768 2790 823 ?
2818 772 2892 825 D.
2925 770 3299 825 Verissimum
3332 774 3436 825 est.

2030 863 2112 914 l2.
2143 861 2228 913 Μ.
2265 860 2402 924 Quae
2446 857 2622 928 igitur
2663 858 2807 911 ratio
2845 863 2947 920 est,
3001 875 3114 929 qua
3150 859 3416 928 cogimur
3444 863 3501 913 et
3531 864 3653 914 tam

1954 948 2268 1001 multarum
2312 946 2658 1017 syllabarum
2709 945 2899 1000 metiri
2945 948 3138 1016 pedes,
3195 951 3252 1000 et
3301 948 3508 1018 pedem
3551 947 3652 1019 qui

1955 1035 2262 1090 adhibetur
2301 1036 2368 1089 ad
2417 1051 2710 1101 numeros,
2751 1051 2866 1088 non
2897 1035 3162 1089 excedere
3196 1041 3444 1108 quatuor
3479 1037 3651 1108 sylla—

1951 1124 2074 1193 bas,
2115 1129 2246 1179 ante
2277 1124 2530 1178 tractatis
2575 1122 2892 1177 rationibus
2921 1123 3302 1179 conﬁtemur?
3331 1143 3520 1180 nonne
3547 1126 3655 1180 tibi

1951 1211 2221 1266 videntur
2252 1211 2403 1266 inter
2433 1227 2491 1265 se
2523 1211 2628 1265 ista
2659 1212 2974 1282 pugnare?
3019 1211 3098 1266 D.
3138 1213 3259 1264 Imo
3291 1213 3558 1280 maxime,
3599 1217 3656 1267 et

1953 1301 2241 1372 quomodo
2283 1301 2436 1356 istud
2481 1300 2672 1371 pacari
2707 1300 2909 1370 possit,
2948 1299 3171 1370 ignoro.
3207 1302 3292 1354 Μ.
3337 1301 3515 1356 Etiam
3546 1303 3656 1357 hoc

1953 1390 2115 1444 facile
2145 1394 2248 1457 est,
2297 1390 2344 1443 si
2374 1394 2430 1444 te
2473 1389 2663 1461 ipsum
2691 1405 2922 1442 rursum
2952 1389 3291 1460 interroges,
3326 1395 3521 1445 utrum
3552 1407 3648 1445 ra-

1953 1477 2298 1548 tionabiliter
2325 1478 2472 1532 inter
2501 1494 2605 1531 nos
2639 1477 2812 1548 paulo
2839 1481 2969 1531 ante
2998 1477 3337 1545 constiterit,
3367 1477 3493 1533 ideo
3521 1494 3652 1550 pyr-

1953 1567 2260 1634 rhichium,
2291 1571 2348 1622 et
2376 1565 2945 1638 proceleusmaticum
2973 1565 3174 1637 plausu
3207 1566 3414 1621 debere
3441 1567 3649 1638 dijudi-

1954 1655 2070 1708 cari
2098 1659 2268 1726 atque
2301 1655 2567 1720 discerni,
2603 1671 2675 1708 ne
2709 1655 2782 1708 sit
2810 1655 2961 1708 ullus
2985 1671 3087 1726 pes
3118 1653 3390 1726 legitimae
3421 1655 3650 1710 divisio-

1951 1742 2063 1809 nis,
2117 1743 2216 1815 qui
2263 1743 2597 1814 rhythmum
2644 1759 2759 1796 non
2815 1741 3002 1807 faciat,
3064 1743 3282 1826 id‘est,
3341 1747 3403 1797 ut
3458 1760 3523 1798 ex
3584 1761 3651 1799 eo

1952 1832 2254 1903 rhythmus
2282 1831 2630 1885 nominetur.
2679 1832 2754 1884 D.
2806 1832 2922 1884 Hoc
2965 1846 3096 1884 vero
3132 1831 3392 1898 memini,
3439 1837 3495 1886 et
3531 1848 3649 1888 non

1951 1919 2179 1974 invenio
2221 1935 2322 1973 cur
2365 1918 2510 1973 mihi
2554 1917 2834 1990 placuisse
2881 1917 3190 1988 paeniteat:
3233 1919 3331 1973 sed
3371 1935 3647 1990 quorsum

1951 2007 2058 2062 ista
2078 2008 2105 2062 ἰ’
2135 2009 2220 2062 Μ.
2270 2007 2413 2072 Quia
2442 2006 2656 2061 scilicet
2697 2007 2756 2060 hi
2795 2021 2994 2060 omnes
3023 2006 3197 2076 pedes
3235 2013 3648 2078 quaternarum

1953 2097 2321 2167 syllabarum,
2340 2101 2569 2167 excepto
2600 2095 3028 2166 amphibracho,
3053 2094 3385 2166 rhythmum
3408 2097 3646 2165 faciunt,

1953 2184 2008 2239 id
2040 2189 2144 2251 est,
2191 2183 2577 2255 principatum
2614 2183 2674 2237 in
2717 2182 2978 2253 rhythmo
3007 2185 3226 2250 tenent,
3261 2199 3506 2256 eumque
3536 2202 3644 2241 usu
3683 2225 3685 2232 τ

1955 2278 2010 2327 et
2046 2273 2279 2327 nomine
2309 2273 2600 2327 efﬁciunt:
2647 2272 2731 2326 illi
2773 2287 2906 2326 vero
2952 2271 3051 2342 qui
3079 2271 3272 2342 plures
3303 2289 3475 2344 quam
3504 2291 3648 2346 qua-

1953 2366 2084 2417 tuor
2111 2361 2352 2432 syllabas
2382 2361 2627 2428 habent,
2654 2359 2820 2414 multi
2859 2359 3092 2430 quidem
3115 2375 3221 2430 pro
3248 2361 3334 2414 his
3365 2363 3504 2432 poni
3523 2380 3652 2434 pos-

1955 2451 2124 2504 sunt1
2151 2465 2164 2517 ;
2189 2451 2285 2504 sed
2326 2449 2435 2521 ipsi
2462 2465 2567 2520 per
2604 2465 2661 2504 se
2688 2449 3021 2520 rhythmum
3054 2448 3258 2515 facere,
3293 2466 3356 2504 ac
3389 2451 3645 2522 rhythmi

1955 2554 2164 2592 nomen
2193 2537 2450 2592 obtinere
2489 2554 2602 2592 non
2641 2542 2919 2610 possunt:
2953 2542 3008 2591 et
3037 2538 3165 2592 ideo
3196 2554 3268 2592 ne
3311 2539 3486 2610 pedes
3517 2539 3649 2611 qui-

1953 2626 2084 2681 dem
2114 2626 2252 2681 istos
2280 2627 2648 2698 appellandos
2678 2626 3018 2697 putaverim.
3050 2625 3432 2690 Quamobrem
3471 2644 3647 2700 repu-

1954 2715 2190 2786 gnantia
2213 2715 2312 2768 illa
2336 2731 2465 2787 quas
2493 2731 2596 2770 nos
2617 2715 2897 2782 movebat,
2916 2715 3058 2785 jam,
3081 2719 3147 2770 ut
3165 2715 3389 2786 opinor,
3420 2734 3653 2790 compo-

1954 2802 2063 2856 sita
2127 2808 2213 2857 est
2269 2808 2325 2856 et
2381 2804 2586 2874 sopita,
2645 2803 3115 2874 quandoquidem
3164 2804 3295 2857 licet
3349 2809 3406 2858 et
3455 2806 3652 2875 plures

1954 2890 2198 2961 syllabas
2227 2907 2402 2962 quam
2447 2897 2697 2963 quatuor
2732 2908 2835 2963 pro
2879 2891 3073 2963 aliquo
3123 2893 3266 2961 pede
3313 2909 3552 2962 ponere,
3590 2898 3646 2948 et

1953 2980 2160 3051 pedem
2191 2984 2384 3034 tamen
2418 2996 2532 3035 non
2566 2981 2872 3052 appellare,
2905 2979 3015 3034 nisi
3040 2995 3170 3034 eum
3203 2996 3317 3052 quo
3349 2981 3651 3052 rhythmus

1955 3069 2251 3123 efﬁciatur.
2285 3069 2596 3140 Oportebat
2619 3070 2774 3124 enim
2801 3069 2937 3140 pedi
2955 3069 3226 3123 constitui
3244 3069 3494 3141 aliquem
3523 3087 3653 3125 mo-

1957 3157 2094 3212 dum
2125 3157 2542 3229 progressionis
2580 3158 2641 3212 in
2687 3157 2931 3229 syllabis.
2974 3158 3025 3211 Is
3054 3161 3243 3211 autem
3272 3157 3478 3212 modus
3515 3175 3646 3213 con-

1955 3245 2116 3300 stitui
2145 3246 2359 3317 optime
2388 3246 2591 3318 potuit,
2632 3246 2732 3317 qui
2765 3246 2834 3300 de
2864 3245 2988 3316 ipso
3019 3260 3392 3301 numerorum
3423 3246 3644 3301 ratione

1953 3335 2263 3392 translatus
2302 3335 2364 3390 in
2404 3335 2772 3407 quaternario
2811 3333 3084 3388 constitit.
3124 3336 3322 3406 Itaque
3351 3336 3653 3407 longarum

1954 3424 2300 3495 syllabarum
2347 3430 2592 3496 quatuor
2621 3440 2719 3494 pes
2749 3439 2869 3478 esse
2900 3422 3108 3494 potuit.
3145 3425 3288 3479 Cum
3319 3427 3509 3478 autem
3543 3440 3649 3495 pro

1956 3528 2023 3567 eo
2053 3513 2254 3568 breves
2285 3520 2408 3567 octo
2450 3511 2869 3579 constituimus,
2911 3511 3183 3583 quoniam
3226 3515 3450 3566 tantum
3485 3511 3655 3583 spatii

1953 3597 2169 3654 habent
2205 3600 2267 3654 in
2308 3604 2590 3671 tempore,
2634 3617 2741 3671 pro
2789 3601 2966 3654 altero
3012 3599 3152 3670 poni
3197 3604 3452 3671 possunt.
3509 3601 3656 3664 Quia

1955 3703 2090 3741 vero
2136 3689 2452 3759 legitimam
2491 3688 2976 3760 progressionem,
3010 3689 3065 3741 id
3096 3693 3180 3742 est
3218 3689 3652 3759 quaternarium

1955 3788 2260 3828 numerum
2294 3775 2588 3839 excedunt,
2625 3791 2730 3844 pro
2780 3791 2839 3829 se
2879 3775 2988 3845 ipsi
3019 3774 3180 3845 poni,
3214 3791 3278 3828 ac
3315 3776 3652 3846 rhythmum

1955 3861 2192 3933 gignere
2217 3878 2336 3915 non
2366 3878 2536 3916 sensu
2563 3863 2810 3929 aurium,
2833 3863 2930 3916 sed
2963 3861 3279 3932 disciplina:
3310 3863 3434 3934 lege
3455 3863 3654 3934 prohi-

1953 3950 2179 4006 bentur.
2208 3951 2332 4005 Nisi
2363 3951 2752 4005 contradicere
2782 3949 2998 4021 aliquid
3028 3966 3213 4021 paras.

2027 4041 2112 4094 l3.
2149 4040 2218 4094 D.
2251 4041 2393 4094 Paro
2424 4055 2581 4109 sane,
2628 4043 2686 4094 et
2709 4039 2828 4110 jam
2860 4039 3084 4094 faciam.
3117 4040 3260 4094 Nam
3296 4039 3438 4110 quid
3469 4031 3650 4110 impe-

1955 4127 2151 4183 diebat
2190 4144 2371 4199 usque
2417 4128 2487 4182 ad
2536 4127 2892 4183 octonarium
2946 4143 3253 4183 numerum
3305 4128 3653 4200 syllabarum

1953 4216 2220 4288 progredi
2257 4217 2486 4288 pedem,
2532 4233 2663 4272 cum
2720 4217 2986 4272 eumdem
3037 4205 3343 4272 numerum
3398 4218 3471 4272 ad
3521 4218 3656 4289 rhy-

1953 4306 2180 4360 thmum
2204 4305 2424 4361 admitti
2455 4323 2619 4378 posse
2644 4306 2938 4361 videamus
2956 4308 2986 4361 ?
3002 4309 3196 4378 Neque
3225 4306 3380 4361 enim
3404 4323 3497 4361 me
3521 4323 3651 4361 mo-

1953 4399 2062 4462 vet,
2096 4395 2250 4466 quod
2278 4412 2384 4466 pro
2415 4395 2528 4450 alio
2558 4394 2698 4450 dicis
2728 4395 2948 4450 admitti
2980 4416 2996 4464 ;
3024 4395 3140 4451 imo
3188 4397 3293 4451 hoc
3333 4412 3427 4450 me
3466 4395 3655 4465 magis

1956 4483 2225 4538 admonet
2253 4500 2534 4556 quaerere,
2563 4485 2650 4539 vel
2681 4485 2871 4556 potius
2899 4485 3100 4557 quaeri,
3143 4485 3294 4556 quod
3335 4501 3449 4539 non
3479 4485 3655 4540 etiam

1956 4587 2056 4626 suo
2086 4573 2324 4629 nomine
2361 4573 2683 4628 admittitur
2716 4573 2950 4645 qui‘pro
2985 4574 3096 4628 alio
3139 4578 3342 4644 potest.
3391 4575 3475 4628 Μ.
3525 4575 3655 4628 Νοη

1955 4661 2164 4716 mirum
2207 4666 2312 4730 est,
2356 4663 2510 4734 quod
2552 4661 2645 4716 hic
2685 4662 2937 4732 falleris;
2987 4662 3086 4716 sed
3133 4662 3311 4717 facilis
3349 4662 3653 4734 explicatio

1954 4750 2076 4803 veri
2115 4753 2215 4804 est.
2244 4750 2382 4803 Nam
2423 4754 2485 4803 ut
2525 4749 2786 4804 omittam
2813 4753 2972 4804 tanta
2999 4767 3126 4822 quas
3152 4767 3257 4822 pro
3285 4752 3653 4822 quaternario

1957 4852 2198 4891 numero
2225 4837 2343 4908 jam
2372 4840 2502 4891 ante
2537 4837 2824 4907 disputata
2856 4841 3008 4901 sunt,
3042 4855 3142 4892 cur
3171 4836 3353 4910 usque
3385 4839 3455 4894 ad
3487 4839 3654 4894 illum

1953 4924 2078 4979 ﬁeri
2107 4925 2309 4980 debeat
2346 4925 2668 4996 progressio
2713 4927 3092 4998 syllabarum;
3125 4927 3214 4982 fac
3241 4944 3334 4984 me
3366 4928 3488 4999 jam
3531 4943 3652 4982 ces-

1955 5013 2089 5068 sisse
2118 5013 2220 5068 tibi
2263 5019 2320 5069 et
2362 5015 2712 5069 consensisse
2748 5032 2925 5087 usque
2955 5015 3175 5076 in_octo
3215 5017 3456 5088 syllabas
3485 5015 3650 5086 pedis

1956 5101 2163 5157 debere
2193 5102 2613 5174 longitudinem
2642 5105 2896 5176 porrigi:
2939 5121 3079 5161 num
3128 5106 3393 5160 resistere
3436 5103 3654 5174 poteris

1957 5207 2076 5246 esse
2111 5192 2233 5264 jam
2280 5209 2442 5264 posse
2492 5197 2618 5248 octo
2665 5193 2970 5265 longarum
3015 5195 3360 5266 syllabarum
3398 5191 3655 5262 pedem?

1957 5280 2117 5334 Certe
2145 5280 2299 5335 enim
2345 5281 2416 5336 ad
2461 5298 2633 5354 quem
2679 5299 2986 5338 numerum
3015 5283 3358 5355 syllabarum
3390 5279 3652 5350 pervenit

1955 5383 2078 5440 pes,
2106 5385 2226 5424 non
2271 5371 2424 5425 solus
2477 5371 2544 5426 ad
2591 5387 2724 5428 eum
2772 5372 3030 5444 pervenit
3068 5371 3168 5442 qui
3212 5367 3504 5435 brevibus,
3547 5368 3647 5424 sed

2021 5505 2038 5538 ¹
2060 5503 2254 5554 Vatic.:
2283 5504 2379 5569 Illi
2402 5508 2629 5569 veropqul
2650 5505 2836 5569 plures
2863 5505 3274 5569 quamgquaguor
3291 5499 3537 5565 syllabas
3557 5499 3655 5553 ha-

1960 5565 2103 5627 bent,
2130 5578 2233 5630 pro
2257 5567 2380 5620 aliis
2395 5567 2529 5631 poni
2547 5564 2796 5631 possunt,
2821 5564 2909 5617 sed
2936 5564 3062 5628 lpsl.’
3117 5564 3182 5611 M.
