4064 6348
476 264 610 317 H23

473 386 646 441 etiam
677 383 776 453 qui
817 382 1008 453 longis
1036 379 1264 451 syllabis
1293 383 1530 434 constat.
1561 378 1684 442 Quo
1714 377 1781 432 ﬁt
1819 381 1882 431 ut
1909 376 2166 430 adhibita

472 490 670 528 rursus
698 489 765 526 ea
807 473 951 542 lege,
995 487 1123 542 quae
1167 468 1430 539 abrogari
1476 484 1593 522 non
1628 470 1837 538 potest,
1870 482 1984 536 qua
2025 465 2166 519 duas

473 563 670 617 breves
714 576 820 631 pro
861 577 977 614 una
1023 560 1192 629 longa
1220 558 1358 629 poni
1393 557 1546 624 licet,
1587 556 1659 610 ad
1687 555 1968 610 sexdecim
2000 555 2166 624 sylla-

475 651 574 704 bas
615 647 1040 720 pertendamus.
1091 646 1196 701 Ubi
1233 645 1280 700 si
1307 661 1503 700 rursus
1549 644 1708 715 pedis
1751 643 2166 697 incrementum

474 742 720 792 statuere
761 736 1027 801 volueris,
1069 735 1130 788 in
1167 733 1407 806 triginta
1438 733 1580 787 duas
1619 732 1816 786 breves
1855 731 2163 802 proﬁcisci-

474 840 606 879 mur
632 841 646 878 :
679 825 790 879 huc
819 839 1044 894 quoque
1065 823 1211 876 ratio
1238 826 1338 876 tua
1361 821 1567 891 pedem
1596 825 1652 875 te
1681 819 1972 890 compellit
1993 819 2167 872 addu-

473 928 620 980 cere,
664 917 720 967 et
763 928 962 967 rursus
1008 912 1100 966 lex
1137 911 1236 964 illa
1273 910 1514 979 duplum
1553 924 1856 963 numerum
1905 907 2165 962 brevium

470 1017 576 1070 pro
604 1001 790 1072 longis
820 1001 1005 1055 locare
1035 1016 1048 1054 :
1083 1003 1254 1069 atque
1301 998 1380 1051 ita
1415 997 1606 1051 nullus
1635 997 2010 1050 constituetur
2039 1011 2163 1049 mo-

473 1087 599 1143 dus.
631 1089 707 1144 D.
738 1089 863 1143 Jam
909 1088 1046 1142 cedo
1091 1085 1320 1151 rationi,
1367 1101 1481 1155 qua
1531 1101 1710 1155 usque
1755 1085 1823 1139 ad
1861 1089 2164 1155 quaterna-

471 1176 623 1231 rium
655 1177 1002 1247 syllabarum
1032 1190 1336 1229 numerum
1366 1189 1766 1243 promovemus
1795 1173 2020 1243 pedem.
2055 1173 2163 1225 Pro

471 1265 575 1334 his;
594 1268 788 1319 autem
812 1263 1084 1335 legitimis
1106 1262 1346 1334 pedibus
1375 1261 1513 1333 poni
1531 1266 1800 1331 oportere
1831 1261 2005 1332 pedes
2031 1260 2162 1329 plu-

472 1353 625 1407 rium
647 1353 1012 1423 syllabarum,
1040 1353 1178 1406 dum
1194 1351 1392 1405 breves
1413 1349 1543 1404 duae
1569 1349 1740 1405 unius
1760 1350 1947 1420 longae
1975 1350 2164 1403 locum

474 1445 756 1512 occupant
778 1458 893 1496 non
920 1457 1139 1494 recuso.

474 1531 700 1586 CAPUT
730 1531 819 1585 VI.
865 1561 935 1568 —
979 1529 1142 1584 Pedes
1185 1533 1420 1598 quatuor
1459 1526 1685 1595 syllabis
1725 1527 1989 1594 longiores
2029 1527 2161 1594 rhy-

777 1620 982 1672 thmum
1006 1633 1100 1671 suo
1127 1619 1339 1671 nomine
1364 1619 1543 1682 facere
1566 1620 1850 1684 nequeunt.
1913 1647 1918 1650 -

546 1709 630 1761 14.
663 1708 748 1761 Μ.
783 1707 964 1760 Facile
995 1711 1079 1760 est
1108 1721 1242 1776 ergo
1285 1709 1338 1758 te
1374 1704 1549 1759 etiam
1591 1704 1734 1758 illud
1771 1703 1961 1758 videre
1993 1707 2163 1773 atque

470 1795 798 1861 concedere,
831 1795 973 1848 alios
1001 1794 1174 1864 pedes
1213 1809 1333 1847 esse
1360 1809 1466 1862 pro
1499 1791 1609 1858 his,
1641 1807 1815 1860 penes
1852 1807 1994 1862 quos
2023 1791 2163 1861 rhy-

467 1883 616 1938 thmi
663 1887 748 1938 est
793 1883 1164 1955 principatus,
1198 1882 1340 1936 alios
1373 1881 1470 1952 qui
1503 1896 1634 1934 cum
1664 1880 1755 1934 his
1794 1881 2158 1934 collocantur.

468 1971 610 2026 Nam
653 1971 752 2026 ubi
781 1988 885 2042 pro
918 1971 1102 2042 longis
1131 1969 1371 2040 singulis
1399 1969 1767 2040 geminantur
1803 1969 2024 2038 breves,
2055 1957 2160 2038 pro

467 2075 533 2114 eo
577 2060 678 2131 qui
704 2060 1037 2131 rhythmum
1067 2059 1307 2126 obtinet,
1340 2059 1516 2113 alium
1547 2059 1838 2124 locamus;
1872 2058 2026 2112 velut
2055 2073 2159 2127 pro

465 2148 658 2203 iambo
687 2150 778 2203 vel
821 2150 1070 2203 trochaeo
1100 2147 1468 2211 tribrachum,
1511 2150 1608 2200 aut
1636 2162 1740 2216 pro
1772 2145 2026 2216 spondeo
2059 2145 2160 2198 da-

471 2236 687 2307 ctylum
735 2239 833 2290 aut
866 2239 1217 2306 anapaestum
1265 2239 1361 2288 aut
1414 2232 2000 2304 proceleusmaticum.
2057 2231 2163 2286 Ubi

464 2339 599 2378 vero
628 2339 746 2378 non
787 2322 942 2377 idem
983 2322 1066 2388 ﬁt,
1098 2338 1215 2376 non
1256 2337 1360 2392 pro
1392 2336 1481 2387 eo,
1522 2321 1622 2375 sed
1667 2336 1799 2374 cum
1829 2337 1895 2375 eo
1926 2321 2162 2391 ponitur

467 2411 726 2483 quisquis
752 2413 1020 2466 miscetur
1047 2410 1385 2464 inferiorum
1410 2426 1424 2476 ;
1445 2413 1510 2464 ut
1529 2425 1660 2462 cum
1683 2409 1906 2479 dactylo
1938 2425 2162 2479 anapae-

467 2503 608 2567 stus,
639 2515 770 2554 cum
806 2499 996 2553 ionico
1040 2515 1174 2554 vero
1211 2498 1485 2554 utrolibet
1532 2498 1817 2554 diiambus
1846 2499 1933 2553 vel
1963 2497 2160 2552 dicho-

467 2586 588 2641 rius
615 2603 628 2642 :
662 2592 718 2642 et
749 2587 954 2658 reliqui
983 2586 1244 2643 similiter
1268 2605 1370 2642 suo
1393 2588 1523 2659 jure
1547 2603 1678 2642 cum
1703 2586 1938 2642 caeteris.
1959 2588 2047 2641 An
2064 2603 2160 2656 pa-

465 2692 598 2730 rum
617 2675 722 2730 tibi
751 2675 1085 2745 dilucidum,
1110 2676 1200 2730 vel
1220 2675 1428 2730 falsum
1456 2675 1720 2730 videtur?
1750 2678 1823 2730 D.
1851 2677 1976 2730 Jam
1997 2675 2161 2730 intel-

466 2763 607 2834 ligo.
667 2765 752 2818 M.
806 2765 1106 2834 Responde
1162 2781 1298 2834 ergo
1355 2769 1551 2818 utrum
1597 2764 1682 2819 illi
1730 2765 1829 2836 qui
1882 2781 1988 2834 pro
2032 2763 2158 2818 aliis

466 2855 784 2921 ponuntur,
807 2852 1029 2922 possint
1051 2851 1224 2906 etiam
1253 2851 1364 2923 ipsi
1385 2868 1489 2922 per
1508 2868 1565 2905 se
1585 2852 1770 2907 facere
1798 2853 2153 2923 rhythmum.

463 2942 539 2994 D.
595 2942 856 2995 Possunt.
912 2942 998 2995 Μ.
1063 2941 1291 2996 Omnes.
1353 2942 1425 2995 D.
1477 2941 1707 2997 Omnes.
1763 2943 1848 2995 Μ.
1902 2943 2047 3010 Ergo
2103 2944 2158 2994 et

465 3029 720 3100 quinque
741 3029 1089 3100 syllabarum
1117 3046 1218 3100 pes
1233 3034 1424 3100 potest
1444 3047 1546 3084 suo
1567 3029 1802 3084 nomine
1823 3030 2157 3100 rhythmum

461 3117 667 3186 facere,
725 3118 860 3188 quia
922 3135 1028 3188 pro
1075 3118 1308 3172 bacchio
1367 3119 1457 3172 vel
1502 3119 1706 3173 cretico
1758 3118 1847 3173 vel
1904 3118 2158 3189 quolibet

463 3222 667 3276 paeone
694 3205 833 3276 poni
863 3210 1071 3276 potest.
1105 3207 1181 3260 D.
1230 3208 1353 3260 Non
1398 3211 1579 3277 potest
1611 3206 1880 3277 quidem;
1912 3207 2008 3260 sed
2033 3207 2155 3276 jam

461 3293 637 3348 istum
670 3310 788 3348 non
815 3309 1083 3348 vocamus
1110 3294 1338 3364 pedem,
1360 3294 1405 3348 si
1434 3294 1850 3364 pr0gressionis
1878 3295 2030 3348 illius
2059 3311 2155 3348 us-

463 3397 575 3453 que
607 3381 678 3436 ad
715 3382 1144 3452 quaternarium
1177 3398 1483 3437 numerum
1521 3383 1657 3437 satis
1686 3383 1925 3437 memini
1955 3385 1993 3438 ί.
2039 3385 2152 3452 Ego

462 3474 656 3524 autem
713 3486 844 3524 cum
909 3486 1110 3524 omnes
1155 3487 1317 3542 posse
1380 3471 1672 3540 respondi,
1730 3471 1904 3542 pedes
1957 3471 2153 3542 utique

461 3574 628 3630 posse
682 3558 977 3629 respondi.
1036 3560 1122 3614 Μ.
1173 3559 1364 3614 Laudo
1410 3559 1583 3615 etiam
1628 3560 1690 3624 in
1733 3559 1968 3614 nomine
2015 3561 2152 3615 reti-

461 3649 648 3704 nendo
697 3648 1052 3719 diligentiam
1107 3652 1164 3702 et
1204 3647 1557 3719 vigilantiam
1611 3653 1794 3704 tuam.
1863 3649 1970 3704 Sed
2013 3649 2154 3703 scias

459 3737 655 3792 multis
689 3736 876 3792 visum
923 3753 1044 3791 esse
1087 3737 1262 3792 etiam
1290 3753 1558 3792 senarum
1599 3738 1948 3809 syllabarum
1979 3737 2154 3807 pedes

458 3826 901 3897 nuncupandos;
935 3826 1030 3880 sed
1060 3825 1328 3896 amplius,
1361 3826 1516 3897 quod
1544 3826 1738 3894 sciam,
1770 3825 1991 3880 nemini
2028 3827 2152 3896 pla-

457 3915 593 3972 cuit.
637 3916 705 3969 Et
739 3914 827 3968 illi
869 3913 1074 3985 quibus
1103 3915 1209 3968 hoc
1255 3913 1487 3985 placuit,
1528 3918 1880 3984 negaverunt
1908 3913 1978 3968 ad
2011 3914 2150 3984 rhy-

454 4003 701 4070 thmum,
733 4005 832 4057 aut
859 4003 933 4057 ad
957 4006 1205 4056 metrum
1224 4019 1329 4073 per
1348 4019 1407 4056 se
1437 4003 1791 4073 gignendum
1809 4007 1925 4056 tam
1951 4003 2151 4072 longos

455 4094 631 4164 pedes
675 4091 934 4146 adbiberi
976 4096 1258 4161 oportere.
1301 4092 1500 4161 Itaque
1541 4108 1614 4146 ne
1654 4092 1891 4146 nomina
1921 4092 2150 4162 quidem

457 4180 546 4234 his
584 4179 936 4234 indiderunt.
969 4178 1242 4242 Quocirca
1267 4178 1594 4234 verissimus
1637 4183 1721 4234 est
1757 4179 1853 4234 ille
1881 4196 2150 4250 progres-

457 4268 632 4322 sionis
659 4268 884 4332 modus,
919 4267 1020 4336 qui
1043 4283 1227 4336 usque
1256 4268 1326 4320 ad
1347 4271 1595 4336 quatuor
1623 4268 1866 4338 syllabas
1893 4270 2153 4338 pervenit

456 4355 926 4428 quandoquidem
972 4354 1034 4408 hi
1077 4370 1275 4408 omnes
1318 4355 1512 4425 pedes,
1561 4354 1768 4426 quibus
1811 4356 2002 4410 divisis
2039 4357 2150 4411 duo

457 4444 582 4499 ﬁeri
605 4459 724 4498 non
753 4447 1014 4514 possunt,
1035 4443 1326 4514 conjuncti
1354 4444 1558 4513 pedem
1583 4445 1769 4498 facere
1798 4450 2110 4515 potuerunt
2133 4462 2145 4513 ;

457 4537 512 4587 et
537 4533 620 4586 ita
659 4532 760 4604 qui
799 4531 862 4586 in
895 4536 1114 4588 sextam
1153 4532 1428 4602 syllabam
1466 4548 1648 4604 usque
1677 4533 1962 4603 progressi
1993 4539 2146 4602 sunt,

456 4636 670 4676 nomen
697 4625 922 4676 tantum
947 4621 1105 4693 pedis
1122 4621 1183 4676 in
1205 4637 1319 4689 eos,
1349 4621 1451 4693 qui
1472 4626 1736 4692 quartam
1764 4629 2146 4690 excesserunt,

454 4710 762 4764 transferre
810 4710 934 4764 ausi
973 4715 1143 4778 sunt;
1198 4711 1269 4765 ad
1297 4710 1686 4782 principatum
1732 4727 1885 4778 vero,
1935 4711 2033 4782 qui
2066 4713 2150 4766 est

455 4798 517 4852 in
546 4798 827 4870 rhythmis
867 4803 922 4853 et
950 4799 1164 4866 metris,
1208 4801 1365 4855 nullo
1396 4800 1566 4855 modo
1599 4818 1692 4856 eos
1721 4800 1972 4872 aspirare
2003 4800 2146 4854 sivo-

456 4891 610 4943 runt.
643 4887 750 4941 Sed
790 4903 921 4942 cum
958 4905 1062 4959 pro
1098 4889 1282 4960 longis
1320 4890 1523 4944 breves
1556 4890 1940 4962 duplicantur,
1974 4890 2146 4944 etiam

456 4978 527 5032 ad
573 4975 876 5048 septimam
919 4983 1090 5048 atque
1132 4982 1410 5048 octavam,
1440 4983 1504 5034 ut
1527 4980 1646 5050 jam
1691 4979 1943 5034 ostendit
1979 4980 2145 5050 ratio,

456 5067 730 5138 syllabam
767 5067 1130 5141 pervenitur:
1178 5068 1250 5122 ad
1297 5085 1469 5139 quem
1501 5085 1810 5124 numerum
1852 5086 2021 5124 nemo
2056 5073 2144 5124 te-

452 5156 637 5212 tendit
672 5155 898 5227 pedem.
931 5154 1037 5209 Sed
1069 5155 1343 5224 quoniam
1377 5156 1542 5211 video
1582 5162 1838 5212 constare
1867 5157 2014 5212 inter
2045 5174 2148 5212 nos

455 5243 771 5315 quemlibet
784 5241 1038 5313 plurium
1059 5258 1232 5312 quam
1251 5247 1495 5312 quatuor
1511 5246 1878 5314 syllabarum,
1897 5263 2024 5300 cum
2042 5262 2146 5317 pro

520 5335 536 5366 ¹
566 5332 650 5383 Sic
671 5331 798 5380 Mss.
827 5331 870 5380 A
898 5331 1033 5389 etB;
1065 5333 1118 5378 at
1137 5329 1191 5377 in
1212 5329 1510 5393 B._legitur,
1538 5331 1630 5381 sed
1637 5333 1757 5393 jam
1780 5333 2017 5385 istarum
2040 5346 2147 5384 non

453 5396 636 5445 vocari
659 5392 872 5458 pedem,
894 5396 936 5441 si
954 5394 1249 5458 progressio
1272 5391 1417 5458 illius
1429 5393 1594 5458 intra
1612 5391 2018 5458 quaternarlum
2043 5409 2146 5446 nu-

453 5453 676 5506 merum?
695 5453 1116 5520 transeatisutis
1156 5453 1397 5503 memini.
1429 5454 1512 5502 Er.
1554 5453 1717 5517 Lugd.
1752 5457 1900 5506 Ven..
1944 5462 1985 5510 si
2017 5471 2146 5520 pro-

455 5520 747 5578 gressione,
779 5521 875 5567 etc.
945 5518 1011 5565 M.

1753 256 1846 311 DE
1885 253 2169 322 MUSICA,
2213 254 2266 309 S.
2309 252 2694 308 AUGUSTINI

3871 257 3989 308 1124

2277 375 2450 444 longa
2479 375 2619 429 duas
2661 374 2860 429 breves
2894 372 3184 443 ponimus,
3243 390 3361 428 non
3399 391 3535 430 cum
3575 373 3676 429 his
3727 373 3990 444 legitimis

2276 463 2532 534 pedibus,
2565 463 2664 516 sed
2704 479 2806 533 pro
2852 463 2939 516 his
2983 479 3146 534 posse
3184 463 3342 533 poni,
3387 481 3581 535 neque
3623 479 3741 534 per
3791 463 3987 534 seipsos

2273 553 2603 623 rhythmum
2653 567 2864 615 creare,
2914 568 2986 605 ne
3017 551 3076 605 in
3119 551 3412 606 inﬁnitum
3448 557 3544 606 eat
3574 552 3753 624 quod
3782 553 3985 606 ratione

2273 641 2591 695 ﬁniendum
2609 644 2713 707 est,
2745 639 2992 711 satisque
3009 641 3132 711 jam
3154 640 3304 694 inter
3333 658 3440 696 nos
3466 642 3538 696 de
3566 641 3870 712 rhythmo
3895 642 3984 694 exi-

2273 729 2442 782 stimo
2487 729 2874 799 disputatum;
2933 732 3288 784 transeamus
3315 731 3386 785 ad
3429 733 3644 800 metra,
3695 729 3750 784 si
3795 729 3984 800 placet.

2277 817 2347 870 1).
2381 817 2571 870 Placet
2599 832 2752 870 vero.

2362 904 2586 959 CAPUT
2617 905 2740 958 VII.
2768 934 2838 944 —
2863 907 2938 959 De
2963 910 3128 958 metro
3152 905 3348 974 quibus
3373 910 3424 960 et
3457 911 3589 976 quot
3619 908 3909 962 mininum

2802 996 3162 1048 constituatur
3189 994 3436 1063 pedibus.

2344 1085 2429 1136 15.
2454 1085 2524 1138 Μ.
2550 1081 2648 1135 Dic
2673 1080 2869 1152 igitur,
2890 1087 3216 1138 metrumne
3236 1082 3534 1138 arbitreris
3555 1083 3819 1154 pedibus
3844 1083 3981 1148 ﬁeri,

2271 1185 2343 1223 an
2368 1169 2542 1240 pedes
2584 1175 2788 1224 metro.
2836 1171 2907 1226 D.
2959 1172 3082 1226 Non
3123 1172 3401 1243 intelligo.
3434 1175 3508 1228 Μ.
3543 1173 3820 1228 Pedesne
3851 1190 3984 1227 con-

2263 1257 2450 1327 juncti
2479 1265 2729 1311 metrum
2750 1264 2962 1325 creant,
2993 1275 3068 1313 an
3091 1260 3287 1314 metris
3310 1261 3630 1330 conjunctis
3658 1261 3848 1331 pedes
3877 1278 3985 1315 cre-

2271 1349 2483 1400 antur?
2517 1347 2590 1400 D.
2624 1346 2748 1400 Scio
2774 1346 2895 1417 jam
2920 1347 3058 1415 quid
3089 1347 3258 1414 dicas,
3295 1353 3350 1402 et
3379 1348 3708 1419 conjunctis
3739 1349 3984 1418 pedibus

2269 1437 2519 1487 metrum
2548 1433 2674 1487 ﬁeri
2703 1439 2860 1505 puto.
2895 1435 2978 1488 Μ.
3013 1435 3124 1489 Cur
3151 1436 3383 1490 tandem
3406 1435 3461 1491 id
3481 1439 3701 1507 putas?
3725 1438 3811 1492 D.
3847 1439 3986 1502 Quia

2267 1521 2418 1575 inter
2442 1522 2776 1592 rhythmum
2797 1526 2852 1575 et
2872 1527 3120 1577 metrum
3142 1524 3252 1578 hoc
3270 1524 3546 1579 interesse
3571 1525 3803 1594 dixisti,
3833 1528 3983 1598 quod

2270 1609 2326 1664 in
2356 1610 2624 1679 rhythmo
2652 1611 2934 1665 contextio
2968 1613 3180 1683 pedum
3201 1613 3426 1667 nullum
3457 1619 3679 1668 certum
3706 1615 3897 1671 habet
3923 1616 3984 1670 ti-

2268 1714 2421 1760 nem,
2455 1697 2515 1751 in
2545 1704 2729 1752 metro
2761 1716 2893 1753 vero
2932 1701 3141 1755 habet:
3183 1700 3262 1754 ita
3292 1700 3396 1755 ista
3436 1703 3653 1773 pedum
3685 1707 3981 1759 contextio

2269 1791 2325 1840 et
2349 1787 2604 1857 rhythmi
2634 1792 2690 1841 et
2720 1787 2890 1843 metri
2919 1805 3039 1843 esse
3068 1789 3445 1860 intelligitur;
3480 1790 3580 1844 sed
3609 1790 3693 1845 ibi
3726 1791 3979 1854 inﬁnita,

2268 1875 2362 1929 hic
2408 1879 2601 1929 autem
2630 1875 2794 1930 ﬁnita
2824 1882 3057 1931 constat.
3090 1879 3175 1931 Μ.
3214 1879 3357 1948 Ergo
3391 1895 3536 1932 unus
3583 1895 3690 1949 pes
3721 1887 3983 1936 metrum

2267 1979 2385 2018 non
2405 1969 2506 2018 est.
2527 1965 2600 2018 D.
2625 1965 2750 2018 Non
2779 1965 2996 2035 utique.
3019 1965 3106 2020 Μ.
3131 1965 3277 2030 Quid
3297 1983 3442 2020 unus
3473 1982 3571 2037 pes
3591 1972 3653 2022 et
3673 1969 3938 2040 semipes
3957 1972 3980 2024 ‘2

2267 2054 2343 2108 D.
2379 2054 2458 2108 Ne
2478 2054 2588 2107 hoc
2617 2053 2869 2124 quidem.
2888 2056 2960 2110 Μ.
2995 2055 3222 2118 Quare?
3253 2072 3325 2109 an
3355 2054 3490 2126 quia
3512 2060 3775 2111 metrum
3819 2059 3983 2129 pedi-

2268 2141 2374 2197 bus
2403 2142 2596 2208 contit,
2628 2158 2734 2196 nec
2762 2142 2963 2212 utique
2987 2146 3229 2213 possunt
3267 2143 3378 2196 dici
3409 2144 3607 2214 pedes,
3642 2144 3746 2199 ubi
3787 2146 3983 2201 minus

2269 2246 2444 2302 quam
2473 2231 2584 2285 duo
2611 2232 2780 2285 sunt?
2799 2231 2875 2285 D.
2901 2232 2984 2284 lta
3013 2235 3118 2285 est.
3144 2232 3229 2285 Μ.
3255 2231 3630 2302 Inspiciamus
3658 2233 3852 2303 igitur
3872 2253 3985 2290 me-

2267 2324 2357 2373 tra
2381 2318 2480 2372 illa
2525 2335 2653 2389 qua:
2681 2337 2713 2372 a
2758 2335 2850 2373 me
2880 2319 3050 2389 paulo
3081 2325 3212 2374 ante
3243 2324 3700 2375 commemorata
3731 2328 3898 2389 sunt,
3934 2331 3984 2379 et

2268 2403 2560 2484 videamus
2581 2407 2790 2477 quibus
2810 2407 3051 2478 pedibus
3072 2412 3362 2474 constent;
3388 2425 3508 2463 non
3529 2408 3691 2464 enim
3711 2413 3769 2466 te
3789 2411 3856 2466 in
3879 2413 3984 2467 hoc

2267 2508 2477 2563 genere
2514 2494 3018 2551 animadvertendo
3051 2496 3255 2551 rudem
3295 2512 3417 2552 esse
3443 2497 3633 2552 adhuc
3665 2497 3868 2555 decet.
3913 2502 3984 2555 Ea

2268 2584 2400 2635 sunt
2429 2585 2622 2638 autem
2647 2598 2662 2638 :

2733 2654 2806 2724 ite
2837 2653 3014 2724 igitur,
3038 2653 3300 2724 Camoenae

2731 2715 3016 2779 Eonticolte
3044 2717 3252 2779 puella},

2730 2777 2858 2834 Quae
2884 2777 3072 2826 canitis
3101 2780 3200 2828 sub
3225 2780 3392 2829 antris

2728 2840 3005 2889 Melliﬂuos
3030 2855 3264 2890 sonores.

2264 2937 2409 2993 Satis
2441 2938 2564 2992 haec
2613 2953 2732 2991 esse
2774 2938 2848 2992 ad
2883 2938 2942 2992 id
2971 2939 3123 3009 quod
3151 2939 3508 2994 intendimus
3536 2945 3719 3012 puto:
3755 2948 3825 2998 tu
3852 2944 3976 3015 jam

2264 3027 2464 3082 metire
2481 3027 2606 3090 ista,
2631 3030 2687 3081 et
2707 3043 2847 3098 quos
2872 3027 3121 3082 habeant
3150 3028 3322 3098 pedes
3351 3030 3642 3087 renuntia.
3671 3032 3750 3087 D.
3776 3033 3980 3088 Omni-

2263 3131 2338 3169 no
2360 3132 2477 3170 non
2504 3132 2740 3186 possum
2763 3132 2776 3171 :
2801 3133 2896 3171 eos
2918 3116 3072 3172 enim
3098 3118 3420 3172 metiendos
3444 3124 3607 3190 puto,
3631 3120 3738 3191 qui
3767 3121 3886 3176 sibi
3909 3123 3983 3176 1e-

2263 3203 2463 3273 gitime
2493 3204 2747 3274 copulari
2777 3210 2994 3275 queunt
3017 3222 3029 3272 ;
3055 3222 3159 3260 nec
3183 3207 3338 3261 valeo
3366 3223 3460 3261 me
3488 3207 3627 3261 hinc
3657 3211 3972 3280 expedire.

2262 3291 2320 3346 Si
2341 3292 2493 3346 enim
2516 3293 2768 3363 primum
2798 3294 3056 3349 chorium
3075 3295 3283 3360 fecero,
3304 3296 3565 3367 sequitur
3585 3297 3868 3366 iambus;
3883 3303 3980 3372 qui

2263 3380 2618 3451 temporibus
2638 3399 2740 3452 par
2764 3387 2867 3449 est,
2891 3384 2989 3437 sed
3014 3400 3129 3438 non
3156 3384 3418 3438 similiter
3443 3386 3747 3455 plauditur
3771 3405 3784 3442 :
3815 3388 3868 3442 si
3891 3391 3981 3444 da-

2263 3471 2494 3540 ctylum,
2546 3487 2663 3525 non
2702 3473 2959 3542 sequitur
2991 3472 3132 3528 alius
3165 3473 3266 3544 qui
3293 3473 3348 3528 ei
3377 3475 3578 3529 saltem
3606 3479 3980 3547 temporibus

2262 3561 2620 3628 coaequetur:
2674 3557 2722 3611 si
2769 3560 3184 3627 choriambum,
3237 3561 3438 3616 eadem
3489 3563 3807 3619 difﬁcultas
3861 3570 3978 3632 est;

2261 3646 2415 3716 quod
2449 3645 2602 3700 enim
2629 3651 2821 3714 restat,
2854 3664 2958 3702 nec
2984 3648 3335 3719 temporibus
3365 3665 3497 3704 cum
3517 3667 3609 3718 eo,
3632 3668 3744 3706 nec
3768 3655 3980 3724 plausu

2261 3733 2547 3787 convenit.
2581 3733 2766 3798 Quare
2797 3741 2897 3789 aut
2921 3737 3030 3790 hoc
3059 3741 3304 3791 metrum
3334 3755 3452 3792 non
3483 3743 3589 3808 est,
3625 3746 3731 3795 aut
3761 3742 3977 3797 falsum

2261 3825 2346 3875 est
2375 3822 2530 3892 quod
2572 3822 2725 3877 inter
2762 3839 2865 3877 nos
2907 3825 2974 3878 de
3004 3826 3214 3894 pedum
3246 3825 3610 3896 copulatione
3655 3828 3977 3886 dissertum

2261 3913 2380 3964 est:
2411 3926 2547 3964 nam
2574 3912 2712 3982 quid
2742 3911 2895 3967 aliud
2924 3913 3110 3967 dicam
3143 3931 3258 3969 non
3287 3914 3542 3971 invenio.

2334 4001 2414 4053 16.
2445 4002 2532 4055 Μ.
2585 4001 2829 4055 Metrum
2879 4001 3113 4072 quidem
3153 4019 3274 4058 esse
3313 4009 3369 4060 et
3411 4021 3477 4058 eo
3517 4006 3675 4076 quod
3705 4009 3852 4078 plus
3895 4016 3980 4065 est

2259 4102 2432 4157 quam
2453 4105 2574 4159 pes,
2597 4094 2930 4160 certumque
2953 4092 3127 4146 ﬁnem
3153 4092 3346 4157 habet,
3372 4097 3428 4148 et
3447 4093 3710 4164 ipsarum
3737 4098 3975 4153 aurium

2254 4175 2470 4246 judicio
2515 4177 2928 4233 convincitur‘.
2973 4181 3097 4235 Non
3143 4181 3299 4235 enim
3350 4186 3469 4236 tam
3517 4185 3682 4237 suavi
3738 4193 3978 4248 sonaret

2259 4264 2605 4334 aequalitate,
2626 4270 2724 4320 aut
2743 4271 2905 4321 motu
2925 4271 3041 4322 tam
3063 4269 3342 4324 concinno
3363 4270 3764 4340 plauderetur,
3783 4275 3835 4328 si
3859 4291 3974 4330 non

2258 4351 2468 4407 inesset
2495 4353 2556 4408 in
2585 4354 2683 4409 illo
2714 4357 3119 4427 numerositas,
3151 4374 3279 4429 quae
3308 4358 3566 4428 profecto
3602 4375 3730 4414 esse
3762 4362 3884 4416 nisi
3913 4364 3973 4418 in

2257 4440 2362 4495 hac
2405 4446 2567 4512 parte
2614 4444 2846 4499 musicae
2891 4461 3010 4500 non
3049 4450 3254 4517 potest.
3297 4447 3459 4502 Falsa
3487 4463 3621 4502 vero
3654 4465 3809 4517 esse,
3842 4468 3976 4522 qua:

2257 4528 2404 4584 inter
2432 4547 2536 4584 nos
2576 4532 2967 4604 constiterunt,
3023 4534 3204 4588 miror
3259 4535 3414 4606 quod
3452 4535 3792 4593 existimes:
3851 4556 3975 4594 non

2257 4617 2413 4672 enim
2428 4623 2527 4673 aut
2549 4621 2803 4676 numeris
2817 4622 3131 4694 quidquam
3151 4633 3235 4678 est
3254 4623 3484 4692 certius,
3503 4629 3603 4680 aut
3621 4625 3725 4680 illa
3747 4628 3974 4697 pedum

2256 4709 2799 4764 commemoratione
2843 4715 2899 4765 et
2927 4711 3297 4767 collocatione
3327 4713 3671 4770 ordinatius.
3710 4716 3862 4772 Nam
3907 4735 3973 4771 ex

2253 4795 2378 4866 ipsa
2423 4813 2796 4853 numerorum
2827 4801 3065 4868 ratione,
3102 4817 3230 4872 quae
3261 4802 3422 4856 nullo
3455 4803 3626 4857 modo
3670 4804 3847 4872 fallit,
3880 4823 3972 4861 ex-

2253 4902 2517 4956 pressum
2545 4890 2625 4942 est
2647 4888 2926 4960 quidquid
2953 4888 3016 4942 in
3038 4889 3119 4943 eis
3148 4894 3203 4944 et
3228 4890 3298 4944 ad
3321 4891 3654 4946 mulcendas
3685 4910 3882 4962 aures,
3917 4901 3972 4950 et

2255 4973 2327 5027 ad
2358 4974 2735 5029 obtinendum
2765 4976 2824 5029 in
2853 4977 3120 5047 rhythmo
3150 4978 3562 5049 principatum,
3596 4981 3794 5036 valere
3834 5000 3969 5054 per-

2253 5062 2537 5132 speximus
2563 5077 2575 5116 :
2608 5063 2702 5117 sed
2732 5064 2857 5118 vide
2887 5065 3075 5135 potius
3107 5083 3238 5121 cum
3281 5084 3432 5138 saepe
3461 5074 3687 5140 repeto,
3723 5072 3851 5138 Qua:
3881 5089 3970 5127 ca-

2253 5154 2385 5207 nitis
2428 5153 2526 5208 sub
2559 5156 2756 5220 antris,
2787 5155 3200 5228 demulceoque
3241 5157 3351 5212 ista
3379 5161 3803 5217 numerositate
3837 5179 3969 5217 sen—

2257 5256 2382 5293 sum
2412 5243 2615 5308 tuum;
2658 5242 2798 5311 quid
2837 5243 3007 5298 distat
3035 5243 3185 5300 inter
3216 5246 3345 5315 hoc,
3395 5253 3453 5302 et
3493 5247 3540 5301 si
3586 5249 3865 5305 adderem
3897 5252 3970 5306 ad

2255 5327 2431 5383 ﬁnem
2461 5329 2630 5399 hujus
2672 5330 2900 5386 brevem
2933 5332 3184 5405 aliquam
3214 5336 3513 5406 syllabam,
3547 5353 3603 5391 et
3632 5339 3778 5394 item
3811 5340 3967 5396 istud

2256 5417 2460 5472 eodem
2489 5419 2659 5472 modo
2691 5425 3028 5492 repeterem,
3062 5425 3192 5488 Qum
3218 5427 3412 5480 canitis
3437 5427 3536 5479 sub
3568 5431 3823 5484 aratrisve
3847 5434 3875 5483 ἴ)
3903 5435 3962 5486 D.

2325 5524 2336 5554 ¹
2371 5524 2739 5583 Convenimur,
2767 5526 2920 5587 juxta
2949 5528 3032 5577 Er.
3064 5532 3116 5577 et
3144 5530 3265 5578 Mss.
3295 5531 3336 5578 A
3366 5535 3417 5579 et
3448 5531 3502 5578 Β.
3571 5533 3638 5580 Μ.
