4064 6346
106 259 250 310 1125

104 382 436 453 Utrumque
461 379 605 434 mihi
626 379 878 451 jucunde
901 379 1156 435 illabitur
1175 380 1412 436 auribus
1442 398 1454 437 :
1487 380 1593 436 hoc
1621 386 1816 436 tamen

97 471 420 541 posterius,
459 469 549 523 cui
578 470 853 540 syllabam
887 469 1152 524 addidisti
1181 471 1432 538 brevem,
1464 472 1594 541 plus
1625 477 1814 526 tenere

100 560 278 630 spatii
308 577 376 614 ac
406 559 698 629 temporis,
724 558 1009 630 siquidem
1029 559 1257 630 longius
1279 561 1492 614 factum
1511 565 1614 630 est,
1645 577 1816 630 cogor

98 648 292 703 fateri.
314 650 390 704 Μ.
423 647 568 712 Quid
585 664 714 701 cum
741 647 880 701 illud
910 647 1194 718 superius,
1223 650 1352 714 Qum
1369 652 1564 704 canitis
1594 650 1690 704 sub
1721 665 1817 703 an-

99 739 226 804 tris,
269 737 358 791 ita
390 741 610 806 repeto,
645 740 709 790 ut
733 740 861 806 post
891 737 1066 790 linem
1097 736 1241 790 nihil
1272 737 1513 792 sileam?
1544 738 1816 792 eademne

100 826 175 880 ad
204 830 260 878 te
295 823 630 895 jucunditas
659 824 954 895 pervenit?
987 829 1049 880 D.
1093 826 1214 879 Imo
1247 827 1438 880 nescio
1480 827 1616 898 quid
1659 828 1819 881 clau—

103 915 246 970 dum
277 930 375 968 me
410 913 668 979 oﬂ‘endit,
701 913 810 967 nisi
836 914 979 968 forte
1007 913 1162 968 illam
1197 914 1456 969 ultimam
1487 916 1615 986 plus
1645 931 1818 987 quam

102 1007 344 1057 caeteras
375 1003 573 1072 longas
599 993 959 1071 produxeris.
992 1004 1072 1057 M.
1108 1004 1251 1073 Ergo
1283 1004 1397 1058 sive
1424 1003 1676 1074 idipsum
1706 1020 1820 1058 am-

104 1091 258 1164 plius
291 1090 451 1161 quod
475 1088 831 1161 producitur,
875 1089 990 1144 sive
1031 1090 1182 1160 quod
1213 1089 1433 1158 siletur,
1469 1107 1736 1146 censesne
1759 1092 1820 1146 in

107 1185 373 1249 tempore
411 1177 622 1232 habere
662 1177 879 1248 aliquid
919 1177 1124 1248 spatii?
1167 1180 1233 1233 D.
1265 1178 1373 1242 Qui
1401 1179 1565 1234 aliter
1590 1181 1822 1250 potest?

182 1286 416 1341 CAPUT
448 1285 591 1338 VIII.
618 1315 684 1323 —
705 1285 935 1340 Silentia
964 1286 1022 1338 in
1048 1287 1231 1339 metris
1261 1291 1468 1354 quanta
1496 1287 1749 1342 adhiberi

511 1377 734 1443 oportet.
769 1375 999 1428 Metrum
1029 1374 1173 1444 quod
1200 1375 1438 1429 dicatur.

186 1483 272 1534 17.
305 1480 384 1534 Μ.
419 1479 588 1534 Recte
622 1495 835 1534 censes.
875 1479 984 1534 Sed
1023 1480 1113 1534 dic
1146 1480 1290 1534 mihi
1330 1480 1502 1535 etiam
1541 1483 1821 1551 quantum

113 1567 364 1638 spatium
386 1572 554 1638 putas
582 1567 744 1622 esse?
770 1571 836 1622 D.
871 1568 1053 1622 Metiri
1071 1568 1182 1623 hoc
1203 1568 1438 1622 omnino
1469 1568 1698 1623 difﬁcile
1716 1571 1816 1622 est.

111 1659 187 1710 M.
220 1657 437 1710 Verum
459 1656 600 1710 dicis
624 1673 636 1710 :
657 1656 754 1710 sed
783 1672 971 1710 nonne
1002 1657 1108 1711 tibi
1127 1657 1352 1711 videtur
1367 1657 1555 1712 brevis
1584 1657 1682 1710 illa
1710 1657 1822 1726 syl-

115 1745 243 1798 laba
273 1744 334 1798 id
365 1745 576 1806 metiri,
615 1760 788 1815 quam
837 1760 969 1798 cum
1008 1744 1358 1813 addidimus,
1406 1761 1592 1816 neque
1633 1746 1822 1814 longae

114 1833 337 1888 ultimae
367 1833 520 1886 ultra
549 1833 785 1887 solitum
813 1833 1268 1904 productionem,
1307 1850 1494 1905 neque
1529 1835 1713 1888 ullum
1745 1833 1820 1886 si-

114 1921 358 1975 lentium
379 1920 444 1974 in
460 1921 583 1991 ejus
601 1922 771 1976 metri
786 1921 1128 1992 repetitione
1144 1939 1342 1977 sensus
1357 1922 1734 1977 desideravit?
1752 1924 1818 1976 D.

115 2010 361 2064 Omnino
391 2010 708 2064 assentior:
739 2026 872 2064 nam
903 2014 959 2064 et
987 2016 1042 2065 te
1076 2011 1220 2066 illud
1259 2011 1520 2081 superius
1564 2025 1822 2081 pronun-

116 2097 289 2152 tiante
313 2103 490 2169 atque
508 2103 822 2170 repetente,
847 2100 955 2154 hoc
974 2100 1260 2171 posterius
1277 2116 1382 2171 ego
1415 2099 1567 2171 apud
1589 2115 1680 2153 me
1701 2099 1822 2169 ipse

116 2187 451 2257 repetebam
483 2188 696 2259 pariter
716 2194 906 2243 tecum
929 2205 943 2244 :
961 2189 1044 2243 ita
1063 2188 1214 2243 sensi
1236 2188 1387 2243 idem
1407 2188 1656 2259 spatium
1683 2192 1824 2242 tem-

119 2275 270 2348 poris
300 2276 581 2331 ambobus
620 2293 938 2347 occurrere,
969 2293 1099 2332 cum
1124 2277 1350 2331 silentio
1374 2283 1470 2332 tuo
1489 2277 1676 2331 brevis
1694 2291 1825 2331 mea

120 2363 322 2418 ultima
358 2364 709 2420 conveniret.
749 2367 826 2420 M.
867 2367 1083 2420 Teneas
1120 2365 1300 2436 igitur
1327 2369 1552 2436 oportet
1592 2365 1714 2418 haec
1743 2363 1821 2418 si-

121 2451 428 2506 lentiorum
474 2453 656 2523 spatia
701 2458 853 2508 certa
900 2453 961 2508 in
1007 2455 1202 2508 metris
1251 2469 1395 2508 esse.
1449 2455 1635 2518 Quare
1693 2468 1822 2507 cum

123 2540 406 2594 inveneris
450 2541 667 2613 aliquid
715 2543 909 2597 deesse
959 2543 1095 2612 pedi
1145 2543 1422 2613 legitimo,
1464 2541 1824 2596 considerare

125 2633 180 2682 te
209 2629 518 2701 oportebit,
551 2635 747 2685 utrum
787 2631 1086 2686 dimenso‘
1133 2635 1302 2703 atque
1343 2635 1716 2686 annumerato
1749 2630 1824 2684 si-

127 2717 299 2772 lentio
329 2724 750 2790 compensetur.
784 2723 853 2776 D.
891 2721 1079 2776 Teneo
1106 2721 1228 2793 jam
1269 2719 1440 2788 istud,
1480 2735 1824 2792 persequere

128 2810 342 2861 caetera.

198 2898 278 2950 18.
326 2898 408 2951 Μ.
466 2895 640 2950 Video
682 2897 806 2968 jam
851 2913 956 2951 nos
1003 2914 1260 2969 quaerere
1301 2899 1508 2954 debere
1537 2898 1717 2970 ipsius
1747 2897 1823 2952 si-

128 2982 282 3036 lentii
311 2984 554 3038 modum
589 3001 602 3038 :
639 3001 888 3056 namque
917 2986 977 3040 in
1008 2986 1116 3040 hoc
1146 2990 1347 3054 metro,
1383 2987 1481 3041 ubi
1519 2991 1650 3057 post
1681 2987 1824 3041 cho-

130 3070 410 3126 riambum
438 3073 739 3127 bacchium
773 3075 1175 3146 comperimus,
1208 3075 1344 3147 quia
1377 3091 1558 3130 unum
1597 3080 1824 3146 tempus

129 3159 280 3214 deest
307 3165 372 3215 ut
400 3177 500 3216 sex
547 3166 874 3233 temporum
922 3169 1071 3219 esset
1122 3165 1266 3218 sicut
1311 3164 1697 3228 choriambus,
1739 3165 1821 3218 fa-

130 3245 330 3302 cillime
371 3248 433 3302 id
466 3265 632 3303 aures
682 3255 1002 3312 senserunt,
1057 3255 1113 3307 et
1159 3252 1222 3306 in
1280 3252 1619 3324 repetitione
1677 3251 1824 3306 tanti

131 3336 292 3405 spatii
320 3337 617 3392 silentium
646 3337 1010 3410 interponere
1039 3345 1370 3411 coegerunt,
1403 3346 1679 3412 quantum
1719 3341 1824 3412 syl-

134 3423 255 3478 laba
309 3431 615 3497 occuparet
669 3427 896 3484 brevis:
930 3433 988 3484 at
1035 3429 1082 3483 si
1131 3435 1261 3501 post
1314 3429 1822 3485 choriambumlo-

134 3516 284 3567 cetur
336 3516 647 3585 spondeus,
708 3517 821 3572 duo
877 3517 1044 3573 nobis
1099 3523 1361 3590 tempora
1390 3518 1823 3574 cum‘silentio

135 3605 451 3674 peragenda
481 3609 617 3659 sunt
643 3607 714 3660 ad
745 3612 916 3678 caput
943 3608 1336 3676 redeuntibus,
1369 3607 1545 3662 veluti
1582 3607 1690 3662 hoc
1719 3612 1821 3674 est,

138 3689 258 3754 Qua
289 3695 485 3748 canitis
515 3696 739 3760 fontem.
782 3697 922 3750 Nam
978 3701 1034 3750 te
1088 3697 1299 3751 sentire
1348 3697 1472 3765 jam
1529 3698 1697 3751 credo
1748 3696 1823 3750 si-

137 3776 362 3834 lendum
420 3797 566 3851 esse,
598 3787 662 3836 ut
687 3799 816 3836 cum
845 3784 1099 3838 redimus
1127 3785 1198 3839 ad
1225 3789 1414 3855 caput,
1448 3785 1679 3855 plausus
1708 3799 1826 3838 non

139 3865 423 3924 claudicet.
458 3870 567 3924 Sed
592 3875 658 3923 ut
687 3871 931 3942 experiri
955 3888 1130 3943 queas
1160 3877 1372 3943 quanta
1402 3871 1611 3926 silentii
1653 3872 1825 3943 hujus

137 3970 390 4014 mensura
420 3959 514 4029 sit,
541 3959 684 4013 adde
707 3976 880 4014 unam
902 3962 1177 4032 syllabam
1196 3963 1448 4032 longam,
1472 3965 1534 4015 ut
1561 3963 1682 4029 ﬁat,
1701 3962 1826 4028 Qum

140 4047 299 4101 canits
325 4049 533 4114 fontem
558 4061 683 4114 vos;
717 4051 887 4120 atque
927 4048 1032 4102 hoc
1073 4065 1204 4104 cum
1235 4051 1438 4121 plausu
1469 4053 1664 4120 repete
1698 4065 1710 4103 :
1742 4049 1824 4104 vi-

138 4131 286 4187 debis
309 4140 540 4190 tantum
566 4152 841 4207 occupare
861 4137 1134 4208 temporis
1146 4137 1433 4207 plausum,
1455 4141 1734 4208 quantum
1765 4136 1825 4191 in

137 4223 417 4291 superiore
437 4225 774 4296 occupabat,
793 4242 922 4280 cum
939 4226 1018 4280 ibi
1032 4226 1160 4280 dna:
1181 4227 1369 4298 longas
1390 4229 1518 4297 post
1539 4226 1826 4280 choriam-

138 4307 281 4376 bum,
315 4313 410 4367 hic
439 4318 557 4368 tres
605 4315 717 4368 sint
755 4316 974 4370 locatas.
1011 4316 1167 4370 Unde
1223 4319 1460 4387 apparet
1515 4315 1695 4370 duum
1745 4311 1827 4368 ibi

142 4399 455 4470 temporum
485 4402 776 4474 interponi
803 4403 1112 4458 silentium.
1131 4407 1204 4458 At
1223 4403 1269 4457 si
1290 4408 1418 4473 post
1431 4402 1828 4457 choriambum

144 4483 351 4543 iambus
375 4491 611 4558 locetur,
644 4491 790 4546 sicut
817 4493 927 4547 hoc
984 4496 1086 4559 est,
1142 4493 1272 4558 Quae
1303 4494 1498 4546 canitis
1533 4492 1690 4560 locos,
1719 4491 1829 4545 tria

144 4575 387 4645 tempora
416 4579 581 4634 silere
613 4581 874 4652 cogimur
893 4597 907 4636 :
927 4581 1080 4652 quod
1096 4585 1156 4634 ut
1175 4581 1521 4651 exploretur,
1544 4580 1829 4635 adduntur

146 4659 248 4715 sive
275 4681 377 4735 per
401 4669 646 4723 alterum
674 4669 954 4739 iambum,
984 4670 1098 4723 sive
1129 4687 1230 4741 per
1259 4669 1540 4738 chorium,
1577 4669 1693 4724 sive
1726 4684 1829 4739 per

145 4750 480 4812 tribrachum
509 4767 574 4812 ut
600 4759 673 4812 sit
701 4759 779 4814 ita
813 4776 825 4814 :
865 4761 994 4826 Quae
1023 4762 1220 4814 canitis
1271 4761 1408 4815 iocos
1455 4760 1652 4814 bonos:
1703 4763 1822 4824 aut,

148 4837 264 4900 Quae
279 4848 473 4900 canitis
504 4848 640 4902 locos
671 4853 872 4903 monte:
900 4853 1016 4916 aut,
1045 4849 1170 4914 Qum
1201 4851 1397 4903 canitis
1429 4849 1563 4903 locos
1594 4863 1823 4902 nemore.

148 4923 232 4979 His
261 4931 410 4988 enim
441 4935 812 5006 additis,cum
839 4937 959 4992 sine
976 4937 1482 5008 silentio-jucunda
1509 4941 1564 4991 et
1577 4935 1828 5008 aequabi-

148 5010 210 5098 lis
235 5022 494 5090 repetitio
529 5031 737 5096 movet,
769 5031 825 5081 et
853 5028 1061 5098 plausu
1090 5027 1346 5082 adhibito
1376 5030 1603 5081 tantum
1659 5024 1828 5096 spatii

148 5097 257 5158 haec
282 5109 386 5164 tria
415 5111 640 5184 singula
668 5097 866 5169 tenere,
887 5115 1280 5186 inveniuntur,
1302 5119 1582 5188 quantum
1596 5114 1739 5170 illud
1768 5115 1830 5168 in

150 5202 253 5258 quo
282 5196 584 5257 silebamus
615 5204 981 5259 manifestum
995 5205 1248 5260 ﬁttrium
1269 5209 1594 5278 temporum
1606 5203 1689 5258 ibi
1710 5219 1829 5258 esse

151 5337 402 5457 “£53:
428 5343 677 5454 ζὲθιίθηδη
699 5347 1056 5409 mensamque
1077 5348 1442 5398 annumerato
1469 5345 1676 5397 silentio
1696 5357 1831 5397 com-

157 5461 506 5573 ειῗηιΤεσςιῖροτα
539 5468 766 5525 silentio.
811 5469 962 5532 juxta
997 5469 1187 5529 Vatic.,
1222 5471 1415 5522 omissa
1442 5471 1828 5536 praepositione,

1576 257 1791 315 LIBER
1847 256 2172 314 TERTIUS.

3491 263 3624 317 1126

1925 381 2233 436 silentium.
2265 381 2455 434 Potest
2473 381 2601 451 post
2628 378 3033 434 choriambum
3061 395 3177 434 una
3206 381 3420 450 syllaba
3448 383 3624 454 longa

1925 469 2214 532 constitui,
2235 473 2299 523 ut
2321 474 2566 540 quatuor
2586 473 2845 540 tempora
2864 468 3156 522 sileantur.
3185 469 3326 522 Nam
3355 471 3528 525 etiam
3543 472 3622 526 sic

1925 557 2286 612 choriambus
2322 556 2495 612 dividi
2525 561 2728 628 potest,
2772 562 2834 611 ut
2863 557 3069 627 simplo
3115 563 3171 612 et
3201 559 3374 628 duplo
3417 560 3622 614 levatio

1926 647 2032 701 sibi
2054 646 2372 717 positioque
2389 647 2744 700 conveniant.
2769 647 2948 717 Hujus
2976 645 3141 700 metri
3164 647 3488 718 exemplum
3517 653 3619 714 est,

1926 735 2052 802 Qum
2077 737 2272 790 canitis
2296 749 2400 789 res.
2429 734 2530 789 Cui
2561 735 2607 788 si
2635 735 2807 789 addas
2836 736 2922 789 vel
2950 735 3088 789 duas
3122 736 3347 805 longas,
3383 737 3471 789 vel
3502 737 3623 790 lon-

1926 839 2058 894 gam
2089 827 2144 877 et
2167 823 2305 878 duas
2333 823 2549 888 breves,
2583 824 2668 876 vel
2695 822 2926 876 brevem
2956 827 3011 876 et
3035 824 3268 894 longam
3290 823 3626 894 et,brevem,

1927 913 2013 967 vel
2043 913 2182 967 duas
2213 913 2407 968 breves
2436 915 2491 965 et
2510 911 2760 981 longam,
2792 913 2875 965 vel
2904 917 3151 983 quatuor
3169 913 3390 980 breves,
3424 913 3625 984 imple-

1926 1000 2013 1055 bis
2044 1017 2139 1056 sex
2168 1005 2496 1070 temporum
2535 999 2760 1068 pedem,
2783 1003 2847 1052 ut
2871 1000 3027 1052 nullo
3050 999 3366 1055 desiderato
3397 1001 3622 1056 silentio

1926 1094 2236 1161 repetatur.
2273 1089 2427 1144 Talia
2457 1092 2611 1157 sunt,
2645 1087 2770 1152 Quae
2819 1090 3013 1141 canitis
3056 1104 3139 1141 res
3182 1091 3460 1157 pulchras,
3498 1089 3624 1156 Quae

1929 1181 2125 1232 canitis
2154 1193 2238 1232 res
2266 1180 2324 1231 in
2356 1178 2512 1244 bona,
2546 1176 2670 1242 Quae
2699 1177 2895 1229 canitis
2927 1190 3016 1230 res
3049 1175 3321 1241 bonumve,
3356 1179 3486 1243 Qum
3524 1194 3622 1233 ca-

1927 1268 2060 1320 nitis
2103 1283 2186 1320 res
2240 1271 2466 1332 teneras,
2501 1265 2625 1331 Qua:
2671 1265 2868 1318 canitis
2917 1278 3000 1317 res
3038 1263 3191 1318 modo
3223 1265 3363 1319 bene.
3407 1265 3620 1330 Quibus

1928 1354 2168 1425 cognitis
2187 1360 2358 1425 atque
2379 1353 2683 1422 concessis,
2704 1352 2872 1406 credo
2896 1351 3001 1405 tibi
3023 1352 3145 1421 jam
3168 1353 3301 1405 satis
3327 1371 3620 1424 apparere,

1929 1458 2034 1496 nec
2061 1442 2254 1496 minus
2273 1458 2388 1496 uno
2421 1447 2678 1511 tempore
2710 1439 2864 1493 sileri
2890 1455 3074 1509 posse,
3099 1456 3203 1493 nec
3224 1441 3352 1512 plus
3379 1445 3627 1511 quatuor

1927 1531 2281 1602 temporibus
2301 1529 2455 1584 sileri
2478 1533 2756 1601 oportere.
2786 1529 2927 1582 Nam
2953 1527 3147 1598 etipsa
3169 1533 3252 1582 est
3272 1529 3386 1597 illa,
3416 1531 3484 1584 de
3513 1546 3627 1601 qua

1922 1620 2044 1691 jam
2086 1620 2266 1673 multa
2296 1619 2443 1674 dicta
2498 1622 2649 1685 sunt,
2705 1616 3000 1670 moderata
3045 1617 3409 1687 progressio;
3457 1623 3515 1672 et
3566 1618 3626 1672 in

1931 1709 2199 1763 omnibus
2210 1708 2449 1779 pedibus
2463 1706 2833 1760 nullalevatio
2848 1709 2946 1758 aut
2961 1705 3169 1775 positio
3186 1706 3433 1776 amplius
3451 1722 3626 1778 quam

1931 1802 2176 1868 quatuor
2207 1801 2438 1867 occupat
2469 1800 2748 1866 tempora.
2854 1781 2864 1788 ’

2007 1890 2089 1941 19.
2139 1887 2334 1956 Itaque
2365 1901 2495 1938 cum
2535 1883 2752 1954 aliquid
2795 1881 3018 1936 canitur
3060 1881 3174 1935 sive
3219 1882 3627 1952 pronuntiatur

1931 1975 2083 2046 quod
2104 1974 2310 2028 habeat
2331 1977 2550 2027 certum
2572 1975 2764 2038 linem,
2790 1975 2842 2024 et
2866 1971 2991 2041 plus
3013 1969 3223 2024 habeat
3243 1987 3417 2041 quam
3446 1988 3625 2026 unum

1930 2063 2154 2134 pedem,
2188 2068 2243 2117 et
2263 2061 2509 2116 naturali
2533 2066 2694 2115 motu
2718 2065 2850 2113 ante
2877 2059 3394 2114 considerationem
3421 2076 3623 2115 nume-

1931 2167 2127 2205 rorum
2157 2166 2384 2204 sensum
2411 2149 2656 2221 quadam
2678 2146 3065 2218 aequabilitate
3087 2146 3408 2202 demulceat
3434 2146 3474 2213 ‘,
3501 2148 3624 2218 jam

1931 2245 2182 2294 metrum
2202 2244 2303 2293 est.
2325 2240 2663 2309 Quanquam
2687 2235 2842 2290 enim
2865 2235 3054 2290 minus
3073 2235 3277 2289 habeat
3297 2251 3471 2306 quam
3483 2236 3626 2290 duos

1934 2329 2121 2400 pedes,
2154 2333 2342 2382 tamen
2375 2326 2512 2398 quia
2542 2325 2759 2380 excedit
2797 2340 2978 2378 unum
3018 2328 3073 2377 et
3102 2323 3266 2377 silere
3297 2323 3467 2394 cogit,
3510 2339 3629 2378 non

1932 2418 2055 2472 sine
2106 2421 2390 2484 mensura,
2441 2415 2540 2469 sed
2567 2413 2592 2447 ²
2622 2418 2903 2486 quantum
2931 2412 3237 2483 implendis
3267 2413 3628 2483 temporibus

1933 2505 2069 2559 satis
2089 2509 2175 2558 est
2195 2521 2323 2574 quae
2347 2503 2512 2556 alteri
2532 2502 2814 2556 debentur
2833 2499 2998 2570 pedi;
3019 2515 3123 2568 pro
3143 2497 3366 2552 duobus
3386 2498 3628 2568 pedibus

1932 2592 2162 2648 auditus
2181 2591 2438 2661 accipit’,
2454 2590 2605 2661 quod
2619 2590 2866 2644 duorum
2890 2587 3102 2658 pedum
3118 2589 3356 2656 ocwpat
3372 2591 3630 2657 tempora

1933 2681 2114 2736 donec
2133 2680 2204 2734 ad
2225 2683 2395 2750 caput
2409 2678 2692 2744 redeatur,
2712 2677 2851 2731 dum
2863 2679 3278 2730 annumeratur
3298 2690 3436 2728 sono
3454 2674 3629 2729 etiam

1932 2773 2151 2822 certum
2180 2772 2350 2838 atque
2373 2766 2698 2820 dimensum
2725 2763 3009 2819 intervalli
3035 2762 3350 2817 silentium.
3382 2763 3490 2818 Sed
3505 2763 3628 2833 jam

1933 2857 2077 2912 mihi
2106 2856 2259 2910 dicas
2301 2855 2494 2916 velim,
2525 2857 2721 2908 utrum
2751 2852 2841 2907 his
2873 2869 3004 2923 quae
3037 2851 3187 2905 dicta
3229 2856 3364 2904 sunt
3390 2850 3632 2922 cognitis

1933 2945 2277 3001 assentiaris.
2330 2946 2397 2998 D.
2433 2943 2680 3013 Cognovi
2708 2947 2764 2996 et
2797 2940 3093 2995 assentior.
3141 2942 3219 2994 Μ.
3270 2939 3479 2996 Mihine
3509 2955 3630 2994 cre-

1933 3035 2093 3103 dens,
2125 3051 2198 3088 an
2227 3050 2331 3104 per
2358 3036 2414 3086 te
2444 3033 2562 3102 ipse
2592 3047 2725 3085 vera
2746 3046 2866 3084 esse
2892 3027 3285 3100 perspiciens?
3315 3031 3376 3082 1).
3404 3029 3512 3082 Per
3535 3044 3628 3082 me

1933 3124 2053 3194 ipse
2085 3138 2238 3189 sane,
2273 3120 2530 3192 quamvis
2548 3119 2768 3174 dicente
2802 3123 2857 3173 te
2881 3134 3012 3171 vera
3027 3118 3148 3171 haec
3179 3133 3298 3171 esse
3324 3132 3625 3188 cognosco.

1934 3213 2160 3268 CAPUT
2182 3211 2269 3267 IX.
2292 3240 2360 3249 —
2387 3211 2523 3275 Quot
2560 3208 2634 3262 ad
2661 3223 2927 3262 summum
2968 3207 3290 3276 temporibus
3311 3221 3374 3260 ac
3395 3206 3627 3276 pedibus

2425 3303 2654 3352 metrum
2671 3303 2915 3351 constare
2942 3297 3130 3366 possit.

2003 3393 2091 3444 20.
2133 3391 2210 3444 M.
2241 3391 2360 3459 Age
2391 3403 2528 3458 ergo
2586 3402 2740 3441 nunc
2778 3384 3050 3458 quoniam
3105 3382 3428 3438 invenimus
3475 3382 3631 3437 unde

1933 3477 2585 3549 metrumpsseincipiat,
2600 3476 2960 3530 inveniamus
2981 3474 3152 3528 etiam
3175 3489 3473 3544 quousque
3496 3488 3630 3544 pro-

1933 3567 2114 3623 cedat.
2143 3567 2285 3621 Nam
2301 3571 2551 3620 metrum
2575 3563 2778 3634 incipit
2794 3581 2828 3617 a
2851 3563 3072 3617 duobus
3093 3561 3354 3632 pedibus,
3376 3560 3490 3614 sive
3506 3559 3630 3630 ipso

1933 3672 2071 3710 sono
2101 3655 2308 3726 plenis,
2341 3653 2454 3707 sive
2484 3653 2556 3707 ad
2585 3651 2943 3723 implendum
2979 3650 3133 3721 quod
3163 3649 3322 3703 deest
3346 3663 3626 3702 annume-

1933 3749 2058 3798 rato
2090 3742 2336 3796 silentio.
2369 3742 2553 3805 Quare
2583 3743 2810 3810 oportet
2841 3744 2896 3792 te
2911 3739 3032 3808 jam
3062 3737 3340 3806 respicere
3370 3736 3442 3788 ad
3471 3736 3629 3789 illam

1934 3830 2360 3904 quaternariam
2392 3827 2873 3900 progressionem,
2896 3824 3154 3896 mihique
3176 3824 3507 3878 renuntiare
3543 3840 3632 3877 us-

1935 3937 2044 3992 que
2074 3921 2145 3974 ad
2177 3923 2319 3990 quot
2341 3918 2515 3988 pedes
2541 3920 2787 3970 metrum
2817 3915 3051 3968 tendere
3083 3913 3408 3968 debeamus.
3443 3916 3506 3966 D.
3536 3913 3632 3966 Fa-

1934 4010 2039 4063 cile
2064 4009 2216 4063 istud
2267 4007 2500 4078 quidem
2542 4010 2644 4059 est.
2697 4005 2838 4058 Nam
2891 4007 3017 4057 octo
3073 4002 3248 4074 pedes
3305 4002 3450 4055 ratio
3492 4000 3629 4054 satis

1934 4098 2116 4152 docet.
2150 4099 2224 4153 M.
2260 4096 2405 4162 Quid
2426 4099 2454 4150 ?
2476 4095 2619 4149 illud
2650 4093 3064 4159 recordarisne,
3114 4092 3318 4147 dixisse
3351 4108 3458 4145 nos
3496 4107 3628 4146 eum

1933 4203 2159 4242 versum
2174 4203 2205 4240 a
2220 4186 2400 4241 doctis
2412 4185 2784 4256 appellatum,
2815 4182 2914 4254 qui
2939 4183 3161 4237 duobus
3194 4179 3466 4234 membris
3481 4185 3636 4235 certa

1934 4276 2155 4330 ratione
2188 4275 2462 4329 dimensis
2477 4271 3212 4344 copulatisqueiconstaret?
3237 4271 3310 4324 D.
3339 4271 3488 4324 Bene
3519 4285 3635 4324 me-

1935 4365 2100 4420 mini.
2131 4365 2204 4418 Μ.
2239 4365 2380 4418 Cum
2409 4379 2546 4434 ergo
2575 4378 2692 4416 non
2722 4361 2794 4415 sit
2841 4361 3057 4415 dictum
3100 4359 3322 4414 duobus
3366 4359 3632 4429 pedibus,

1935 4454 2032 4508 sed
2063 4454 2286 4509 duobus
2312 4452 2586 4507 membris
2617 4453 2875 4505 constare
2904 4465 3149 4514 versum,
3173 4464 3418 4518 cumque
3445 4447 3631 4501 mani-

1934 4544 2142 4598 festum
2166 4541 2236 4596 sit
2255 4557 2480 4595 versum
2494 4554 2801 4593 nominum
2818 4537 3019 4608 pedem
3044 4537 3274 4599 habere,
3290 4535 3386 4589 sed
3407 4535 3630 4606 plures;

1934 4646 2127 4684 nonne
2159 4629 2282 4700 ipsa
2309 4646 2398 4686 res
2420 4627 2632 4682 indicat
2674 4626 2904 4697 longius
2959 4625 3281 4678 membrum
3312 4641 3433 4678 esse
3464 4639 3638 4696 quam

1936 4718 2186 4789 pedem?
2217 4718 2290 4774 D.
2318 4719 2400 4771 lla
2428 4732 2581 4770 vero.
2604 4717 2680 4771 Μ.
2714 4718 2785 4768 At
2808 4714 2853 4766 si
2883 4713 3141 4767 membra
3169 4713 3412 4783 aequalia
3438 4712 3550 4766 sint
3579 4712 3640 4766 in

1934 4821 2122 4870 versu,
2152 4820 2339 4858 nonne
2369 4801 2770 4874 praeposterari
2799 4800 3030 4870 poterit,
3066 4805 3128 4853 ut
3153 4800 3339 4872 prima
3359 4816 3492 4870 pars
3513 4799 3635 4853 sine

1937 4893 2265 4948 discrimine
2295 4892 2516 4959 ultima,
2549 4895 2604 4944 et
2630 4890 2833 4944 ultima
2859 4889 3046 4960 prima
3077 4889 3213 4944 fiat?
3253 4893 3314 4944 D.
3350 4888 3636 4958 Intelligo.

1935 4985 2009 5037 Μ.
2039 4984 2182 5052 Ergo
2206 4986 2269 5036 ut
2288 4981 2394 5035 hoc
2414 4997 2531 5034 non
2557 4979 2826 5046 accidat‘,
2856 4977 3104 5049 satisque
3129 4983 3403 5050 appareat
3431 4977 3637 5031 discer-

1938 5073 2221 5140 naturque
2250 5067 2310 5122 in
2359 5084 2526 5122 versu
2566 5066 2723 5120 aliud
2753 5082 2872 5120 esse
2909 5067 3232 5120 membrum
3261 5082 3374 5136 quo
3404 5061 3634 5132 incipit,

1939 5159 2093 5214 aliud
2119 5174 2232 5229 quo
2263 5157 2505 5224 desinit;
2542 5173 2656 5211 non
2683 5171 2986 5228 possumus
3024 5170 3284 5210 recusare
3319 5149 3628 5222 inaequalia

2007 5281 2022 5314 ι
2044 5278 2400 5343 Ai‘qualitate,
2426 5278 2768 5343 juxtaAVatic.
2796 5282 2848 5328 et
2872 5277 2969 5328 Ms.
2994 5277 3052 5327 A.
3079 5276 3150 5325 Μ.

2003 5343 2025 5376 ²
2054 5341 2140 5402 Et,
2169 5342 2329 5404 juxta
2358 5341 2522 5390 Vatic.
2555 5341 2621 5388 M.

2003 5407 2024 5441 ³
2051 5403 2285 5468 4ccépil,
2316 5404 2470 5468 juxta
2497 5403 2757 5468 eumdem.
2788 5403 2837 5451 M

2007 5470 2029 5504 ⁴
2056 5467 2164 5530 Er.,
2184 5455 2523 5530 'ne'a'ccidat.
2540 5467 2669 5516 Ven.
2704 5467 2823 5515 Lov.
2845 5463 2934 5512 Ms.
2965 5462 3026 5520 Α,
3049 5458 3148 5530 hoc:
3187 5455 3526 5530 πϐρι-σῶαι.
3553 5456 3639 5508 Sic

1945 5530 2102 5580 etiam
2131 5519 2318 5592 Lugd,
2346 5528 2556 5580 uncinis
2582 5530 2726 5590 septa
2756 5531 2930 5575 tamen
2955 5519 3097 5582 voce,
3125 5520 3235 5570 hoc.
3257 5519 3324 5568 Μ.
