4064 6392
471 301 603 354 H27

464 423 724 480 membra
767 437 888 478 esse
931 424 1210 492 oportere.
1258 420 1327 473 D.
1363 418 1530 472 Nullo
1562 416 1752 472 modo.
1787 419 1869 472 Μ.
1913 418 1972 472 Id
2023 433 2160 488 ergo

465 513 624 586 prius
636 512 692 568 in
713 509 1038 585 pyrrhichio
1061 508 1508 574 consideremus,
1532 505 1580 560 si
1600 506 1804 576 placet,
1827 505 1887 560 in
1909 522 2023 577 quo
2039 506 2159 576 jam

465 601 634 656 credo
664 598 843 655 videri
871 598 976 653 tibi
1019 597 1210 651 minus
1236 596 1419 651 tribus
1445 595 1802 666 temporibus
1832 595 2154 648 membrum

467 706 587 744 esse
607 705 722 743 non
737 704 922 760 posse,
947 686 1218 758 quoniam
1239 684 1294 740 id
1313 684 1563 757 primum
1587 688 1671 738 est
1686 683 1815 754 plus
1837 699 2006 755 quam
2036 699 2153 753 pes.

461 781 525 833 D.
559 777 867 832 Assentior.
899 777 984 831 M.
1021 777 1166 846 Ergo
1197 774 1470 829 minimus
1499 789 1694 827 versus
1733 777 1870 844 quot
1897 775 2160 841 tempora

461 865 821 938 possidebit?
842 865 913 919 D.
939 865 1193 919 Dicerem
1214 879 1331 930 sex,
1363 861 1474 916 nisi
1494 877 1586 915 me
1608 861 1702 915 illa
1722 860 2152 932 przeposteratio

462 958 768 1009 revocaret.
794 953 1024 1024 Septem
1046 968 1182 1022 ergo
1201 951 1466 1005 habebit:
1491 948 1626 1022 quia
1643 949 1831 1004 minus
1852 965 2024 1020 quam
2049 947 2157 1002 tria

461 1043 786 1098 membrum
807 1042 1017 1096 habere
1037 1057 1152 1095 non
1175 1043 1388 1110 potest;
1408 1039 1535 1110 plus
1556 1041 1746 1092 autem
1761 1036 1993 1104 habere,
2015 1051 2156 1089 non-

459 1131 596 1187 dum
611 1130 968 1202 prohibitum
995 1134 1098 1184 est.
1131 1130 1216 1184 M.
1249 1129 1417 1182 Recte
1447 1125 1733 1196 intelligis.
1762 1125 1869 1179 Sed
1897 1124 1986 1177 dic
2016 1128 2155 1195 quot

456 1219 633 1290 pedes
660 1218 1021 1290 pyrrhicliios
1053 1217 1300 1272 habeant
1339 1220 1556 1287 septem
1595 1219 1868 1285 tempora.
1905 1214 1976 1266 D.
2019 1213 2153 1266 Tres

457 1313 513 1362 et
541 1307 727 1362 semis.
763 1309 848 1362 Μ.
883 1307 1129 1361 Debetur
1159 1321 1294 1376 ergo
1325 1304 1495 1358 unius
1524 1302 1801 1374 temporis
1833 1301 2147 1367 silentium,

456 1397 592 1452 dum
607 1397 678 1451 ad
701 1395 1046 1468 principium
1070 1394 1309 1462 reditur,
1324 1391 1642 1464 utspatium
1665 1390 1827 1462 pedis
1844 1388 2028 1460 possit
2047 1388 2152 1441 im-

453 1485 624 1556 pleri.
669 1486 745 1540 D.
795 1484 1044 1539 Debetur
1079 1499 1236 1538 sane.
1278 1483 1393 1536 Hoc
1432 1483 1808 1535 annumerato
1838 1481 1977 1548 quot
2004 1481 2149 1531 tem-

454 1589 596 1646 pora
627 1572 831 1628 erunt?
859 1573 934 1628 D.
969 1573 1123 1628 Octo.
1171 1571 1252 1625 M.
1289 1571 1360 1625 Ut
1389 1585 1494 1640 ego
1525 1567 1818 1632 minimus,
1847 1565 1945 1637 qui
1977 1565 2149 1619 etiam

452 1661 676 1732 primus
705 1665 790 1715 est
832 1676 954 1731 pes,
988 1659 1178 1714 minus
1208 1675 1382 1730 quam
1427 1658 1572 1724 duo;
1627 1656 1706 1710 ita
1742 1653 2015 1709 minimus
2050 1653 2148 1724 qui

450 1749 673 1820 primus
703 1754 787 1804 est
813 1765 1029 1816 versus,
1057 1749 1250 1802 minus
1277 1747 1488 1802 habere
1529 1760 1699 1817 quam
1735 1748 1858 1798 octo
1888 1748 2148 1812 tempora

452 1853 569 1892 non
605 1841 811 1909 potest.
846 1839 918 1892 Π.
953 1839 1034 1892 Ita
1064 1839 1165 1892 est.
1198 1839 1272 1893 M.
1303 1834 1448 1901 Quid
1475 1833 1756 1888 maximus
1786 1847 1999 1896 versus,
2037 1845 2145 1900 quo

450 1926 787 1998 ampliorem
809 1942 931 1981 esse
946 1942 1061 1980 non
1083 1924 1388 1997 oporteat?
1405 1927 1546 1995 quot
1564 1921 1797 1976 tandem
1817 1923 2142 1989 temporum

447 2031 567 2070 esse
589 2014 794 2070 debet?
823 2016 1021 2069 Nonne
1051 2013 1242 2068 statim
1272 2011 1510 2079 videbis,
1537 2011 1583 2064 si
1608 2009 1678 2064 ad
1701 2009 1858 2064 illam
1880 2022 2144 2078 progres-

448 2103 670 2159 sionem
696 2103 1061 2158 retulerimus
1088 2102 1368 2169 animum,
1395 2101 1462 2155 de
1485 2116 1599 2172 qua
1621 2098 1786 2153 toties
1813 2101 1932 2151 tam
1961 2095 2143 2149 multa

446 2192 596 2247 dicta
617 2197 752 2246 sunt
768 2193 797 2246 ?
819 2197 887 2248 D.
918 2193 1044 2246 lam
1065 2189 1324 2260 intelligo
1353 2187 1692 2259 ampliorem
1715 2199 1886 2258 quam
1908 2183 2142 2255 triginta

447 2282 626 2336 duum
655 2285 986 2351 temporum
1017 2295 1243 2334 versum
1276 2294 1396 2331 esse
1421 2293 1537 2330 non
1566 2289 1749 2346 posse.

513 2373 602 2425 2t.
635 2371 719 2425 Μ.
768 2367 915 2434 Quid
961 2369 1029 2422 de
1073 2366 1242 2421 metri
1273 2363 1664 2436 longitudine?
1705 2376 1972 2416 censesne
2013 2375 2132 2414 am-

441 2458 686 2530 pliorem
715 2473 834 2512 esse
865 2457 1071 2512 debere
1115 2471 1286 2527 quam
1329 2469 1524 2508 versus
1561 2453 1605 2518 ¹,
1633 2467 1763 2506 cum
1802 2452 2049 2504 metrum
2081 2447 2139 2501 id

444 2547 598 2618 quod
613 2551 698 2602 est
719 2545 1047 2614 minimum,
1076 2548 1191 2600 tam
1215 2543 1408 2598 minus
1431 2542 1503 2597 sit
1521 2557 1694 2613 quam
1722 2538 1998 2595 minimus
2018 2553 2139 2590 ver-

503 2680 518 2714 ¹
551 2680 609 2728 In
636 2681 713 2741 B.,
740 2692 979 2730 versum.
1006 2679 1192 2728 Melius
1217 2691 1336 2726 cum
1368 2677 1465 2725 Ms.
1490 2675 1551 2736 A,
1578 2685 1785 2726 versus.
1850 2671 1918 2720 M.

1726 294 1820 348 DE
1859 292 2155 361 MUSICA,
2198 293 2252 350 S.
2296 293 2682 351 AUGUSTINI

3879 299 3988 351 “28

2271 419 2406 472 sus?
2433 421 2496 472 D.
2530 419 2656 472 Non
2703 432 2926 474 censeo.
2977 419 3051 473 M.
3086 417 3228 472 Cum
3266 433 3404 489 ergo
3444 421 3718 472 metrum
3769 417 3987 488 incipiat

2271 523 2302 559 a
2333 507 2552 560 duobus
2580 506 2842 577 pedibus,
2874 522 3068 560 versus
3088 523 3119 560 a
3149 505 3428 578 quatuor:
3459 511 3567 560 aut
3597 505 3757 561 illud
3786 506 3858 560 ab
3883 523 3984 577 spa-

2267 594 2348 648 tio
2377 596 2620 649 duorum
2650 595 2882 666 pedum,
2911 595 3017 649 hoc
3042 612 3074 648 a
3102 599 3351 666 quatuor
3381 599 3793 649 annumerato
3824 595 3980 649 silen-

2266 682 2655 750 tio;~metrum
2699 687 2891 738 autem
2930 688 3055 738 octo
3086 683 3259 755 pedes
3301 700 3424 738 non
3465 685 3758 739 excedat:
3805 699 3979 738 nonne

2268 786 2397 825 cum
2441 776 2496 826 et
2541 788 2738 826 versus
2785 776 3034 827 metrum
3077 772 3168 839 sit,
3220 789 3447 828 necesse
3492 777 3584 827 est
3633 789 3782 827 eum
3823 774 3980 844 pedes

2263 859 2504 914 totidem
2550 876 2668 914 non
2715 861 3023 915 excedere?
3069 863 3134 916 D.
3186 861 3270 916 Ita
3314 865 3420 916 est.
3453 863 3531 918 Μ.
3584 862 3823 917 Rursus
3864 879 3979 917 cum

2263 963 2458 1002 versus
2491 966 2606 1008 non
2626 949 2696 1004 sit
2717 949 2940 1020 longior
2961 965 3134 1021 quam
3156 949 3393 1020 triginta
3416 950 3601 1005 duum
3624 954 3978 1022 temporum,

2264 1040 2321 1091 et
2346 1041 2597 1092 metrum
2628 1037 2700 1092 sit
2724 1039 2894 1092 etiam
2935 1038 3236 1109 longitudo
3274 1054 3492 1106 versus,
3521 1039 3573 1093 si
3607 1040 3979 1111 conjunctio~

2261 1139 2394 1179 nem
2426 1125 2670 1180 duorum
2697 1127 3088 1181 membrorum
3118 1127 3290 1181 talem
3322 1143 3438 1182 non
3468 1127 3689 1182 habeat
3716 1129 3911 1199 qualis
3929 1129 3978 1183 in

2263 1229 2426 1266 versu
2458 1214 2807 1285 praecipitur,
2853 1215 2948 1268 sed
2991 1216 3257 1269 tantnmi
3295 1221 3451 1270 certo
3490 1214 3608 1270 ﬁne
3648 1216 3978 1284 claudatur,

2260 1317 2448 1372 neque
2480 1303 2685 1357 debeat
2715 1302 2942 1372 longius
2982 1319 3102 1357 esse
3138 1320 3310 1375 quam
3345 1319 3581 1359 versus:
3616 1321 3833 1360 nonne
3870 1323 3980 1360 ma-

2259 1389 2530 1445 nifestum
2572 1395 2656 1444 est
2692 1396 2757 1445 ut
2785 1407 3012 1446 versum
3049 1393 3228 1462 pedes
3264 1397 3411 1458 octo,
3451 1393 3534 1447 ita
3571 1398 3841 1448 metrum
3880 1395 3977 1448 tri-

2259 1478 2416 1549 ginta
2447 1479 2557 1532 duo
2583 1483 2842 1550 tempora
2871 1481 3141 1535 excedere
3171 1497 3286 1536 non
3317 1482 3633 1552 oportere?
3663 1485 3729 1537 D.
3767 1485 3977 1538 Assen-

2257 1566 2387 1620 tior.
2416 1570 2491 1623 M.
2526 1568 2641 1622 Erit
2678 1584 2812 1640 ergo
2860 1568 3014 1623 idem
3057 1569 3308 1639 spatium
3355 1569 3656 1641 temporis,
3711 1575 3774 1625 et
3824 1571 3977 1627 idem

2257 1671 2532 1710 numerus
2579 1657 2792 1728 pedum
2837 1661 2896 1712 et
2939 1662 3122 1712 metro
3167 1661 3223 1712 et
3263 1659 3474 1726 versui,
3521 1660 3976 1732 communisque

2256 1744 2491 1815 quidam
2538 1745 2818 1799 terminus
2853 1748 2895 1813 ²,
2942 1747 3095 1801 ultra
3123 1763 3295 1817 quem
3333 1748 3610 1818 progredi
3651 1753 3976 1821 utrumque

2254 1847 2371 1885 non
2410 1832 2652 1886 debeat:
2695 1833 2954 1904 quamvis
2997 1838 3244 1889 metrum
3284 1835 3750 1906 quadruplicatis
3805 1838 3976 1909 pedi-

2251 1920 2379 1990 bus,
2408 1939 2440 1975 a
2469 1921 2674 1993 quibus
2723 1938 2841 1977 esse
2879 1923 3107 1994 incipit;
3155 1940 3350 1978 versus
3390 1929 3583 1978 autem
3621 1926 3976 1998 quadrupli-

2250 2009 2389 2063 catis
2418 2011 2787 2080 temporibus,
2824 2027 2858 2065 a
2891 2011 3098 2083 quibus
3128 2015 3186 2066 et
3215 2013 3336 2083 ipse
3367 2028 3487 2067 esse
3521 2013 3756 2084 incipit,
3802 2016 3973 2070 ﬁnia-

2249 2101 2382 2152 tur:
2435 2102 2500 2152 ut
2559 2100 2847 2154 crescendi
2894 2100 3106 2154 scilicet
3151 2101 3392 2156 modum
3440 2104 3828 2173 quaternaria
3877 2106 3974 2162 illa

2249 2186 2468 2241 ratione
2520 2193 2738 2243 servata
2784 2194 3034 2245 metrum
3064 2205 3194 2244 cum
3231 2207 3396 2245 versu
3443 2193 3974 2250 eommunicaverit

2247 2273 2306 2328 in
2338 2275 2605 2345 pedibus,
2637 2293 2831 2331 versus
2859 2294 2989 2332 cum
3027 2283 3212 2334 metro
3248 2279 3308 2333 in
3345 2280 3727 2351 temporibus.
3759 2286 3834 2339 D.
3876 2285 3971 2339 ln-

2248 2361 2466 2433 telligo,
2495 2367 2550 2417 et
2576 2364 2787 2435 probo;
2830 2369 3000 2438 atque
3037 2366 3119 2420 ita
3159 2383 3217 2422 se
3255 2367 3466 2423 habere
3504 2369 3682 2426 istam
3727 2387 3970 2428 concor-

2249 2449 2401 2505 diam
2431 2448 2978 2526 consensionemque
3007 2455 3273 2512 delector.

2311 2548 2326 2580 ¹
2365 2549 2576 2608 Tamen,
2602 2549 2755 2608 juxta
2783 2550 2943 2600 Vatic.
3011 2553 3085 2601 M.
3837 2586 3840 2588 -

2307 2609 2435 2686 1[Ita
2454 2609 2584 2686 legit
2604 2609 2815 2686 γειὶο.)
2850 2615 2921 2665 Et
2941 2613 3084 2686 idem
3111 2627 3366 2686 numam
3388 2617 3634 2686 pedum;
3654 2623 3706 2670 et
3733 2623 3966 2686 quidam

2245 2673 2514 2723 terminus
2543 2676 2718 2725 metm
2743 2676 2796 2726 et
2827 2679 3001 2727 versui
3025 2681 3310 2740 communi,
3337 2673 3494 2732 ultra
3523 2673 3710 2745 quem.
3738 2673 3760 2686 ³
3783 2673 3861 2735 M.

2033 2792 3968 2825 ..Ἣ

1399 2883 1964 3009 LIBER
2067 2881 2972 3028 QUARTUS.

1724 3070 2076 3120 Continuatur
2104 3070 2344 3121 tractatio
2373 3068 2438 3118 de
2466 3071 2650 3118 metro.

439 3270 664 3325 CAPUT
693 3271 987 3326 PRIMUM.
1018 3300 1087 3314 —
1122 3273 1332 3398 Ultimat
1364 3272 1581 3343 syllaba
1617 3290 1786 3344 quare
1817 3276 2136 3346 indi/ferens

1143 3359 1201 3397 in
1229 3359 1310 3398 me
1335 3359 1415 3398 ro.

1143 3359 1201 3397 ιη
1229 3359 1415 3398 metro.

509 3433 557 3484 l.
580 3431 656 3485 Μ.
686 3429 1007 3484 Redeamus
1027 3446 1162 3500 ergo
1180 3432 1247 3486 ad
1274 3431 1441 3486 metri
1457 3432 1990 3506 considerationem,
2009 3453 2135 3506 pro-

432 3521 559 3588 pter
589 3519 748 3589 cujus
781 3535 1151 3589 progressum
1193 3536 1256 3574 ac
1306 3521 1725 3592 longitudinem
1759 3524 1828 3578 de
1860 3541 2018 3578 versu
2049 3530 2132 3580 te-

432 3623 562 3662 cum
593 3607 808 3678 aliquid
838 3623 1005 3678 agere
1024 3613 1248 3663 coactus
1271 3625 1419 3677 sum,
1443 3611 1531 3681 cuj
1547 3628 1609 3664 us
1636 3612 1915 3667 tractandi
1933 3625 2133 3683 postea

429 3693 594 3749 nobis
638 3700 724 3750 est
773 3696 1112 3752 constitutus
1153 3698 1329 3753 locus.
1364 3699 1470 3753 Sed
1519 3700 1706 3771 primo
1737 3701 1880 3755 illud
1913 3719 2128 3773 quaero,

433 3785 626 3838 utrum
676 3800 794 3839 non
842 3785 1125 3856 repudies,
1158 3788 1313 3859 quod
1366 3788 1632 3844 ultimam
1671 3791 1967 3861 syllabam,
2002 3807 2129 3862 quae

429 3875 675 3928 metrum
701 3875 992 3945 terminat,
1023 3893 1123 3931 seu
1153 3877 1327 3949 longa
1355 3894 1456 3933 seu
1493 3878 1680 3933 brevis
1708 3878 1799 3947 sit,
1831 3885 2015 3951 poetae
2047 3884 2128 3934 at-

428 3976 538 4032 que
566 3961 773 4017 horum
794 3964 1021 4034 judices
1043 3967 1401 4036 grammatici
1428 3967 1573 4022 nihil
1591 3967 1659 4022 ad
1689 3983 1810 4022 rem
1838 3967 2128 4038 pertinere

427 4049 688 4105 arbitrati
719 4056 870 4107 sunt.
902 4055 966 4108 D.
1012 4054 1256 4109 Omnino
1295 4056 1536 4126 repudio
1567 4072 1582 4110 :
1626 4071 1745 4110 non
1799 4055 1954 4110 enim
1985 4054 2130 4110 mihi

425 4136 647 4193 videtur
677 4154 800 4193 esse
825 4139 1082 4194 rationis.
1115 4145 1186 4197 M.
1222 4142 1322 4196 Dic
1350 4142 1512 4205 mihi,
1540 4142 1796 4210 obsecro,
1819 4143 1976 4214 quod
2007 4161 2126 4198 me-

424 4228 578 4280 trum
611 4226 685 4281 sit
710 4225 773 4280 in
802 4228 1134 4298 pyrrhichio
1176 4229 1503 4286 minimum.
1538 4232 1610 4286 D.
1645 4232 1780 4286 Tres
1805 4232 2022 4286 breves.
2050 4237 2122 4289 Μ.

426 4313 716 4377 Quantum
742 4330 880 4386 ergo
911 4315 1198 4370 silendum
1221 4321 1324 4384 est,
1347 4318 1485 4373 dum
1500 4319 1782 4388 repetitur
1801 4319 1908 4374 ?D.
1943 4321 2126 4374 Unum

424 4402 673 4471 tempus,
706 4400 860 4472 quod
917 4404 1002 4455 est
1029 4401 1203 4456 unius
1241 4401 1428 4457 brevis
1463 4403 1702 4474 syllabae
1733 4404 2000 4475 spatium.
2036 4409 2116 4462 M.

425 4489 564 4559 Age,
591 4489 712 4559 jam
742 4493 972 4560 percute
998 4490 1106 4546 hoc
1136 4495 1409 4560 metrum,
1441 4509 1556 4546 non
1583 4509 1739 4559 voce,
1773 4493 1869 4548 sed
1899 4495 2120 4564 plausu.

423 4580 488 4633 D.
527 4578 671 4632 Feci.
704 4580 778 4634 M.
814 4580 1049 4634 Percute
1077 4579 1251 4634 etiam
1290 4581 1397 4636 hoc
1425 4581 1598 4636 modo
1638 4587 2011 4652 anapaestum.
2048 4583 2120 4638 D.

424 4664 491 4719 Et
516 4665 626 4719 hoc
654 4665 780 4721 feci.
841 4669 914 4722 Μ.
963 4667 1114 4733 Quid
1168 4669 1273 4724 tibi
1325 4669 1510 4724 visum
1568 4674 1652 4725 est
1701 4671 2024 4728 interesse?
2054 4675 2118 4728 D.

421 4753 656 4808 Prorsus
686 4754 848 4809 nihil.
883 4758 955 4811 Μ.
992 4757 1136 4822 Quid
1158 4758 1185 4812 ‘1‘
1215 4775 1465 4828 causam,
1488 4775 1589 4813 cur
1619 4759 1697 4815 ita
1745 4761 1836 4825 sit,
1873 4766 2115 4832 potesne

423 4840 611 4896 dicere
631 4841 658 4896 ‘I
685 4846 748 4897 D.
783 4842 1016 4900 Videtur
1045 4845 1188 4901 mihi
1217 4846 1352 4902 satis
1383 4863 1658 4919 apparere
1683 4866 1694 4903 :
1719 4865 1852 4904 nam
1886 4850 2120 4921 quodin

420 4930 520 4986 illo
551 4931 625 4986 ad
653 4931 967 5001 silentium,
995 4934 1182 4991 hocin
1209 4935 1316 4990 isto
1343 4936 1408 4991 ad
1440 4937 1873 5007 productionem
1902 4938 2120 4993 ultimae

419 5021 649 5094 syllabae
671 5021 949 5092 refertur;
977 5040 1113 5079 nam
1139 5025 1342 5081 eodem
1373 5028 1544 5081 modo
1568 5027 1648 5082 ibi
1679 5028 1860 5082 brevis
1893 5029 2112 5095 ultima,

415 5117 479 5166 ut
504 5111 596 5166 hic
622 5111 814 5182 longa,
849 5113 1207 5183 percutitur;
1233 5119 1292 5170 et
1319 5119 1449 5186 post
1475 5118 2118 5173 tantumdeminterval-

421 5201 541 5255 lum
573 5200 794 5255 reditur
833 5201 901 5256 ad
933 5207 1121 5272 caput.
1157 5202 1264 5258 Sed
1315 5203 1398 5259 ibi
1436 5205 1748 5276 quiescitur
1777 5207 1956 5261 donec
1985 5224 2115 5278 spa-

421 5287 565 5343 tium
594 5288 911 5362 pyrrhichii
943 5287 1126 5361 pedis,
1175 5291 1266 5346 hic
1296 5292 1474 5349 donec
1505 5295 1689 5366 longas
1737 5294 1965 5366 syllabae
2001 5295 2115 5348 im-

2244 3275 2427 3331 tinere
2459 3257 2793 3329 voluerunt:
2825 3271 2923 3328 ubi
2943 3272 3096 3328 enim
3125 3273 3257 3329 ﬁnis
3283 3278 3388 3346 est,
3412 3275 3716 3334 silentium
3761 3283 3964 3354 sequi-

2241 3369 2354 3430 tur,
2389 3368 2668 3435 quantum
2699 3363 2767 3418 ad
2797 3362 2988 3434 ipsum
3017 3367 3266 3418 metrum
3298 3365 3501 3421 attinet
3529 3369 3690 3438 quod
3726 3369 3962 3426 ﬁnitur.

2239 3455 2327 3507 An
2353 3469 2448 3507 eos
2476 3453 2536 3507 in
2587 3452 2692 3506 hac
2721 3468 2887 3506 causa
2922 3452 3326 3523 repetitionem
3349 3455 3529 3510 ullam
3563 3458 3653 3511 vel
3695 3460 3964 3515 reditum

2240 3542 2311 3596 ad
2341 3545 2511 3612 caput
2540 3540 2898 3595 considerare
2929 3540 3190 3596 debuisse
3220 3541 3532 3610 existimas,
3565 3561 3632 3599 ac
3664 3562 3796 3602 non
3833 3553 3965 3604 tan-

2237 3631 2534 3685 tummodo
2564 3628 2698 3701 quia
2727 3629 2928 3684 ﬁnitur
2955 3630 3117 3701 quasi
3149 3630 3417 3702 deinceps
3454 3633 3602 3688 nihil
3633 3635 3965 3693 dicendum

2239 3719 2355 3775 sit?
2380 3722 2445 3774 D.
2477 3720 2600 3774 lam
2615 3718 2912 3782 assentior,
2941 3719 3204 3774 ultimam
3234 3721 3512 3790 syllabam
3543 3723 3966 3784 indifferenter

2236 3805 2358 3863 ess’e
2384 3807 2794 3878 accipiendam.
2824 3810 2897 3863 Μ.
2929 3809 3118 3864 Recte.
3143 3808 3252 3864 Sed
3279 3809 3325 3863 si
3353 3809 3463 3864 hoc
3491 3817 3739 3883 propter
3768 3816 3958 3872 silen-

2235 3895 2381 3951 tium
2411 3895 2495 3963 ﬁt,
2551 3895 2824 3966 quoniam
2879 3895 2957 3949 ita
3000 3895 3388 3952 consideratus
3441 3902 3525 3953 est
3570 3899 3731 3970 ﬁnis,
3789 3905 3960 3976 quasi

2238 3984 2506 4055 deinceps
2559 3983 2702 4037 nihil
2741 3982 3054 4037 soniturus1
3111 3983 3185 4038 sit
3231 3985 3332 4058 qui
3360 3985 3595 4054 ﬁnierit,
3630 3992 3689 4043 et
3731 3991 3812 4046 ob
3847 3992 3960 4047 hoc

2239 4073 2490 4144 spatium
2518 4073 2794 4143 temporis
2821 4071 3018 4142 inipsa
3057 4073 3247 4144 quiete
3264 4074 3660 4146 largissimum
3691 4079 3849 4135 nihil
3865 4082 3956 4136 di-

2237 4167 2349 4216 stat
2379 4178 2507 4232 quaa
2536 4161 2618 4215 ibi
2646 4161 2858 4232 syllaba
2886 4161 3105 4216 locetur
3135 4179 3149 4229 ;
3177 4179 3369 4218 nonne
3417 4163 3562 4220 illud
3600 4170 3689 4221 est
3741 4161 3955 4226 conse-

2236 4266 2436 4322 quens,
2474 4255 2535 4304 ut
2563 4249 2687 4320 ipsa
2713 4249 2930 4304 ultimae
2957 4250 3189 4322 syllabae
3221 4251 3632 4324 indifferentia,
3656 4272 3795 4327 quae
3817 4277 3958 4331 pro-

2233 4344 2363 4411 pter
2392 4340 2615 4410 largum
2661 4338 2909 4409 spatium
2956 4340 3303 4408 conceditur,
3352 4341 3424 4396 ad
3464 4342 3523 4396 id
3552 4345 3850 4416 proﬁciat,
3889 4355 3957 4404 ut

2232 4428 2351 4483 sive
2378 4427 2458 4482 ibi
2483 4426 2670 4482 brevis
2705 4427 2920 4498 syllaba
2950 4427 3063 4482 sive
3094 4428 3266 4500 longa
3319 4429 3407 4495 sit,
3443 4447 3570 4486 eam
3610 4432 3726 4488 sibi
3774 4451 3956 4491 aures

2231 4532 2336 4587 pro
2367 4515 2539 4586 longa
2566 4514 2905 4569 vindicent?
2933 4517 3004 4570 D.
3036 4515 3207 4570 Video
3236 4517 3404 4588 plane
3417 4510 3539 4573 esSe
3552 4535 3950 4593 consequens.

2235 4605 2461 4660 CAPUT
2493 4605 2561 4659 ΙΙ.
2593 4634 2661 4643 -
2688 4604 2821 4670 Quot
2849 4604 3076 4674 syllabis
3098 4607 3378 4661 minimum
3402 4611 3774 4665 constituatur
3799 4629 3951 4683 pyr-

2370 4692 2644 4746 rhichium
2672 4696 2934 4746 metrum:
2967 4693 3229 4761 quamdiu
3258 4709 3467 4764 quoque
3493 4697 3791 4755 silendum.

2300 4783 2334 4834 2
2387 4781 2459 4836 M.
2497 4779 2734 4834 Videsne
2765 4781 2938 4835 etiam
2963 4781 3124 4849 illud,
3157 4798 3288 4838 cum
3325 4783 3566 4841 dicimus
3615 4787 3947 4846 minimum

2225 4873 2476 4923 metrum
2533 4884 2655 4923 esse
2700 4869 3095 4940 pyrrhichium
3146 4875 3259 4926 tres
3315 4872 3513 4928 breves
3539 4874 3814 4946 syllabas,
3879 4885 3948 4936 ut

2227 4957 2396 5011 unius
2422 4958 2606 5013 brevis
2636 4959 2819 5028 spatio
2850 4957 3104 5023 sileatur,
3143 4959 3282 5015 dum
3331 4962 3400 5016 ad
3427 4962 3663 5019 initium
3694 4971 3948 5024 reverti-

2225 5062 2393 5114 mur;
2426 5046 2570 5100 nihil
2621 5046 2912 5115 interesse,
2943 5052 3140 5103 utrum
3166 5049 3275 5104 hoc
3305 5055 3576 5120 metrum,
3627 5069 3705 5108 an
3755 5058 3946 5127 pedes

2223 5139 2541 5205 anapaestos
2570 5139 2897 5204 repetamus
2917 5137 2946 5190 ?
2964 5136 3040 5192 Β.
3054 5138 3177 5192 1am
3193 5137 3302 5193 hoc
3325 5139 3562 5210 quidem
3587 5145 3770 5212 paulo
3801 5151 3944 5202 ante

2219 5221 2318 5277 illa
2343 5223 2708 5293 percussione
2729 5223 2978 5294 percepi.
3007 5228 3079 5281 Μ.
3114 5227 3311 5282 Nonne
3343 5246 3478 5300 ergo
3511 5230 3803 5305 quidquid
3841 5235 3947 5292 hic

2221 5315 2305 5365 est
2338 5311 2659 5378 confusum,
2693 5311 3162 5383 distinguendum
3192 5316 3385 5388 aliqua
3421 5318 3646 5376 ratione
3679 5323 3947 5381 arbitra-

419 5376 661 5447 ΡῙθδιῖυιό
692 5377 870 5470 1min
895 5384 1144 5470 MPOT"?
1172 5395 1277 5449 Par
1305 5397 1467 5470 mora
1496 5387 1601 5448 est»
1635 5399 1748 5452 qua
1777 5382 2115 5454 intel‘Pcgita
2217 5399 2298 5454 ris
2316 5398 2344 5454 ‘I
2373 5399 2448 5455 D.
2484 5376 2731 5455 Omnino
2761 5376 3026 5457 arbitror.
3057 5407 3128 5461 Μ.
3163 5405 3259 5459 Dic
3287 5376 3481 5462 utrum
3511 5409 3691 5466 aliam
3732 5376 3946 5470 videas

420 5481 760 5521 remeamus.
783 5469 859 5522 M.
893 5469 1017 5522 Non
1070 5468 1249 5539 igitur
1277 5469 1519 5525 absurde
1549 5470 1633 5524 illi
1662 5472 1922 5527 ultimam
1950 5473 2113 5544 sylla-

419 5552 552 5610 bam
581 5555 886 5624 metri,seu
917 5557 1088 5629 longa
1116 5575 1214 5614 seu
1239 5559 1425 5614 brevis
1457 5559 1546 5625 sit,
1583 5560 1724 5615 nihil
1756 5561 1823 5617 ad
1845 5577 1965 5617 rem
1987 5577 2112 5631 per-

2281 5571 2637 5631 iSonaturus,
2659 5569 2811 5634 juxta
2841 5571 3002 5622 Vatic.
3031 5577 3083 5624 et
3110 5574 3203 5622 Ms.
3235 5574 3294 5624 A.
3322 5575 3388 5624 M.
