4064 6356
143 300 276 351 “‘29

125 433 255 472 esse
282 419 588 489 rationem,
635 439 765 494 qua:
810 423 918 480 ista
949 426 1282 500 distinguat,
1316 431 1427 486 nisi
1473 437 1538 487 ut
1584 442 1837 492 metrum

119 507 530 576 pyrrhichium
555 527 668 564 non
699 511 839 567 illud
870 513 943 567 sit
971 516 1297 584 minimum,
1321 521 1474 590 quod
1488 522 1589 576 tibi
1615 524 1836 579 videba-

117 598 224 647 tur
253 595 314 649 in
344 597 526 650 tribus
574 599 860 666 brevibus,
912 603 1010 656 sed
1067 604 1127 658 in
1167 606 1444 677 quinque.
1493 612 1623 665 Post
1651 629 1831 667 unum

115 682 285 737 enim
335 685 540 755 pedem
598 703 662 740 ac
717 689 1066 759 semipedem
1121 693 1286 747 silere
1337 711 1498 750 mora
1528 699 1832 770 semipedis

118 771 253 841 ejus
285 774 386 843 qui
416 774 657 828 debetur
691 775 986 847 implendo
1029 781 1178 850 pedi,
1227 788 1399 854 atque
1439 785 1520 840 ita
1544 789 1729 842 redire
1763 790 1832 844 ad

113 856 381 928 initium,
414 867 469 915 et
497 862 606 916 hoc
635 863 945 919 minimum
975 874 1225 923 metrum
1246 870 1306 924 in
1337 874 1662 943 pyrrhichio
1694 893 1829 931 con-

114 944 366 1000 stituere
396 963 512 1000 non
541 965 645 1002 nos
701 950 836 1004 sinit
865 955 1136 1023 anapzesti
1174 957 1450 1026 parilitas,
1499 967 1563 1015 ut
1580 964 1699 1032 jam
1731 965 1828 1019 de-

116 1039 506 1088 monstratum
536 1041 622 1090 est
645 1053 656 1090 :
682 1054 857 1108 quare
883 1045 1012 1109 post
1032 1042 1175 1096 duos
1203 1045 1378 1113 pedes
1404 1052 1460 1102 et
1479 1050 1830 1120 semipedem

115 1119 416 1176 silendum
441 1129 524 1177 est
550 1124 691 1178 illud
723 1143 901 1180 unum
923 1132 1167 1200 tempus,
1203 1133 1251 1185 si
1272 1135 1606 1191 confusione
1635 1156 1826 1195 carere

112 1210 413 1264 volumus.
447 1215 508 1266 D.
540 1212 652 1266 Cur
682 1214 834 1268 enim
868 1231 983 1269 non
1011 1218 1124 1272 duo
1154 1222 1468 1291 pyrrhichii
1500 1230 1631 1279 sunt
1659 1228 1826 1281 mini-

113 1313 287 1352 mum
319 1304 565 1353 metrum
586 1300 647 1354 in
667 1303 1017 1372 pyrrhichio,
1039 1311 1094 1359 et
1115 1313 1359 1377 quatuor
1379 1313 1606 1381 syllaba:
1627 1315 1827 1369 breves

103 1386 335 1455 potius,
369 1393 498 1456 post
525 1405 664 1458 quas
695 1389 859 1444 silere
884 1408 1026 1462 opus
1057 1410 1170 1448 non
1215 1397 1306 1462 sit,
1357 1415 1530 1468 quam
1570 1402 1825 1473 quinque

107 1479 250 1543 post
281 1492 422 1546 quas
461 1492 604 1547 opus
634 1478 753 1532 sit?
805 1482 882 1535 M.
914 1481 1228 1551 Vigilanter
1278 1486 1532 1556 quidem,
1582 1490 1678 1544 sed
1709 1507 1823 1545 non

107 1578 280 1616 caves
316 1581 384 1618 ne
405 1564 474 1618 ab
497 1565 603 1619 hoc
625 1571 680 1619 te
705 1567 784 1620 ita
804 1571 1360 1640 proceleusmaticus,
1385 1580 1447 1628 ut
1470 1576 1657 1630 abillo
1685 1593 1824 1632 ana-

99 1657 332 1719 paestus
362 1653 640 1707 excludat.
682 1657 745 1709 D.
780 1656 988 1710 Verum
1018 1658 1175 1714 dicis.
1209 1663 1283 1742 Μ.
1318 1663 1508 1716 Placet
1555 1681 1691 1735 ergo
1721 1667 1817 1720 hic

105 1740 327 1793 modus
347 1740 407 1794 in
446 1741 700 1813 quinque
727 1742 1012 1814 brevibus,
1039 1753 1096 1800 et
1125 1740 1353 1803 silentio
1393 1751 1562 1806 unius
1595 1758 1819 1824 tempo-

102 1828 190 1880 ris
221 1829 252 1882 ?
280 1832 347 1884 D.
383 1830 571 1884 Placet
597 1846 755 1885 vero.
785 1834 857 1886 Μ.
888 1833 1120 1888 Videtur
1147 1835 1291 1890 mihi
1321 1837 1563 1893 oblitum
1594 1857 1714 1896 esse
1741 1847 1817 1908 te,

101 1905 602 1986 quemadmodum
635 1917 696 1972 in
724 1919 992 1990 rhythmo
1024 1922 1335 1978 dixerimus
1363 1941 1532 1996 posse
1573 1929 1819 1984 discerni

101 2009 312 2058 utrum
358 2005 688 2076 pyrrhichio
720 2024 791 2060 an
818 2010 1323 2078 proceleusmatico
1354 2021 1694 2070 curreretur.
1745 2021 1813 2073 D.

102 2093 267 2147 Bene
301 2093 575 2147 admones
600 2109 614 2147 :
642 2110 778 2147 nam
799 2095 1004 2164 plausu
1025 2097 1160 2152 istos
1181 2115 1449 2155 numeros
1479 2104 1549 2157 ab
1571 2103 1816 2160 invicem

99 2179 550 2251 dietinguendos
599 2183 1019 2252 comperimus:
1079 2203 1255 2256 quare
1309 2190 1431 2258 jam
1477 2207 1665 2263 neque
1720 2194 1813 2248 hic

100 2267 288 2321 istum
320 2269 886 2338 proceleusmaticum
907 2277 1118 2340 metuo,
1145 2291 1315 2346 quem
1333 2279 1534 2347 plausu
1557 2281 1813 2337 adhibito

100 2370 134 2406 a
167 2355 504 2424 pyrrhichio
535 2355 856 2412 discernere
909 2364 1130 2428 potero.
1185 2365 1257 2416 Μ.
1312 2364 1425 2418 Cur
1472 2367 1651 2431 igitur
1699 2386 1814 2424 non

98 2441 383 2495 eumdem
413 2443 678 2513 plausum
706 2444 1094 2500 adhibendum
1122 2448 1330 2517 vidisti,
1379 2456 1443 2505 ut
1473 2453 1540 2506 ab
1572 2455 1684 2508 illis
1713 2456 1812 2510 tri-

97 2529 218 2582 bus
263 2529 548 2596 brevibus,
592 2531 653 2584 id
703 2536 785 2586 est
842 2535 1167 2604 pyrrhichio
1218 2543 1275 2592 et
1327 2540 1636 2609 semipede,
1683 2549 1814 2613 post

97 2633 285 2687 quem
324 2624 613 2688 oporteret
661 2637 839 2674 unum
879 2627 1108 2692 tempus
1155 2625 1342 2691 silere,
1395 2627 1813 2685 discerneretur

97 2712 434 2774 anapaestus
453 2706 480 2759 ?
509 2710 574 2776 ι).
606 2708 730 2761 Jam
777 2707 1054 2780 intelligo,
1083 2715 1139 2764 et
1167 2712 1227 2766 in
1255 2713 1404 2767 viam
1461 2717 1654 2783 redeo,
1686 2735 1809 2772 me-

93 2797 376 2863 trumque
407 2793 467 2846 in
494 2795 822 2865 pyrrhichio
850 2797 1151 2852 minimum
1178 2806 1290 2854 tres
1316 2803 1556 2872 syllabas
1587 2806 1806 2874 breves,

90 2898 255 2952 quas,
315 2887 690 2937 annumerato
745 2883 994 2952 silentio,
1048 2887 1295 2942 duorum
1342 2891 1806 2959 pyrrhichiorum

90 2975 334 3039 tempus
383 2977 685 3041 occupant,
740 2989 861 3026 esse
911 2974 1207 3029 conﬁrmo.
1257 2979 1332 3031 M.
1367 2979 1619 3033 Probant
1670 2997 1806 3051 ergo

87 3072 272 3109 aures
289 3061 398 3109 tum
411 3057 520 3111 hoc
544 3073 726 3128 genus
753 3061 979 3113 numeri
1003 3081 1015 3114 :
1050 3063 1112 3116 Si
1129 3063 1337 3131 aliqua,
1370 3066 1508 3118 Bene
1537 3069 1640 3132 vis,
1669 3069 1807 3122 Bene

87 3145 212 3210 dic,
239 3147 378 3198 Bene
419 3148 533 3215 fac,
565 3147 816 3208 Animus,
842 3149 904 3204 Si
929 3150 1165 3218 aliquid,
1208 3153 1346 3206 Male
1374 3155 1479 3219 vis,
1517 3155 1658 3209 Male
1694 3156 1801 3223 dic,

87 3235 242 3288 Male
283 3236 399 3301 fac,
443 3238 700 3300 Animus,
762 3239 1000 3292 Medium
1038 3244 1134 3293 est.
1198 3244 1262 3295 D.
1320 3243 1464 3296 Satis
1534 3245 1801 3314 probant,

86 3324 423 3393 praesertim
457 3341 586 3377 cum
632 3325 754 3394 jam
803 3327 1133 3381 recordatus
1162 3329 1270 3382 sim
1319 3333 1802 3400 quemadmodum

85 3428 196 3464 eos
222 3411 424 3480 plaudi
477 3417 758 3482 oporteat,
805 3430 876 3468 ne
922 3430 1052 3469 cum
1106 3424 1287 3471 metro
1308 3420 1636 3490 pyrrhichio
1666 3423 1800 3477 ana;

83 3497 263 3570 pmsti
285 3499 710 3554 confundantur
737 3502 929 3571 pedes.

163 3591 219 3642 3.
255 3588 330 3641 Μ.
367 3587 501 3641 Vide
547 3593 604 3643 et
653 3589 796 3644 ista:
833 3593 896 3646 Si
940 3594 1158 3662 aliquid
1202 3609 1274 3660 es,
1306 3596 1426 3663 Age
1466 3598 1610 3652 bene.
1660 3600 1802 3653 Male

82 3677 194 3746 qui
221 3678 361 3743 agit,
394 3678 546 3731 Nihil
592 3680 730 3745 agit,
781 3681 851 3732 Et
896 3681 1036 3746 ideo,
1072 3685 1233 3736 Miser
1279 3687 1398 3738 erit.
1437 3688 1497 3739 D.
1542 3686 1800 3741 Suaviter

83 3764 270 3817 etiam
301 3763 410 3816 ista
430 3781 488 3818 se
521 3764 837 3829 insinuant,
870 3767 980 3821 nisi
1011 3785 1126 3822 uno
1169 3772 1309 3836 loco,
1357 3772 1454 3826 ubi
1484 3773 1615 3827 ﬁnis
1643 3775 1798 3828 tertii

81 3867 226 3906 cum
258 3851 421 3905 initio
471 3853 660 3922 quarti
689 3854 1007 3923 copulatur.
1038 3858 1112 3910 M.
1142 3857 1396 3928 Idipsum
1425 3861 1660 3915 omnino
1691 3867 1795 3930 est,

82 3941 248 4011 quod
285 3958 318 3994 a
340 3941 453 3995 tuis
484 3941 718 3995 auribus
745 3941 1079 3997 desideravi.
1113 3945 1234 3999 Non
1265 3946 1418 4001 enim
1448 3949 1657 4003 frustra
1675 3967 1796 4004 seu-

82 4046 188 4083 sus
220 4029 550 4096 offenditur,
583 4045 711 4082 cum
741 4030 996 4085 omnium
1028 4033 1373 4103 syllabarum
1405 4037 1564 4091 nullo
1616 4037 1794 4093 inter-

83 4117 284 4188 posito
331 4117 555 4171 silentio
595 4122 853 4189 tempora
885 4118 1109 4190 singula
1139 4129 1459 4193 exspectat:
1493 4141 1666 4195 quam
1698 4143 1794 4180 ex—

83 4205 506 4276 spectationem
579 4207 831 4276 profecto
898 4207 1126 4262 fraudat
1187 4225 1492 4264 concursus
1549 4214 1793 4268 duarum

81 4293 556 4362 consonantium,
609 4299 630 4348 t
677 4300 733 4348 et
789 4310 843 4361 η,
899 4311 1027 4366 quae
1073 4298 1490 4366 praecedentem
1540 4304 1794 4356 vocalem

82 4385 332 4452 longam
362 4397 482 4435 esse
527 4387 760 4452 cogunt,
810 4388 868 4437 et
905 4384 966 4437 in
998 4385 1110 4438 duo
1161 4390 1422 4456 tempora
1451 4391 1793 4457 extendunt;

80 4469 247 4542 quod
281 4485 460 4539 genus
509 4471 866 4540 grammatici
913 4472 1193 4542 positione
1237 4476 1469 4545 longam
1515 4478 1793 4548 syllabam

81 4561 318 4611 vocant.
351 4557 458 4611 Sed
484 4563 721 4628 propter
766 4559 925 4612 illam
957 4560 1174 4614 ultima:
1204 4563 1436 4632 syllaba:
1464 4565 1792 4620 indifferen-

81 4648 252 4709 tiam,
308 4661 476 4698 nemo
505 4645 844 4701 criminatur
872 4648 979 4702 hoc
1009 4654 1278 4711 metrum,
1340 4669 1471 4707 cum
1526 4654 1580 4708 id
1611 4654 1792 4708 since-

80 4752 168 4789 ra:
191 4738 366 4804 atque
397 4749 604 4788 severa
637 4751 802 4789 aures
835 4736 1009 4790 etiam
1045 4737 1166 4792 sine
1215 4745 1536 4795 accusatore
1583 4743 1790 4796 conde-

83 4827 315 4878 mnent.
357 4823 499 4876 Nam
550 4824 699 4890 vide,
749 4842 942 4896 quaeso
998 4831 1279 4898 quantum
1319 4828 1576 4896 interest,
1609 4829 1657 4884 si
1687 4847 1789 4902 pro

84 4927 154 4965 eo
189 4909 345 4981 quod
376 4915 480 4977 est,

561 5016 692 5092 Male
723 5017 812 5088 qui
838 5017 1132 5092 agit,.l‘1ihil
1163 5021 1270 5092 agit
1296 5036 1308 5068 :

560 5077 686 5126 Male
709 5077 798 5140 qui
820 5077 1134 5143 agit,Homo
1161 5077 1309 5146 périt.

89 5182 151 5233 1).
185 5177 303 5232 Iloc
349 5193 484 5231 sane
516 5175 802 5248 liquidum
856 5181 1026 5248 atque
1076 5179 1366 5251 integrum
1411 5186 1512 5236 est.
1560 5185 1642 5236 Μ.
1680 5185 1791 5238 Hoc

83 5281 226 5336 ergo
265 5281 370 5318 nos
417 5263 784 5317 observemus
820 5269 1054 5334 prOpter
1103 5269 1335 5322 musica!
1383 5269 1788 5338 sinceritatem,

82 5354 238 5426 quod
269 5357 457 5424 poetae
489 5369 602 5406 non
629 5353 927 5406 observant
950 5359 1184 5425 propter
1211 5357 1541 5412 facilitatem
1579 5376 1792 5414 canen-

83 5444 140 5499 di
168 5460 180 5497 :
215 5447 279 5496 ut
308 5442 552 5513 quoties,
595 5441 845 5512 exempli
875 5458 1066 5511 causa,
1106 5444 1272 5499 nobis
1319 5462 1545 5502 necesse
1576 5452 1658 5502 est
1687 5449 1790 5502 ali-

86 5549 202 5604 qua
226 5507 410 5587 metra
441 5507 830 5600 interponere,
876 5529 935 5585 in
966 5507 1173 5602 quibus
1203 5534 1348 5590 nihil
1393 5536 1632 5592 debetur
1659 5538 1791 5609 pedi

456 5635 732 5702 PATROL.
783 5635 1032 5703 XXXII.

1418 5048 1657 5117 dicatur,

1593 313 1808 374 LIBER
1844 317 2193 385 QUARTUS.

3507 368 3639 421 H3O

1952 446 2104 514 quod
2131 446 2354 504 silentio
2381 465 2797 530 compensetur,
2830 480 2923 519 eas
2943 485 3227 538 ponamus
3255 479 3486 538 ultimas
3517 489 3634 557 syl-

1952 531 2099 557 Ιλιη-
2138 552 2269 557 —----
2304 539 2342 557 Ἀ
2456 544 2465 553 ⁸
2560 547 2574 557 ‘
2917 556 2923 557 7

1945 531 2101 586 labas
2132 552 2273 606 quas
2304 539 2389 593 lex
2419 544 2673 612 ejusdem
2703 531 3230 630 numerhﬂagitat;
3264 531 3336 620 ne
3364 585 3494 626 cum
3523 531 3631 628 alli-

1946 635 2059 690 qua
2108 623 2418 682 offensione
2471 635 2697 690 aurium
2739 646 2794 694 et
2840 642 3083 703 falsitate
3126 667 3431 723 mensurae,
3459 677 3490 714 a
3519 663 3632 718 ﬁne

1943 707 2017 761 ad
2045 708 2275 766 initium
2303 716 2639 790 redeamus;
2673 731 3046 787 concedentes
3076 741 3270 794 tamen
3299 743 3412 798 illis
3462 754 3524 802 ut
3553 750 3634 805 ita

1945 801 2125 851 metra
2160 801 2296 855 talia
2346 805 2568 873 finiant,
2615 815 2776 881 quasi
2824 817 3088 892 deinceps
3131 828 3272 882 nihil
3318 801 3634 906 dicturi,et

1940 884 2068 938 ideo
2097 893 2406 946 extremam
2437 895 2712 964 syllabam
2758 919 2858 958 seu
2879 907 3110 978 longam
3140 931 3239 970 seu
3259 919 3489 978 brevem
3520 884 3630 981 im-

1939 987 2093 1041 pune
2122 979 2504 1037 constituant:
2546 1001 2680 1040 nam
2727 989 2787 1043 in
2831 997 3254 1059 continuatione
3310 1015 3628 1070 metrorum

1938 1063 2292 1129 apertissime
2353 1072 2766 1130 convincuntur
2816 1083 3040 1138 aurium
3094 1089 3331 1162 judicio,
3395 1115 3514 1154 non
3567 1120 3628 1158 se

1939 1145 2145 1203 debere
2174 1168 2388 1221 ponere
2431 1157 2710 1230 ultimam,
2753 1166 2862 1220 nisi
2909 1187 3035 1240 quas
3077 1175 3252 1245 ipsius
3299 1188 3463 1240 metri
3495 1189 3627 1260 jure

1939 1240 2103 1260 κη.--
2137 1241 2341 1260 --.εηη
2621 1249 2632 1260 .
2866 1257 2904 1260 ,1

1937 1240 2104 1306 atque
2134 1241 2352 1296 ratione
2407 1249 2674 1315 ponenda
2725 1260 2827 1307 est.
2862 1257 2991 1312 Haec
3036 1268 3227 1320 autem
3271 1240 3625 1332 continuuatio

1936 1320 2018 1387 ﬁt,
2052 1340 2179 1380 cum
2210 1329 2344 1398 pedi
2394 1333 2538 1388 nihil
2595 1338 2837 1394 debetur
2866 1352 3100 1416 propter
3141 1320 3628 1422 quodvsile-r‘ezo:

1935 1425 2158 1518 gamur.
2190 1417 2266 1470 D.
2300 1419 2584 1492 Intelligo,
2618 1430 2674 1479 et
2695 1435 2919 1497 gratum
2953 1435 3136 1492 habeo
3157 1417 3318 1510 quod
3347 1446 3482 1500 talia
3500 1451 3626 1518 pol-

2703 1495 2720 1497 _
3183 1495 3200 1510 ι
3291 1495 3317 1496 π
3354 1495 3481 1500 """'
3500 1495 3594 1518 ἵν’

1935 1495 2118 1553 liceris
2158 1508 2439 1576 exempla,
2491 1511 2699 1580 quibus
2741 1519 2955 1574 nullam
3003 1526 3253 1595 patiatur
3298 1548 3496 1588 sensus
3538 1537 3628 1592 in-

1957 1600 2155 1644 unam.

1957 1601 2155 1644 unam.

1925 1601 1947 1654 J
2039 1677 2262 1734 CAPUT
2292 1682 2392 1736 III.
2427 1715 2494 1724 —-
2523 1688 2965 1754 Pyrrhichiorum
2990 1706 3278 1760 metrorum
3307 1709 3438 1765 ordo
3469 1717 3518 1766 et

2637 1775 2911 1820 numerus.

1997 1834 2050 1886 4.
2204 1839 2362 1935 μεθ,
2412 1857 2566 1898 nnnc
2612 1847 2812 1903 ordine
2865 1853 2934 1908 de
2964 1855 3054 1911 his
3086 1875 3316 1935 quoque
3357 1872 3625 1926 renuntia

1926 1922 2268 1990 pyrrhichiis
2287 1942 2300 1980 :

2486 2001 2621 2058 Quid
2651 2005 2750 2055 erit
2775 2007 2936 2060 homo

2486 2063 2585 2139 Qui
2607 2072 2748 2139 amat
2779 2069 3070 2139 hominem,

2483 2125 2535 2172 Si
2565 2134 2706 2178 amet
2734 2131 2788 2178 in
2817 2147 2878 2181 eo

2481 2186 2683 2253 Eragile
2717 2193 2858 2253 quod
2886 2201 3000 2247 est?

2488 2249 2640 2315 Amet
2668 2249 2829 2315 igitur

2483 2308 2726 2380 Animum
2749 2315 2994 2380 hominis,

2481 2370 2545 2419 Et
2577 2375 2675 2422 erit
2702 2375 2862 2426 homo

2479 2433 2688 2496 Aliquid
2720 2452 2921 2490 amans.

1994 2499 2138 2564 Quid
2169 2504 2290 2558 haec
2317 2507 2626 2567 videntur?
2653 2518 2716 2570 D.
2746 2518 2892 2582 Quid
2926 2523 3033 2577 nisi
3063 2531 3396 2589 suavissime
3443 2541 3615 2609 atque

1922 2587 2290 2660 integerrime
2317 2612 2544 2653 currere
2564 2602 2593 2654 ?
2614 2605 2698 2657 Μ.
2728 2606 2876 2670 Quid
2907 2609 3056 2683 ista?

2478 2687 2654 2760 Bonus
2684 2693 2782 2760 erit
2810 2709 2977 2760 amor,

2476 2749 2665 2799 Anima
2693 2754 2832 2803 bona
2861 2759 2930 2807 sit
2951 2775 2963 2808 :

2474 2811 2636 2874 Amor
2658 2814 2938 2874 inhabitat.

2475 2872 2539 2920 Et
2563 2875 2739 2924 anima
2770 2872 2976 2930 domus.

2477 2934 2565 3001 ita
2575 2936 2708 3001 bene
2742 2938 2960 3001 habitat,

2595 2997 2736 3064 bona
2759 2995 2976 3064 domus;

2472 3056 2567 3105 Ubi
2597 3060 2750 3114 mala.
2787 3064 2942 3115 male.

1987 3127 2049 3178 D.
2090 3129 2278 3184 Etiam
2332 3132 2442 3187 ista
2489 3138 2821 3196 continuata
2869 3147 3198 3206 suavissime
3248 3157 3484 3228 accipio.
3517 3164 3604 3218 Μ.

1917 3213 2076 3268 Nunc
2095 3219 2209 3270 tres
2231 3220 2400 3274 semis
2427 3224 2624 3294 pedes,
2660 3229 2820 3285 vide:

2471 3312 2690 3363 Animus
2719 3315 2950 3370 hominis
2975 3328 3054 3373 est

2469 3374 2604 3444 gela
2627 3376 2832 3444 bonave
2857 3384 3078 3444 agitans.

2470 3435 2616 3508 Bona
2642 3435 3049 3508 voluitth‘abet;

2467 3498 2604 3548 Mala
2626 3498 2992 3560 voluit,'habet

1984 3566 2056 3621 D.
2093 3569 2219 3623 Haec
2245 3588 2472 3644 quoque
2495 3577 2834 3649 interposito
2865 3587 3035 3640 unius
3051 3592 3323 3663 temporis
3353 3599 3603 3667 silentio,

1903 3652 2159 3720 jucunda
2223 3665 2370 3715 sunt.
2425 3663 2509 3716 Μ.
2563 3665 2845 3736 Sequatur
2889 3677 3134 3742 quatuor
3162 3652 3320 3748 pleni
3367 3652 3604 3755 pyrrhi:

1909 3739 2059 3808 chii;
2091 3742 2195 3797 hos
2244 3747 2452 3818 accipe,
2487 3755 2542 3804 et
2563 3752 2795 3821 judica:

2464 3837 2684 3910 animus
2718 3842 2947 3910 hominis
2976 3849 3084 3910 agit

2467 3900 2530 3965 [lt
2551 3900 2747 3965 habeat
2776 3919 2837 3952 ea
2862 3900 3020 3965 bona;

2465 3961 2665 4033 Quibus
2687 3965 2960 4033 _inhabitet
2987 3961 3164 4033 homo,

2463 4023 2602 4072 Nihil
2627 4025 2700 4074 ibi
2719 4030 2989 4080 metuitur.

1977 4093 2052 4146 Ι).
2087 4095 2149 4146 111
2200 4095 2287 4149 his
2335 4115 2565 4172 quoque
2613 4111 2766 4161 certa
2812 4113 2866 4162 et
2913 4110 3161 4180 jucunda
3197 4134 3466 4177 mensura
3495 4134 3596 4183 est.

1905 4181 1990 4234 Μ.
2021 4182 2168 4236 Audi
2202 4183 2323 4254 jam
2364 4204 2514 4244 nunc
2543 4209 2748 4250 novem
2787 4198 3032 4269 syllabas
3077 4203 3312 4275 breves;
3355 4211 3491 4267 audi

1898 4267 2094 4338 judica
2115 4286 2128 4324 :

2465 4349 2628 4423 [torno
2666 4354 2835 4423 malus
2857 4361 2997 4423 amat
3019 4363 3070 4407 et
3097 4365 3240 4423 eget;

2460 4410 2627 4484 {italus
2653 4416 2846 4484 etenim
2873 4431 2936 4467 ea
2965 4421 3103 4470 bona
3129 4410 3289 4484 amat,

2462 4472 2600 4522 Nihil
2627 4476 2716 4524 ubi
2744 4479 2897 4528 satiat
2917 4494 3062 4530 eum.

1976 4543 2048 4597 D.
2082 4546 2285 4602 Prome
2315 4566 2467 4604 nunc
2496 4553 2755 4625 quinque
2783 4561 3158 4628 pyrrhichios.
3188 4567 3272 4621 Μ.

2461 4639 2704 4708 hevicula
2727 4644 2933 4708 fragilia
2957 4640 3118 4706 bona,

2460 4701 2561 4757 Qui
2589 4709 2730 4754 amat
2757 4701 2936 4768 homo,
2964 4701 3205 4762 similiter
3234 4715 3409 4769 habet.

1973 4773 2045 4825 D.
2095 4774 2220 4828 Jam
2279 4777 2386 4832 hoc
2415 4785 2500 4834 sat
2547 4789 2650 4852 est,
2699 4791 2756 4840 et
2799 4790 3013 4860 probo;
3063 4809 3219 4850 nunc
3249 4798 3395 4854 adde
3427 4808 3598 4861 semi-

1902 4859 2127 4929 pedem.
2153 4864 2237 4917 Μ.
2274 4866 2496 4922 Faciam
2526 4887 2540 4924 :

2458 4956 2602 5031 Yaga
2631 4959 2763 5031 levia
2791 4963 2997 5031 fragilia
3016 4969 3174 5031 bona,

2459 5018 2559 5076 Qui
2585 5027 2724 5072 amat
2740 5018 2918 5088 homo,
2941 5018 3256 5087 similis—erit
3282 5041 3373 5089 eis.

1971 5092 2033 5142 D.
2068 5090 2215 5146 Bene
2243 5108 2508 5166 prorsus;
2557 5104 2612 5154 et
2650 5118 2744 5157 sex
2767 5105 2890 5176 jam
2937 5119 3191 5182 exspecto
3217 5121 3592 5189 pyrrhichios.

1901 5178 1985 5230 Μ.
2022 5179 2085 5232 Et
2105 5179 2208 5233 hos
2241 5182 2412 5238 audi:

2445 5264 2842 5339 yagadevicula
2870 5273 3077 5339 fragilia
3104 5281 3260 5334 bona.

2430 5325 2760 5383 Qui'adamat
2787 5325 2982 5397 homo?
2998 5325 3303 5392 similis—erit
3321 5346 3412 5395 eis.

1971 5399 2033 5452 1).
2065 5397 2210 5455 Satis
2233 5406 2350 5471 est;
2375 5406 2516 5460 adde
2547 5411 2913 5483 semipedem.
2941 5419 3026 5472 Μ.

2460 5497 2643 5566 Ιξιυὶᾶα
2663 5500 2895 5566 _levicula
2919 5503 3127 5566 fragilia
3157 5507 3294 5556 bona

2464 5559 2592 5615 Qua:
2614 5561 2822 5611 adamat
2845 5559 3036 5624 anima”,
3067 5567 3253 5618 similis
3277 5573 3376 5623 erit
3403 5576 3494 5624 eis.

2796 5661 3236 5748 (Trente-six.)
