4064 6362
441 332 564 384 1131

505 455 569 506 D.
601 449 696 503 Sat
727 452 832 506 est,
874 447 930 498 et
977 443 1125 496 bene
1177 442 1294 504 est;
1337 436 1410 490 da
1453 435 1573 504 jam
1621 435 1862 501 septem,
1899 425 2132 500 pyrrhi-

437 540 612 595 chios.
647 538 715 590 Μ

825 601 1069 652 Levicula
1098 597 1304 660 fragilia
1335 592 1548 660 gracilia
1568 591 1727 660 bona,

808 649 937 723 Quae
965 649 1456 714 adamatuauimvula,
1485 653 1670 702 similis
1699 651 1799 700 erit
1827 649 1923 698 eis.

506 757 571 807 D.
599 747 842 804 Accedat
894 743 984 798 his
1039 740 1320 809 semipes;
1382 751 1515 789 nam
1565 733 1672 786 hoc
1726 730 2021 800 eleganter
2075 741 2133 778 se

443 840 632 895 habet.
667 838 749 890 M.

780 905 924 966 Vaga
947 900 1107 967 ﬂuida
1127 896 1362 967 levicula
1373 893 1580 967 fragilia
1603 892 1759 967 bona,

778 949 921 1023 Qii‘é’e’
933 964 1144 1012 adamat
1165 957 1418 1015 animula,
1447 949 1504 1003 ﬁt
1529 967 1590 1002 ea
1611 952 1796 1001 similis
1824 949 1918 998 eis.

512 1051 586 1103 D.
614 1050 747 1102 Octo
770 1045 946 1116 pedes
973 1044 1090 1114 jam
1145 1044 1358 1093 restare
1396 1035 1578 1101 video,
1618 1037 1680 1086 ut
1703 1032 1826 1102 jam
1863 1029 1998 1082 istas
2027 1024 2135 1078 mi-

443 1137 628 1192 nutias
657 1135 980 1190 evadamus.
1015 1131 1359 1198 Quanquam
1405 1123 1560 1178 enim
1609 1119 1926 1192 approbent
1970 1129 2137 1169 aures

443 1224 688 1280 naturali
728 1221 976 1293 quadam
1031 1215 1381 1271 dimensione
1431 1211 1580 1282 quod
1631 1225 1818 1269 sonas,
1850 1203 2032 1259 nolim
2081 1205 2136 1256 te

442 1321 632 1370 tamen
659 1291 763 1365 tot'
782 1309 979 1363 breves
1031 1302 1276 1376 syllabas
1325 1313 1619 1370 quaerere;
1663 1311 1823 1366 quas,
1857 1293 1918 1347 ni
1949 1291 2136 1356 fallor,

445 1405 732 1459 contextas
760 1394 1016 1451 invenire
1062 1393 1119 1445 in
1170 1387 1566 1460 conjunctione
1595 1384 1897 1439 verborum
1927 1377 2137 1434 difﬁci-

445 1493 554 1546 lius
585 1493 688 1556 est,
719 1502 892 1557 quam
919 1483 966 1536 si
994 1481 1073 1535 eis
1129 1478 1366 1533 miscere
1418 1477 1615 1544 longas
1643 1472 1858 1526 liceret.
1907 1469 1992 1521 Μ.
2049 1465 2142 1520 Ni-

445 1580 526 1635 hil
567 1584 620 1633 te
649 1575 813 1640 fallit,
839 1577 894 1627 et
925 1575 986 1625 ut
1033 1568 1137 1623 tibi
1166 1566 1398 1638 probem
1434 1560 1874 1635 gratulationem
1928 1570 2138 1621 meam,

447 1667 600 1740 quod
627 1665 760 1719 hinc
803 1657 1112 1730 aliquando
1160 1653 1401 1710 transire
1441 1647 1848 1722 permittimur,
1891 1648 2141 1700 metrum

448 1736 600 1827 quod
628 1753 802 1807 restat
829 1749 999 1818 hujus
1034 1744 1263 1816 generis
1291 1739 1577 1795 sententia
1617 1736 1868 1792 feliciore
1909 1748 2140 1803 compo-

449 1859 582 1898 nam
632 1882 810 1967 Solida
837 1914 979 1962 bona
1004 1912 1192 1960 bomus
1222 1910 1379 1963 amat,
1410 1909 1462 1954 et
1489 1918 1547 1952 ea
1569 1903 1658 1967 qui
1689 1904 1830 1950 amat
1861 1900 2041 1967 habet.

634 1965 813 2041 itaque
841 1989 939 2024 nec
965 1977 1081 2036 eget
1100 1985 1266 2032 amor,
1298 1973 1349 2018 et
1381 1981 1442 2016 ea
1472 1965 1612 2015 bona
1633 1965 1770 2014 Deus
1798 1966 1893 2012 est.

451 2068 516 2118 Β.
548 2037 746 2116 Habeo
783 2051 1233 2111 cumulatissime
1287 2048 1536 2120 perfecta
1581 2048 1767 2100 metra
1808 2037 2139 2114 pyrrhichii.

450 2152 780 2222 Sequuntur
835 2141 1100 2207 iambica,
1153 2139 1222 2193 de
1287 2136 1494 2208 quibus
1543 2132 1688 2188 mihi
1733 2129 1970 2201 singulis
2011 2127 2146 2182 bina

453 2216 715 2308 exempla
734 2231 1049 2296 sufﬁciunt,
1080 2243 1209 2299 qum
1244 2225 1403 2279 nulla
1448 2219 1909 2292 interpellatione
1946 2216 2145 2272 audire

456 2328 712 2382 delectat.

765 2408 988 2464 CAPUT
1017 2406 1107 2459 IV.
1131 2430 1200 2441 —
1241 2405 1310 2456 De
1354 2403 1520 2454 metro
1556 2397 1803 2452 iambico.

528 2507 577 2557 5.
604 2501 688 2554 Μ.
731 2501 930 2554 Geram
976 2493 1082 2547 tibi
1124 2506 1364 2546 morem.
1409 2487 1516 2542 Sed
1554 2486 1662 2540 ista
1709 2500 1837 2555 qua:
1861 2482 1983 2553 jam
2025 2496 2148 2551 per-

459 2589 681 2660 egimus
709 2589 851 2657 quot
879 2586 1012 2636 sunt
1037 2580 1064 2633 ?
1090 2581 1164 2633 D.
1199 2573 1655 2641 Quatuordecim.
1689 2573 1774 2626 Μ.
1802 2571 1951 2635 Quot
1976 2567 2148 2621 etiam

460 2656 877 2731 iambicaifore
925 2668 1150 2723 credis?
1205 2667 1280 2720 D.
1341 2666 1519 2734 Aique
1557 2656 2014 2732 quatuordecim.
2072 2657 2146 2710 M.

459 2765 624 2832 Quid,
654 2763 701 2817 si
728 2762 788 2815 in
818 2760 900 2814 eis
926 2757 1096 2812 velim
1126 2770 1231 2825 pro
1278 2752 1468 2806 iambo
1508 2748 1858 2804 tribrachum
1908 2759 2148 2817 ponere,

461 2869 651 2909 nonne
679 2845 1089 2904 multiformior
1114 2841 1354 2897 varietas
1385 2839 1545 2893 erit?
1571 2841 1636 2892 D.
1670 2835 2033 2892 Manifestum
2072 2835 2155 2884 est

465 2941 736 3014 quidem:
770 2937 866 2991 sed
896 2951 1000 3004 ego
1031 2932 1293 3001 exempla
1318 2929 1426 2982 ista
1453 2928 1514 3000 in
1543 2925 1678 2980 solis
1706 2923 1912 2979 iambis
1953 2920 2152 2976 audire

463 3029 654 3100 cupio,
696 3041 768 3082 ne
799 3026 1035 3094 longum
1071 3019 1385 3074 faciamus:
1413 3031 1518 3088 pro
1550 3013 1747 3085 quavis
1792 3011 1947 3066 enim
1985 3011 2156 3078 longa

461 3098 676 3190 syllaba
700 3115 841 3169 duas
872 3113 1071 3166 breves
1106 3124 1271 3180 posse
1301 3105 1461 3176 poni,
1492 3102 1671 3157 facilis
1702 3098 2002 3170 disciplina
2049 3100 2151 3149 est.

461 3184 547 3260 Μ.
581 3203 806 3259 Faciam
835 3198 993 3270 quod
1019 3197 1125 3263 vis,
1157 3198 1499 3266 gratumque
1549 3191 1732 3244 habeo
1771 3187 1925 3259 'quod
1951 3184 2157 3239 intelli-

462 3291 654 3363 gentia
681 3286 910 3358 sequaci
939 3283 1150 3338 miuuis
1180 3282 1437 3336 laborem
1466 3293 1696 3332 meum:
1726 3276 1825 3331 sed
1854 3289 2052 3330 aurem
2084 3271 2156 3325 ad

460 3378 771 3434 iambicum
792 3374 1004 3446 praebe.
1026 3374 1103 3426 D.
1130 3371 1259 3424 Istic
1288 3385 1438 3436 sum,
1464 3366 1670 3436 incipe.
1703 3366 1771 3418 Μ

465 3469 643 3516 Bonus
670 3465 770 3523 vir,
1239 3458 1444 3523 Beatus.

464 3515 632 3578 Malus
661 3515 837 3583 miser,
1237 3519 1343 3583 Sibi
1369 3522 1447 3583 est
1468 3515 1683 3583 malum.

465 3577 643 3640 Bonus
671 3577 872 3647 beatus,
1243 3580 1602 3647 l_)_eus_b_onum
1620 3577 1756 3647 ejus.

467 3655 643 3701 Bonus
671 3640 981 3705 beatus'est,
1247 3642 1400 3705 Videt
1427 3642 1591 3705 Deum
1620 3640 1787 3705 beate.

467 3717 644 3763 Bonus
665 3713 745 3760 vir
772 3714 850 3759 est
878 3702 1080 3764 beatus,
1246 3704 1443 3753 Videns
1467 3702 1860 3764 Deumbeatus.

466 3757 642 3826 sax—ni;
670 3757 752 3822 vir
773 3757 824 3821 et
838 3757 974 3833 sapit
990 3757 1205 3833 bonum,
1242 3767 1520 3829 Bonusque
1549 3763 1697 3823 vivit,
1731 3760 1817 3808 hic
1849 3757 2062 3808 videbit.

464 3841 630 3888 Deum
645 3836 822 3885 videre
849 3830 939 3897 qui
963 3830 1200 3897 cupiscit,

468 3902 673 3950 Bonum
697 3891 882 3945 videre
899 3891 1154 3958 quiqcupit
1183 3891 1340 3958 die_m,

528 3964 704 4011 Bonus
730 3959 797 4007 sit
818 3954 930 4015 hic,
953 3955 1149 4004 videbit
1177 3957 1228 4001 et
1258 3954 1440 4015 Deum.

468 4026 671 4074 Bonum
706 4021 880 4069 videre
911 4013 997 4080 qui
1025 4016 1175 4080 cupit
1203 4015 1341 4080 diem.
1369 4013 1539 4080 illum.

529 4088 706 4136 Bonus
740 4083 808 4131 sit
826 4073 1149 4137 hicfvideb'it
1176 4081 1228 4125 et
1249 4077 1416 4125 Deum
1446 4073 1572 4137 illic.

469 4150 659 4197 Beatus
686 4148 766 4193 est
792 4135 983 4199 bonus,
1013 4140 1192 4188 fruens
1221 4139 1465 4199 enimqest
1493 4135 1630 4191 Deo;

529 4209 697 4258 Malus
717 4205 893 4263 miser,
925 4197 1014 4250 sed
1039 4202 1149 4263 ipse
1175 4212 1334 4263 pinna
1361 4197 1420 4245 ﬁt
1442 4210 1556 4263 sua.

469 4256 656 4320 Beatus
681 4271 760 4316 est
787 4256 972 4313 videns
1002 4256 1192 4318 Deum;
1208 4260 1339 4307 nihil
1369 4258 1513 4320 cupit
1539 4256 1685 4317 plus;

530 4331 698 4379 Malus
723 4329 921 4376 bonum
951 4325 1077 4372 foris
1108 4321 1344 4384 requirit,
1363 4319 1498 4384 hinc
1527 4321 1750 4384 egestas.

470 4378 656 4441 Beatus
678 4395 758 4439 est
780 4388 963 4437 videns
988 4378 1337 4440 Deumfnihil
1361 4380 1486 4428 boni
1517 4378 1740 4441 amplius
1765 4391 1776 4434 ;

529 4438 697 4502 Malus
717 4451 917 4499 bonum
941 4447 1068 4495 foris
1096 4438 1331 4506 requirit,
1358 4441 1487 4506 hinc
1516 4438 1831 4506 egetumiser.

470 4497 757 4565 Béifdé‘eéi
781 4511 964 4558 videns
987 4497 1330 4564 Deumfuihil
1358 4503 1483 4565 boni
1506 4497 1731 4563 amplius
1761 4497 1912 4565 vult;

532 4562 698 4625 Malus
732 4573 859 4622 foris
889 4572 1086 4620 bonum
1118 4562 1503 4629 requirit,_hin_c
1533 4562 1728 4629 egenus
1757 4562 1912 4629 errat.

471 4621 758 4687 Beatus—Vest
783 4634 968 4682 videns
992 4633 1176 4690 Deum,
1195 4621 1488 4690 'nihil'boni
1512 4621 1738 4690 amplius
1769 4621 1941 4690 volet;

531 4684 699 4749 Malus
718 4697 844 4746 foris
869 4696 1069 4744 bonum
1095 4684 1331 4754 requirit,
1357 4688 1482 4736 hinc
1506 4684 1623 4750 eget
1642 4687 1801 4734 miser
1816 4684 1976 4732 bono.

776 4775 999 4830 CAPUT
1041 4773 1104 4825 V.
1138 4797 1203 4812 —-
1240 4773 1307 4824 De
1353 4773 1519 4821 metro
1565 4767 1850 4820 trochaica.

541 4871 593 4922 6.
626 4866 701 4921 D.
741 4863 1044 4918 Trochaeus
1077 4859 1354 4929 sequitur,
1399 4872 1600 4926 prome
1648 4852 1974 4908 trochaica:
2029 4865 2163 4903 nam

468 4957 576 5012 ista
613 4971 670 5008 se
719 4950 932 5006 habent
968 4947 1202 5018 optime.
1247 4948 1322 5001 Μ.
1356 4943 1603 5011 Faciam,
1651 4947 1707 4998 et
1749 4940 1951 4996 eodem
1988 4937 2161 4992 modo

468 5061 581 5117 quo
609 5039 853 5096 iambica
876 5053 890 5091 :

469 5131 662 5195 Optimi

469 5195 714 5249 Veritate,

467 5257 668 5305 Veritas
697 5253 778 5300 sat
805 5252 902 5307 est,

468 5319 670 5366 Veritas
700 5317 916 5362 vocatur

469 5381 694 5428 Veritate
723 5377 892 5424 factus
919 5373 999 5420 est

1313 5121 1428 5168 Non
1459 5123 1631 5182 egent.

1317 5184 1434 5230 Non
1463 5185 1663 5243 egetur.

1309 5242 1524 5306 Semper
1551 5242 1666 5290 hac
1685 5243 1882 5306 manet.

1303 5306 1401 5353 Ars
1431 5302 1518 5352 Dei
1551 5302 1798 5365 supremi.

1308 5367 1538 5414 mundus
1570 5362 1665 5413 iste
1695 5377 1851 5426 quem
1869 5362 2034 5426 vides,

467 5425 694 5489 veritate
720 5438 854 5486 facta
887 5434 1076 5483 cuncta
1308 5428 1541 5489 Quaeque
1571 5425 1777 5489 gignier
1805 5425 2064 5489 videmus.

467 5487 694 5552 veritate
721 5500 859 5548 facta
881 5498 1042 5546 cunta
1068 5494 1211 5550 sunt,
1298 5487 1649 5550 Omniumque
1679 5488 1848 5536 forma
1874 5487 2082 5534 veritas.

533 5584 544 5615 ¹
581 5583 640 5628 lu
668 5580 743 5638 Β..
772 5577 1035 5640 faciliore.
1071 5570 1255 5621 Melius
1275 5581 1396 5619 cum
1421 5569 1541 5617 Mss.
1572 5566 1615 5616 A
1643 5566 1773 5625 etB,
1805 5563 2064 5628 feliciora.
2088 5563 2155 5612 M.

1713 308 1807 362 DE
1849 304 2139 368 MUSICA,
2181 302 2235 356 S.
2277 299 2661 356 AUGUSTINI

3831 282 3933 332 H32

2240 422 2469 471 Veritate
2499 423 2688 469 cuncta
2715 416 2851 466 facta
2875 428 3050 463 ceruo.

2302 484 2504 532 Veritas
2525 485 2720 537 manet,
2744 481 3024 526 moventur
3043 475 3160 522 ista.

2241 546 2469 595 V'eritate
2504 545 2640 592 facta
2669 541 2839 590 cernis
2870 537 3066 598 omnia,

2304 607 2504 661 Veritas
2536 608 2729 658 manet,
2756 607 3036 650 moventur
3055 597 3250 645 omnia.

2242 670 2472 718 Veritate
2503 668 2638 715 facta
2668 665 2838 714 cernis
2863 663 2962 710 ista
2981 664 3188 715 cuncta,

2303 731 2504 778 Veritas
2537 734 2710 776 tamen
2733 727 2927 779 manet,
2949 724 3227 770 moventur
3256 719 3372 766 ista.

2241 792 2471 842 Veritate
2497 791 2634 838 facta
2661 791 2848 837 cuncta
2872 780 3042 833 cernis
3069 781 3283 844 optime,
3306 841 3317 844 _
3400 805 3425 833 ο

2303 839 2502 902 Veritas
2534 857 2730 907 manet,
2762 851 3043 897 moventur
3069 839 3201 907 haec,
3232 841 3322 891 sed
3353 839 3568 890 ordine.

2242 915 2471 964 Veritate
2492 914 2632 961 facta
2657 906 2846 960 cuncta
2871 908 3042 956 cernis
3068 906 3328 963 ordinata,

2304 977 2505 1025 Veritas
2534 978 2728 1032 manet,
2761 984 2965 1020 novans
2993 965 3340 1032 movetquod
3369 964 3701 1032 innovatur.

2242 1037 2468 1088 Veritate
2491 1037 2626 1086 facta
2646 1028 2806 1084 cuuta
2830 1037 2972 1088 sunt,
3005 1035 3057 1079 et
3075 1028 3317 1078 ordinata
3331 1030 3473 1080 sunt,

2304 1100 2506 1148 Veritas
2538 1081 3268 1151 nov'atmauens,'moveutur
3299 1093 3359 1137 ut
3392 1089 3675 1136 noventur
3701 1081 3835 1130 haec.

2242 1162 2469 1212 Veritate
2501 1161 2638 1208 facta
2663 1162 2852 1207 cuncta
2872 1158 3011 1209 sunt,
3045 1158 3095 1202 et
3123 1152 3363 1200 ordinata
3387 1154 3606 1201 cuncta,

2307 1225 2508 1273 Veritas
2537 1205 2763 1271 manens
2782 1205 2967 1274 novat,
3003 1205 3283 1264 moventur
3310 1216 3370 1260 ut
3391 1214 3675 1259 noventur
3707 1205 3826 1254 ista.

2527 1302 2754 1358 CAPUT
2784 1300 2873 1353 VI.
2902 1326 2974 1338 —
3006 1298 3086 1351 De
3130 1299 3297 1349 metro
3337 1289 3670 1362 spondaico.

2317 1396 2368 1444 7.
2398 1394 2462 1444 D.
2512 1387 2842 1459 Spondeum
2897 1382 3060 1453 sequi
3113 1381 3316 1434 video:
3372 1393 3506 1432 nam
3555 1378 3622 1429 et
3671 1371 3945 1426 trochaeus

2250 1477 2383 1531 satis
2409 1477 2642 1531 auribus
2670 1473 2822 1530 fecit.
2856 1474 2942 1527 Μ.
2983 1473 3112 1524 Haec
3141 1472 3277 1522 sunt
3301 1470 3482 1520 metra
3507 1459 3774 1534 spondei
3799 1475 3812 1511 :

2247 1567 2557 1627 Magnorum
2587 1567 2681 1620 est,
3071 1557 3320 1627 Libertas.

2247 1617 2495 1689 Magnum
2520 1629 2612 1689 est_
2624 1617 2818 1672 munus
3068 1617 3356 1689 Libertatis.

2250 1673 2564 1738 Sol‘usliber
2589 1687 2662 1745 ﬁt,
3071 1681 3170 1745 Qui
3199 1691 3425 1728 errorem
3449 1673 3657 1745 vincit.

2250 1736 2404 1800 Solus
2426 1751 2558 1798 liber
2593 1736 2765 1810 vivit,_
2880 1754 2892 1782 ι
3064 1736 3165 1810 Qui
3193 1753 3422 1810 errorem
3441 1738 3551 1810 jam
3588 1736 3749 1806 Vicit.

2251 1813 2404 1862 Solus
2437 1813 2570 1861 liber
2592 1795 2715 1858 vere
2729 1795 2815 1864 Ἧι,
3070 1795 3169 1862 Qui
3191 1803 3380 1851 erroris
3408 1795 3656 1864 vinclum
3679 1795 3831 1864 vicit.

2251 1875 2405 1923 Solus
2431 1875 2560 1922 liber
2589 1854 2710 1920 vere
2726 1854 2871 1929 vivit,
3065 1854 3162 1925 Qui
3181 1865 3372 1914 erroris
3405 1862 3653 1911 vinclum
3684 1859 3800 1922 jam
3821 1854 3947 1901 vicit.

2251 1936 2406 1986 Solus
2435 1937 2568 1984 liber
2595 1947 2703 1981 non
2728 1931 2859 1979 falso
2889 1929 3035 1977 vivit.

2314 1998 2413 2056 Qui
2438 1997 2628 2046 erroris
2657 1993 2892 2043 vinclum
2914 1993 3025 2056 jam
3055 1989 3262 2056 devicit.

2253 2053 2406 2110 Solus
2435 2059 2566 2107 liber
2593 2059 2711 2120 jure
2736 2071 2795 2120 ac
2823 2053 2944 2102 vere
2964 2053 3112 2110 vivit,

2316 2123 2414 2179 Qui
2435 2112 2626 2170 errori's
2641 2117 2875 2166 vinclum
2904 2128 3128 2179 magnus
3145 2112 3358 2179 devicit.

2253 2175 2412 2252 Solius
2434 2183 2568 2231 liber
2590 2181 2709 2252 jure
2733 2193 2795 2252 ac
2823 2175 3254 2252 nonnfalso‘vivit,

2316 2245 2417 2302 Qui
2439 2235 2630 2293 erroris
2659 2241 2893 2290 vinclum
2929 2238 3198 2302 funestum
3223 2235 3430 2286 devicit.

2255 2300 2409 2357 Sol—us
2425 2307 2543 2369 jure
2577 2319 2636 2369 ac
2666 2315 3035 2369 veremaguus
3063 2300 3206 2357 vivit,

2319 2357 2637 2422 Qui'erroris
2669 2357 3194 2416 vinclumvfunestum
3209 2360 3321 2423 jam
3345 2357 3553 2423 devicit.

2257 2420 2411 2480 Solus
2439 2431 2569 2478 liber
2586 2429 2713 2491 jure
2725 2439 2920 2491 ac‘nou
2935 2424 3076 2491 falso
3089 2488 3095 2491 _
3110 2420 3509 2491 magnusjivit,

2319 2493 2419 2548 Qui
2449 2477 2639 2539 erroris
2669 2487 2902 2536 vinclum
2929 2477 3705 2548 funestumuprudensdevicit.

2258 2543 2412 2603 Solus
2446 2554 2578 2601 liber
2603 2553 2720 2613 jure
2751 2565 2810 2613 ac
2833 2563 2943 2613 non_
2973 2548 3103 2595 falso
3130 2543 3349 2613 securus
3373 2543 3520 2613 vivit,

2321 2616 2420 2673 Qui
2445 2599 2634 2662 erroris
2659 2612 2894 2660 vinclum
2923 2611 3190 2673 funestum
3221 2607 3449 2673 prudens
3469 2605 3593 2673 ja_m_
3615 2599 3837 2651 devicit.

2258 2665 2418 2746 Solus
2437 2677 2567 2725 liber
2587 2676 2706 2746 jure
2734 2688 2795 2746 ac
2819 2686 2926 2746 non
2956 2672 3087 2746 falso
3118 2665 3332 2746 securus
3352 2665 3642 2746 jam’vivij,

2322 2739 2422 2795 Qui
2446 2719 2636 2786 erroris
2661 2719 3103 2783 vinciuintetrum
3116 2746 3175 2780 ac
3200 2719 3465 2795 funestum
3485 2727 3726 2795 prudens
3752 2719 3949 2771 devicit.

2261 2789 2415 2850 Solus
2444 2800 2575 2848 liber
2599 2800 2716 2859 jure
2742 2811 2800 2845 ac
2829 2809 2937 2844 non
2959 2795 3089 2842 falso
3111 2806 3344 2859 securam
3367 2789 3528 2839 vitam
3554 2789 3710 2859 vivit,

2324 2862 2422 2920 Qui
2443 2843 2891 2911 errorisivincluin
2913 2861 3105 2906 tetrum
3133 2869 3193 2904 ac
3210 2855 3478 2903 funestum
3495 2850 3749 2920 prudens
3757 2847 3868 2910 jam
3880 2843 3954 2892 de-

3623 2911 3776 2960 vicit.

2476 3003 2701 3057 CAPUT
2726 3002 2841 3054 VII.
2869 3030 2938 3039 —
2963 2999 3245 3054 Tribrachi
3261 3000 3434 3051 metra
3457 2997 3584 3065 quot
3608 2995 3745 3047 sint.

2333 3094 2386 3145 8.
2420 3093 2490 3147 D.
2535 3091 2645 3144 Nec
2685 3090 2752 3144 de
2813 3089 3067 3159 spondeo
3095 3085 3278 3140 habeo
3325 3083 3476 3155 quod
3523 3080 3845 3150 requiram,
3872 3089 3949 3125 vc-

2265 3179 2489 3234 niamus
2519 3179 2588 3233 ad
2621 3178 2995 3231 tribrachum.
3027 3177 3112 3229 Μ.
3160 3176 3243 3228 Ita
3269 3189 3421 3226 vero.
3455 3171 3561 3226 Sed
3595 3183 3735 3222 cum
3765 3175 3950 3219 omnes

2266 3273 2512 3338 quatuor
2541 3266 2860 3337 superiores
2887 3264 3078 3335 pedes,
3105 3263 3175 3317 de
3204 3261 3413 3332 quibus
3437 3259 3652 3314 dictum
3684 3260 3796 3321 est,
3829 3264 3951 3321 qua-

2264 3356 2544 3410 tuordena
2572 3357 2755 3408 metra
2790 3352 3137 3423 pepererint,
3191 3365 3318 3419 quae
3347 3347 3495 3402 ﬁunt
3533 3344 3707 3406 simul
3759 3355 3854 3396 sex
3903 3338 3950 3388 et

2264 3443 2702 3514 quinquaginta,
2732 3441 2900 3511 plura
2928 3443 3063 3493 sunt
3104 3436 3482 3507 exspectanda
3528 3435 3598 3488 de
3642 3427 3945 3485 tribraclio.

2267 3535 2330 3587 In
2353 3531 2464 3585 illis
2495 3531 2648 3585 enim
2692 3546 2823 3584 cum
2870 3527 3118 3599 spatium
3147 3513 3452 3594 semipedis
3480 3523 3540 3576 in
3583 3518 3814 3574 silentio
3854 3517 3946 3576 est,

2268 3622 2395 3692 plus
2424 3636 2540 3673 una
2571 3617 2785 3689 syllaba
2813 3633 2928 3671 non
2958 3615 3190 3670 siletur:
3221 3613 3283 3668 in
3311 3613 3418 3667 hoc
3447 3615 3638 3666 autem
3669 3623 3801 3662 cum
3831 3603 3949 3657 sile-

2267 3726 2415 3777 mus,
2442 3725 2582 3763 num
2604 3723 2798 3761 censes
2821 3705 2994 3760 unius
3018 3702 3203 3758 brevis
3232 3702 3462 3774 syllaba:
3491 3699 3676 3770 spatio
3710 3701 3950 3751 tantum-

2267 3798 2435 3853 modo
2467 3796 2623 3852 sileri
2674 3799 2956 3866 oportere,
3011 3809 3085 3846 an
3117 3796 3172 3846 et
3219 3791 3463 3846 duarum
3509 3787 3772 3843 brevium
3803 3795 3950 3837 mora

2267 3883 2494 3938 silentio
2526 3882 2806 3937 contineri
2842 3884 3071 3952 potest?
3099 3877 3566 3950 quandoquidem
3593 3891 3766 3930 nemo
3797 3867 3945 3927 dubi-

2267 3971 2472 4026 taverit
2501 3972 2786 4042 duplicem
2815 3970 2986 4040 hujus
3017 3985 3136 4023 esse
3175 3967 3514 4023 divisionem
3539 3982 3552 4020 :
3585 3977 3837 4034 namque
3865 3958 3949 4011 aut

2269 4061 2339 4115 ab
2360 4077 2476 4115 una
2496 4060 2716 4130 incipit,
2760 4064 2818 4113 et
2844 4057 3046 4112 ﬁnitur
3081 4057 3152 4112 ad
3184 4057 3354 4123 duas;
3417 4059 3516 4109 aut
3565 4057 3766 4107 contra
3818 4045 3947 4102 inci-

2270 4149 2431 4219 piens
2478 4166 2512 4202 a
2555 4148 2798 4215 duabus,
2843 4163 2960 4201 una
2997 4146 3356 4200 terminatur.
3418 4145 3604 4208 Quare
3649 4142 3805 4196 hunc
3852 4149 3948 4189 ne-

2271 4253 2424 4292 cesse
2455 4242 2541 4291 est
2564 4236 2764 4306 viginti
2811 4239 2868 4290 et
2890 4251 3071 4289 unum
3097 4238 3280 4288 metra
3307 4246 3628 4303 procreare.
3664 4232 3730 4284 D.
3779 4223 3945 4280 Veris-

2269 4326 2478 4379 simum
2506 4329 2606 4380 est.
2640 4326 2783 4379 Nam
2813 4323 3096 4394 incipiunt
3123 4339 3156 4376 a
3185 4326 3433 4393 quatuor
3452 4318 3742 4385 brevibus,
3775 4319 3830 4370 et
3848 4313 3946 4367 duo

2268 4418 2530 4484 tempora
2557 4413 2862 4468 sileamus:
2893 4413 3099 4467 deinde
3149 4411 3406 4481 quinque
3452 4412 3602 4476 sunt,
3650 4406 3753 4461 ubi
3785 4413 3946 4458 unum

2268 4503 2530 4556 silemus:
2563 4501 2734 4556 tertio
2767 4518 2884 4571 sex,
2911 4500 3010 4555 ubi
3058 4499 3202 4554 nihil
3257 4498 3543 4553 silendum
3572 4499 3685 4549 est:
3749 4492 3939 4564 quarto

2269 4596 2507 4660 septem,
2538 4589 2637 4644 ubi
2672 4605 2865 4643 rursus
2911 4590 3024 4643 duo
3067 4593 3329 4658 tempora
3375 4585 3592 4640 silenda
3621 4587 3794 4637 sunt:
3826 4576 3942 4632 inde

2269 4684 2418 4744 octo,
2444 4677 2545 4732 ubi
2593 4693 2816 4731 unum:
2869 4681 3023 4732 sexto
3074 4692 3301 4743 novem,
3350 4675 3452 4730 ubi
3499 4674 3746 4734 nullum.
3779 4673 3946 4737 Attu

2268 4767 2348 4820 ita
2377 4782 2505 4820 cum
2539 4766 2779 4837 singulae
2809 4766 3117 4831 adduntur,
3153 4765 3334 4819 donec
3362 4763 3433 4818 ad
3485 4761 3690 4832 viginti
3718 4761 3946 4832 quatuor

2270 4855 2508 4925 syllabas
2555 4854 2838 4921 veniatur,
2911 4853 3012 4924 qui
3054 4858 3178 4907 octo
3236 4855 3368 4906 sunt
3413 4849 3712 4911 tribrachi,
3761 4840 3945 4918 viginti

2267 4959 2450 4998 unum
2482 4943 2714 4996 omnino
2767 4945 2946 4995 metra
2993 4941 3373 5011 complentur.
3401 4939 3485 4992 Μ.
3531 4932 3945 5008 Expeditissime

2267 5030 2547 5084 rationem
2593 5033 2818 5082 secutus
2852 5043 2940 5080 es:
2983 5027 3079 5081 sed
3135 5043 3402 5081 censesne
3454 5025 3667 5095 ubique
3723 5041 3756 5078 a
3802 5017 3943 5076 nobis

2269 5118 2529 5187 exempla
2567 5133 2688 5171 esse
2737 5115 3081 5186 promenda;
3134 5132 3206 5169 an
3259 5131 3326 5170 ea
3372 5130 3502 5185 qua:
3558 5112 3669 5166 illis
3718 5114 3945 5182 quatuor

2268 5204 2469 5276 primis
2500 5205 2739 5274 pedibus
2767 5203 3129 5272 subjecimus,
3157 5203 3290 5256 satis
3321 5201 3638 5272 putandum
3667 5205 3755 5253 est
3794 5191 3944 5253 lumi-

2269 5292 2358 5347 nis
2395 5293 2612 5346 caeteris
2642 5308 2760 5345 esse
2803 5291 3163 5361 praebitura?
3194 5295 3258 5345 D.
3304 5291 3423 5345 Meo
3477 5289 3712 5361 quidem
3748 5282 3944 5358 judicio

2267 5381 2418 5434 satis.
2453 5383 2525 5436 Μ.
2562 5382 2671 5434 Nec
2701 5396 2804 5452 ego
2832 5396 2985 5434 nunc
3014 5381 3168 5434 aliud
3198 5379 3427 5450 requiro
3458 5394 3631 5450 quam
3657 5382 3840 5432 tuum.
3867 5374 3949 5425 Ve-

2266 5472 2591 5522 rumtamen
2641 5467 2916 5538 quoniam
2940 5468 3062 5540 jam
3117 5467 3332 5538 optime
3387 5467 3494 5521 scis
3525 5466 3586 5520 in
3619 5459 3947 5536 pyrrhichiis

2270 5554 2468 5610 metris
2481 5558 2698 5610 mutato
2715 5554 2924 5626 plausu
2942 5571 3108 5627 posse
3126 5553 3442 5611 tribrachos
3454 5569 3626 5626 percu
3635 5553 3677 5608 ti
3703 5572 3719 5622 ;
3750 5563 3945 5625 quaero.
