4064 6398
152 378 277 430 H33

144 503 331 553 utrum
359 493 678 566 pyrrhichii
704 494 959 565 primum
979 496 1227 548 metrum
1240 493 1421 565 possit
1431 493 1604 548 etiam
1625 493 1832 548 tribra-

146 587 229 641 chi
257 589 503 639 metrum
535 583 766 637 habere.
799 586 863 637 D.
897 583 1017 636 Non
1047 586 1233 653 potest
1268 598 1280 636 :
1312 584 1497 652 majus
1528 581 1680 635 enim
1715 598 1834 636 me-

144 683 287 731 trum
322 678 550 744 oportet
579 690 697 727 esse
729 689 899 744 quam
925 673 1151 743 pedem.
1185 675 1259 726 M.
1292 672 1458 742 Quid,
1491 672 1837 727 secundum?

147 768 204 819 D.
235 765 454 818 Potest:
489 778 620 814 nam
651 761 850 815 breves
878 765 1126 831 quatuor
1154 761 1468 832 pyrrhichii
1515 761 1628 814 duo
1680 765 1831 826 sunt,

145 851 454 906 tribrachus
506 866 651 903 unus
701 853 757 902 et
789 849 1055 919 semipes,
1102 848 1183 902 ita
1226 852 1292 902 ut
1338 848 1419 902 ibi
1464 849 1710 916 nullum,
1746 847 1836 901 hic

146 941 253 994 duo
282 942 542 1006 tempora
573 935 854 989 sileamus.
887 937 962 990 Μ.
989 936 1200 989 Mutato
1232 935 1407 1005 igitur
1436 935 1642 1006 plausu
1661 934 1835 988 habes

146 1027 201 1080 in
229 1023 569 1096 pyrrhichiis
601 1023 773 1076 etiam
797 1022 1071 1077 tribrachi
1101 1025 1361 1094 exempla
1401 1039 1581 1094 usque
1611 1023 1682 1077 ad
1711 1040 1834 1077 sex-

144 1114 319 1168 decim
349 1112 609 1183 syllabas,
663 1111 720 1165 id
752 1116 836 1164 est
889 1127 1070 1182 usque
1101 1111 1168 1165 ad
1217 1111 1473 1182 quinque
1520 1110 1836 1165 tribrachos

145 1207 198 1255 et
225 1201 596 1270 semipedem,
631 1200 841 1271 quibus
873 1200 1043 1254 debes
1083 1216 1202 1254 esse
1243 1204 1544 1254 contentus
1578 1216 1591 1253 :
1628 1203 1832 1254 caetera

145 1290 290 1344 enim
346 1296 510 1360 potes
541 1290 628 1342 vel
675 1304 810 1342 voce
839 1289 926 1343 vel
976 1289 1168 1360 aliquo
1213 1289 1418 1360 plausu
1466 1304 1567 1359 per
1613 1294 1667 1342 te
1713 1287 1834 1358 ipse

143 1384 451 1433 contexere.
485 1378 541 1432 Si
558 1382 751 1432 tamen
785 1378 969 1432 adhuc
998 1377 1227 1432 aurium
1256 1395 1422 1431 sensu
1452 1378 1831 1448 explorandos

146 1466 538 1538 hujuscemodi
569 1482 838 1520 numeros
860 1465 1171 1520 arbitraris.
1205 1471 1272 1522 D.
1305 1466 1528 1520 Faciam
1565 1465 1835 1536 equidem

142 1556 286 1627 quod
311 1555 598 1609 videbitur
630 1571 643 1609 :
674 1554 970 1608 videamus
1001 1571 1128 1625 qua:
1157 1558 1391 1608 restant.

547 1644 772 1698 CAPUT
802 1645 948 1698 VIII.
978 1674 1047 1682 —
1066 1646 1142 1698 De
1177 1643 1413 1710 dactylo.

207 1735 256 1787 9.
299 1733 382 1786 Μ.
436 1733 696 1803 Dactylus
749 1731 1028 1802 sequitur,
1087 1731 1188 1802 qui
1218 1732 1392 1784 semel
1422 1729 1598 1785 dividi
1627 1733 1828 1801 potest.

138 1825 220 1876 An
250 1821 410 1875 aliter
437 1826 605 1891 putas
625 1821 653 1874 ‘l
681 1823 743 1874 D.
774 1821 895 1874 Imo
934 1820 1013 1874 ita
1043 1825 1144 1874 est.
1177 1820 1256 1874 M.
1301 1820 1482 1883 Quota
1540 1835 1676 1889 ergo
1711 1819 1834 1889 ejus

139 1927 262 1981 pars
292 1914 482 1981 potest
508 1926 628 1964 esse
657 1909 718 1963 in
761 1907 1036 1981 silentio?
1083 1911 1144 1962 D.
1183 1907 1431 1962 Dimidia
1481 1907 1712 1962 scilicet.
1745 1908 1831 1960 Μ.

138 1980 304 2064 Quid,
376 1999 422 2051 si
488 2001 617 2069 post
673 1980 959 2066 dactylum
1027 1995 1276 2049 trochaao
1337 1994 1667 2060 constituto,
1701 1994 1835 2047 velit

139 2085 418 2157 quispiam
449 2085 615 2139 silere
644 2101 827 2139 unum
856 2089 1110 2154 tempus,
1143 2083 1296 2154 quod
1320 2082 1381 2136 in
1429 2082 1585 2137 brevi
1619 2081 1836 2152 syllaba

141 2175 356 2245 dactylo
384 2173 624 2228 debetur
644 2172 936 2244 implendo
953 2173 982 2225 ?
1008 2171 1146 2242 quid
1177 2169 1646 2240 respondebimus
1663 2170 1692 2222 ?
1711 2170 1835 2222 Non

141 2260 288 2314 enim
316 2277 616 2332 possumus
645 2261 830 2315 dicere
861 2260 1052 2314 minus
1083 2275 1257 2330 quam
1291 2259 1539 2328 spatium
1587 2257 1835 2324 semipe-

141 2347 224 2402 dis
264 2349 418 2403 sileri
441 2365 557 2404 non
587 2353 870 2420 oportere.
929 2347 1091 2402 Ratio
1123 2346 1280 2401 enim
1309 2346 1569 2418 superius
1599 2349 1837 2400 tractata

139 2452 251 2491 non
281 2438 493 2508 minus,
525 2439 624 2493 sed
655 2437 901 2508 amplius
951 2452 1124 2507 quam
1169 2434 1478 2505 semipedis
1505 2438 1731 2505 tempus
1759 2433 1834 2487 si-

139 2525 365 2581 lendum
391 2544 511 2581 non
530 2543 648 2580 esse
663 2530 1039 2598 persuaserat.
1071 2526 1213 2579 Nam
1235 2525 1433 2595 utique
1453 2523 1644 2576 minus
1663 2539 1836 2593 quam

137 2615 379 2686 semipes
410 2616 612 2669 siletur
639 2614 700 2668 in
731 2613 1084 2681 choriambo,
1127 2612 1227 2666 ubi
1279 2620 1408 2683 post
1436 2611 1628 2682 ipsum
1665 2611 1836 2665 chor-

139 2702 391 2758 iambum
445 2704 711 2758 bacchius
758 2704 1087 2768 collocatur,
1140 2702 1303 2772 cujus
1353 2701 1682 2771 exemplum
1730 2703 1833 2765 est,

137 2795 410 2848 Fonticolw
437 2794 646 2862 puella.
692 2791 868 2847 Unius
921 2790 1075 2845 enim
1126 2790 1312 2844 brevis
1370 2789 1602 2859 syllaba:
1651 2788 1834 2858 spatio

138 2881 226 2934 hic
254 2898 360 2936 nos
391 2881 561 2935 silere
591 2879 902 2952 cognoscis,
938 2879 1091 2950 quod
1141 2896 1235 2932 sex
1266 2877 1622 2947 temporibus
1667 2877 1833 2930 debe-

135 2974 224 3024 tur
253 2969 588 3041 implendis.
648 2971 722 3024 D.
757 2970 967 3022 Verum
1021 2966 1178 3021 dicis.
1212 2967 1296 3020 Μ.
1353 2964 1672 3020 Constituto
1701 2980 1834 3035 ergo

138 3059 384 3113 trochaeo
410 3065 539 3130 post
571 3058 876 3128 dactylum,
908 3055 1174 3110 licebitne
1197 3054 1370 3108 etiam
1395 3069 1578 3107 unum
1609 3057 1836 3122 tempus

137 3146 344 3202 silere?
373 3149 458 3202 D.
496 3149 577 3201 Ita
608 3162 779 3218 cogor
807 3144 992 3200 fateri.
1025 3145 1112 3199 M.
1144 3142 1279 3208 Quis
1308 3147 1364 3196 te
1405 3141 1637 3196 tandem
1667 3156 1836 3211 coge-

135 3241 237 3303 ret,
271 3236 321 3290 si
349 3236 708 3290 meminisses
747 3231 1156 3304 superiorum?
1187 3233 1300 3285 Hoc
1342 3229 1497 3284 enim
1549 3228 1650 3283 tibi
1692 3228 1836 3282 acci-

134 3324 230 3392 dit,
263 3326 422 3396 quod
447 3325 515 3379 de
538 3322 922 3378 indifferentia
947 3321 1161 3375 ultima:
1188 3319 1442 3391 syllabae,
1468 3323 1525 3372 et
1551 3315 1837 3388 quomodo

135 3414 238 3468 sibi
267 3415 537 3470 ultimam
568 3415 797 3485 longam
830 3411 1116 3466 vindicent
1146 3425 1335 3471 aures,
1369 3407 1469 3462 ubi
1499 3410 1672 3460 restat
1718 3422 1841 3476 spa-

136 3502 274 3558 tium
308 3521 424 3575 quo
458 3503 804 3574 porrigatur,
838 3499 1061 3554 etiamsi
1084 3497 1270 3552 brevis
1297 3497 1390 3563 sit,
1418 3490 1553 3566 quid
1596 3495 1835 3549 demon-

137 3595 370 3647 stratum
401 3591 578 3645 fuerit
606 3590 817 3644 oblitus
848 3605 927 3642 es.
964 3591 1025 3642 D.
1060 3588 1183 3642 1am
1221 3583 1478 3654 intelligo
1515 3599 1528 3638 :
1560 3599 1695 3636 nam
1728 3581 1838 3636 uti-

139 3697 243 3751 que
273 3681 322 3735 si
353 3681 623 3736 ultimam
654 3677 933 3749 syllabam
988 3676 1239 3743 brevem,
1281 3673 1512 3744 quando
1559 3675 1733 3724 restat
1763 3669 1838 3723 si-

139 3769 400 3837 lentium,
461 3770 697 3838 longam
746 3782 918 3820 aures
967 3763 1271 3834 accipiunt,
1335 3760 1480 3814 sicut
1543 3758 1839 3829 superiore

139 3859 353 3914 ratione
370 3859 761 3929 exemplisque
777 3855 1148 3925 cognovimus
1172 3873 1188 3920 ;
1207 3851 1353 3906 nihil
1366 3849 1627 3904 intererit
1648 3852 1841 3901 utrum

139 3950 262 4015 post
295 3947 587 4018 dactylum
619 3943 923 4006 trochaeus,
953 3958 1026 3995 an
1052 3939 1338 4012 spondeus
1368 3939 1606 3992 locetur.
1630 3937 1842 4000 Quam-

140 4034 332 4090 obrem
365 4051 499 4090 cum
529 4032 794 4104 repetitio
828 4028 1234 4100 distinguenda
1260 4025 1484 4081 silentio
1515 4029 1616 4092 est,
1666 4039 1843 4078 unam

139 4123 367 4194 longam
398 4121 677 4194 syllabam
722 4123 948 4191 oportet
999 4123 1128 4190 post
1184 4117 1470 4186 dactylum
1511 4129 1742 4186 ponere,
1778 4115 1844 4165 ut

141 4211 384 4268 duorum
415 4217 744 4282 temporum
774 4207 956 4280 spatio
988 4206 1276 4260 sileamus.
1320 4205 1407 4258 Μ.
1441 4203 1585 4267 Quid
1617 4201 1664 4255 si
1709 4215 1843 4271 pyr-

140 4300 393 4355 rhichius
423 4303 675 4371 ponatur
702 4300 830 4368 post
880 4295 1188 4365 dactylum,
1221 4295 1443 4348 rectene
1475 4289 1600 4344 ﬁeri
1633 4293 1797 4360 putas
1817 4288 1846 4340 ?

143 4390 202 4441 D.
231 4389 358 4442 Non
383 4392 539 4442 recte
570 4402 582 4440 :
619 4401 753 4440 nam
781 4388 970 4438 utrum
1004 4383 1160 4436 idem
1207 4380 1298 4447 sit,
1343 4395 1417 4434 an
1467 4377 1712 4443 iambus,
1752 4376 1842 4429 ni-

140 4475 217 4529 hil
246 4477 513 4544 interest,
545 4473 829 4545 siquidem
862 4489 966 4543 pro
993 4471 1182 4526 iambo
1210 4485 1343 4523 eum
1371 4483 1599 4522 necesse
1627 4469 1711 4520 est
1752 4482 1841 4518 ac-

141 4563 250 4635 cipi
277 4569 524 4635 propter
551 4562 836 4628 ultimam,
865 4576 1037 4632 quam
1091 4559 1324 4629 longam
1371 4556 1607 4626 exigunt
1655 4569 1844 4620 aures,

142 4653 266 4722 quia
304 4657 490 4708 restat
518 4650 826 4706 silentium.
860 4648 1120 4702 Iambum
1165 4650 1358 4700 autem
1404 4660 1523 4698 non
1579 4646 1844 4714 oportere

140 4743 273 4812 ι)οηὶ
303 4747 436 4813 post
467 4741 1018 4811 dactylum,propter
1047 4734 1432 4791 diversitatem
1465 4729 1760 4786 levationis
1790 4733 1846 4783 et

141 4828 462 4899 positionis,
504 4842 747 4898 quarum
783 4830 1046 4880 neutram
1075 4821 1372 4893 oportetin
1393 4818 1616 4891 dactylo
1637 4818 1847 4874 habere

142 4917 250 4971 tria
277 4922 567 4988 tempora,
599 4915 726 4986 quis
758 4930 876 4968 non
907 4910 1229 4982 intelligat?

607 5004 737 5058 CAP
749 5003 836 5057 UT
859 5003 944 5056 IX.
972 5030 1036 5041 —
1051 5003 1123 5055 Dc
1148 4999 1382 5053 bacchio.

216 5097 296 5149 10.
325 5095 414 5148 Μ.
451 5091 678 5162 Optime
711 5090 946 5145 omnino
979 5094 1150 5161 atque
1181 5085 1519 5159 sequaciter.
1565 5083 1673 5139 Sed
1713 5081 1850 5154 quid

140 5181 242 5235 tibi
269 5182 511 5236 tandem
529 5179 756 5234 videtur
785 5179 855 5233 de
883 5182 1168 5248 anapaesto
1189 5175 1217 5230 ?
1247 5192 1318 5229 an
1340 5173 1543 5228 eadem
1569 5171 1712 5226 ratio
1735 5173 1849 5225 est?

143 5272 213 5324 D.
244 5273 490 5325 Prorsus
522 5268 741 5323 eadem.
773 5267 858 5320 Μ.
908 5266 1034 5320 Jam
1068 5281 1204 5334 ergo
1255 5261 1554 5318 bacchium
1584 5259 1848 5314 conside-

143 5373 355 5426 remus,
391 5357 438 5412 si
470 5357 678 5428 placet,
714 5359 769 5410 et
818 5354 911 5409 dic
940 5353 1084 5408 mihi
1113 5353 1266 5423 quod
1295 5351 1548 5422 primum
1580 5350 1702 5420 ejus
1730 5364 1849 5402 me—

141 5453 292 5502 trum
324 5452 438 5502 est.
477 5447 556 5502 D.
592 5447 850 5510 Quatuor
879 5442 1122 5514 syllabas
1152 5445 1292 5511 puto
1323 5456 1466 5506 esse,
1506 5453 1684 5492 unam
1730 5436 1854 5490 bre-

142 5552 291 5604 vem,
327 5540 386 5590 et
415 5539 535 5589 tres
562 5534 786 5605 longas,
819 5546 1064 5604 quarum
1095 5528 1223 5584 dua:
1281 5527 1352 5583 ad
1382 5525 1684 5581 bacchium
1712 5539 1848 5594 per-

1602 371 1811 428 LIBER
1853 369 2202 438 QUARTUS.

3505 390 3643 442 1134

1947 499 2047 570 qui
2074 516 2204 555 cum
2234 501 2464 557 bacchio
2495 504 2634 574 poni
2665 507 2886 574 potest;
2922 509 2984 558 ut
3012 505 3069 559 id
3101 506 3254 576 quod
3295 507 3348 559 ei
3379 507 3638 576 debetur,

1945 588 2018 641 sit
2046 589 2107 642 in
2137 589 2360 644 silentio
2394 608 2406 645 :
2436 592 2496 646 in
2522 593 2713 663 aliquo
2757 597 2951 648 tamen
2982 595 3240 664 exemplo
3279 595 3483 649 vellem
3533 597 3638 650 hoc

1943 677 2175 732 auribus
2218 680 2530 748 explorare.
2591 681 2666 734 M.
2718 680 2899 734 Facile
2962 682 3193 752 quidem
3235 688 3320 736 est
3379 684 3641 753 exempla

1943 766 2242 836 subjicere,
2273 767 2482 838 quibus
2513 772 2706 822 tamen
2737 785 2855 823 non
2893 774 2949 824 te
2999 770 3245 824 arbitror
3272 771 3350 825 ita
3379 776 3444 824 ut
3473 787 3639 841 supe-

1942 853 2192 907 rioribus
2219 870 2385 925 posse
2415 855 2681 909 delectari
2707 871 2719 910 :
2743 871 2876 909 nam
2907 857 2999 910 isti
3025 858 3270 928 quinum
3309 864 3635 928 temporum

1941 942 2134 1012 pedes,
2165 948 2231 997 ut
2252 943 2424 996 etiam
2453 947 2769 1013 septenum,
2813 961 2930 997 non
2959 949 3076 998 tam
3100 946 3346 999 suaviter
3373 952 3639 1014 currunt,

1943 1047 2118 1102 quam
2147 1031 2190 1084 ii
2218 1032 2317 1103 qui
2348 1037 2446 1085 aut
2474 1033 2532 1085 in
2564 1048 2757 1102 aequas
2807 1036 2992 1102 partes
3046 1034 3398 1099 dividuntur,
3453 1040 3552 1088 aut
3579 1037 3640 1088 in

1943 1121 2207 1192 simplam
2239 1125 2293 1174 et
2322 1122 2577 1191 duplam,
2608 1121 2693 1174 vel
2723 1121 2784 1174 in
2809 1119 3044 1191 duplam
3084 1127 3141 1175 et
3169 1123 3437 1192 simplam
3465 1143 3480 1190 ;
3511 1130 3638 1176 tan-

1942 1213 2067 1263 tum
2095 1210 2334 1263 interest
2371 1209 2522 1264 inter
2571 1213 2864 1279 sesquatos
2907 1213 3097 1261 motus
3149 1215 3204 1263 et
3246 1211 3493 1280 aequales
3543 1217 3640 1265 aut

1942 1298 2328 1367 complicatos,
2356 1297 2423 1351 de
2456 1298 2664 1368 quibus
2703 1297 2838 1351 satis
2869 1297 2928 1350 in
2957 1296 3142 1366 primo
3172 1298 3269 1351 illo
3298 1306 3490 1352 nostro
3521 1316 3638 1353 ser-

1942 1402 2110 1440 mone
2139 1386 2520 1440 tractavimus.
2555 1387 2750 1458 Itaque
2781 1386 2886 1439 hos
2916 1386 3107 1455 pedes,
3165 1387 3422 1457 quinque
3452 1403 3515 1441 ac
3552 1405 3640 1441 se-

1942 1479 2099 1545 ptem
2129 1474 2340 1528 scilicet
2369 1482 2714 1544 temporum,
2746 1475 2832 1528 uti
2863 1474 3260 1544 aspernantius
3312 1479 3518 1544 poetas,
3563 1475 3642 1529 ita

1943 1564 2128 1618 soluta
2157 1563 2430 1617 libentius
2469 1563 2707 1616 assumit
2736 1562 2920 1616 oratio
2954 1579 2966 1616 :
3001 1562 3156 1632 quod
3209 1561 3392 1616 videri
3423 1563 3644 1617 facilius

1941 1652 2002 1706 in
2051 1652 2323 1721 exemplis
2364 1667 2491 1722 quas
2534 1651 2855 1720 postulasti,
2908 1655 3136 1721 potest:
3168 1666 3302 1704 nam
3353 1651 3462 1706 ista
3488 1656 3638 1716 sunt,

1941 1742 2179 1796 Laborat
2207 1743 2466 1808 magister
2488 1740 2678 1794 docens
2729 1739 2936 1793 tardos.
2973 1741 3086 1793 Hoc
3115 1740 3340 1793 revolve
3385 1739 3639 1810 interpo-

1943 1829 2051 1884 sito
2081 1829 2259 1883 trium
2291 1834 2615 1898 temporum
2647 1828 2894 1893 silentio,
2927 1827 3084 1898 quod
3130 1833 3194 1881 ut
3229 1827 3468 1882 sentires
3497 1829 3642 1882 faci-

1943 1918 2072 1980 lius,
2107 1918 2236 1972 ideo
2289 1923 2420 1987 post
2460 1920 2575 1970 tres
2624 1916 2798 1986 pedes
2848 1917 3083 1985 longam
3140 1917 3418 1984 syllabam
3447 1915 3636 1985 posui,

1944 2007 2098 2077 quod
2128 2010 2213 2061 est
2241 2005 2467 2059 initium
2497 2003 2708 2070 cretici,
2761 2003 2861 2073 qui
2898 2019 3028 2057 cum
3071 2003 3300 2057 bacchio
3353 2003 3493 2074 poni
3538 2021 3639 2074 po-

1942 2097 2070 2146 test.
2098 2092 2210 2146 Nec
2260 2092 2332 2146 ad
2377 2091 2633 2162 primum
2661 2095 2911 2145 metrum
2945 2092 3270 2162 exemplum
3301 2091 3462 2146 dedil
3485 2092 3642 2162 quod

1944 2185 2029 2235 est
2059 2185 2308 2253 quatuor
2337 2181 2704 2252 syllabarum,
2740 2195 2814 2233 ne
2842 2195 2991 2234 unus
3047 2196 3146 2250 pes
3201 2196 3318 2234 non
3358 2185 3504 2234 esset
3552 2197 3640 2234 sa-

1945 2269 2016 2322 tis
2045 2270 2115 2324 ad
2145 2268 2628 2324 commonendum
2662 2283 2895 2322 sensum
2943 2272 3130 2332 tuum,
3179 2271 3461 2338 quantum
3507 2271 3636 2338 post

1945 2357 2110 2412 illum
2141 2361 2309 2427 atque
2343 2372 2514 2411 unam
2549 2357 2778 2427 longam
2810 2355 2978 2409 silere
3028 2355 3284 2410 deberes.
3313 2356 3476 2421 Quod
3515 2371 3640 2410 ecce

1947 2461 2098 2500 nunc
2128 2446 2314 2513 edam,
2347 2449 2516 2516 atque
2573 2444 2692 2515 ipse
2740 2447 3020 2515 repetam,
3055 2448 3117 2497 ut
3146 2444 3205 2497 in
3236 2460 3365 2498 meo
3413 2443 3640 2498 silentio

1946 2536 2056 2589 tria
2084 2541 2346 2605 tempora
2376 2534 2580 2587 sentias
2613 2549 2626 2587 :
2660 2533 2836 2587 Labor
2864 2535 3065 2600 nullus,
3103 2533 3270 2586 Amor
3300 2547 3546 2600 magnus.
3575 2535 3638 2585 D.

1945 2623 2089 2678 Satis
2119 2627 2358 2693 apparet
2386 2622 2583 2676 solutae
2619 2621 2860 2674 orationi
2891 2622 2995 2674 hos
3024 2637 3142 2674 esse
3173 2620 3642 2690 congruentiores

1945 2713 2139 2782 pedes,
2169 2717 2226 2765 et
2258 2710 2402 2764 nihil
2430 2726 2575 2780 opus
2623 2715 2709 2762 est
2762 2708 3036 2778 exemplis
3068 2712 3270 2762 caatera
3322 2723 3641 2762 excurrere.

1945 2801 2031 2854 Μ.
2065 2801 2274 2853 Verum
2303 2797 2480 2852 dicis:
2511 2797 2608 2852 sed
2665 2813 2803 2850 num
2858 2796 2964 2850 tibi
3017 2812 3146 2850 cum
3202 2796 3484 2850 silendum
3535 2801 3638 2860 est,

1947 2905 2063 2942 una
2088 2892 2310 2942 tantum
2341 2887 2512 2956 longa
2549 2885 2770 2938 videtur
2792 2884 2931 2954 poni
2956 2899 3125 2953 posse
3157 2889 3286 2953 post
3313 2883 3644 2936 bacchium?

1945 2978 2029 3032 D.
2068 2977 2192 3030 Non
2218 2991 2352 3028 sane
2381 2991 2394 3040 ;
2427 2974 2521 3027 sed
2553 2973 2725 3026 etiam
2772 2971 2957 3026 brevis
3003 2977 3060 3026 et
3106 2972 3296 3041 longa,
3330 2972 3430 3042 qui
3489 2971 3640 3040 ejus-

1945 3065 2077 3119 dem
2107 3061 2327 3117 bacchii
2373 3061 2616 3131 semipes
2664 3060 2883 3130 primus
2933 3064 3019 3114 est.
3049 3076 3062 3113 :
3091 3075 3226 3112 nam
3252 3058 3298 3112 si
3330 3057 3494 3112 nobis
3548 3059 3641 3112 in—

1947 3152 2154 3206 choare
2185 3150 2455 3205 creticum
2491 3148 2667 3215 licuit,
2692 3147 2826 3219 quia
2855 3164 2984 3202 cum
3007 3147 3209 3202 eodem
3242 3147 3473 3202 bacchio
3507 3147 3642 3217 poni

1945 3245 2169 3312 potest;
2203 3243 2418 3310 quanto
2451 3237 2634 3308 magis
2662 3237 2720 3292 id
2751 3237 2820 3291 de
2849 3237 2974 3306 ipso
3000 3235 3232 3290 bacchio
3278 3235 3460 3289 facere
3507 3234 3641 3288 lice-

1948 3331 2054 3400 bit,
2085 3345 2214 3383 cum
2247 3328 2564 3399 praasertim
2611 3342 2729 3380 non
2780 3329 2966 3379 totum
3023 3325 3092 3379 de
3147 3323 3352 3378 cretico
3381 3321 3642 3393 posueri-

1950 3435 2076 3473 mus
2106 3417 2260 3488 quod
2279 3416 2482 3488 prima:
2495 3415 2645 3486 parti
2673 3414 2893 3469 bacchii
2923 3413 2995 3468 sit
3017 3414 3236 3485 aequale
3256 3411 3643 3483 temporibus?

1949 3507 2176 3562 CAPUT
2206 3507 2266 3560 Χ.
2295 3536 2363 3546 —
2391 3506 2550 3559 Plcno
2577 3504 2714 3576 pedi
2741 3504 2875 3572 quid
2913 3503 3155 3557 addatur
3183 3507 3307 3556 ante
3350 3502 3642 3555 silentium.

2024 3599 2104 3649 ll.
2144 3596 2226 3648 Μ.
2259 3596 2383 3649 Jam
2413 3609 2570 3664 ergo,
2602 3592 2649 3646 si
2676 3593 2879 3663 placet,
2906 3607 2998 3644 me
3045 3589 3311 3644 audiente
3342 3592 3511 3658 atque
3553 3587 3647 3656 ju-

1950 3685 2194 3749 dicante,
2225 3687 2288 3736 tu
2319 3683 2440 3752 ipse
2466 3698 2568 3752 per
2593 3686 2798 3734 caetera
2847 3695 3102 3747 excurre,
3134 3682 3192 3732 et
3222 3677 3360 3747 quid
3388 3681 3644 3745 ponatur

1949 3776 2078 3843 post
2103 3772 2336 3842 plenum
2391 3769 2616 3839 pedem,
2675 3768 2904 3838 quando
2931 3766 3156 3820 silentio
3217 3763 3504 3834 reliquum
3534 3763 3642 3815 im-

1949 3862 2138 3933 pletur
2163 3859 2224 3913 in
2253 3857 2518 3912 omnibus
2574 3856 2812 3928 pedibus
2862 3854 2963 3926 qui
3016 3857 3251 3918 restant,
3314 3866 3640 3921 exsequere.

1950 3953 2015 4004 D.
2045 3946 2449 4003 Brevissimum
2484 3945 2625 4016 jam,
2660 3944 2886 4015 opinor,
2945 3946 3115 4012 atque
3167 3938 3503 3994 facillimum
3560 3943 3648 3991 est

1951 4037 2106 4109 quod
2130 4034 2374 4106 requiris
2411 4051 2424 4088 :
2457 4049 2592 4087 nam
2623 4031 2773 4104 quod
2819 4031 2888 4085 de
2931 4029 3164 4084 bacchio
3210 4027 3425 4082 dictum
3450 4031 3553 4091 est,
3589 4025 3646 4079 id

1952 4126 2125 4181 etiam
2155 4125 2224 4179 de
2245 4122 2494 4178 secundo
2521 4136 2720 4192 paeone
2753 4119 2863 4174 dici
2893 4122 3093 4190 potest.
3115 4119 3249 4172 Post
3264 4115 3536 4170 creticum
3552 4130 3648 4168 au-

1950 4219 2068 4269 tem
2099 4217 2156 4268 et
2183 4227 2359 4267 unam
2389 4211 2623 4280 longam
2667 4207 2942 4280 syllabam
2995 4205 3127 4260 licet
3155 4220 3393 4275 ponere,
3425 4207 3484 4257 et
3511 4203 3649 4256 iam-

1950 4300 2112 4366 bum,
2144 4303 2202 4352 et
2227 4298 2547 4368 spondeum
2573 4317 2588 4364 ;
2616 4296 2698 4351 ita
2723 4299 2789 4351 ut
2816 4299 2918 4350 aut
2934 4293 3046 4348 tria
3071 4297 3350 4363 tempora,
3385 4294 3484 4344 aut
3512 4290 3644 4353 duo,

1952 4393 2050 4443 aut
2079 4403 2262 4442 unum
2294 4385 2545 4440 sileatur.
2579 4384 2744 4449 Quod
2791 4388 2983 4438 autem
3035 4381 3106 4437 de
3143 4381 3252 4434 hoc
3283 4379 3499 4434 dictum
3544 4382 3647 4441 est,

1953 4478 2011 4532 id
2052 4482 2107 4531 et
2131 4477 2192 4530 in
2218 4474 2472 4547 primum
2503 4478 2558 4527 et
2585 4473 2645 4528 in
2673 4473 2944 4527 ultimum
2974 4484 3237 4540 pmonem
3267 4466 3420 4522 cadit
3445 4465 3486 4521 ².
3527 4467 3651 4521 Jam

1953 4572 2084 4638 post
2113 4563 2588 4635 palimbacchium
2617 4563 2703 4617 vel
2737 4577 2908 4615 unam
2944 4561 3176 4629 longam
3215 4557 3300 4611 vel
3332 4555 3652 4626 spondeum

1956 4653 2222 4710 collocari
2267 4655 2447 4720 decet,
2505 4651 2769 4723 quocirca
2818 4653 2872 4702 et
2914 4648 2973 4701 in
3029 4647 3136 4701 hoc
3182 4650 3366 4698 metro
3419 4647 3518 4698 aut
3545 4643 3654 4698 tria

1955 4749 2232 4815 tempora,
2286 4746 2386 4796 aut
2434 4755 2615 4794 unum
2673 4738 2951 4792 silebitur.
3003 4735 3214 4789 Eadem
3267 4732 3521 4786 conditio
3571 4736 3655 4786 est

1954 4831 2174 4903 paaonis
2202 4829 2375 4886 tertii.
2407 4828 2554 4884 Sane
2601 4825 2951 4896 ubicumque
2982 4823 3287 4894 spondeus,
3317 4820 3398 4876 ibi
3429 4825 3485 4875 et
3513 4836 3650 4874 ana-

1955 4925 2168 4993 paestus
2192 4919 2321 4990 jure
2347 4917 2598 4988 ponitur.
2648 4917 2782 4970 Post
2825 4913 3142 4968 molossum
3183 4929 3338 4978 vero,
3386 4911 3540 4982 quod
3585 4910 3654 4963 ad

1957 5011 2080 5081 ejus
2100 5007 2303 5063 attinet
2330 5003 2687 5072 divisionem,
2721 5007 2819 5058 aut
2839 5019 3015 5057 unam
3044 5002 3276 5073 longam
3306 5004 3369 5055 ut
3387 5005 3651 5070 quatuor,

1958 5101 2058 5152 aut
2081 5096 2220 5151 duas
2243 5093 2512 5166 ponimus
2543 5096 2607 5148 ut
2635 5093 2749 5147 duo
2779 5096 3042 5162 tempora
3071 5091 3356 5145 sileamus.
3386 5087 3495 5142 Sed
3512 5101 3654 5155 quo-

1959 5185 2116 5240 niam
2161 5188 2218 5239 et
2272 5198 2445 5238 censu
2498 5187 2557 5237 et
2605 5181 2826 5236 ratione
2881 5182 3236 5252 exploratum
3267 5181 3369 5244 est,
3400 5174 3654 5228 ordinari

2025 5311 2038 5343 ι
2071 5306 2156 5355 Er.
2172 5305 2336 5367 Lugd.
2365 5304 2586 5354 habent:
2616 5305 2718 5354 Nec
2741 5303 2982 5367 adprimt
3010 5301 3158 5351 metri
3188 5295 3489 5367 exemplum
3503 5294 3656 5367 (tedii;

1960 5373 2013 5418 et
2040 5357 2356 5432 inmargine
2384 5367 2533 5426 adeo,
2560 5381 2654 5432 pro
2685 5365 2802 5432 ad_,-_
2815 5357 2970 5432 10].,
3000 5376 3096 5432 nec
3121 5361 3262 5432 egeo
3290 5357 3656 5432 ρῄἐζῃίριηςινὶ.

1960 5433 2057 5481 Ms.
2083 5431 2142 5486 A,
2168 5420 2265 5479 πεὲ
2286 5433 2449 5493 primi
2473 5420 2628 5493 metri
2653 5445 2666 5488 ;
2693 5433 2745 5493 at
2759 5420 2912 5493 ΜδηΒ
2937 5420 3061 5487 legit
3081 5428 3138 5472 ut
3157 5420 3498 5470 Benedictini.
3526 5420 3657 5468 Ven.

1961 5499 2163 5544 textum
2184 5494 2268 5541 Er.
2286 5490 2352 5541 'et
2376 5492 2539 5553 Lugd.
2573 5492 2826 5554 sequitur,
2855 5490 2920 5537 Μ.
2970 5547 2983 5554 _
3119 5547 3151 5554 _
3270 5547 3279 5554 I
3394 5541 3406 5554 ,
3551 5542 3584 5554 η
3632 5543 3642 5552 ,

2025 5541 2410 5618 s‘HAdjiciuntur
2432 5541 2484 5603 au
2497 5555 2594 5603 Ms.
2647 5541 2693 5602 Ἀ
2739 5541 2854 5600 haec
2881 5547 3038 5598 verba
3069 5559 3080 5592 :
3109 5547 3343 5607 Propter
3371 5541 3508 5593 duas
3528 5542 3660 5593 divi-

153 5624 362 5692 tinent,
397 5637 520 5680 una
549 5637 682 5678 vero
715 5619 917 5677 ultima
974 5619 1044 5676 ad
1087 5614 1512 5673 inchoationem
1547 5613 1670 5684 ejus
1695 5611 1859 5684 pedis
1964 5611 2168 5669 siones:
2196 5617 2264 5666 Μ.
