  <div class='ocr_page' id='page_1' title='image "/cluster/home/n/w/nwhite01/storage/ocr_20150623/32/umn.31951002477326y/579.png"; bbox 0 0 4064 6370; ppageno 0'>
   <div class='ocr_carea' id='block_1_1' title="bbox 420 323 550 374">
    <p class='ocr_par' dir='ltr' id='par_1_1' title="bbox 420 323 550 374">
     <span class='ocr_line' id='line_1_1' title="bbox 420 323 550 374; baseline -0.015 0"><span class='ocrx_word' id='word_1_1' title='bbox 420 323 550 374; x_wconf 76' lang='grc'>1135</span> 
     </span>
    </p>
   </div>
   <div class='ocr_carea' id='block_1_2' title="bbox 413 436 2103 511">
    <p class='ocr_par' dir='ltr' id='par_1_2' title="bbox 413 436 2103 511">
     <span class='ocr_line' id='line_1_2' title="bbox 413 436 2103 511; baseline -0.003 -15"><span class='ocrx_word' id='word_1_2' title='bbox 413 457 545 496; x_wconf 91' lang='lat' dir='ltr'><strong>cum</strong></span> <span class='ocrx_word' id='word_1_3' title='bbox 571 456 637 496; x_wconf 93' lang='lat' dir='ltr'><strong>eo</strong></span> <span class='ocrx_word' id='word_1_4' title='bbox 665 455 830 511; x_wconf 84' lang='lat' dir='ltr'>posse</span> <span class='ocrx_word' id='word_1_5' title='bbox 868 455 1065 494; x_wconf 88' lang='lat' dir='ltr'><strong>omnes</strong></span> <span class='ocrx_word' id='word_1_6' title='bbox 1125 453 1326 492; x_wconf 89' lang='lat' dir='ltr'><strong>senum</strong></span> <span class='ocrx_word' id='word_1_7' title='bbox 1374 442 1701 507; x_wconf 77' lang='lat' dir='ltr'><strong>temporum</strong></span> <span class='ocrx_word' id='word_1_8' title='bbox 1754 436 1945 506; x_wconf 86' lang='lat' dir='ltr'><strong>pedes,</strong></span> <span class='ocrx_word' id='word_1_9' title='bbox 1990 438 2103 492; x_wconf 89' lang='lat' dir='ltr'><strong>erit</strong></span> 
     </span>
    </p>
   </div>
   <div class='ocr_carea' id='block_1_3' title="bbox 412 523 2105 600">
    <p class='ocr_par' dir='ltr' id='par_1_3' title="bbox 412 523 2105 600">
     <span class='ocr_line' id='line_1_3' title="bbox 412 523 2105 600; baseline -0.003 -16"><span class='ocrx_word' id='word_1_10' title='bbox 412 534 538 600; x_wconf 86' lang='lat' dir='ltr'><strong>post</strong></span> <span class='ocrx_word' id='word_1_11' title='bbox 563 545 695 583; x_wconf 91' lang='lat' dir='ltr'><strong>eum</strong></span> <span class='ocrx_word' id='word_1_12' title='bbox 722 529 881 582; x_wconf 92' lang='lat' dir='ltr'><strong>locus</strong></span> <span class='ocrx_word' id='word_1_13' title='bbox 905 532 961 581; x_wconf 92' lang='lat' dir='ltr'><strong>et</strong></span> <span class='ocrx_word' id='word_1_14' title='bbox 987 527 1196 592; x_wconf 85' lang='lat' dir='ltr'><strong>iambo,</strong></span> <span class='ocrx_word' id='word_1_15' title='bbox 1253 529 1308 579; x_wconf 85' lang='lat' dir='ltr'><strong>et</strong></span> <span class='ocrx_word' id='word_1_16' title='bbox 1342 523 1451 578; x_wconf 85' lang='lat' dir='ltr'><strong>tria</strong></span> <span class='ocrx_word' id='word_1_17' title='bbox 1480 528 1740 596; x_wconf 90' lang='lat' dir='ltr'><strong>tempora</strong></span> <span class='ocrx_word' id='word_1_18' title='bbox 1769 524 1988 579; x_wconf 91' lang='lat' dir='ltr'><strong>silenda</strong></span> <span class='ocrx_word' id='word_1_19' title='bbox 2014 541 2105 579; x_wconf 84' lang='lat' dir='ltr'><strong>re-</strong></span> 
     </span>
    </p>
   </div>
   <div class='ocr_carea' id='block_1_4' title="bbox 412 613 2104 683">
    <p class='ocr_par' dir='ltr' id='par_1_4' title="bbox 412 613 2104 683">
     <span class='ocr_line' id='line_1_4' title="bbox 412 613 2104 683; baseline -0.004 -10"><span class='ocrx_word' id='word_1_20' title='bbox 412 617 723 672; x_wconf 89' lang='lat' dir='ltr'><strong>manebunt</strong></span> <span class='ocrx_word' id='word_1_21' title='bbox 749 633 762 683; x_wconf 88' lang='lat'>;</span> <span class='ocrx_word' id='word_1_22' title='bbox 791 617 899 671; x_wconf 90' lang='lat' dir='ltr'><strong>erit</strong></span> <span class='ocrx_word' id='word_1_23' title='bbox 925 620 980 670; x_wconf 90' lang='lat' dir='ltr'><strong>et</strong></span> <span class='ocrx_word' id='word_1_24' title='bbox 1035 615 1262 680; x_wconf 79' lang='lat' dir='ltr'><strong>cretico,</strong></span> <span class='ocrx_word' id='word_1_25' title='bbox 1322 619 1377 667; x_wconf 92' lang='lat' dir='ltr'><strong>et</strong></span> <span class='ocrx_word' id='word_1_26' title='bbox 1422 629 1602 666; x_wconf 88' lang='lat' dir='ltr'><strong>unum</strong></span> <span class='ocrx_word' id='word_1_27' title='bbox 1650 613 1966 680; x_wconf 83' lang='lat' dir='ltr'><strong>tacebitur;</strong></span> <span class='ocrx_word' id='word_1_28' title='bbox 1998 614 2104 667; x_wconf 90' lang='lat' dir='ltr'><strong>hac</strong></span> 
     </span>
    </p>
   </div>
   <div class='ocr_carea' id='block_1_5' title="bbox 413 701 2104 771">
    <p class='ocr_par' dir='ltr' id='par_1_5' title="bbox 413 701 2104 771">
     <span class='ocr_line' id='line_1_5' title="bbox 413 701 2104 771; baseline -0.004 -11"><span class='ocrx_word' id='word_1_29' title='bbox 413 705 736 760; x_wconf 90' lang='lat' dir='ltr'><strong>conditione</strong></span> <span class='ocrx_word' id='word_1_30' title='bbox 765 705 874 758; x_wconf 91' lang='lat' dir='ltr'><strong>erit</strong></span> <span class='ocrx_word' id='word_1_31' title='bbox 901 709 957 758; x_wconf 88' lang='lat' dir='ltr'><strong>et</strong></span> <span class='ocrx_word' id='word_1_32' title='bbox 983 703 1242 758; x_wconf 85' lang='lat' dir='ltr'><strong>bacchio.</strong></span> <span class='ocrx_word' id='word_1_33' title='bbox 1280 705 1352 756; x_wconf 85' lang='lat' dir='ltr'><strong>At</strong></span> <span class='ocrx_word' id='word_1_34' title='bbox 1390 701 1437 754; x_wconf 90' lang='lat' dir='ltr'><strong>si</strong></span> <span class='ocrx_word' id='word_1_35' title='bbox 1467 701 1528 754; x_wconf 92' lang='lat' dir='ltr'><strong>in</strong></span> <span class='ocrx_word' id='word_1_36' title='bbox 1568 701 1709 755; x_wconf 90' lang='lat' dir='ltr'><strong>duas</strong></span> <span class='ocrx_word' id='word_1_37' title='bbox 1758 701 1954 755; x_wconf 80' lang='lat' dir='ltr'><strong>breves</strong></span> <span class='ocrx_word' id='word_1_38' title='bbox 1984 701 2104 771; x_wconf 92' lang='lat' dir='ltr'><strong>pri-</strong></span> 
     </span>
    </p>
   </div>
   <div class='ocr_carea' id='block_1_6' title="bbox 412 787 2105 856">
    <p class='ocr_par' dir='ltr' id='par_1_6' title="bbox 412 787 2105 856">
     <span class='ocr_line' id='line_1_6' title="bbox 412 787 2105 856; baseline -0.004 -9"><span class='ocrx_word' id='word_1_39' title='bbox 412 809 565 847; x_wconf 85' lang='lat' dir='ltr'><strong>mam</strong></span> <span class='ocrx_word' id='word_1_40' title='bbox 596 790 807 856; x_wconf 85' lang='lat' dir='ltr'><strong>cretici,</strong></span> <span class='ocrx_word' id='word_1_41' title='bbox 862 795 918 845; x_wconf 92' lang='lat' dir='ltr'><strong>et</strong></span> <span class='ocrx_word' id='word_1_42' title='bbox 948 790 1250 843; x_wconf 90' lang='lat' dir='ltr'><strong>secundam</strong></span> <span class='ocrx_word' id='word_1_43' title='bbox 1275 787 1494 842; x_wconf 79' lang='lat' dir='ltr'><strong>baccbii</strong></span> <span class='ocrx_word' id='word_1_44' title='bbox 1525 787 1878 855; x_wconf 91' lang='lat' dir='ltr'><strong>solverimus,</strong></span> <span class='ocrx_word' id='word_1_45' title='bbox 1911 787 2018 840; x_wconf 89' lang='lat' dir='ltr'><strong>erit</strong></span> <span class='ocrx_word' id='word_1_46' title='bbox 2047 792 2105 841; x_wconf 90' lang='lat' dir='ltr'><strong>et</strong></span> 
     </span>
    </p>
   </div>
   <div class='ocr_carea' id='block_1_7' title="bbox 412 875 2103 951">
    <p class='ocr_par' dir='ltr' id='par_1_7' title="bbox 412 875 2103 951">
     <span class='ocr_line' id='line_1_7' title="bbox 412 875 2103 951; baseline -0.003 -17"><span class='ocrx_word' id='word_1_47' title='bbox 412 880 603 951; x_wconf 69' lang='lat' dir='ltr'><strong>paaoni</strong></span> <span class='ocrx_word' id='word_1_48' title='bbox 627 884 848 950; x_wconf 85' lang='lat' dir='ltr'><strong>quarto.</strong></span> <span class='ocrx_word' id='word_1_49' title='bbox 883 878 1047 943; x_wconf 90' lang='lat' dir='ltr'><strong>Quod</strong></span> <span class='ocrx_word' id='word_1_50' title='bbox 1078 881 1272 930; x_wconf 83' lang='lat' dir='ltr'><strong>autem</strong></span> <span class='ocrx_word' id='word_1_51' title='bbox 1304 877 1372 930; x_wconf 92' lang='lat' dir='ltr'><strong>de</strong></span> <span class='ocrx_word' id='word_1_52' title='bbox 1411 876 1674 940; x_wconf 91' lang='lat' dir='ltr'><strong>molosso,</strong></span> <span class='ocrx_word' id='word_1_53' title='bbox 1731 875 1790 929; x_wconf 90' lang='lat' dir='ltr'><strong>id</strong></span> <span class='ocrx_word' id='word_1_54' title='bbox 1833 876 2002 928; x_wconf 91' lang='lat' dir='ltr'><strong>etiam</strong></span> <span class='ocrx_word' id='word_1_55' title='bbox 2033 875 2103 929; x_wconf 92' lang='lat' dir='ltr'><strong>de</strong></span> 
     </span>
    </p>
   </div>
   <div class='ocr_carea' id='block_1_8' title="bbox 412 963 2102 1037">
    <p class='ocr_par' dir='ltr' id='par_1_8' title="bbox 412 963 2102 1037">
     <span class='ocr_line' id='line_1_8' title="bbox 412 963 2102 1037; baseline -0.004 -15"><span class='ocrx_word' id='word_1_56' title='bbox 412 968 632 1022; x_wconf 75' lang='lat' dir='ltr'><strong>caeteris</strong></span> <span class='ocrx_word' id='word_1_57' title='bbox 661 983 756 1022; x_wconf 84' lang='lat' dir='ltr'><strong>sex</strong></span> <span class='ocrx_word' id='word_1_58' title='bbox 787 971 1112 1037; x_wconf 82' lang='lat' dir='ltr'><strong>temporum</strong></span> <span class='ocrx_word' id='word_1_59' title='bbox 1142 964 1385 1035; x_wconf 86' lang='lat' dir='ltr'><strong>pedibus</strong></span> <span class='ocrx_word' id='word_1_60' title='bbox 1441 963 1704 1016; x_wconf 83' lang='lat' dir='ltr'><strong>dixerim.</strong></span> <span class='ocrx_word' id='word_1_61' title='bbox 1734 964 1857 1016; x_wconf 83' lang='lat' dir='ltr'><strong>Jam</strong></span> <span class='ocrx_word' id='word_1_62' title='bbox 1902 978 2102 1033; x_wconf 87' lang='lat' dir='ltr'><strong>proce-</strong></span> 
     </span>
    </p>
   </div>
   <div class='ocr_carea' id='block_1_9' title="bbox 410 1050 2101 1121">
    <p class='ocr_par' dir='ltr' id='par_1_9' title="bbox 410 1050 2101 1121">
     <span class='ocr_line' id='line_1_9' title="bbox 410 1050 2101 1121; baseline -0.003 -12"><span class='ocrx_word' id='word_1_63' title='bbox 410 1055 809 1110; x_wconf 90' lang='lat' dir='ltr'><strong>leusmaticum</strong></span> <span class='ocrx_word' id='word_1_64' title='bbox 840 1053 1084 1109; x_wconf 80' lang='lat' dir='ltr'><strong>arbitror</strong></span> <span class='ocrx_word' id='word_1_65' title='bbox 1112 1053 1180 1106; x_wconf 91' lang='lat' dir='ltr'><strong>ad</strong></span> <span class='ocrx_word' id='word_1_66' title='bbox 1209 1056 1444 1105; x_wconf 62' lang='lat' dir='ltr'><strong>caeteros</strong></span> <span class='ocrx_word' id='word_1_67' title='bbox 1471 1050 1571 1121; x_wconf 89' lang='lat' dir='ltr'><strong>qui</strong></span> <span class='ocrx_word' id='word_1_68' title='bbox 1612 1055 1856 1120; x_wconf 85' lang='lat' dir='ltr'><strong>quatuor</strong></span> <span class='ocrx_word' id='word_1_69' title='bbox 1881 1055 2101 1121; x_wconf 89' lang='lat' dir='ltr'><strong>tempo-</strong></span> 
     </span>
    </p>
   </div>
   <div class='ocr_carea' id='block_1_10' title="bbox 411 1138 2100 1205">
    <p class='ocr_par' dir='ltr' id='par_1_10' title="bbox 411 1138 2100 1205">
     <span class='ocr_line' id='line_1_10' title="bbox 411 1138 2100 1205; baseline -0.003 -8"><span class='ocrx_word' id='word_1_70' title='bbox 411 1143 570 1198; x_wconf 88' lang='lat' dir='ltr'><strong>ribus</strong></span> <span class='ocrx_word' id='word_1_71' title='bbox 599 1148 880 1204; x_wconf 81' lang='lat' dir='ltr'><strong>constant,</strong></span> <span class='ocrx_word' id='word_1_72' title='bbox 913 1157 1036 1195; x_wconf 91' lang='lat' dir='ltr'><strong>esse</strong></span> <span class='ocrx_word' id='word_1_73' title='bbox 1083 1140 1468 1205; x_wconf 88' lang='lat' dir='ltr'><strong>referendum,</strong></span> <span class='ocrx_word' id='word_1_74' title='bbox 1523 1138 1634 1191; x_wconf 90' lang='lat' dir='ltr'><strong>nisi</strong></span> <span class='ocrx_word' id='word_1_75' title='bbox 1661 1154 1791 1192; x_wconf 89' lang='lat' dir='ltr'><strong>cum</strong></span> <span class='ocrx_word' id='word_1_76' title='bbox 1821 1143 1935 1192; x_wconf 90' lang='lat' dir='ltr'><strong>tres</strong></span> <span class='ocrx_word' id='word_1_77' title='bbox 1965 1139 2100 1193; x_wconf 90' lang='lat' dir='ltr'><strong>bre-</strong></span> 
     </span>
    </p>
   </div>
   <div class='ocr_carea' id='block_1_11' title="bbox 409 1226 2102 1302">
    <p class='ocr_par' dir='ltr' id='par_1_11' title="bbox 409 1226 2102 1302">
     <span class='ocr_line' id='line_1_11' title="bbox 409 1226 2102 1302; baseline -0.002 -16"><span class='ocrx_word' id='word_1_78' title='bbox 409 1248 503 1286; x_wconf 89' lang='lat' dir='ltr'><strong>ves</strong></span> <span class='ocrx_word' id='word_1_79' title='bbox 541 1237 668 1302; x_wconf 90' lang='lat' dir='ltr'><strong>post</strong></span> <span class='ocrx_word' id='word_1_80' title='bbox 700 1248 832 1285; x_wconf 90' lang='lat' dir='ltr'><strong>eum</strong></span> <span class='ocrx_word' id='word_1_81' title='bbox 862 1231 1130 1284; x_wconf 88' lang='lat' dir='ltr'><strong>locamus.</strong></span> <span class='ocrx_word' id='word_1_82' title='bbox 1161 1228 1320 1291; x_wconf 89' lang='lat' dir='ltr'><strong>Quod</strong></span> <span class='ocrx_word' id='word_1_83' title='bbox 1346 1227 1425 1280; x_wconf 85' lang='lat' dir='ltr'><strong>ita</strong></span> <span class='ocrx_word' id='word_1_84' title='bbox 1453 1231 1535 1280; x_wconf 89' lang='lat' dir='ltr'><strong>est</strong></span> <span class='ocrx_word' id='word_1_85' title='bbox 1563 1243 1627 1280; x_wconf 91' lang='lat' dir='ltr'><strong>ac</strong></span> <span class='ocrx_word' id='word_1_86' title='bbox 1658 1226 1704 1280; x_wconf 90' lang='lat' dir='ltr'><strong>si</strong></span> <span class='ocrx_word' id='word_1_87' title='bbox 1747 1233 2102 1297; x_wconf 63' lang='lat' dir='ltr'><strong>anapmstum</strong></span> 
     </span>
    </p>
   </div>
   <div class='ocr_carea' id='block_1_12' title="bbox 409 1315 2100 1389">
    <p class='ocr_par' dir='ltr' id='par_1_12' title="bbox 409 1315 2100 1389">
     <span class='ocr_line' id='line_1_12' title="bbox 409 1315 2100 1389; baseline -0.002 -15"><span class='ocrx_word' id='word_1_88' title='bbox 409 1320 681 1388; x_wconf 90' lang='lat' dir='ltr'><strong>locemus,</strong></span> <span class='ocrx_word' id='word_1_89' title='bbox 712 1322 950 1389; x_wconf 82' lang='lat' dir='ltr'><strong>propter</strong></span> <span class='ocrx_word' id='word_1_90' title='bbox 971 1317 1232 1370; x_wconf 82' lang='lat' dir='ltr'><strong>ultimam</strong></span> <span class='ocrx_word' id='word_1_91' title='bbox 1263 1315 1536 1386; x_wconf 85' lang='lat' dir='ltr'><strong>syllabam</strong></span> <span class='ocrx_word' id='word_1_92' title='bbox 1559 1331 1687 1385; x_wconf 71' lang='lat' dir='ltr'><strong>qua:</strong></span> <span class='ocrx_word' id='word_1_93' title='bbox 1717 1331 1846 1368; x_wconf 92' lang='lat' dir='ltr'><strong>cum</strong></span> <span class='ocrx_word' id='word_1_94' title='bbox 1876 1315 2100 1370; x_wconf 89' lang='lat' dir='ltr'><strong>silentio</strong></span> 
     </span>
    </p>
   </div>
   <div class='ocr_carea' id='block_1_13' title="bbox 408 1402 2101 1477">
    <p class='ocr_par' dir='ltr' id='par_1_13' title="bbox 408 1402 2101 1477">
     <span class='ocr_line' id='line_1_13' title="bbox 408 1402 2101 1477; baseline -0.003 -16"><span class='ocrx_word' id='word_1_95' title='bbox 408 1407 584 1477; x_wconf 88' lang='lat' dir='ltr'><strong>longa</strong></span> <span class='ocrx_word' id='word_1_96' title='bbox 613 1405 793 1476; x_wconf 89' lang='lat' dir='ltr'><strong>accipi</strong></span> <span class='ocrx_word' id='word_1_97' title='bbox 823 1405 982 1459; x_wconf 81' lang='lat' dir='ltr'><strong>solet.</strong></span> <span class='ocrx_word' id='word_1_98' title='bbox 1017 1404 1204 1470; x_wconf 74' lang='lat' dir='ltr'><strong>Primo</strong></span> <span class='ocrx_word' id='word_1_99' title='bbox 1234 1420 1366 1456; x_wconf 89' lang='lat' dir='ltr'><strong>vero</strong></span> <span class='ocrx_word' id='word_1_100' title='bbox 1397 1403 1628 1472; x_wconf 91' lang='lat' dir='ltr'><strong>epitrito</strong></span> <span class='ocrx_word' id='word_1_101' title='bbox 1679 1402 1902 1456; x_wconf 89' lang='lat' dir='ltr'><strong>iambus</strong></span> <span class='ocrx_word' id='word_1_102' title='bbox 1951 1407 2101 1457; x_wconf 90' lang='lat' dir='ltr'><strong>recte</strong></span> 
     </span>
    </p>
   </div>
   <div class='ocr_carea' id='block_1_14' title="bbox 410 1490 2099 1564">
    <p class='ocr_par' dir='ltr' id='par_1_14' title="bbox 410 1490 2099 1564">
     <span class='ocr_line' id='line_1_14' title="bbox 410 1490 2099 1564; baseline -0.003 -15"><span class='ocrx_word' id='word_1_103' title='bbox 410 1493 798 1564; x_wconf 87' lang='lat' dir='ltr'><strong>subjungitur,</strong></span> <span class='ocrx_word' id='word_1_104' title='bbox 833 1497 889 1547; x_wconf 92' lang='lat' dir='ltr'><strong>et</strong></span> <span class='ocrx_word' id='word_1_105' title='bbox 918 1492 1184 1547; x_wconf 89' lang='lat' dir='ltr'><strong>bacchius</strong></span> <span class='ocrx_word' id='word_1_106' title='bbox 1235 1495 1290 1544; x_wconf 91' lang='lat' dir='ltr'><strong>et</strong></span> <span class='ocrx_word' id='word_1_107' title='bbox 1327 1490 1566 1543; x_wconf 87' lang='lat' dir='ltr'><strong>creticus</strong></span> <span class='ocrx_word' id='word_1_108' title='bbox 1594 1495 1650 1544; x_wconf 90' lang='lat' dir='ltr'><strong>et</strong></span> <span class='ocrx_word' id='word_1_109' title='bbox 1705 1507 1875 1560; x_wconf 66' lang='lat' dir='ltr'><strong>paeon</strong></span> <span class='ocrx_word' id='word_1_110' title='bbox 1927 1507 2099 1561; x_wconf 89' lang='lat' dir='ltr'><strong>quar-</strong></span> 
     </span>
    </p>
   </div>
   <div class='ocr_carea' id='block_1_15' title="bbox 407 1577 2098 1647">
    <p class='ocr_par' dir='ltr' id='par_1_15' title="bbox 407 1577 2098 1647">
     <span class='ocr_line' id='line_1_15' title="bbox 407 1577 2098 1647; baseline -0.002 -11"><span class='ocrx_word' id='word_1_111' title='bbox 407 1586 520 1636; x_wconf 92' lang='lat' dir='ltr'><strong>tus.</strong></span> <span class='ocrx_word' id='word_1_112' title='bbox 555 1583 671 1635; x_wconf 85' lang='lat' dir='ltr'><strong>Hoc</strong></span> <span class='ocrx_word' id='word_1_113' title='bbox 698 1581 911 1634; x_wconf 90' lang='lat' dir='ltr'><strong>dictum</strong></span> <span class='ocrx_word' id='word_1_114' title='bbox 943 1580 1015 1634; x_wconf 86' lang='lat' dir='ltr'><strong>sit</strong></span> <span class='ocrx_word' id='word_1_115' title='bbox 1045 1584 1118 1646; x_wconf 85' lang='lat' dir='ltr'><strong>et</strong></span> <span class='ocrx_word' id='word_1_116' title='bbox 1171 1579 1239 1633; x_wconf 91' lang='lat' dir='ltr'><strong>de</strong></span> <span class='ocrx_word' id='word_1_117' title='bbox 1291 1577 1557 1645; x_wconf 91' lang='lat' dir='ltr'><strong>secundo,</strong></span> <span class='ocrx_word' id='word_1_118' title='bbox 1607 1582 1673 1632; x_wconf 91' lang='lat' dir='ltr'><strong>ut</strong></span> <span class='ocrx_word' id='word_1_119' title='bbox 1714 1583 1977 1647; x_wconf 90' lang='lat' dir='ltr'><strong>tempora</strong></span> <span class='ocrx_word' id='word_1_120' title='bbox 2023 1579 2098 1632; x_wconf 87' lang='lat' dir='ltr'><strong>si-</strong></span> 
     </span>
    </p>
   </div>
   <div class='ocr_carea' id='block_1_16' title="bbox 409 1667 2101 1739">
    <p class='ocr_par' dir='ltr' id='par_1_16' title="bbox 409 1667 2101 1739">
     <span class='ocr_line' id='line_1_16' title="bbox 409 1667 2101 1739; baseline -0.002 -15"><span class='ocrx_word' id='word_1_121' title='bbox 409 1670 635 1724; x_wconf 90' lang='lat' dir='ltr'><strong>leantur</strong></span> <span class='ocrx_word' id='word_1_122' title='bbox 659 1673 756 1722; x_wconf 88' lang='lat' dir='ltr'><strong>aut</strong></span> <span class='ocrx_word' id='word_1_123' title='bbox 781 1674 1044 1739; x_wconf 89' lang='lat' dir='ltr'><strong>quatuor,</strong></span> <span class='ocrx_word' id='word_1_124' title='bbox 1092 1671 1190 1720; x_wconf 91' lang='lat' dir='ltr'><strong>aut</strong></span> <span class='ocrx_word' id='word_1_125' title='bbox 1246 1667 1378 1721; x_wconf 92' lang='lat' dir='ltr'><strong>duo.</strong></span> <span class='ocrx_word' id='word_1_126' title='bbox 1434 1667 1583 1720; x_wconf 91' lang='lat' dir='ltr'><strong>Duos</strong></span> <span class='ocrx_word' id='word_1_127' title='bbox 1630 1670 1819 1720; x_wconf 86' lang='lat' dir='ltr'><strong>autem</strong></span> <span class='ocrx_word' id='word_1_128' title='bbox 1849 1667 2101 1737; x_wconf 90' lang='lat' dir='ltr'><strong>reliquos</strong></span> 
     </span>
    </p>
   </div>
   <div class='ocr_carea' id='block_1_17' title="bbox 406 1753 2098 1829">
    <p class='ocr_par' dir='ltr' id='par_1_17' title="bbox 406 1753 2098 1829">
     <span class='ocr_line' id='line_1_17' title="bbox 406 1753 2098 1829; baseline -0.002 -18"><span class='ocrx_word' id='word_1_129' title='bbox 406 1757 662 1829; x_wconf 89' lang='lat' dir='ltr'><strong>epitritos</strong></span> <span class='ocrx_word' id='word_1_130' title='bbox 691 1760 841 1810; x_wconf 91' lang='lat' dir='ltr'><strong>recte</strong></span> <span class='ocrx_word' id='word_1_131' title='bbox 884 1759 1124 1826; x_wconf 89' lang='lat' dir='ltr'><strong>possunt</strong></span> <span class='ocrx_word' id='word_1_132' title='bbox 1155 1753 1429 1824; x_wconf 88' lang='lat' dir='ltr'><strong>consequi</strong></span> <span class='ocrx_word' id='word_1_133' title='bbox 1475 1753 1759 1824; x_wconf 90' lang='lat' dir='ltr'><strong>spondeus</strong></span> <span class='ocrx_word' id='word_1_134' title='bbox 1785 1759 1841 1808; x_wconf 91' lang='lat' dir='ltr'><strong>et</strong></span> <span class='ocrx_word' id='word_1_135' title='bbox 1888 1756 2098 1808; x_wconf 90' lang='lat' dir='ltr'><strong>molos-</strong></span> 
     </span>
    </p>
   </div>
   <div class='ocr_carea' id='block_1_18' title="bbox 409 1841 2099 1914">
    <p class='ocr_par' dir='ltr' id='par_1_18' title="bbox 409 1841 2099 1914">
     <span class='ocr_line' id='line_1_18' title="bbox 409 1841 2099 1914; baseline -0.002 -14"><span class='ocrx_word' id='word_1_136' title='bbox 409 1844 641 1900; x_wconf 81' lang='lat' dir='ltr'><strong>suszita</strong></span> <span class='ocrx_word' id='word_1_137' title='bbox 670 1848 735 1898; x_wconf 88' lang='lat' dir='ltr'><strong>ut</strong></span> <span class='ocrx_word' id='word_1_138' title='bbox 785 1843 1030 1914; x_wconf 89' lang='lat' dir='ltr'><strong>primam</strong></span> <span class='ocrx_word' id='word_1_139' title='bbox 1077 1841 1334 1913; x_wconf 88' lang='lat' dir='ltr'><strong>spondei,</strong></span> <span class='ocrx_word' id='word_1_140' title='bbox 1391 1846 1448 1896; x_wconf 92' lang='lat' dir='ltr'><strong>et</strong></span> <span class='ocrx_word' id='word_1_141' title='bbox 1499 1841 1745 1912; x_wconf 90' lang='lat' dir='ltr'><strong>primam</strong></span> <span class='ocrx_word' id='word_1_142' title='bbox 1777 1843 1864 1896; x_wconf 91' lang='lat' dir='ltr'><strong>vel</strong></span> <span class='ocrx_word' id='word_1_143' title='bbox 1897 1859 2099 1897; x_wconf 84' lang='lat' dir='ltr'><strong>secun-</strong></span> 
     </span>
    </p>
   </div>
   <div class='ocr_carea' id='block_1_19' title="bbox 409 1929 2099 2001">
    <p class='ocr_par' dir='ltr' id='par_1_19' title="bbox 409 1929 2099 2001">
     <span class='ocr_line' id='line_1_19' title="bbox 409 1929 2099 2001; baseline -0.002 -13"><span class='ocrx_word' id='word_1_144' title='bbox 409 1935 539 1988; x_wconf 88' lang='lat' dir='ltr'><strong>dam</strong></span> <span class='ocrx_word' id='word_1_145' title='bbox 573 1931 809 1987; x_wconf 90' lang='lat' dir='ltr'><strong>molossi</strong></span> <span class='ocrx_word' id='word_1_146' title='bbox 839 1931 898 1985; x_wconf 92' lang='lat' dir='ltr'><strong>in</strong></span> <span class='ocrx_word' id='word_1_147' title='bbox 948 1932 1089 1984; x_wconf 92' lang='lat' dir='ltr'><strong>duas</strong></span> <span class='ocrx_word' id='word_1_148' title='bbox 1139 1931 1338 1984; x_wconf 89' lang='lat' dir='ltr'><strong>breves</strong></span> <span class='ocrx_word' id='word_1_149' title='bbox 1371 1929 1587 1984; x_wconf 91' lang='lat' dir='ltr'><strong>solvere</strong></span> <span class='ocrx_word' id='word_1_150' title='bbox 1617 1930 1803 1985; x_wconf 90' lang='lat' dir='ltr'><strong>liceat.</strong></span> <span class='ocrx_word' id='word_1_151' title='bbox 1863 1932 2006 2001; x_wconf 88' lang='lat' dir='ltr'><strong>Ergo</strong></span> <span class='ocrx_word' id='word_1_152' title='bbox 2037 1930 2099 1984; x_wconf 92' lang='lat' dir='ltr'><strong>in</strong></span> 
     </span>
    </p>
   </div>
   <div class='ocr_carea' id='block_1_20' title="bbox 405 2018 2094 2089">
    <p class='ocr_par' dir='ltr' id='par_1_20' title="bbox 405 2018 2094 2089">
     <span class='ocr_line' id='line_1_20' title="bbox 405 2018 2094 2089; baseline -0.001 -15"><span class='ocrx_word' id='word_1_153' title='bbox 405 2021 494 2074; x_wconf 91' lang='lat' dir='ltr'><strong>his</strong></span> <span class='ocrx_word' id='word_1_154' title='bbox 525 2019 722 2074; x_wconf 88' lang='lat' dir='ltr'><strong>metris</strong></span> <span class='ocrx_word' id='word_1_155' title='bbox 776 2025 874 2072; x_wconf 90' lang='lat' dir='ltr'><strong>aut</strong></span> <span class='ocrx_word' id='word_1_156' title='bbox 901 2018 1014 2073; x_wconf 87' lang='lat' dir='ltr'><strong>tria</strong></span> <span class='ocrx_word' id='word_1_157' title='bbox 1066 2023 1348 2089; x_wconf 89' lang='lat' dir='ltr'><strong>tempora,</strong></span> <span class='ocrx_word' id='word_1_158' title='bbox 1412 2021 1510 2071; x_wconf 90' lang='lat' dir='ltr'><strong>aut</strong></span> <span class='ocrx_word' id='word_1_159' title='bbox 1562 2033 1744 2072; x_wconf 89' lang='lat' dir='ltr'><strong>unum</strong></span> <span class='ocrx_word' id='word_1_160' title='bbox 1798 2019 2094 2073; x_wconf 87' lang='lat' dir='ltr'><strong>tacebitur.</strong></span> 
     </span>
    </p>
   </div>
   <div class='ocr_carea' id='block_1_21' title="bbox 407 2104 2101 2178">
    <p class='ocr_par' dir='ltr' id='par_1_21' title="bbox 407 2104 2101 2178">
     <span class='ocr_line' id='line_1_21' title="bbox 407 2104 2101 2178; baseline -0.002 -16"><span class='ocrx_word' id='word_1_161' title='bbox 407 2106 762 2178; x_wconf 89' lang='lat' dir='ltr'><strong>Dispondeus</strong></span> <span class='ocrx_word' id='word_1_162' title='bbox 794 2109 991 2175; x_wconf 89' lang='lat' dir='ltr'><strong>restat,</strong></span> <span class='ocrx_word' id='word_1_163' title='bbox 1047 2110 1176 2176; x_wconf 91' lang='lat' dir='ltr'><strong>post</strong></span> <span class='ocrx_word' id='word_1_164' title='bbox 1235 2121 1406 2175; x_wconf 90' lang='lat' dir='ltr'><strong>quem</strong></span> <span class='ocrx_word' id='word_1_165' title='bbox 1449 2104 1496 2157; x_wconf 88' lang='lat' dir='ltr'><strong>si</strong></span> <span class='ocrx_word' id='word_1_166' title='bbox 1541 2104 1901 2175; x_wconf 88' lang='lat' dir='ltr'><strong>posuerimus</strong></span> <span class='ocrx_word' id='word_1_167' title='bbox 1931 2122 2101 2176; x_wconf 89' lang='lat' dir='ltr'><strong>spon-</strong></span> 
     </span>
    </p>
   </div>
   <div class='ocr_carea' id='block_1_22' title="bbox 405 2191 2094 2266">
    <p class='ocr_par' dir='ltr' id='par_1_22' title="bbox 405 2191 2094 2266">
     <span class='ocr_line' id='line_1_22' title="bbox 405 2191 2094 2266; baseline -0.002 -17"><span class='ocrx_word' id='word_1_168' title='bbox 405 2195 598 2261; x_wconf 90' lang='lat' dir='ltr'><strong>deum,</strong></span> <span class='ocrx_word' id='word_1_169' title='bbox 631 2199 882 2266; x_wconf 88' lang='lat' dir='ltr'><strong>quatuor</strong></span> <span class='ocrx_word' id='word_1_170' title='bbox 911 2199 1176 2263; x_wconf 90' lang='lat' dir='ltr'><strong>tempora</strong></span> <span class='ocrx_word' id='word_1_171' title='bbox 1205 2191 1424 2246; x_wconf 87' lang='lat' dir='ltr'><strong>silenda</strong></span> <span class='ocrx_word' id='word_1_172' title='bbox 1457 2197 1656 2261; x_wconf 85' lang='lat' dir='ltr'><strong>erunt;</strong></span> <span class='ocrx_word' id='word_1_173' title='bbox 1679 2192 1726 2246; x_wconf 88' lang='lat' dir='ltr'><strong>si</strong></span> <span class='ocrx_word' id='word_1_174' title='bbox 1761 2193 2094 2260; x_wconf 90' lang='lat' dir='ltr'><strong>molossum,</strong></span> 
     </span>
    </p>
   </div>
   <div class='ocr_carea' id='block_1_23' title="bbox 406 2279 2098 2351">
    <p class='ocr_par' dir='ltr' id='par_1_23' title="bbox 406 2279 2098 2351">
     <span class='ocr_line' id='line_1_23' title="bbox 406 2279 2098 2351; baseline -0.003 -13"><span class='ocrx_word' id='word_1_175' title='bbox 406 2283 533 2346; x_wconf 85' lang='lat' dir='ltr'><strong>duo,</strong></span> <span class='ocrx_word' id='word_1_176' title='bbox 561 2283 830 2337; x_wconf 87' lang='lat' dir='ltr'><strong>manente</strong></span> <span class='ocrx_word' id='word_1_177' title='bbox 885 2281 1115 2334; x_wconf 85' lang='lat' dir='ltr'><strong>licentia</strong></span> <span class='ocrx_word' id='word_1_178' title='bbox 1145 2280 1399 2334; x_wconf 86' lang='lat' dir='ltr'><strong>solvendi</strong></span> <span class='ocrx_word' id='word_1_179' title='bbox 1448 2281 1680 2351; x_wconf 82' lang='lat' dir='ltr'><strong>longam</strong></span> <span class='ocrx_word' id='word_1_180' title='bbox 1715 2279 1775 2333; x_wconf 91' lang='lat' dir='ltr'><strong>in</strong></span> <span class='ocrx_word' id='word_1_181' title='bbox 1806 2280 1946 2334; x_wconf 89' lang='lat' dir='ltr'><strong>duas</strong></span> <span class='ocrx_word' id='word_1_182' title='bbox 1974 2281 2098 2334; x_wconf 88' lang='lat' dir='ltr'><strong>bre-</strong></span> 
     </span>
    </p>
   </div>
   <div class='ocr_carea' id='block_1_24' title="bbox 402 2367 2095 2440">
    <p class='ocr_par' dir='ltr' id='par_1_24' title="bbox 402 2367 2095 2440">
     <span class='ocr_line' id='line_1_24' title="bbox 402 2367 2095 2440; baseline -0.001 -16"><span class='ocrx_word' id='word_1_183' title='bbox 402 2387 516 2440; x_wconf 89' lang='lat' dir='ltr'><strong>ves,</strong></span> <span class='ocrx_word' id='word_1_184' title='bbox 572 2371 660 2425; x_wconf 86' lang='lat' dir='ltr'><strong>vel</strong></span> <span class='ocrx_word' id='word_1_185' title='bbox 717 2369 776 2423; x_wconf 92' lang='lat' dir='ltr'><strong>in</strong></span> <span class='ocrx_word' id='word_1_186' title='bbox 833 2369 1107 2438; x_wconf 88' lang='lat' dir='ltr'><strong>spondeo,</strong></span> <span class='ocrx_word' id='word_1_187' title='bbox 1158 2369 1246 2422; x_wconf 85' lang='lat' dir='ltr'><strong>vel</strong></span> <span class='ocrx_word' id='word_1_188' title='bbox 1296 2367 1357 2421; x_wconf 91' lang='lat' dir='ltr'><strong>in</strong></span> <span class='ocrx_word' id='word_1_189' title='bbox 1406 2369 1669 2435; x_wconf 91' lang='lat' dir='ltr'><strong>molosso,</strong></span> <span class='ocrx_word' id='word_1_190' title='bbox 1725 2374 1956 2438; x_wconf 87' lang='lat' dir='ltr'><strong>excepta</strong></span> <span class='ocrx_word' id='word_1_191' title='bbox 2007 2370 2095 2423; x_wconf 88' lang='lat' dir='ltr'><strong>ul-</strong></span> 
     </span>
    </p>
   </div>
   <div class='ocr_carea' id='block_1_25' title="bbox 403 2455 2096 2528">
    <p class='ocr_par' dir='ltr' id='par_1_25' title="bbox 403 2455 2096 2528">
     <span class='ocr_line' id='line_1_25' title="bbox 403 2455 2096 2528; baseline -0.001 -16"><span class='ocrx_word' id='word_1_192' title='bbox 403 2457 561 2512; x_wconf 89' lang='lat' dir='ltr'><strong>tima.</strong></span> <span class='ocrx_word' id='word_1_193' title='bbox 598 2457 778 2512; x_wconf 85' lang='lat' dir='ltr'><strong>Habes</strong></span> <span class='ocrx_word' id='word_1_194' title='bbox 804 2457 958 2527; x_wconf 90' lang='lat' dir='ltr'><strong>quod</strong></span> <span class='ocrx_word' id='word_1_195' title='bbox 987 2473 1079 2510; x_wconf 91' lang='lat' dir='ltr'><strong>me</strong></span> <span class='ocrx_word' id='word_1_196' title='bbox 1108 2471 1402 2510; x_wconf 83' lang='lat' dir='ltr'><strong>excurrere</strong></span> <span class='ocrx_word' id='word_1_197' title='bbox 1453 2455 1697 2510; x_wconf 91' lang='lat' dir='ltr'><strong>voluisti.</strong></span> <span class='ocrx_word' id='word_1_198' title='bbox 1730 2455 1848 2510; x_wconf 88' lang='lat' dir='ltr'><strong>Nisi</strong></span> <span class='ocrx_word' id='word_1_199' title='bbox 1877 2455 2096 2528; x_wconf 90' lang='lat' dir='ltr'><strong>aliquid</strong></span> 
     </span>
    </p>
   </div>
   <div class='ocr_carea' id='block_1_26' title="bbox 405 2544 930 2600">
    <p class='ocr_par' dir='ltr' id='par_1_26' title="bbox 405 2544 930 2600">
     <span class='ocr_line' id='line_1_26' title="bbox 405 2544 930 2600; baseline 0.002 -1"><span class='ocrx_word' id='word_1_200' title='bbox 405 2546 549 2599; x_wconf 86' lang='lat' dir='ltr'><strong>forte</strong></span> <span class='ocrx_word' id='word_1_201' title='bbox 579 2544 930 2600; x_wconf 86' lang='lat' dir='ltr'><strong>emendabis.</strong></span> 
     </span>
    </p>
   </div>
   <div class='ocr_carea' id='block_1_27' title="bbox 462 2633 2037 2702">
    <p class='ocr_par' dir='ltr' id='par_1_27' title="bbox 462 2633 2037 2702">
     <span class='ocr_line' id='line_1_27' title="bbox 462 2633 2037 2702; baseline -0.001 -14"><span class='ocrx_word' id='word_1_202' title='bbox 462 2635 686 2688; x_wconf 85' lang='lat' dir='ltr'><strong>CAPUT</strong></span> <span class='ocrx_word' id='word_1_203' title='bbox 708 2634 794 2688; x_wconf 87' lang='lat' dir='ltr'><strong>XI.</strong></span> <span class='ocrx_word' id='word_1_204' title='bbox 825 2663 889 2673; x_wconf 95' lang='lat'><strong>—</strong></span> <span class='ocrx_word' id='word_1_205' title='bbox 911 2633 1126 2687; x_wconf 83' lang='lat' dir='ltr'><strong>Iambus</strong></span> <span class='ocrx_word' id='word_1_206' title='bbox 1155 2637 1276 2702; x_wconf 83' lang='lat' dir='ltr'><strong>post</strong></span> <span class='ocrx_word' id='word_1_207' title='bbox 1304 2633 1609 2687; x_wconf 75' lang='lat' dir='ltr'><strong>dichorium</strong></span> <span class='ocrx_word' id='word_1_208' title='bbox 1636 2633 1775 2686; x_wconf 86' lang='lat' dir='ltr'><strong>male</strong></span> <span class='ocrx_word' id='word_1_209' title='bbox 1793 2635 2037 2701; x_wconf 81' lang='lat' dir='ltr'><strong>ponitur.</strong></span> 
     </span>
    </p>
   </div>
   <div class='ocr_carea' id='block_1_28' title="bbox 477 2720 2094 2792">
    <p class='ocr_par' dir='ltr' id='par_1_28' title="bbox 477 2720 2094 2792">
     <span class='ocr_line' id='line_1_28' title="bbox 477 2720 2094 2792; baseline -0.001 -16"><span class='ocrx_word' id='word_1_210' title='bbox 477 2725 562 2776; x_wconf 84' lang='lat' dir='ltr'><strong>l2.</strong></span> <span class='ocrx_word' id='word_1_211' title='bbox 595 2723 681 2776; x_wconf 98' lang='grc' dir='ltr'><strong>Μ.</strong></span> <span class='ocrx_word' id='word_1_212' title='bbox 719 2723 838 2776; x_wconf 89' lang='lat' dir='ltr'><strong>Imo</strong></span> <span class='ocrx_word' id='word_1_213' title='bbox 870 2737 985 2775; x_wconf 90' lang='lat' dir='ltr'><strong>non</strong></span> <span class='ocrx_word' id='word_1_214' title='bbox 1041 2737 1169 2792; x_wconf 90' lang='lat' dir='ltr'><strong>ego,</strong></span> <span class='ocrx_word' id='word_1_215' title='bbox 1201 2722 1301 2776; x_wconf 92' lang='lat' dir='ltr'><strong>sed</strong></span> <span class='ocrx_word' id='word_1_216' title='bbox 1333 2727 1424 2791; x_wconf 91' lang='lat' dir='ltr'><strong>tu,</strong></span> <span class='ocrx_word' id='word_1_217' title='bbox 1459 2737 1588 2775; x_wconf 91' lang='lat' dir='ltr'><strong>cum</strong></span> <span class='ocrx_word' id='word_1_218' title='bbox 1618 2737 1813 2775; x_wconf 90' lang='lat' dir='ltr'><strong>aurem</strong></span> <span class='ocrx_word' id='word_1_219' title='bbox 1844 2721 1912 2774; x_wconf 90' lang='lat' dir='ltr'><strong>ad</strong></span> <span class='ocrx_word' id='word_1_220' title='bbox 1938 2720 2094 2790; x_wconf 89' lang='lat' dir='ltr'><strong>judi-</strong></span> 
     </span>
    </p>
   </div>
   <div class='ocr_carea' id='block_1_29' title="bbox 405 2809 2093 2881">
    <p class='ocr_par' dir='ltr' id='par_1_29' title="bbox 405 2809 2093 2881">
     <span class='ocr_line' id='line_1_29' title="bbox 405 2809 2093 2881; baseline -0.001 -18"><span class='ocrx_word' id='word_1_221' title='bbox 405 2810 648 2864; x_wconf 90' lang='lat' dir='ltr'><strong>candum</strong></span> <span class='ocrx_word' id='word_1_222' title='bbox 676 2809 1002 2864; x_wconf 87' lang='lat' dir='ltr'><strong>adhibueris</strong></span> <span class='ocrx_word' id='word_1_223' title='bbox 1035 2825 1048 2861; x_wconf 88' lang='lat'><strong>:</strong></span> <span class='ocrx_word' id='word_1_224' title='bbox 1081 2825 1215 2862; x_wconf 90' lang='lat' dir='ltr'><strong>nam</strong></span> <span class='ocrx_word' id='word_1_225' title='bbox 1245 2826 1442 2881; x_wconf 69' lang='lat' dir='ltr'><strong>quasro</strong></span> <span class='ocrx_word' id='word_1_226' title='bbox 1474 2827 1505 2863; x_wconf 90' lang='lat' dir='ltr'><strong>a</strong></span> <span class='ocrx_word' id='word_1_227' title='bbox 1533 2813 1608 2876; x_wconf 87' lang='lat' dir='ltr'><strong>te,</strong></span> <span class='ocrx_word' id='word_1_228' title='bbox 1639 2814 1832 2863; x_wconf 90' lang='lat' dir='ltr'><strong>utrum</strong></span> <span class='ocrx_word' id='word_1_229' title='bbox 1855 2825 1984 2862; x_wconf 90' lang='lat' dir='ltr'><strong>cum</strong></span> <span class='ocrx_word' id='word_1_230' title='bbox 2008 2809 2093 2862; x_wconf 92' lang='lat' dir='ltr'><strong>di-</strong></span> 
     </span>
    </p>
   </div>
   <div class='ocr_carea' id='block_1_30' title="bbox 403 2897 2091 2968">
    <p class='ocr_par' dir='ltr' id='par_1_30' title="bbox 403 2897 2091 2968">
     <span class='ocr_line' id='line_1_30' title="bbox 403 2897 2091 2968; baseline -0.001 -16"><span class='ocrx_word' id='word_1_231' title='bbox 403 2915 467 2952; x_wconf 92' lang='lat' dir='ltr'><strong>co</strong></span> <span class='ocrx_word' id='word_1_232' title='bbox 499 2903 555 2952; x_wconf 93' lang='lat' dir='ltr'><strong>et</strong></span> <span class='ocrx_word' id='word_1_233' title='bbox 580 2898 790 2968; x_wconf 90' lang='lat' dir='ltr'><strong>plaudo</strong></span> <span class='ocrx_word' id='word_1_234' title='bbox 822 2897 974 2952; x_wconf 89' lang='lat' dir='ltr'><strong>istud</strong></span> <span class='ocrx_word' id='word_1_235' title='bbox 1021 2903 1292 2964; x_wconf 88' lang='lat' dir='ltr'><strong>metrum,</strong></span> <span class='ocrx_word' id='word_1_236' title='bbox 1355 2901 1522 2954; x_wconf 85' lang='lat' dir='ltr'><strong>Verus</strong></span> <span class='ocrx_word' id='word_1_237' title='bbox 1566 2899 1836 2967; x_wconf 80' lang='lat' dir='ltr'><strong>optimus;</strong></span> <span class='ocrx_word' id='word_1_238' title='bbox 1878 2902 1936 2950; x_wconf 91' lang='lat' dir='ltr'><strong>et</strong></span> <span class='ocrx_word' id='word_1_239' title='bbox 1963 2897 2091 2963; x_wconf 88' lang='lat' dir='ltr'><strong>hoc,</strong></span> 
     </span>
    </p>
   </div>
   <div class='ocr_carea' id='block_1_31' title="bbox 409 2985 2094 3056">
    <p class='ocr_par' dir='ltr' id='par_1_31' title="bbox 409 2985 2094 3056">
     <span class='ocr_line' id='line_1_31' title="bbox 409 2985 2094 3056; baseline -0.002 -15"><span class='ocrx_word' id='word_1_240' title='bbox 409 2989 575 3042; x_wconf 82' lang='lat' dir='ltr'><strong>Verus</strong></span> <span class='ocrx_word' id='word_1_241' title='bbox 596 2988 950 3056; x_wconf 79' lang='lat' dir='ltr'><strong>optimorum;</strong></span> <span class='ocrx_word' id='word_1_242' title='bbox 975 2989 1030 3039; x_wconf 93' lang='lat' dir='ltr'><strong>et</strong></span> <span class='ocrx_word' id='word_1_243' title='bbox 1059 2986 1183 3054; x_wconf 90' lang='lat' dir='ltr'><strong>hoc,</strong></span> <span class='ocrx_word' id='word_1_244' title='bbox 1223 2988 1483 3041; x_wconf 78' lang='lat' dir='ltr'><strong>Veritatis</strong></span> <span class='ocrx_word' id='word_1_245' title='bbox 1512 2989 1705 3055; x_wconf 77' lang='lat' dir='ltr'><strong>inops:</strong></span> <span class='ocrx_word' id='word_1_246' title='bbox 1738 2990 1854 3040; x_wconf 90' lang='lat' dir='ltr'><strong>tam</strong></span> <span class='ocrx_word' id='word_1_247' title='bbox 1885 2985 2094 3054; x_wconf 88' lang='lat' dir='ltr'><strong>jucun-</strong></span> 
     </span>
    </p>
   </div>
   <div class='ocr_carea' id='block_1_32' title="bbox 403 3063 2095 3145">
    <p class='ocr_par' dir='ltr' id='par_1_32' title="bbox 403 3063 2095 3145">
     <span class='ocr_line' id='line_1_32' title="bbox 403 3063 2095 3145; baseline -0.002 -16"><span class='ocrx_word' id='word_1_248' title='bbox 403 3077 472 3129; x_wconf 90' lang='lat' dir='ltr'><strong>de</strong></span> <span class='ocrx_word' id='word_1_249' title='bbox 500 3076 610 3130; x_wconf 90' lang='lat' dir='ltr'><strong>hoc</strong></span> <span class='ocrx_word' id='word_1_250' title='bbox 637 3075 872 3129; x_wconf 89' lang='lat' dir='ltr'><strong>tertium</strong></span> <span class='ocrx_word' id='word_1_251' title='bbox 903 3090 1074 3145; x_wconf 91' lang='lat' dir='ltr'><strong>quam</strong></span> <span class='ocrx_word' id='word_1_252' title='bbox 1104 3074 1204 3128; x_wconf 90' lang='lat' dir='ltr'><strong>illa</strong></span> <span class='ocrx_word' id='word_1_253' title='bbox 1235 3075 1527 3145; x_wconf 88' lang='lat' dir='ltr'><strong>superiora</strong></span> <span class='ocrx_word' id='word_1_254' title='bbox 1573 3080 1706 3127; x_wconf 90' lang='lat' dir='ltr'><strong>tuus</strong></span> <span class='ocrx_word' id='word_1_255' title='bbox 1735 3063 1936 3127; x_wconf 84' lang='lat' dir='ltr'><strong>sensus</strong></span> <span class='ocrx_word' id='word_1_256' title='bbox 1957 3073 2095 3127; x_wconf 92' lang='lat' dir='ltr'><strong>acci-</strong></span> 
     </span>
    </p>
   </div>
   <div class='ocr_carea' id='block_1_33' title="bbox 400 3161 2093 3233">
    <p class='ocr_par' dir='ltr' id='par_1_33' title="bbox 400 3161 2093 3233">
     <span class='ocr_line' id='line_1_33' title="bbox 400 3161 2093 3233; baseline -0.002 -17"><span class='ocrx_word' id='word_1_257' title='bbox 400 3163 555 3232; x_wconf 89' lang='lat' dir='ltr'><strong>piat;</strong></span> <span class='ocrx_word' id='word_1_258' title='bbox 585 3163 736 3233; x_wconf 90' lang='lat' dir='ltr'><strong>quod</strong></span> <span class='ocrx_word' id='word_1_259' title='bbox 767 3179 836 3216; x_wconf 91' lang='lat' dir='ltr'><strong>ea</strong></span> <span class='ocrx_word' id='word_1_260' title='bbox 864 3163 1199 3231; x_wconf 91' lang='lat' dir='ltr'><strong>repetendo,</strong></span> <span class='ocrx_word' id='word_1_261' title='bbox 1231 3167 1427 3216; x_wconf 92' lang='lat' dir='ltr'><strong>etcum</strong></span> <span class='ocrx_word' id='word_1_262' title='bbox 1447 3162 1650 3216; x_wconf 91' lang='lat' dir='ltr'><strong>debitis</strong></span> <span class='ocrx_word' id='word_1_263' title='bbox 1676 3161 1913 3216; x_wconf 90' lang='lat' dir='ltr'><strong>silentiis</strong></span> <span class='ocrx_word' id='word_1_264' title='bbox 1930 3162 2093 3231; x_wconf 88' lang='lat' dir='ltr'><strong>plau-</strong></span> 
     </span>
    </p>
   </div>
   <div class='ocr_carea' id='block_1_34' title="bbox 401 3249 2092 3320">
    <p class='ocr_par' dir='ltr' id='par_1_34' title="bbox 401 3249 2092 3320">
     <span class='ocr_line' id='line_1_34' title="bbox 401 3249 2092 3320; baseline -0.001 -16"><span class='ocrx_word' id='word_1_265' title='bbox 401 3251 588 3305; x_wconf 92' lang='lat' dir='ltr'><strong>dendo</strong></span> <span class='ocrx_word' id='word_1_266' title='bbox 614 3250 779 3304; x_wconf 88' lang='lat' dir='ltr'><strong>facile</strong></span> <span class='ocrx_word' id='word_1_267' title='bbox 794 3249 1092 3320; x_wconf 87' lang='lat' dir='ltr'><strong>judicahit.</strong></span> <span class='ocrx_word' id='word_1_268' title='bbox 1125 3251 1201 3304; x_wconf 92' lang='lat' dir='ltr'><strong>D.</strong></span> <span class='ocrx_word' id='word_1_269' title='bbox 1227 3251 1587 3304; x_wconf 84' lang='lat' dir='ltr'><strong>Manifestum</strong></span> <span class='ocrx_word' id='word_1_270' title='bbox 1612 3249 1859 3320; x_wconf 89' lang='lat' dir='ltr'><strong>estquod</strong></span> <span class='ocrx_word' id='word_1_271' title='bbox 1887 3250 2092 3319; x_wconf 88' lang='lat' dir='ltr'><strong>jucun-</strong></span> 
     </span>
    </p>
   </div>
   <div class='ocr_carea' id='block_1_35' title="bbox 398 3336 2093 3408">
    <p class='ocr_par' dir='ltr' id='par_1_35' title="bbox 398 3336 2093 3408">
     <span class='ocr_line' id='line_1_35' title="bbox 398 3336 2093 3408; baseline -0.001 -16"><span class='ocrx_word' id='word_1_272' title='bbox 398 3339 468 3392; x_wconf 93' lang='lat' dir='ltr'><strong>de</strong></span> <span class='ocrx_word' id='word_1_273' title='bbox 498 3339 616 3404; x_wconf 90' lang='lat' dir='ltr'><strong>illa,</strong></span> <span class='ocrx_word' id='word_1_274' title='bbox 648 3338 757 3391; x_wconf 93' lang='lat' dir='ltr'><strong>hoc</strong></span> <span class='ocrx_word' id='word_1_275' title='bbox 785 3337 1093 3407; x_wconf 85' lang='lat' dir='ltr'><strong>injucunde</strong></span> <span class='ocrx_word' id='word_1_276' title='bbox 1141 3336 1443 3406; x_wconf 78' lang='lat' dir='ltr'><strong>accipiat‘.</strong></span> <span class='ocrx_word' id='word_1_277' title='bbox 1477 3343 1544 3393; x_wconf 82' lang='grc' dir='ltr'><strong>Μ.</strong></span> <span class='ocrx_word' id='word_1_278' title='bbox 1583 3339 1706 3391; x_wconf 86' lang='lat' dir='ltr'><strong>Non</strong></span> <span class='ocrx_word' id='word_1_279' title='bbox 1758 3353 1894 3408; x_wconf 90' lang='lat' dir='ltr'><strong>ergo</strong></span> <span class='ocrx_word' id='word_1_280' title='bbox 1943 3343 2093 3391; x_wconf 90' lang='lat' dir='ltr'><strong>recte</strong></span> 
     </span>
    </p>
   </div>
   <div class='ocr_carea' id='block_1_36' title="bbox 397 3424 2093 3497">
    <p class='ocr_par' dir='ltr' id='par_1_36' title="bbox 397 3424 2093 3497">
     <span class='ocr_line' id='line_1_36' title="bbox 397 3424 2093 3497; baseline 0.001 -18"><span class='ocrx_word' id='word_1_281' title='bbox 397 3431 528 3497; x_wconf 90' lang='lat' dir='ltr'><strong>post</strong></span> <span class='ocrx_word' id='word_1_282' title='bbox 555 3425 877 3480; x_wconf 91' lang='lat' dir='ltr'><strong>dichorium</strong></span> <span class='ocrx_word' id='word_1_283' title='bbox 906 3424 1129 3478; x_wconf 87' lang='lat' dir='ltr'><strong>iambus</strong></span> <span class='ocrx_word' id='word_1_284' title='bbox 1158 3426 1413 3494; x_wconf 88' lang='lat' dir='ltr'><strong>ponitur.</strong></span> <span class='ocrx_word' id='word_1_285' title='bbox 1447 3427 1521 3480; x_wconf 92' lang='lat' dir='ltr'><strong>D.</strong></span> <span class='ocrx_word' id='word_1_286' title='bbox 1551 3427 1632 3480; x_wconf 90' lang='lat' dir='ltr'><strong>Ita</strong></span> <span class='ocrx_word' id='word_1_287' title='bbox 1657 3430 1758 3480; x_wconf 90' lang='lat' dir='ltr'><strong>est.</strong></span> <span class='ocrx_word' id='word_1_288' title='bbox 1791 3427 1881 3480; x_wconf 88' lang='grc' dir='ltr'><strong>Μ.</strong></span> <span class='ocrx_word' id='word_1_289' title='bbox 1922 3427 2093 3480; x_wconf 81' lang='lat' dir='ltr'><strong>Recte</strong></span> 
     </span>
    </p>
   </div>
   <div class='ocr_carea' id='block_1_37' title="bbox 400 3513 2093 3584">
    <p class='ocr_par' dir='ltr' id='par_1_37' title="bbox 400 3513 2093 3584">
     <span class='ocr_line' id='line_1_37' title="bbox 400 3513 2093 3584; baseline -0.001 -17"><span class='ocrx_word' id='word_1_290' title='bbox 400 3518 592 3568; x_wconf 88' lang='lat' dir='ltr'><strong>autem</strong></span> <span class='ocrx_word' id='word_1_291' title='bbox 643 3513 778 3584; x_wconf 90' lang='lat' dir='ltr'><strong>poni</strong></span> <span class='ocrx_word' id='word_1_292' title='bbox 806 3528 971 3583; x_wconf 88' lang='lat' dir='ltr'><strong>posse</strong></span> <span class='ocrx_word' id='word_1_293' title='bbox 1027 3516 1158 3582; x_wconf 91' lang='lat' dir='ltr'><strong>post</strong></span> <span class='ocrx_word' id='word_1_294' title='bbox 1211 3519 1446 3567; x_wconf 77' lang='lat' dir='ltr'><strong>caeteros</strong></span> <span class='ocrx_word' id='word_1_295' title='bbox 1502 3514 1805 3568; x_wconf 88' lang='lat' dir='ltr'><strong>assentitur</strong></span> <span class='ocrx_word' id='word_1_296' title='bbox 1834 3513 2093 3584; x_wconf 86' lang='lat' dir='ltr'><strong>quisquis</strong></span> 
     </span>
    </p>
   </div>
   <div class='ocr_carea' id='block_1_38' title="bbox 395 3599 2090 3673">
    <p class='ocr_par' dir='ltr' id='par_1_38' title="bbox 395 3599 2090 3673">
     <span class='ocr_line' id='line_1_38' title="bbox 395 3599 2090 3673; baseline 0.001 -18"><span class='ocrx_word' id='word_1_297' title='bbox 395 3601 517 3655; x_wconf 62' lang='lat' dir='ltr'><strong>haec</strong></span> <span class='ocrx_word' id='word_1_298' title='bbox 536 3606 719 3655; x_wconf 90' lang='lat' dir='ltr'><strong>metra</strong></span> <span class='ocrx_word' id='word_1_299' title='bbox 744 3617 874 3654; x_wconf 91' lang='lat' dir='ltr'><strong>cum</strong></span> <span class='ocrx_word' id='word_1_300' title='bbox 898 3599 1196 3670; x_wconf 87' lang='lat' dir='ltr'><strong>disciplina</strong></span> <span class='ocrx_word' id='word_1_301' title='bbox 1249 3601 1804 3673; x_wconf 90' lang='lat' dir='ltr'><strong>interponendorum</strong></span> <span class='ocrx_word' id='word_1_302' title='bbox 1833 3601 2090 3656; x_wconf 88' lang='lat' dir='ltr'><strong>silentio-</strong></span> 
     </span>
    </p>
   </div>
   <div class='ocr_carea' id='block_1_39' title="bbox 398 3689 867 3762">
    <p class='ocr_par' dir='ltr' id='par_1_39' title="bbox 398 3689 867 3762">
     <span class='ocr_line' id='line_1_39' title="bbox 398 3689 867 3762; baseline 0 -19"><span class='ocrx_word' id='word_1_303' title='bbox 398 3704 527 3743; x_wconf 91' lang='lat' dir='ltr'><strong>rum</strong></span> <span class='ocrx_word' id='word_1_304' title='bbox 554 3689 867 3762; x_wconf 89' lang='lat' dir='ltr'><strong>repetierit.</strong></span> 
     </span>
    </p>
   </div>
   <div class='ocr_carea' id='block_1_40' title="bbox 889 3777 1314 3827">
    <p class='ocr_par' dir='ltr' id='par_1_40' title="bbox 889 3777 1314 3827">
     <span class='ocr_line' id='line_1_40' title="bbox 889 3777 1314 3827; baseline -0.002 -1"><span class='ocrx_word' id='word_1_305' title='bbox 889 3777 1146 3827; x_wconf 85' lang='lat' dir='ltr'><strong>Fallacem</strong></span> <span class='ocrx_word' id='word_1_306' title='bbox 1172 3791 1314 3826; x_wconf 87' lang='lat' dir='ltr'><strong>cave.</strong></span> 
     </span>
    </p>
   </div>
   <div class='ocr_carea' id='block_1_41' title="bbox 886 3840 1416 3890">
    <p class='ocr_par' dir='ltr' id='par_1_41' title="bbox 886 3840 1416 3890">
     <span class='ocr_line' id='line_1_41' title="bbox 886 3840 1416 3890; baseline 0.004 -2"><span class='ocrx_word' id='word_1_307' title='bbox 886 3840 1019 3888; x_wconf 88' lang='lat' dir='ltr'><strong>Male</strong></span> <span class='ocrx_word' id='word_1_308' title='bbox 1042 3845 1244 3889; x_wconf 89' lang='lat' dir='ltr'><strong>castum</strong></span> <span class='ocrx_word' id='word_1_309' title='bbox 1275 3853 1416 3890; x_wconf 87' lang='lat' dir='ltr'><strong>cave.</strong></span> 
     </span>
    </p>
   </div>
   <div class='ocr_carea' id='block_1_42' title="bbox 889 3902 1404 3964">
    <p class='ocr_par' dir='ltr' id='par_1_42' title="bbox 889 3902 1404 3964">
     <span class='ocr_line' id='line_1_42' title="bbox 889 3902 1404 3964; baseline 0.004 -14"><span class='ocrx_word' id='word_1_310' title='bbox 889 3902 1243 3964; x_wconf 89' lang='lat' dir='ltr'><strong>Mutiloquum</strong></span> <span class='ocrx_word' id='word_1_311' title='bbox 1265 3915 1404 3952; x_wconf 88' lang='lat' dir='ltr'><strong>cave.</strong></span> 
     </span>
    </p>
   </div>
   <div class='ocr_carea' id='block_1_43' title="bbox 891 3963 1338 4012">
    <p class='ocr_par' dir='ltr' id='par_1_43' title="bbox 891 3963 1338 4012">
     <span class='ocr_line' id='line_1_43' title="bbox 891 3963 1338 4012; baseline 0 -1"><span class='ocrx_word' id='word_1_312' title='bbox 891 3963 1170 4012; x_wconf 81' lang='lat' dir='ltr'><strong>Fallaciam</strong></span> <span class='ocrx_word' id='word_1_313' title='bbox 1193 3977 1338 4012; x_wconf 91' lang='lat' dir='ltr'><strong>cave.</strong></span> 
     </span>
    </p>
   </div>
   <div class='ocr_carea' id='block_1_44' title="bbox 891 4025 1389 4074">
    <p class='ocr_par' dir='ltr' id='par_1_44' title="bbox 891 4025 1389 4074">
     <span class='ocr_line' id='line_1_44' title="bbox 891 4025 1389 4074; baseline -0.006 -1"><span class='ocrx_word' id='word_1_314' title='bbox 891 4025 954 4073; x_wconf 90' lang='lat' dir='ltr'><strong>Et</strong></span> <span class='ocrx_word' id='word_1_315' title='bbox 978 4025 1222 4074; x_wconf 86' lang='lat' dir='ltr'><strong>invidum</strong></span> <span class='ocrx_word' id='word_1_316' title='bbox 1243 4037 1389 4074; x_wconf 88' lang='lat' dir='ltr'><strong>cave.</strong></span> 
     </span>
    </p>
   </div>
   <div class='ocr_carea' id='block_1_45' title="bbox 889 4087 1423 4136">
    <p class='ocr_par' dir='ltr' id='par_1_45' title="bbox 889 4087 1423 4136">
     <span class='ocr_line' id='line_1_45' title="bbox 889 4087 1423 4136; baseline 0 -1"><span class='ocrx_word' id='word_1_317' title='bbox 889 4087 952 4135; x_wconf 89' lang='lat' dir='ltr'><strong>Et</strong></span> <span class='ocrx_word' id='word_1_318' title='bbox 980 4087 1250 4136; x_wconf 85' lang='lat' dir='ltr'><strong>inﬁrmum</strong></span> <span class='ocrx_word' id='word_1_319' title='bbox 1279 4099 1423 4135; x_wconf 86' lang='lat' dir='ltr'><strong>cave.</strong></span> 
     </span>
    </p>
   </div>
   <div class='ocr_carea' id='block_1_46' title="bbox 464 4163 2090 4236">
    <p class='ocr_par' dir='ltr' id='par_1_46' title="bbox 464 4163 2090 4236">
     <span class='ocr_line' id='line_1_46' title="bbox 464 4163 2090 4236; baseline -0.002 -15"><span class='ocrx_word' id='word_1_320' title='bbox 464 4167 538 4220; x_wconf 86' lang='grc' dir='ltr'><strong>Ι).</strong></span> <span class='ocrx_word' id='word_1_321' title='bbox 567 4166 761 4221; x_wconf 87' lang='lat' dir='ltr'><strong>Sentio</strong></span> <span class='ocrx_word' id='word_1_322' title='bbox 788 4165 944 4236; x_wconf 90' lang='lat' dir='ltr'><strong>quod</strong></span> <span class='ocrx_word' id='word_1_323' title='bbox 983 4165 1144 4233; x_wconf 90' lang='lat' dir='ltr'><strong>dicis,</strong></span> <span class='ocrx_word' id='word_1_324' title='bbox 1185 4170 1241 4219; x_wconf 92' lang='lat' dir='ltr'><strong>et</strong></span> <span class='ocrx_word' id='word_1_325' title='bbox 1285 4164 1560 4234; x_wconf 88' lang='lat' dir='ltr'><strong>approbo.</strong></span> <span class='ocrx_word' id='word_1_326' title='bbox 1602 4164 1687 4217; x_wconf 88' lang='grc' dir='ltr'><strong>Μ.</strong></span> <span class='ocrx_word' id='word_1_327' title='bbox 1733 4163 1869 4219; x_wconf 90' lang='lat' dir='ltr'><strong>Vide</strong></span> <span class='ocrx_word' id='word_1_328' title='bbox 1917 4163 2090 4218; x_wconf 92' lang='lat' dir='ltr'><strong>etiam</strong></span> 
     </span>
    </p>
   </div>
   <div class='ocr_carea' id='block_1_47' title="bbox 394 4251 2092 4322">
    <p class='ocr_par' dir='ltr' id='par_1_47' title="bbox 394 4251 2092 4322">
     <span class='ocr_line' id='line_1_47' title="bbox 394 4251 2092 4322; baseline -0.001 -14"><span class='ocrx_word' id='word_1_329' title='bbox 394 4257 589 4308; x_wconf 91' lang='lat' dir='ltr'><strong>utrum</strong></span> <span class='ocrx_word' id='word_1_330' title='bbox 620 4258 674 4308; x_wconf 91' lang='lat' dir='ltr'><strong>te</strong></span> <span class='ocrx_word' id='word_1_331' title='bbox 703 4253 848 4307; x_wconf 91' lang='lat' dir='ltr'><strong>nihil</strong></span> <span class='ocrx_word' id='word_1_332' title='bbox 862 4252 1132 4319; x_wconf 74' lang='lat' dir='ltr'><strong>offendat,</strong></span> <span class='ocrx_word' id='word_1_333' title='bbox 1166 4269 1294 4307; x_wconf 90' lang='lat' dir='ltr'><strong>cum</strong></span> <span class='ocrx_word' id='word_1_334' title='bbox 1317 4251 1658 4322; x_wconf 89' lang='lat' dir='ltr'><strong>interposito</strong></span> <span class='ocrx_word' id='word_1_335' title='bbox 1683 4252 1927 4306; x_wconf 90' lang='lat' dir='ltr'><strong>duorum</strong></span> <span class='ocrx_word' id='word_1_336' title='bbox 1949 4258 2092 4306; x_wconf 89' lang='lat' dir='ltr'><strong>tem-</strong></span> 
     </span>
    </p>
   </div>
   <div class='ocr_carea' id='block_1_48' title="bbox 393 4338 2094 4412">
    <p class='ocr_par' dir='ltr' id='par_1_48' title="bbox 393 4338 2094 4412">
     <span class='ocr_line' id='line_1_48' title="bbox 393 4338 2094 4412; baseline 0 -18"><span class='ocrx_word' id='word_1_337' title='bbox 393 4357 602 4412; x_wconf 91' lang='lat' dir='ltr'><strong>porum</strong></span> <span class='ocrx_word' id='word_1_338' title='bbox 643 4341 888 4402; x_wconf 89' lang='lat' dir='ltr'><strong>silentio,</strong></span> <span class='ocrx_word' id='word_1_339' title='bbox 921 4339 1029 4393; x_wconf 91' lang='lat' dir='ltr'><strong>hoc</strong></span> <span class='ocrx_word' id='word_1_340' title='bbox 1057 4345 1306 4394; x_wconf 89' lang='lat' dir='ltr'><strong>metrum</strong></span> <span class='ocrx_word' id='word_1_341' title='bbox 1337 4338 1644 4410; x_wconf 89' lang='lat' dir='ltr'><strong>repetitum</strong></span> <span class='ocrx_word' id='word_1_342' title='bbox 1667 4339 1948 4410; x_wconf 79' lang='lat' dir='ltr'><strong>inaequale</strong></span> <span class='ocrx_word' id='word_1_343' title='bbox 1973 4357 2094 4412; x_wconf 90' lang='lat' dir='ltr'><strong>per-</strong></span> 
     </span>
    </p>
   </div>
   <div class='ocr_carea' id='block_1_49' title="bbox 397 4425 1492 4499">
    <p class='ocr_par' dir='ltr' id='par_1_49' title="bbox 397 4425 1492 4499">
     <span class='ocr_line' id='line_1_49' title="bbox 397 4425 1492 4499; baseline -0.002 -17"><span class='ocrx_word' id='word_1_344' title='bbox 397 4429 483 4499; x_wconf 90' lang='lat' dir='ltr'><strong>git</strong></span> <span class='ocrx_word' id='word_1_345' title='bbox 510 4432 552 4484; x_wconf 74' lang='grc'><em>³.</em></span> <span class='ocrx_word' id='word_1_346' title='bbox 587 4430 736 4483; x_wconf 83' lang='lat' dir='ltr'><strong>Num</strong></span> <span class='ocrx_word' id='word_1_347' title='bbox 769 4427 923 4482; x_wconf 91' lang='lat' dir='ltr'><strong>enim</strong></span> <span class='ocrx_word' id='word_1_348' title='bbox 961 4426 1042 4481; x_wconf 90' lang='lat' dir='ltr'><strong>ita</strong></span> <span class='ocrx_word' id='word_1_349' title='bbox 1067 4427 1208 4481; x_wconf 90' lang='lat' dir='ltr'><strong>solet</strong></span> <span class='ocrx_word' id='word_1_350' title='bbox 1230 4431 1294 4480; x_wconf 91' lang='lat' dir='ltr'><strong>ut</strong></span> <span class='ocrx_word' id='word_1_351' title='bbox 1330 4425 1438 4481; x_wconf 89' lang='lat' dir='ltr'><strong>ista</strong></span> <span class='ocrx_word' id='word_1_352' title='bbox 1463 4428 1492 4480; x_wconf 67' lang='grc' dir='ltr'><em>Ἰ</em></span> 
     </span>
    </p>
   </div>
   <div class='ocr_carea' id='block_1_50' title="bbox 917 4514 1411 4576">
    <p class='ocr_par' dir='ltr' id='par_1_50' title="bbox 917 4514 1411 4576">
     <span class='ocr_line' id='line_1_50' title="bbox 917 4514 1411 4576; baseline 0 -14"><span class='ocrx_word' id='word_1_353' title='bbox 917 4514 1139 4564; x_wconf 83' lang='lat' dir='ltr'><strong>Veraces</strong></span> <span class='ocrx_word' id='word_1_354' title='bbox 1168 4517 1411 4576; x_wconf 84' lang='lat' dir='ltr'><strong>regnant.</strong></span> 
     </span>
    </p>
   </div>
   <div class='ocr_carea' id='block_1_51' title="bbox 919 4576 1462 4639">
    <p class='ocr_par' dir='ltr' id='par_1_51' title="bbox 919 4576 1462 4639">
     <span class='ocr_line' id='line_1_51' title="bbox 919 4576 1462 4639; baseline 0 -15"><span class='ocrx_word' id='word_1_355' title='bbox 919 4576 1190 4639; x_wconf 87' lang='lat' dir='ltr'><strong>Sapientes</strong></span> <span class='ocrx_word' id='word_1_356' title='bbox 1220 4579 1462 4638; x_wconf 88' lang='lat' dir='ltr'><strong>regnant.</strong></span> 
     </span>
    </p>
   </div>
   <div class='ocr_carea' id='block_1_52' title="bbox 921 4638 1469 4701">
    <p class='ocr_par' dir='ltr' id='par_1_52' title="bbox 921 4638 1469 4701">
     <span class='ocr_line' id='line_1_52' title="bbox 921 4638 1469 4701; baseline 0 -15"><span class='ocrx_word' id='word_1_357' title='bbox 921 4638 1194 4700; x_wconf 75' lang='lat' dir='ltr'><strong>veriloqui</strong></span> <span class='ocrx_word' id='word_1_358' title='bbox 1228 4641 1469 4701; x_wconf 88' lang='lat' dir='ltr'><strong>regnant.</strong></span> 
     </span>
    </p>
   </div>
   <div class='ocr_carea' id='block_1_53' title="bbox 920 4701 1474 4763">
    <p class='ocr_par' dir='ltr' id='par_1_53' title="bbox 920 4701 1474 4763">
     <span class='ocr_line' id='line_1_53' title="bbox 920 4701 1474 4763; baseline 0 -15"><span class='ocrx_word' id='word_1_359' title='bbox 920 4701 1204 4763; x_wconf 76' lang='lat' dir='ltr'><strong>Prudentia</strong></span> <span class='ocrx_word' id='word_1_360' title='bbox 1232 4705 1474 4763; x_wconf 88' lang='lat' dir='ltr'><strong>regnant.</strong></span> 
     </span>
    </p>
   </div>
   <div class='ocr_carea' id='block_1_54' title="bbox 922 4762 1594 4825">
    <p class='ocr_par' dir='ltr' id='par_1_54' title="bbox 922 4762 1594 4825">
     <span class='ocr_line' id='line_1_54' title="bbox 922 4762 1594 4825; baseline 0.003 -15"><span class='ocrx_word' id='word_1_361' title='bbox 922 4763 1056 4810; x_wconf 91' lang='lat' dir='ltr'><strong>Boni</strong></span> <span class='ocrx_word' id='word_1_362' title='bbox 1086 4763 1142 4810; x_wconf 89' lang='lat' dir='ltr'><strong>in</strong></span> <span class='ocrx_word' id='word_1_363' title='bbox 1171 4762 1326 4811; x_wconf 86' lang='lat' dir='ltr'><strong>bouis</strong></span> <span class='ocrx_word' id='word_1_364' title='bbox 1354 4767 1594 4825; x_wconf 89' lang='lat' dir='ltr'><strong>regnant.</strong></span> 
     </span>
    </p>
   </div>
   <div class='ocr_carea' id='block_1_55' title="bbox 924 4825 1547 4888">
    <p class='ocr_par' dir='ltr' id='par_1_55' title="bbox 924 4825 1547 4888">
     <span class='ocr_line' id='line_1_55' title="bbox 924 4825 1547 4888; baseline 0.002 -16"><span class='ocrx_word' id='word_1_365' title='bbox 924 4825 1061 4872; x_wconf 87' lang='lat' dir='ltr'><strong>Pura</strong></span> <span class='ocrx_word' id='word_1_366' title='bbox 1090 4828 1278 4873; x_wconf 91' lang='lat' dir='ltr'><strong>cuncta</strong></span> <span class='ocrx_word' id='word_1_367' title='bbox 1306 4829 1547 4888; x_wconf 86' lang='lat' dir='ltr'><strong>regnant.</strong></span> 
     </span>
    </p>
   </div>
   <div class='ocr_carea' id='block_1_56' title="bbox 461 4903 2088 4974">
    <p class='ocr_par' dir='ltr' id='par_1_56' title="bbox 461 4903 2088 4974">
     <span class='ocr_line' id='line_1_56' title="bbox 461 4903 2088 4974; baseline 0.001 -16"><span class='ocrx_word' id='word_1_368' title='bbox 461 4904 536 4958; x_wconf 92' lang='lat' dir='ltr'><strong>D.</strong></span> <span class='ocrx_word' id='word_1_369' title='bbox 569 4904 689 4958; x_wconf 93' lang='lat' dir='ltr'><strong>Imo</strong></span> <span class='ocrx_word' id='word_1_370' title='bbox 715 4903 837 4958; x_wconf 76' lang='lat' dir='ltr'><strong>haec</strong></span> <span class='ocrx_word' id='word_1_371' title='bbox 867 4903 1164 4974; x_wconf 72' lang='lat' dir='ltr'><strong>zequaliter</strong></span> <span class='ocrx_word' id='word_1_372' title='bbox 1193 4909 1249 4958; x_wconf 93' lang='lat' dir='ltr'><strong>et</strong></span> <span class='ocrx_word' id='word_1_373' title='bbox 1277 4904 1540 4965; x_wconf 85' lang='lat' dir='ltr'><strong>suaviter,</strong></span> <span class='ocrx_word' id='word_1_374' title='bbox 1599 4904 1742 4959; x_wconf 89' lang='lat' dir='ltr'><strong>illud</strong></span> <span class='ocrx_word' id='word_1_375' title='bbox 1772 4910 1961 4960; x_wconf 82' lang='lat' dir='ltr'><strong>autem</strong></span> <span class='ocrx_word' id='word_1_376' title='bbox 1992 4905 2088 4960; x_wconf 90' lang='lat' dir='ltr'><strong>ab-</strong></span> 
     </span>
    </p>
   </div>
   <div class='ocr_carea' id='block_1_57' title="bbox 395 4993 2090 5065">
    <p class='ocr_par' dir='ltr' id='par_1_57' title="bbox 395 4993 2090 5065">
     <span class='ocr_line' id='line_1_57' title="bbox 395 4993 2090 5065; baseline 0.002 -20"><span class='ocrx_word' id='word_1_377' title='bbox 395 4993 582 5047; x_wconf 91' lang='lat' dir='ltr'><strong>surde.</strong></span> <span class='ocrx_word' id='word_1_378' title='bbox 615 4993 700 5046; x_wconf 83' lang='lat' dir='ltr'><strong>M.</strong></span> <span class='ocrx_word' id='word_1_379' title='bbox 734 4993 847 5046; x_wconf 83' lang='lat' dir='ltr'><strong>Hoc</strong></span> <span class='ocrx_word' id='word_1_380' title='bbox 873 5008 1008 5061; x_wconf 86' lang='lat' dir='ltr'><strong>ergo</strong></span> <span class='ocrx_word' id='word_1_381' title='bbox 1037 4993 1359 5048; x_wconf 90' lang='lat' dir='ltr'><strong>tenebimus</strong></span> <span class='ocrx_word' id='word_1_382' title='bbox 1387 4993 1448 5048; x_wconf 90' lang='lat' dir='ltr'><strong>in</strong></span> <span class='ocrx_word' id='word_1_383' title='bbox 1505 4994 1700 5048; x_wconf 91' lang='lat' dir='ltr'><strong>metris</strong></span> <span class='ocrx_word' id='word_1_384' title='bbox 1732 5010 1826 5048; x_wconf 86' lang='lat' dir='ltr'><strong>sex</strong></span> <span class='ocrx_word' id='word_1_385' title='bbox 1858 4998 2090 5065; x_wconf 92' lang='lat' dir='ltr'><strong>tempo-</strong></span> 
     </span>
    </p>
   </div>
   <div class='ocr_carea' id='block_1_58' title="bbox 393 5078 2088 5153">
    <p class='ocr_par' dir='ltr' id='par_1_58' title="bbox 393 5078 2088 5153">
     <span class='ocr_line' id='line_1_58' title="bbox 393 5078 2088 5153; baseline 0.002 -21"><span class='ocrx_word' id='word_1_386' title='bbox 393 5094 522 5133; x_wconf 92' lang='lat' dir='ltr'><strong>rum</strong></span> <span class='ocrx_word' id='word_1_387' title='bbox 554 5079 791 5149; x_wconf 90' lang='lat' dir='ltr'><strong>pedum,</strong></span> <span class='ocrx_word' id='word_1_388' title='bbox 818 5078 1141 5134; x_wconf 91' lang='lat' dir='ltr'><strong>dichorium</strong></span> <span class='ocrx_word' id='word_1_389' title='bbox 1171 5080 1382 5147; x_wconf 91' lang='lat' dir='ltr'><strong>iambo,</strong></span> <span class='ocrx_word' id='word_1_390' title='bbox 1421 5081 1802 5153; x_wconf 87' lang='lat' dir='ltr'><strong>antispastum</strong></span> <span class='ocrx_word' id='word_1_391' title='bbox 1833 5082 2088 5152; x_wconf 91' lang='lat' dir='ltr'><strong>spondeo</strong></span> 
     </span>
    </p>
   </div>
   <div class='ocr_carea' id='block_1_59' title="bbox 393 5166 1438 5225">
    <p class='ocr_par' dir='ltr' id='par_1_59' title="bbox 393 5166 1438 5225">
     <span class='ocr_line' id='line_1_59' title="bbox 393 5166 1438 5225; baseline 0.005 -5"><span class='ocrx_word' id='word_1_392' title='bbox 393 5167 540 5220; x_wconf 91' lang='lat' dir='ltr'><strong>male</strong></span> <span class='ocrx_word' id='word_1_393' title='bbox 568 5166 777 5222; x_wconf 89' lang='lat' dir='ltr'><strong>claudi.</strong></span> <span class='ocrx_word' id='word_1_394' title='bbox 805 5169 874 5222; x_wconf 91' lang='lat' dir='ltr'><strong>D.</strong></span> <span class='ocrx_word' id='word_1_395' title='bbox 909 5167 1252 5223; x_wconf 89' lang='lat' dir='ltr'><strong>Tenebimus</strong></span> <span class='ocrx_word' id='word_1_396' title='bbox 1283 5185 1438 5225; x_wconf 90' lang='lat' dir='ltr'><strong>sane.</strong></span> 
     </span>
    </p>
   </div>
   <div class='ocr_carea' id='block_1_60' title="bbox 467 5254 2086 5327">
    <p class='ocr_par' dir='ltr' id='par_1_60' title="bbox 467 5254 2086 5327">
     <span class='ocr_line' id='line_1_60' title="bbox 467 5254 2086 5327; baseline 0.001 -19"><span class='ocrx_word' id='word_1_397' title='bbox 467 5258 550 5310; x_wconf 80' lang='lat' dir='ltr'><strong>i3.</strong></span> <span class='ocrx_word' id='word_1_398' title='bbox 582 5256 667 5309; x_wconf 90' lang='grc' dir='ltr'><strong>Μ.</strong></span> <span class='ocrx_word' id='word_1_399' title='bbox 701 5254 847 5320; x_wconf 88' lang='lat' dir='ltr'><strong>Quid</strong></span> <span class='ocrx_word' id='word_1_400' title='bbox 867 5257 895 5309; x_wconf 86' lang='lat'><strong><em>?</em></strong></span> <span class='ocrx_word' id='word_1_401' title='bbox 923 5271 1146 5311; x_wconf 88' lang='lat' dir='ltr'><strong>causam</strong></span> <span class='ocrx_word' id='word_1_402' title='bbox 1179 5274 1279 5311; x_wconf 90' lang='lat' dir='ltr'><strong>cur</strong></span> <span class='ocrx_word' id='word_1_403' title='bbox 1306 5257 1386 5312; x_wconf 91' lang='lat' dir='ltr'><strong>ita</strong></span> <span class='ocrx_word' id='word_1_404' title='bbox 1404 5257 1475 5312; x_wconf 92' lang='lat' dir='ltr'><strong>sit</strong></span> <span class='ocrx_word' id='word_1_405' title='bbox 1501 5273 1691 5312; x_wconf 89' lang='lat' dir='ltr'><strong>nonne</strong></span> <span class='ocrx_word' id='word_1_406' title='bbox 1722 5255 2086 5327; x_wconf 88' lang='lat' dir='ltr'><strong>approbabis,</strong></span> 
     </span>
    </p>
   </div>
   <div class='ocr_carea' id='block_1_61' title="bbox 391 5360 2089 5469">
    <p class='ocr_par' dir='ltr' id='par_1_61' title="bbox 391 5360 2089 5469">
     <span class='ocr_line' id='line_1_61' title="bbox 455 5360 2089 5428; baseline 0.002 -20"><span class='ocrx_word' id='word_1_407' title='bbox 455 5361 470 5394; x_wconf 75' lang='grc' dir='ltr'><strong>ι</strong></span> <span class='ocrx_word' id='word_1_408' title='bbox 502 5360 624 5409; x_wconf 87' lang='lat' dir='ltr'><strong>Mss.</strong></span> <span class='ocrx_word' id='word_1_409' title='bbox 647 5361 688 5410; x_wconf 80' lang='grc' dir='ltr'><strong>Α</strong></span> <span class='ocrx_word' id='word_1_410' title='bbox 717 5364 766 5410; x_wconf 86' lang='lat' dir='ltr'><strong>et</strong></span> <span class='ocrx_word' id='word_1_411' title='bbox 795 5362 833 5410; x_wconf 88' lang='lat' dir='ltr'>B</span> <span class='ocrx_word' id='word_1_412' title='bbox 860 5361 1070 5410; x_wconf 84' lang='lat' dir='ltr'><strong>ferunt:</strong></span> <span class='ocrx_word' id='word_1_413' title='bbox 1105 5364 1455 5428; x_wconf 79' lang='lat' dir='ltr'><strong>Manifestum</strong></span> <span class='ocrx_word' id='word_1_414' title='bbox 1485 5368 1562 5413; x_wconf 80' lang='lat' dir='ltr'><strong>est</strong></span> <span class='ocrx_word' id='word_1_415' title='bbox 1576 5361 1813 5424; x_wconf 83' lang='lat' dir='ltr'><strong>jucunde</strong></span> <span class='ocrx_word' id='word_1_416' title='bbox 1842 5360 1958 5421; x_wconf 77' lang='lat' dir='ltr'><strong>illa,</strong></span> <span class='ocrx_word' id='word_1_417' title='bbox 1991 5361 2089 5412; x_wconf 82' lang='lat' dir='ltr'><strong>hoc</strong></span> 
     </span>
     <span class='ocr_line' id='line_1_62' title="bbox 391 5421 993 5469; baseline 0 0"><span class='ocrx_word' id='word_1_418' title='bbox 391 5421 681 5469; x_wconf 71' lang='lat' dir='ltr'><strong>iniucunda</strong></span> <span class='ocrx_word' id='word_1_419' title='bbox 705 5426 890 5469; x_wconf 69' lang='lat' dir='ltr'><strong>accipi.</strong></span> <span class='ocrx_word' id='word_1_420' title='bbox 922 5424 993 5469; x_wconf 88' lang='grc' dir='ltr'><strong>Μ.</strong></span> 
     </span>
    </p>
   </div>
   <div class='ocr_carea' id='block_1_62' title="bbox 412 5424 2090 5557">
    <p class='ocr_par' dir='ltr' id='par_1_62' title="bbox 412 5424 2090 5557">
     <span class='ocr_line' id='line_1_63' title="bbox 412 5424 1262 5486; baseline 0.004 -17"><span class='ocrx_word' id='word_1_421' title='bbox 412 5424 681 5481; x_wconf 82' lang='lat' dir='ltr'><strong>njucunde</strong></span> <span class='ocrx_word' id='word_1_422' title='bbox 705 5426 890 5486; x_wconf 70' lang='lat' dir='ltr'><strong>accipi.</strong></span> <span class='ocrx_word' id='word_1_423' title='bbox 922 5424 993 5472; x_wconf 88' lang='grc' dir='ltr'><strong>Μ.</strong></span> <span class='ocrx_word' id='word_1_424' title='bbox 1253 5424 1262 5428; x_wconf 84' lang='grc'><em>’</em></span> 
     </span>
     <span class='ocr_line' id='line_1_64' title="bbox 435 5482 2090 5557; baseline 0.001 -27"><span class='ocrx_word' id='word_1_425' title='bbox 435 5482 475 5557; x_wconf 76' lang='lat'><strong>__&#39;</strong></span> <span class='ocrx_word' id='word_1_426' title='bbox 495 5485 878 5557; x_wconf 47' lang='grc' dir='ltr'><strong>τζηίιεᾳςςιιιζριοεξν,⁵</strong></span> <span class='ocrx_word' id='word_1_427' title='bbox 887 5485 1039 5547; x_wconf 85' lang='lat' dir='ltr'><strong>juxta</strong></span> <span class='ocrx_word' id='word_1_428' title='bbox 1075 5487 1166 5557; x_wconf 74' lang='lat' dir='ltr'><strong>Ms.</strong></span> <span class='ocrx_word' id='word_1_429' title='bbox 1196 5489 1320 5557; x_wconf 76' lang='lat' dir='ltr'><strong>A_et</strong></span> <span class='ocrx_word' id='word_1_430' title='bbox 1347 5500 1530 5536; x_wconf 87' lang='lat' dir='ltr'><strong>omnes</strong></span> <span class='ocrx_word' id='word_1_431' title='bbox 1551 5485 1738 5534; x_wconf 89' lang='lat' dir='ltr'><strong>editos.</strong></span> <span class='ocrx_word' id='word_1_432' title='bbox 1767 5485 1862 5534; x_wconf 88' lang='lat' dir='ltr'><strong>Ms.</strong></span> <span class='ocrx_word' id='word_1_433' title='bbox 1898 5485 1935 5533; x_wconf 90' lang='grc' dir='ltr'><strong>Β</strong></span> <span class='ocrx_word' id='word_1_434' title='bbox 1961 5484 2090 5547; x_wconf 82' lang='lat' dir='ltr'><strong>legit</strong></span> 
     </span>
    </p>
   </div>
   <div class='ocr_carea' id='block_1_63' title="bbox 395 5545 1304 5612">
    <p class='ocr_par' dir='ltr' id='par_1_63' title="bbox 395 5545 1304 5612">
     <span class='ocr_line' id='line_1_65' title="bbox 395 5545 1304 5612; baseline 0.01 -22"><span class='ocrx_word' id='word_1_435' title='bbox 395 5545 469 5591; x_wconf 83' lang='lat' dir='ltr'><strong>uti</strong></span> <span class='ocrx_word' id='word_1_436' title='bbox 495 5545 835 5607; x_wconf 87' lang='lat' dir='ltr'><strong>Beuedictini,</strong></span> <span class='ocrx_word' id='word_1_437' title='bbox 863 5545 1138 5612; x_wconf 63' lang='lat' dir='ltr'><strong>inaequale.</strong></span> <span class='ocrx_word' id='word_1_438' title='bbox 1236 5552 1304 5600; x_wconf 89' lang='grc' dir='ltr'><strong>Μ.</strong></span> 
     </span>
    </p>
   </div>
   <div class='ocr_carea' id='block_1_64' title="bbox 1685 313 2630 370">
    <p class='ocr_par' dir='ltr' id='par_1_64' title="bbox 1685 313 2630 370">
     <span class='ocr_line' id='line_1_66' title="bbox 1685 313 2630 370; baseline -0.002 -2"><span class='ocrx_word' id='word_1_439' title='bbox 1685 315 1790 368; x_wconf 89' lang='lat' dir='ltr'><strong>DE.</strong></span> <span class='ocrx_word' id='word_1_440' title='bbox 1817 314 2103 370; x_wconf 76' lang='lat' dir='ltr'><strong>MUSICA.</strong></span> <span class='ocrx_word' id='word_1_441' title='bbox 2146 315 2205 368; x_wconf 91' lang='lat' dir='ltr'><strong>S.</strong></span> <span class='ocrx_word' id='word_1_442' title='bbox 2250 313 2630 370; x_wconf 79' lang='lat' dir='ltr'><strong>AUGUSTINI</strong></span> 
     </span>
    </p>
   </div>
   <div class='ocr_carea' id='block_1_65' title="bbox 3787 319 3899 371">
    <p class='ocr_par' dir='ltr' id='par_1_65' title="bbox 3787 319 3899 371">
     <span class='ocr_line' id='line_1_67' title="bbox 3787 319 3899 371; baseline 0.018 -2"><span class='ocrx_word' id='word_1_443' title='bbox 3787 319 3899 371; x_wconf 84' lang='lat' dir='ltr'><strong>H36</strong></span> 
     </span>
    </p>
   </div>
   <div class='ocr_carea' id='block_1_66' title="bbox 2213 434 3900 507">
    <p class='ocr_par' dir='ltr' id='par_1_66' title="bbox 2213 434 3900 507">
     <span class='ocr_line' id='line_1_68' title="bbox 2213 434 3900 507; baseline 0.002 -17"><span class='ocrx_word' id='word_1_444' title='bbox 2213 436 2262 490; x_wconf 93' lang='lat' dir='ltr'><strong>si</strong></span> <span class='ocrx_word' id='word_1_445' title='bbox 2291 435 2762 491; x_wconf 89' lang='lat' dir='ltr'><strong>animadverteris</strong></span> <span class='ocrx_word' id='word_1_446' title='bbox 2785 434 3067 489; x_wconf 88' lang='lat' dir='ltr'><strong>levatione</strong></span> <span class='ocrx_word' id='word_1_447' title='bbox 3088 452 3151 488; x_wconf 88' lang='lat' dir='ltr'><strong>ac</strong></span> <span class='ocrx_word' id='word_1_448' title='bbox 3179 435 3535 505; x_wconf 90' lang='lat' dir='ltr'><strong>positionein</strong></span> <span class='ocrx_word' id='word_1_449' title='bbox 3554 438 3709 492; x_wconf 87' lang='lat' dir='ltr'><strong>duas</strong></span> <span class='ocrx_word' id='word_1_450' title='bbox 3729 445 3900 507; x_wconf 78' lang='lat' dir='ltr'><strong>partes</strong></span> 
     </span>
    </p>
   </div>
   <div class='ocr_carea' id='block_1_67' title="bbox 2211 521 3898 595">
    <p class='ocr_par' dir='ltr' id='par_1_67' title="bbox 2211 521 3898 595">
     <span class='ocr_line' id='line_1_69' title="bbox 2211 521 3898 595; baseline 0.002 -18"><span class='ocrx_word' id='word_1_451' title='bbox 2211 523 2390 578; x_wconf 85' lang='lat' dir='ltr'><strong>dividi</strong></span> <span class='ocrx_word' id='word_1_452' title='bbox 2418 524 2644 595; x_wconf 88' lang='lat' dir='ltr'><strong>pedem,</strong></span> <span class='ocrx_word' id='word_1_453' title='bbox 2674 523 2752 577; x_wconf 91' lang='lat' dir='ltr'><strong>ita</strong></span> <span class='ocrx_word' id='word_1_454' title='bbox 2781 526 2844 576; x_wconf 88' lang='lat' dir='ltr'><strong>ut</strong></span> <span class='ocrx_word' id='word_1_455' title='bbox 2873 521 2920 576; x_wconf 92' lang='lat' dir='ltr'><strong>si</strong></span> <span class='ocrx_word' id='word_1_456' title='bbox 2953 538 3068 593; x_wconf 85' lang='lat' dir='ltr'><strong>qua</strong></span> <span class='ocrx_word' id='word_1_457' title='bbox 3125 522 3188 576; x_wconf 91' lang='lat' dir='ltr'><strong>in</strong></span> <span class='ocrx_word' id='word_1_458' title='bbox 3216 539 3282 577; x_wconf 92' lang='lat' dir='ltr'><strong>eo</strong></span> <span class='ocrx_word' id='word_1_459' title='bbox 3316 524 3534 594; x_wconf 83' lang='lat' dir='ltr'><strong>syllaba</strong></span> <span class='ocrx_word' id='word_1_460' title='bbox 3585 525 3782 580; x_wconf 89' lang='lat' dir='ltr'><strong>media</strong></span> <span class='ocrx_word' id='word_1_461' title='bbox 3810 534 3898 593; x_wconf 85' lang='lat' dir='ltr'><strong>est,</strong></span> 
     </span>
    </p>
   </div>
   <div class='ocr_carea' id='block_1_68' title="bbox 2209 610 3899 683">
    <p class='ocr_par' dir='ltr' id='par_1_68' title="bbox 2209 610 3899 683">
     <span class='ocr_line' id='line_1_70' title="bbox 2209 610 3899 683; baseline 0.002 -19"><span class='ocrx_word' id='word_1_462' title='bbox 2209 611 2298 665; x_wconf 87' lang='lat' dir='ltr'><strong>vel</strong></span> <span class='ocrx_word' id='word_1_463' title='bbox 2330 628 2443 666; x_wconf 91' lang='lat' dir='ltr'><strong>una</strong></span> <span class='ocrx_word' id='word_1_464' title='bbox 2468 613 2555 665; x_wconf 89' lang='lat' dir='ltr'><strong>vel</strong></span> <span class='ocrx_word' id='word_1_465' title='bbox 2587 612 2736 678; x_wconf 62' lang='lat' dir='ltr'><strong>duas,</strong></span> <span class='ocrx_word' id='word_1_466' title='bbox 2765 615 2865 665; x_wconf 89' lang='lat' dir='ltr'><strong>aut</strong></span> <span class='ocrx_word' id='word_1_467' title='bbox 2892 611 2992 663; x_wconf 90' lang='lat' dir='ltr'><strong>uni</strong></span> <span class='ocrx_word' id='word_1_468' title='bbox 3025 610 3174 680; x_wconf 87' lang='lat' dir='ltr'><strong>parti</strong></span> <span class='ocrx_word' id='word_1_469' title='bbox 3202 611 3592 666; x_wconf 85' lang='lat' dir='ltr'><strong>attribuantur</strong></span> <span class='ocrx_word' id='word_1_470' title='bbox 3620 614 3801 683; x_wconf 86' lang='lat' dir='ltr'><strong>priori</strong></span> <span class='ocrx_word' id='word_1_471' title='bbox 3828 617 3899 669; x_wconf 88' lang='lat' dir='ltr'><strong>vel</strong></span> 
     </span>
    </p>
   </div>
   <div class='ocr_carea' id='block_1_69' title="bbox 2215 698 3892 772">
    <p class='ocr_par' dir='ltr' id='par_1_69' title="bbox 2215 698 3892 772">
     <span class='ocr_line' id='line_1_71' title="bbox 2215 698 3892 772; baseline 0.002 -19"><span class='ocrx_word' id='word_1_472' title='bbox 2215 699 2534 769; x_wconf 90' lang='lat' dir='ltr'><strong>posteriori,</strong></span> <span class='ocrx_word' id='word_1_473' title='bbox 2565 703 2664 753; x_wconf 91' lang='lat' dir='ltr'><strong>aut</strong></span> <span class='ocrx_word' id='word_1_474' title='bbox 2692 698 2753 753; x_wconf 90' lang='lat' dir='ltr'><strong>in</strong></span> <span class='ocrx_word' id='word_1_475' title='bbox 2783 703 3084 769; x_wconf 89' lang='lat' dir='ltr'><strong>utramque</strong></span> <span class='ocrx_word' id='word_1_476' title='bbox 3115 699 3480 769; x_wconf 85' lang='lat' dir='ltr'><strong>partiantur?</strong></span> <span class='ocrx_word' id='word_1_477' title='bbox 3499 701 3574 757; x_wconf 87' lang='lat' dir='ltr'><strong>D.</strong></span> <span class='ocrx_word' id='word_1_478' title='bbox 3612 702 3760 755; x_wconf 90' lang='lat' dir='ltr'><strong>Novi</strong></span> <span class='ocrx_word' id='word_1_479' title='bbox 3783 703 3892 772; x_wconf 86' lang='lat' dir='ltr'><strong>qui-</strong></span> 
     </span>
    </p>
   </div>
   <div class='ocr_carea' id='block_1_70' title="bbox 2216 776 3897 858">
    <p class='ocr_par' dir='ltr' id='par_1_70' title="bbox 2216 776 3897 858">
     <span class='ocr_line' id='line_1_72' title="bbox 2216 776 3897 858; baseline 0.002 -18"><span class='ocrx_word' id='word_1_480' title='bbox 2216 787 2343 840; x_wconf 88' lang='lat' dir='ltr'><strong>dem</strong></span> <span class='ocrx_word' id='word_1_481' title='bbox 2372 787 2530 853; x_wconf 92' lang='lat' dir='ltr'><strong>istuc,</strong></span> <span class='ocrx_word' id='word_1_482' title='bbox 2567 791 2623 841; x_wconf 88' lang='lat' dir='ltr'><strong>et</strong></span> <span class='ocrx_word' id='word_1_483' title='bbox 2655 803 2853 841; x_wconf 89' lang='lat' dir='ltr'><strong>verum</strong></span> <span class='ocrx_word' id='word_1_484' title='bbox 2883 791 2967 841; x_wconf 90' lang='lat' dir='ltr'><strong>est</strong></span> <span class='ocrx_word' id='word_1_485' title='bbox 2988 776 3002 841; x_wconf 67' lang='grc' dir='ltr'><strong>ξ</strong></span> <span class='ocrx_word' id='word_1_486' title='bbox 3024 787 3120 841; x_wconf 93' lang='lat' dir='ltr'><strong>sed</strong></span> <span class='ocrx_word' id='word_1_487' title='bbox 3175 787 3315 858; x_wconf 89' lang='lat' dir='ltr'><strong>quid</strong></span> <span class='ocrx_word' id='word_1_488' title='bbox 3363 788 3435 843; x_wconf 89' lang='lat' dir='ltr'><strong>ad</strong></span> <span class='ocrx_word' id='word_1_489' title='bbox 3461 805 3583 842; x_wconf 90' lang='lat' dir='ltr'><strong>rem</strong></span> <span class='ocrx_word' id='word_1_490' title='bbox 3604 790 3633 843; x_wconf 79' lang='lat' dir='ltr'><strong>‘I</strong></span> <span class='ocrx_word' id='word_1_491' title='bbox 3659 791 3747 844; x_wconf 89' lang='grc' dir='ltr'><strong>Μ.</strong></span> <span class='ocrx_word' id='word_1_492' title='bbox 3800 792 3897 844; x_wconf 72' lang='lat' dir='ltr'><strong>hoc</strong></span> 
     </span>
    </p>
   </div>
   <div class='ocr_carea' id='block_1_71' title="bbox 2210 874 3897 948">
    <p class='ocr_par' dir='ltr' id='par_1_71' title="bbox 2210 874 3897 948">
     <span class='ocr_line' id='line_1_73' title="bbox 2210 874 3897 948; baseline 0.002 -21"><span class='ocrx_word' id='word_1_493' title='bbox 2210 890 2439 945; x_wconf 88' lang='lat' dir='ltr'><strong>quoque</strong></span> <span class='ocrx_word' id='word_1_494' title='bbox 2468 875 2694 929; x_wconf 90' lang='lat' dir='ltr'><strong>attende</strong></span> <span class='ocrx_word' id='word_1_495' title='bbox 2721 874 2873 945; x_wconf 90' lang='lat' dir='ltr'><strong>quod</strong></span> <span class='ocrx_word' id='word_1_496' title='bbox 2901 875 3106 940; x_wconf 89' lang='lat' dir='ltr'><strong>dicam,</strong></span> <span class='ocrx_word' id='word_1_497' title='bbox 3132 879 3255 928; x_wconf 90' lang='lat' dir='ltr'><strong>tum</strong></span> <span class='ocrx_word' id='word_1_498' title='bbox 3276 875 3489 930; x_wconf 90' lang='lat' dir='ltr'><strong>videbis</strong></span> <span class='ocrx_word' id='word_1_499' title='bbox 3506 877 3736 931; x_wconf 83' lang='lat' dir='ltr'><strong>facilius</strong></span> <span class='ocrx_word' id='word_1_500' title='bbox 3765 879 3897 948; x_wconf 88' lang='lat' dir='ltr'><strong>quod</strong></span> 
     </span>
    </p>
   </div>
   <div class='ocr_carea' id='block_1_72' title="bbox 2210 962 3899 1032">
    <p class='ocr_par' dir='ltr' id='par_1_72' title="bbox 2210 962 3899 1032">
     <span class='ocr_line' id='line_1_74' title="bbox 2210 962 3899 1032; baseline 0.003 -18"><span class='ocrx_word' id='word_1_501' title='bbox 2210 963 2473 1032; x_wconf 90' lang='lat' dir='ltr'><strong>requiris.</strong></span> <span class='ocrx_word' id='word_1_502' title='bbox 2520 965 2661 1017; x_wconf 85' lang='lat' dir='ltr'><strong>Nam</strong></span> <span class='ocrx_word' id='word_1_503' title='bbox 2709 962 3073 1016; x_wconf 83' lang='lat' dir='ltr'><strong>manifestum</strong></span> <span class='ocrx_word' id='word_1_504' title='bbox 3122 963 3228 1016; x_wconf 90' lang='lat' dir='ltr'><strong>tibi</strong></span> <span class='ocrx_word' id='word_1_505' title='bbox 3273 979 3394 1017; x_wconf 90' lang='lat' dir='ltr'><strong>esse</strong></span> <span class='ocrx_word' id='word_1_506' title='bbox 3441 965 3714 1028; x_wconf 89' lang='lat' dir='ltr'><strong>arbitror,</strong></span> <span class='ocrx_word' id='word_1_507' title='bbox 3774 966 3899 1022; x_wconf 86' lang='lat' dir='ltr'><strong>alios</strong></span> 
     </span>
    </p>
   </div>
   <div class='ocr_carea' id='block_1_73' title="bbox 2210 1049 3898 1122">
    <p class='ocr_par' dir='ltr' id='par_1_73' title="bbox 2210 1049 3898 1122">
     <span class='ocr_line' id='line_1_75' title="bbox 2210 1049 3898 1122; baseline 0.004 -20"><span class='ocrx_word' id='word_1_508' title='bbox 2210 1065 2329 1102; x_wconf 91' lang='lat' dir='ltr'><strong>esse</strong></span> <span class='ocrx_word' id='word_1_509' title='bbox 2361 1050 2482 1105; x_wconf 89' lang='lat' dir='ltr'><strong>sine</strong></span> <span class='ocrx_word' id='word_1_510' title='bbox 2526 1049 2729 1104; x_wconf 88' lang='lat' dir='ltr'><strong>mediis</strong></span> <span class='ocrx_word' id='word_1_511' title='bbox 2773 1049 3003 1120; x_wconf 80' lang='lat' dir='ltr'><strong>syllabis</strong></span> <span class='ocrx_word' id='word_1_512' title='bbox 3053 1050 3248 1120; x_wconf 89' lang='lat' dir='ltr'><strong>pedes,</strong></span> <span class='ocrx_word' id='word_1_513' title='bbox 3307 1055 3372 1105; x_wconf 91' lang='lat' dir='ltr'><strong>ut</strong></span> <span class='ocrx_word' id='word_1_514' title='bbox 3414 1053 3806 1122; x_wconf 86' lang='lat' dir='ltr'><strong>pyrrhichius,</strong></span> <span class='ocrx_word' id='word_1_515' title='bbox 3853 1060 3898 1108; x_wconf 87' lang='lat' dir='ltr'><strong>et</strong></span> 
     </span>
    </p>
   </div>
   <div class='ocr_carea' id='block_1_74' title="bbox 2209 1140 3898 1212">
    <p class='ocr_par' dir='ltr' id='par_1_74' title="bbox 2209 1140 3898 1212">
     <span class='ocr_line' id='line_1_76' title="bbox 2209 1140 3898 1212; baseline 0.004 -20"><span class='ocrx_word' id='word_1_516' title='bbox 2209 1140 2399 1192; x_wconf 60' lang='lat' dir='ltr'><strong>casteri</strong></span> <span class='ocrx_word' id='word_1_517' title='bbox 2425 1140 2691 1194; x_wconf 88' lang='lat' dir='ltr'><strong>binarum</strong></span> <span class='ocrx_word' id='word_1_518' title='bbox 2717 1140 3100 1210; x_wconf 83' lang='lat' dir='ltr'><strong>syllabarum;</strong></span> <span class='ocrx_word' id='word_1_519' title='bbox 3127 1140 3271 1195; x_wconf 91' lang='lat' dir='ltr'><strong>alios</strong></span> <span class='ocrx_word' id='word_1_520' title='bbox 3321 1140 3380 1194; x_wconf 92' lang='lat' dir='ltr'><strong>in</strong></span> <span class='ocrx_word' id='word_1_521' title='bbox 3410 1143 3625 1212; x_wconf 89' lang='lat' dir='ltr'><strong>quibus</strong></span> <span class='ocrx_word' id='word_1_522' title='bbox 3656 1144 3898 1199; x_wconf 87' lang='lat' dir='ltr'><strong>medium</strong></span> 
     </span>
    </p>
   </div>
   <div class='ocr_carea' id='block_1_75' title="bbox 2209 1228 3896 1300">
    <p class='ocr_par' dir='ltr' id='par_1_75' title="bbox 2209 1228 3896 1300">
     <span class='ocr_line' id='line_1_77' title="bbox 2209 1228 3896 1300; baseline 0.005 -21"><span class='ocrx_word' id='word_1_523' title='bbox 2209 1232 2307 1282; x_wconf 90' lang='lat' dir='ltr'><strong>aut</strong></span> <span class='ocrx_word' id='word_1_524' title='bbox 2337 1228 2536 1298; x_wconf 76' lang='lat' dir='ltr'><strong>primae</strong></span> <span class='ocrx_word' id='word_1_525' title='bbox 2565 1228 2732 1299; x_wconf 88' lang='lat' dir='ltr'><strong>parti,</strong></span> <span class='ocrx_word' id='word_1_526' title='bbox 2760 1233 2860 1282; x_wconf 90' lang='lat' dir='ltr'><strong>aut</strong></span> <span class='ocrx_word' id='word_1_527' title='bbox 2887 1233 3176 1294; x_wconf 66' lang='lat' dir='ltr'><strong>extremm,</strong></span> <span class='ocrx_word' id='word_1_528' title='bbox 3208 1233 3308 1282; x_wconf 90' lang='lat' dir='ltr'><strong>aut</strong></span> <span class='ocrx_word' id='word_1_529' title='bbox 3349 1230 3605 1300; x_wconf 82' lang='lat' dir='ltr'><strong>utrique,</strong></span> <span class='ocrx_word' id='word_1_530' title='bbox 3640 1237 3743 1286; x_wconf 90' lang='lat' dir='ltr'><strong>aut</strong></span> <span class='ocrx_word' id='word_1_531' title='bbox 3770 1249 3896 1286; x_wconf 89' lang='lat' dir='ltr'><strong>neu-</strong></span> 
     </span>
    </p>
   </div>
   <div class='ocr_carea' id='block_1_76' title="bbox 2208 1315 3897 1388">
    <p class='ocr_par' dir='ltr' id='par_1_76' title="bbox 2208 1315 3897 1388">
     <span class='ocr_line' id='line_1_78' title="bbox 2208 1315 3897 1388; baseline 0.002 -17"><span class='ocrx_word' id='word_1_532' title='bbox 2208 1317 2301 1382; x_wconf 90' lang='lat' dir='ltr'><strong>tri,</strong></span> <span class='ocrx_word' id='word_1_533' title='bbox 2334 1316 2515 1386; x_wconf 91' lang='lat' dir='ltr'><strong>spatio</strong></span> <span class='ocrx_word' id='word_1_534' title='bbox 2544 1315 2844 1370; x_wconf 88' lang='lat' dir='ltr'><strong>conveniat</strong></span> <span class='ocrx_word' id='word_1_535' title='bbox 2873 1331 2886 1368; x_wconf 89' lang='lat'><strong>:</strong></span> <span class='ocrx_word' id='word_1_536' title='bbox 2920 1315 3144 1386; x_wconf 67' lang='lat' dir='ltr'><strong>primae,</strong></span> <span class='ocrx_word' id='word_1_537' title='bbox 3177 1320 3238 1369; x_wconf 90' lang='lat' dir='ltr'><strong>ut</strong></span> <span class='ocrx_word' id='word_1_538' title='bbox 3291 1315 3349 1369; x_wconf 94' lang='lat' dir='ltr'><strong>in</strong></span> <span class='ocrx_word' id='word_1_539' title='bbox 3370 1324 3688 1388; x_wconf 66' lang='lat' dir='ltr'><strong>anapaesto,</strong></span> <span class='ocrx_word' id='word_1_540' title='bbox 3737 1321 3822 1375; x_wconf 88' lang='lat' dir='ltr'><strong>vel</strong></span> <span class='ocrx_word' id='word_1_541' title='bbox 3845 1321 3897 1374; x_wconf 88' lang='lat' dir='ltr'><strong>in</strong></span> 
     </span>
    </p>
   </div>
   <div class='ocr_carea' id='block_1_77' title="bbox 2209 1403 3895 1476">
    <p class='ocr_par' dir='ltr' id='par_1_77' title="bbox 2209 1403 3895 1476">
     <span class='ocr_line' id='line_1_79' title="bbox 2209 1403 3895 1476; baseline 0.003 -18"><span class='ocrx_word' id='word_1_542' title='bbox 2209 1404 2644 1476; x_wconf 89' lang='lat' dir='ltr'><strong>palimbacchio,</strong></span> <span class='ocrx_word' id='word_1_543' title='bbox 2699 1404 2788 1458; x_wconf 91' lang='lat' dir='ltr'><strong>vel</strong></span> <span class='ocrx_word' id='word_1_544' title='bbox 2818 1403 2878 1457; x_wconf 92' lang='lat' dir='ltr'><strong>in</strong></span> <span class='ocrx_word' id='word_1_545' title='bbox 2928 1419 3130 1474; x_wconf 80' lang='lat' dir='ltr'><strong>paeane</strong></span> <span class='ocrx_word' id='word_1_546' title='bbox 3160 1403 3347 1474; x_wconf 90' lang='lat' dir='ltr'><strong>primo</strong></span> <span class='ocrx_word' id='word_1_547' title='bbox 3375 1423 3391 1458; x_wconf 90' lang='lat'><strong><em>:</em></strong></span> <span class='ocrx_word' id='word_1_548' title='bbox 3426 1411 3726 1475; x_wconf 64' lang='lat' dir='ltr'><strong>extremae,</strong></span> <span class='ocrx_word' id='word_1_549' title='bbox 3759 1414 3821 1462; x_wconf 89' lang='lat' dir='ltr'><strong>ut</strong></span> <span class='ocrx_word' id='word_1_550' title='bbox 3844 1409 3895 1463; x_wconf 89' lang='lat' dir='ltr'><strong>in</strong></span> 
     </span>
    </p>
   </div>
   <div class='ocr_carea' id='block_1_78' title="bbox 2207 1491 3896 1567">
    <p class='ocr_par' dir='ltr' id='par_1_78' title="bbox 2207 1491 3896 1567">
     <span class='ocr_line' id='line_1_80' title="bbox 2207 1491 3896 1567; baseline 0.002 -20"><span class='ocrx_word' id='word_1_551' title='bbox 2207 1493 2429 1563; x_wconf 85' lang='lat' dir='ltr'><strong>dactylo</strong></span> <span class='ocrx_word' id='word_1_552' title='bbox 2460 1493 2546 1546; x_wconf 90' lang='lat' dir='ltr'><strong>vel</strong></span> <span class='ocrx_word' id='word_1_553' title='bbox 2578 1491 2640 1545; x_wconf 90' lang='lat' dir='ltr'><strong>in</strong></span> <span class='ocrx_word' id='word_1_554' title='bbox 2675 1491 2933 1557; x_wconf 89' lang='lat' dir='ltr'><strong>bacchio,</strong></span> <span class='ocrx_word' id='word_1_555' title='bbox 2960 1491 3050 1544; x_wconf 89' lang='lat' dir='ltr'><strong>vel</strong></span> <span class='ocrx_word' id='word_1_556' title='bbox 3080 1491 3138 1543; x_wconf 89' lang='lat' dir='ltr'><strong>in</strong></span> <span class='ocrx_word' id='word_1_557' title='bbox 3169 1507 3370 1561; x_wconf 65' lang='lat' dir='ltr'><strong>paeone</strong></span> <span class='ocrx_word' id='word_1_558' title='bbox 3411 1499 3655 1564; x_wconf 88' lang='lat' dir='ltr'><strong>quarto:</strong></span> <span class='ocrx_word' id='word_1_559' title='bbox 3690 1497 3896 1567; x_wconf 87' lang='lat' dir='ltr'><strong>utique,</strong></span> 
     </span>
    </p>
   </div>
   <div class='ocr_carea' id='block_1_79' title="bbox 2209 1578 3895 1649">
    <p class='ocr_par' dir='ltr' id='par_1_79' title="bbox 2209 1578 3895 1649">
     <span class='ocr_line' id='line_1_81' title="bbox 2209 1578 3895 1649; baseline 0.002 -15"><span class='ocrx_word' id='word_1_560' title='bbox 2209 1587 2272 1634; x_wconf 91' lang='lat' dir='ltr'><strong>ut</strong></span> <span class='ocrx_word' id='word_1_561' title='bbox 2296 1581 2357 1634; x_wconf 91' lang='lat' dir='ltr'><strong>in</strong></span> <span class='ocrx_word' id='word_1_562' title='bbox 2386 1579 2696 1648; x_wconf 91' lang='lat' dir='ltr'><strong>tribracho,</strong></span> <span class='ocrx_word' id='word_1_563' title='bbox 2734 1579 2849 1632; x_wconf 89' lang='lat' dir='ltr'><strong>sive</strong></span> <span class='ocrx_word' id='word_1_564' title='bbox 2877 1578 2938 1632; x_wconf 91' lang='lat' dir='ltr'><strong>in</strong></span> <span class='ocrx_word' id='word_1_565' title='bbox 2969 1579 3238 1647; x_wconf 89' lang='lat' dir='ltr'><strong>molosso,</strong></span> <span class='ocrx_word' id='word_1_566' title='bbox 3293 1580 3409 1634; x_wconf 89' lang='lat' dir='ltr'><strong>sive</strong></span> <span class='ocrx_word' id='word_1_567' title='bbox 3449 1581 3508 1635; x_wconf 91' lang='lat' dir='ltr'><strong>in</strong></span> <span class='ocrx_word' id='word_1_568' title='bbox 3553 1584 3895 1649; x_wconf 86' lang='lat' dir='ltr'><strong>choriambo,</strong></span> 
     </span>
    </p>
   </div>
   <div class='ocr_carea' id='block_1_80' title="bbox 2208 1665 3894 1736">
    <p class='ocr_par' dir='ltr' id='par_1_80' title="bbox 2208 1665 3894 1736">
     <span class='ocr_line' id='line_1_82' title="bbox 2208 1665 3894 1736; baseline 0.002 -16"><span class='ocrx_word' id='word_1_569' title='bbox 2208 1666 2323 1721; x_wconf 91' lang='lat' dir='ltr'><strong>sive</strong></span> <span class='ocrx_word' id='word_1_570' title='bbox 2351 1666 2411 1720; x_wconf 92' lang='lat' dir='ltr'><strong>in</strong></span> <span class='ocrx_word' id='word_1_571' title='bbox 2439 1666 2696 1736; x_wconf 90' lang='lat' dir='ltr'><strong>quolibet</strong></span> <span class='ocrx_word' id='word_1_572' title='bbox 2725 1665 2910 1719; x_wconf 90' lang='lat' dir='ltr'><strong>ionico</strong></span> <span class='ocrx_word' id='word_1_573' title='bbox 2945 1681 2958 1719; x_wconf 91' lang='lat'>:</span> <span class='ocrx_word' id='word_1_574' title='bbox 2993 1666 3204 1733; x_wconf 88' lang='lat' dir='ltr'><strong>neutri,</strong></span> <span class='ocrx_word' id='word_1_575' title='bbox 3243 1672 3308 1720; x_wconf 92' lang='lat' dir='ltr'><strong>ut</strong></span> <span class='ocrx_word' id='word_1_576' title='bbox 3337 1667 3397 1721; x_wconf 92' lang='lat' dir='ltr'><strong>in</strong></span> <span class='ocrx_word' id='word_1_577' title='bbox 3437 1669 3666 1732; x_wconf 88' lang='lat' dir='ltr'><strong>cretico,</strong></span> <span class='ocrx_word' id='word_1_578' title='bbox 3699 1671 3814 1724; x_wconf 87' lang='lat' dir='ltr'><strong>sive</strong></span> <span class='ocrx_word' id='word_1_579' title='bbox 3842 1671 3894 1724; x_wconf 91' lang='lat' dir='ltr'><strong>in</strong></span> 
     </span>
    </p>
   </div>
   <div class='ocr_carea' id='block_1_81' title="bbox 2206 1751 3898 1823">
    <p class='ocr_par' dir='ltr' id='par_1_81' title="bbox 2206 1751 3898 1823">
     <span class='ocr_line' id='line_1_83' title="bbox 2206 1751 3898 1823; baseline 0.003 -17"><span class='ocrx_word' id='word_1_580' title='bbox 2206 1753 2503 1823; x_wconf 74' lang='lat' dir='ltr'><strong>paeonibus</strong></span> <span class='ocrx_word' id='word_1_581' title='bbox 2546 1753 2792 1806; x_wconf 90' lang='lat' dir='ltr'><strong>secundo</strong></span> <span class='ocrx_word' id='word_1_582' title='bbox 2824 1757 2880 1806; x_wconf 91' lang='lat' dir='ltr'><strong>et</strong></span> <span class='ocrx_word' id='word_1_583' title='bbox 2927 1751 3115 1820; x_wconf 88' lang='lat' dir='ltr'><strong>tertio,</strong></span> <span class='ocrx_word' id='word_1_584' title='bbox 3169 1753 3284 1807; x_wconf 93' lang='lat' dir='ltr'><strong>sive</strong></span> <span class='ocrx_word' id='word_1_585' title='bbox 3315 1753 3377 1808; x_wconf 91' lang='lat' dir='ltr'><strong>in</strong></span> <span class='ocrx_word' id='word_1_586' title='bbox 3406 1755 3686 1823; x_wconf 89' lang='lat' dir='ltr'><strong>diiamho,</strong></span> <span class='ocrx_word' id='word_1_587' title='bbox 3721 1757 3898 1812; x_wconf 89' lang='lat' dir='ltr'><strong>dicho-</strong></span> 
     </span>
    </p>
   </div>
   <div class='ocr_carea' id='block_1_82' title="bbox 2207 1840 3898 1916">
    <p class='ocr_par' dir='ltr' id='par_1_82' title="bbox 2207 1840 3898 1916">
     <span class='ocr_line' id='line_1_84' title="bbox 2207 1840 3898 1916; baseline 0.003 -22"><span class='ocrx_word' id='word_1_588' title='bbox 2207 1842 2312 1907; x_wconf 92' lang='lat' dir='ltr'><strong>rio,</strong></span> <span class='ocrx_word' id='word_1_589' title='bbox 2345 1842 2645 1911; x_wconf 87' lang='lat' dir='ltr'><strong>antipasto.</strong></span> <span class='ocrx_word' id='word_1_590' title='bbox 2682 1841 2824 1894; x_wconf 87' lang='lat' dir='ltr'><strong>Nam</strong></span> <span class='ocrx_word' id='word_1_591' title='bbox 2863 1840 2965 1911; x_wconf 92' lang='lat' dir='ltr'><strong>qui</strong></span> <span class='ocrx_word' id='word_1_592' title='bbox 3019 1841 3192 1910; x_wconf 91' lang='lat' dir='ltr'><strong>pedes</strong></span> <span class='ocrx_word' id='word_1_593' title='bbox 3225 1841 3286 1895; x_wconf 93' lang='lat' dir='ltr'><strong>in</strong></span> <span class='ocrx_word' id='word_1_594' title='bbox 3341 1845 3455 1897; x_wconf 90' lang='lat' dir='ltr'><strong>tres</strong></span> <span class='ocrx_word' id='word_1_595' title='bbox 3498 1845 3755 1914; x_wconf 64' lang='lat' dir='ltr'><strong>aequales</strong></span> <span class='ocrx_word' id='word_1_596' title='bbox 3781 1862 3898 1916; x_wconf 83' lang='lat' dir='ltr'><strong>par-</strong></span> 
     </span>
    </p>
   </div>
   <div class='ocr_carea' id='block_1_83' title="bbox 2207 1928 3899 1999">
    <p class='ocr_par' dir='ltr' id='par_1_83' title="bbox 2207 1928 3899 1999">
     <span class='ocr_line' id='line_1_85' title="bbox 2207 1928 3899 1999; baseline 0.003 -16"><span class='ocrx_word' id='word_1_597' title='bbox 2207 1933 2291 1983; x_wconf 89' lang='lat' dir='ltr'><strong>tes</strong></span> <span class='ocrx_word' id='word_1_598' title='bbox 2323 1929 2496 1983; x_wconf 85' lang='lat' dir='ltr'><strong>dividi</strong></span> <span class='ocrx_word' id='word_1_599' title='bbox 2521 1934 2784 1998; x_wconf 89' lang='lat' dir='ltr'><strong>possunt,</strong></span> <span class='ocrx_word' id='word_1_600' title='bbox 2834 1928 3027 1984; x_wconf 88' lang='lat' dir='ltr'><strong>media</strong></span> <span class='ocrx_word' id='word_1_601' title='bbox 3054 1945 3186 1999; x_wconf 90' lang='lat' dir='ltr'><strong>pars</strong></span> <span class='ocrx_word' id='word_1_602' title='bbox 3241 1929 3304 1984; x_wconf 92' lang='lat' dir='ltr'><strong>in</strong></span> <span class='ocrx_word' id='word_1_603' title='bbox 3346 1931 3433 1984; x_wconf 89' lang='lat' dir='ltr'><strong>his</strong></span> <span class='ocrx_word' id='word_1_604' title='bbox 3463 1933 3736 1988; x_wconf 90' lang='lat' dir='ltr'><strong>convenit</strong></span> <span class='ocrx_word' id='word_1_605' title='bbox 3783 1950 3899 1988; x_wconf 91' lang='lat' dir='ltr'><strong>cum</strong></span> 
     </span>
    </p>
   </div>
   <div class='ocr_carea' id='block_1_84' title="bbox 2205 2015 3885 2089">
    <p class='ocr_par' dir='ltr' id='par_1_84' title="bbox 2205 2015 3885 2089">
     <span class='ocr_line' id='line_1_86' title="bbox 2205 2015 3885 2089; baseline 0.002 -19"><span class='ocrx_word' id='word_1_606' title='bbox 2205 2017 2393 2087; x_wconf 90' lang='lat' dir='ltr'><strong>prima</strong></span> <span class='ocrx_word' id='word_1_607' title='bbox 2420 2021 2477 2070; x_wconf 89' lang='lat' dir='ltr'><strong>et</strong></span> <span class='ocrx_word' id='word_1_608' title='bbox 2501 2021 2754 2071; x_wconf 87' lang='lat' dir='ltr'><strong>extrema</strong></span> <span class='ocrx_word' id='word_1_609' title='bbox 2786 2035 2801 2083; x_wconf 85' lang='lat'><strong>;</strong></span> <span class='ocrx_word' id='word_1_610' title='bbox 2839 2015 2938 2086; x_wconf 90' lang='lat' dir='ltr'><strong>qui</strong></span> <span class='ocrx_word' id='word_1_611' title='bbox 2969 2021 3162 2070; x_wconf 88' lang='lat' dir='ltr'><strong>autem</strong></span> <span class='ocrx_word' id='word_1_612' title='bbox 3187 2033 3303 2070; x_wconf 92' lang='lat' dir='ltr'><strong>non</strong></span> <span class='ocrx_word' id='word_1_613' title='bbox 3327 2024 3587 2089; x_wconf 90' lang='lat' dir='ltr'><strong>possunt,</strong></span> <span class='ocrx_word' id='word_1_614' title='bbox 3638 2025 3742 2076; x_wconf 89' lang='lat' dir='ltr'><strong>aut</strong></span> <span class='ocrx_word' id='word_1_615' title='bbox 3765 2037 3885 2075; x_wconf 90' lang='lat' dir='ltr'><strong>cum</strong></span> 
     </span>
    </p>
   </div>
   <div class='ocr_carea' id='block_1_85' title="bbox 2203 2105 3896 2175">
    <p class='ocr_par' dir='ltr' id='par_1_85' title="bbox 2203 2105 3896 2175">
     <span class='ocr_line' id='line_1_87' title="bbox 2203 2105 3896 2175; baseline 0.003 -17"><span class='ocrx_word' id='word_1_616' title='bbox 2203 2105 2390 2175; x_wconf 90' lang='lat' dir='ltr'><strong>prima</strong></span> <span class='ocrx_word' id='word_1_617' title='bbox 2418 2111 2664 2172; x_wconf 86' lang='lat' dir='ltr'><strong>tantum,</strong></span> <span class='ocrx_word' id='word_1_618' title='bbox 2697 2110 2794 2158; x_wconf 90' lang='lat' dir='ltr'><strong>aut</strong></span> <span class='ocrx_word' id='word_1_619' title='bbox 2825 2120 2955 2158; x_wconf 90' lang='lat' dir='ltr'><strong>cum</strong></span> <span class='ocrx_word' id='word_1_620' title='bbox 2983 2109 3255 2172; x_wconf 84' lang='lat' dir='ltr'><strong>extrema,</strong></span> <span class='ocrx_word' id='word_1_621' title='bbox 3285 2111 3535 2161; x_wconf 89' lang='lat' dir='ltr'><strong>autcum</strong></span> <span class='ocrx_word' id='word_1_622' title='bbox 3563 2115 3795 2164; x_wconf 91' lang='lat' dir='ltr'><strong>neutra.</strong></span> <span class='ocrx_word' id='word_1_623' title='bbox 3829 2111 3896 2163; x_wconf 90' lang='lat' dir='ltr'><strong>D.</strong></span> 
     </span>
    </p>
   </div>
   <div class='ocr_carea' id='block_1_86' title="bbox 2207 2193 3896 2265">
    <p class='ocr_par' dir='ltr' id='par_1_86' title="bbox 2207 2193 3896 2265">
     <span class='ocr_line' id='line_1_88' title="bbox 2207 2193 3896 2265; baseline 0.002 -19"><span class='ocrx_word' id='word_1_624' title='bbox 2207 2194 2272 2246; x_wconf 92' lang='lat' dir='ltr'><strong>Et</strong></span> <span class='ocrx_word' id='word_1_625' title='bbox 2299 2194 2406 2247; x_wconf 91' lang='lat' dir='ltr'><strong>hoc</strong></span> <span class='ocrx_word' id='word_1_626' title='bbox 2433 2209 2595 2264; x_wconf 66' lang='lat' dir='ltr'><strong>asque</strong></span> <span class='ocrx_word' id='word_1_627' title='bbox 2615 2193 2749 2258; x_wconf 92' lang='lat' dir='ltr'><strong>scio,</strong></span> <span class='ocrx_word' id='word_1_628' title='bbox 2787 2197 2843 2247; x_wconf 94' lang='lat' dir='ltr'><strong>et</strong></span> <span class='ocrx_word' id='word_1_629' title='bbox 2871 2209 2985 2264; x_wconf 90' lang='lat' dir='ltr'><strong>quo</strong></span> <span class='ocrx_word' id='word_1_630' title='bbox 3017 2193 3210 2248; x_wconf 87' lang='lat' dir='ltr'><strong>tendat</strong></span> <span class='ocrx_word' id='word_1_631' title='bbox 3234 2199 3490 2265; x_wconf 87' lang='lat' dir='ltr'><strong>expecto.</strong></span> <span class='ocrx_word' id='word_1_632' title='bbox 3511 2198 3600 2250; x_wconf 94' lang='grc' dir='ltr'><strong>Μ.</strong></span> <span class='ocrx_word' id='word_1_633' title='bbox 3633 2198 3758 2262; x_wconf 86' lang='lat' dir='ltr'><strong>Quo</strong></span> <span class='ocrx_word' id='word_1_634' title='bbox 3780 2203 3896 2252; x_wconf 90' lang='lat' dir='ltr'><strong>tan-</strong></span> 
     </span>
    </p>
   </div>
   <div class='ocr_carea' id='block_1_87' title="bbox 2206 2280 3897 2352">
    <p class='ocr_par' dir='ltr' id='par_1_87' title="bbox 2206 2280 3897 2352">
     <span class='ocr_line' id='line_1_89' title="bbox 2206 2280 3897 2352; baseline 0.002 -16"><span class='ocrx_word' id='word_1_635' title='bbox 2206 2281 2337 2336; x_wconf 90' lang='lat' dir='ltr'><strong>dem</strong></span> <span class='ocrx_word' id='word_1_636' title='bbox 2367 2287 2551 2352; x_wconf 90' lang='lat' dir='ltr'><strong>putas,</strong></span> <span class='ocrx_word' id='word_1_637' title='bbox 2576 2282 2687 2335; x_wconf 91' lang='lat' dir='ltr'><strong>nisi</strong></span> <span class='ocrx_word' id='word_1_638' title='bbox 2709 2287 2772 2336; x_wconf 89' lang='lat' dir='ltr'><strong>ut</strong></span> <span class='ocrx_word' id='word_1_639' title='bbox 2795 2281 2985 2335; x_wconf 89' lang='lat' dir='ltr'><strong>videas</strong></span> <span class='ocrx_word' id='word_1_640' title='bbox 3012 2280 3266 2335; x_wconf 91' lang='lat' dir='ltr'><strong>iambum</strong></span> <span class='ocrx_word' id='word_1_641' title='bbox 3288 2287 3416 2352; x_wconf 90' lang='lat' dir='ltr'><strong>post</strong></span> <span class='ocrx_word' id='word_1_642' title='bbox 3437 2283 3764 2339; x_wconf 88' lang='lat' dir='ltr'><strong>dichorium</strong></span> <span class='ocrx_word' id='word_1_643' title='bbox 3783 2285 3897 2340; x_wconf 88' lang='lat' dir='ltr'><strong>ideo</strong></span> 
     </span>
    </p>
   </div>
   <div class='ocr_carea' id='block_1_88' title="bbox 2204 2369 3899 2442">
    <p class='ocr_par' dir='ltr' id='par_1_88' title="bbox 2204 2369 3899 2442">
     <span class='ocr_line' id='line_1_90' title="bbox 2204 2369 3899 2442; baseline 0.003 -18"><span class='ocrx_word' id='word_1_644' title='bbox 2204 2371 2353 2424; x_wconf 88' lang='lat' dir='ltr'><strong>male</strong></span> <span class='ocrx_word' id='word_1_645' title='bbox 2379 2371 2520 2441; x_wconf 90' lang='lat' dir='ltr'><strong>poni</strong></span> <span class='ocrx_word' id='word_1_646' title='bbox 2548 2386 2679 2424; x_wconf 92' lang='lat' dir='ltr'><strong>cum</strong></span> <span class='ocrx_word' id='word_1_647' title='bbox 2708 2370 2956 2435; x_wconf 91' lang='lat' dir='ltr'><strong>silentio,</strong></span> <span class='ocrx_word' id='word_1_648' title='bbox 2994 2369 3127 2440; x_wconf 88' lang='lat' dir='ltr'><strong>quia</strong></span> <span class='ocrx_word' id='word_1_649' title='bbox 3162 2370 3420 2425; x_wconf 89' lang='lat' dir='ltr'><strong>medium</strong></span> <span class='ocrx_word' id='word_1_650' title='bbox 3469 2373 3592 2442; x_wconf 85' lang='lat' dir='ltr'><strong>ejus</strong></span> <span class='ocrx_word' id='word_1_651' title='bbox 3639 2379 3746 2440; x_wconf 90' lang='lat' dir='ltr'><strong>est,</strong></span> <span class='ocrx_word' id='word_1_652' title='bbox 3802 2391 3899 2428; x_wconf 91' lang='lat' dir='ltr'><strong>nec</strong></span> 
     </span>
    </p>
   </div>
   <div class='ocr_carea' id='block_1_89' title="bbox 2204 2458 3896 2528">
    <p class='ocr_par' dir='ltr' id='par_1_89' title="bbox 2204 2458 3896 2528">
     <span class='ocr_line' id='line_1_91' title="bbox 2204 2458 3896 2528; baseline 0.004 -18"><span class='ocrx_word' id='word_1_653' title='bbox 2204 2458 2406 2528; x_wconf 70' lang='lat' dir='ltr'><strong>primae</strong></span> <span class='ocrx_word' id='word_1_654' title='bbox 2436 2458 2587 2528; x_wconf 87' lang='lat' dir='ltr'><strong>parti</strong></span> <span class='ocrx_word' id='word_1_655' title='bbox 2635 2460 2852 2528; x_wconf 65' lang='lat' dir='ltr'><strong>aequale</strong></span> <span class='ocrx_word' id='word_1_656' title='bbox 2882 2473 2986 2511; x_wconf 92' lang='lat' dir='ltr'><strong>nec</strong></span> <span class='ocrx_word' id='word_1_657' title='bbox 3016 2463 3306 2525; x_wconf 74' lang='lat' dir='ltr'><strong>extremae,</strong></span> <span class='ocrx_word' id='word_1_658' title='bbox 3367 2463 3423 2512; x_wconf 89' lang='lat' dir='ltr'><strong>et</strong></span> <span class='ocrx_word' id='word_1_659' title='bbox 3450 2459 3664 2514; x_wconf 91' lang='lat' dir='ltr'><strong>idcirco</strong></span> <span class='ocrx_word' id='word_1_660' title='bbox 3696 2479 3728 2515; x_wconf 90' lang='lat' dir='ltr'><strong>a</strong></span> <span class='ocrx_word' id='word_1_661' title='bbox 3756 2462 3896 2516; x_wconf 88' lang='lat' dir='ltr'><strong>leva-</strong></span> 
     </span>
    </p>
   </div>
   <div class='ocr_carea' id='block_1_90' title="bbox 2203 2545 3897 2620">
    <p class='ocr_par' dir='ltr' id='par_1_90' title="bbox 2203 2545 3897 2620">
     <span class='ocr_line' id='line_1_92' title="bbox 2203 2545 3897 2620; baseline 0.003 -20"><span class='ocrx_word' id='word_1_662' title='bbox 2203 2548 2358 2601; x_wconf 91' lang='lat' dir='ltr'><strong>tione</strong></span> <span class='ocrx_word' id='word_1_663' title='bbox 2407 2562 2470 2600; x_wconf 93' lang='lat' dir='ltr'><strong>ac</strong></span> <span class='ocrx_word' id='word_1_664' title='bbox 2516 2547 2797 2617; x_wconf 87' lang='lat' dir='ltr'><strong>positione</strong></span> <span class='ocrx_word' id='word_1_665' title='bbox 2825 2545 3126 2606; x_wconf 61' lang='lat' dir='ltr'><strong>§discordat</strong></span> <span class='ocrx_word' id='word_1_666' title='bbox 3145 2548 3173 2600; x_wconf 86' lang='lat'><strong><em>?</em></strong></span> <span class='ocrx_word' id='word_1_667' title='bbox 3203 2548 3319 2600; x_wconf 90' lang='lat' dir='ltr'><strong>Hoc</strong></span> <span class='ocrx_word' id='word_1_668' title='bbox 3348 2547 3517 2601; x_wconf 89' lang='lat' dir='ltr'><strong>etiam</strong></span> <span class='ocrx_word' id='word_1_669' title='bbox 3548 2548 3618 2602; x_wconf 91' lang='lat' dir='ltr'><strong>de</strong></span> <span class='ocrx_word' id='word_1_670' title='bbox 3653 2552 3897 2620; x_wconf 91' lang='lat' dir='ltr'><strong>spondeo</strong></span> 
     </span>
    </p>
   </div>
   <div class='ocr_carea' id='block_1_91' title="bbox 2203 2632 3904 2705">
    <p class='ocr_par' dir='ltr' id='par_1_91' title="bbox 2203 2632 3904 2705">
     <span class='ocr_line' id='line_1_93' title="bbox 2203 2632 3904 2705; baseline 0.001 -17"><span class='ocrx_word' id='word_1_671' title='bbox 2203 2634 2565 2704; x_wconf 83' lang='lat' dir='ltr'><strong>intelligitur,</strong></span> <span class='ocrx_word' id='word_1_672' title='bbox 2600 2634 2699 2704; x_wconf 90' lang='lat' dir='ltr'><strong>qui</strong></span> <span class='ocrx_word' id='word_1_673' title='bbox 2727 2632 2992 2687; x_wconf 89' lang='lat' dir='ltr'><strong>similiter</strong></span> <span class='ocrx_word' id='word_1_674' title='bbox 3021 2639 3148 2705; x_wconf 91' lang='lat' dir='ltr'><strong>post</strong></span> <span class='ocrx_word' id='word_1_675' title='bbox 3175 2634 3554 2703; x_wconf 86' lang='lat' dir='ltr'><strong>antispastum</strong></span> <span class='ocrx_word' id='word_1_676' title='bbox 3580 2651 3716 2690; x_wconf 91' lang='lat' dir='ltr'><strong>cum</strong></span> <span class='ocrx_word' id='word_1_677' title='bbox 3750 2637 3904 2689; x_wconf 88' lang='lat' dir='ltr'><strong>silen-</strong></span> 
     </span>
    </p>
   </div>
   <div class='ocr_carea' id='block_1_92' title="bbox 2203 2722 3904 2793">
    <p class='ocr_par' dir='ltr' id='par_1_92' title="bbox 2203 2722 3904 2793">
     <span class='ocr_line' id='line_1_94' title="bbox 2203 2722 3904 2793; baseline 0.001 -17"><span class='ocrx_word' id='word_1_678' title='bbox 2203 2724 2284 2777; x_wconf 93' lang='lat' dir='ltr'><strong>tio</strong></span> <span class='ocrx_word' id='word_1_679' title='bbox 2317 2739 2430 2776; x_wconf 91' lang='lat' dir='ltr'><strong>non</strong></span> <span class='ocrx_word' id='word_1_680' title='bbox 2462 2726 2617 2777; x_wconf 89' lang='lat' dir='ltr'><strong>amat</strong></span> <span class='ocrx_word' id='word_1_681' title='bbox 2643 2722 2800 2792; x_wconf 91' lang='lat' dir='ltr'><strong>poni.</strong></span> <span class='ocrx_word' id='word_1_682' title='bbox 2835 2725 2921 2776; x_wconf 80' lang='lat' dir='ltr'><strong>An</strong></span> <span class='ocrx_word' id='word_1_683' title='bbox 2955 2722 3275 2793; x_wconf 90' lang='lat' dir='ltr'><strong>quidquam</strong></span> <span class='ocrx_word' id='word_1_684' title='bbox 3302 2723 3406 2776; x_wconf 87' lang='lat' dir='ltr'><strong>tibi</strong></span> <span class='ocrx_word' id='word_1_685' title='bbox 3457 2723 3766 2778; x_wconf 82' lang='lat' dir='ltr'><strong>adversum</strong></span> <span class='ocrx_word' id='word_1_686' title='bbox 3805 2726 3904 2778; x_wconf 88' lang='lat' dir='ltr'><strong>ista</strong></span> 
     </span>
    </p>
   </div>
   <div class='ocr_carea' id='block_1_93' title="bbox 2202 2809 3901 2881">
    <p class='ocr_par' dir='ltr' id='par_1_93' title="bbox 2202 2809 3901 2881">
     <span class='ocr_line' id='line_1_95' title="bbox 2202 2809 3901 2881; baseline 0.001 -16"><span class='ocrx_word' id='word_1_687' title='bbox 2202 2811 2505 2865; x_wconf 90' lang='lat' dir='ltr'><strong>dicendum</strong></span> <span class='ocrx_word' id='word_1_688' title='bbox 2530 2809 2656 2865; x_wconf 88' lang='lat' dir='ltr'><strong>est?</strong></span> <span class='ocrx_word' id='word_1_689' title='bbox 2679 2811 2751 2864; x_wconf 91' lang='lat' dir='ltr'><strong>D.</strong></span> <span class='ocrx_word' id='word_1_690' title='bbox 2776 2810 2908 2865; x_wconf 85' lang='lat' dir='ltr'><strong>Mihi</strong></span> <span class='ocrx_word' id='word_1_691' title='bbox 2933 2826 3065 2865; x_wconf 88' lang='lat' dir='ltr'><strong>vero</strong></span> <span class='ocrx_word' id='word_1_692' title='bbox 3088 2809 3272 2864; x_wconf 89' lang='lat' dir='ltr'><strong>nihil?</strong></span> <span class='ocrx_word' id='word_1_693' title='bbox 3298 2809 3409 2864; x_wconf 92' lang='lat' dir='ltr'><strong>nisi</strong></span> <span class='ocrx_word' id='word_1_694' title='bbox 3430 2811 3580 2881; x_wconf 88' lang='lat' dir='ltr'><strong>quod</strong></span> <span class='ocrx_word' id='word_1_695' title='bbox 3600 2811 3718 2866; x_wconf 90' lang='lat' dir='ltr'><strong>ista</strong></span> <span class='ocrx_word' id='word_1_696' title='bbox 3738 2813 3901 2867; x_wconf 70' lang='lat' dir='ltr'><strong>offen-</strong></span> 
     </span>
    </p>
   </div>
   <div class='ocr_carea' id='block_1_94' title="bbox 2203 2897 3899 2970">
    <p class='ocr_par' dir='ltr' id='par_1_94' title="bbox 2203 2897 3899 2970">
     <span class='ocr_line' id='line_1_96' title="bbox 2203 2897 3899 2970; baseline 0.001 -17"><span class='ocrx_word' id='word_1_697' title='bbox 2203 2899 2285 2954; x_wconf 90' lang='lat' dir='ltr'><strong>sio</strong></span> <span class='ocrx_word' id='word_1_698' title='bbox 2318 2916 2446 2970; x_wconf 67' lang='lat' dir='ltr'><strong>qum</strong></span> <span class='ocrx_word' id='word_1_699' title='bbox 2472 2900 2539 2954; x_wconf 82' lang='lat' dir='ltr'><strong>ﬁt</strong></span> <span class='ocrx_word' id='word_1_700' title='bbox 2567 2898 2818 2965; x_wconf 89' lang='lat' dir='ltr'><strong>auribus,</strong></span> <span class='ocrx_word' id='word_1_701' title='bbox 2851 2915 2984 2953; x_wconf 93' lang='lat' dir='ltr'><strong>cum</strong></span> <span class='ocrx_word' id='word_1_702' title='bbox 3015 2898 3095 2952; x_wconf 91' lang='lat' dir='ltr'><strong>ita</strong></span> <span class='ocrx_word' id='word_1_703' title='bbox 3121 2897 3183 2952; x_wconf 90' lang='lat' dir='ltr'><strong>hi</strong></span> <span class='ocrx_word' id='word_1_704' title='bbox 3211 2898 3382 2968; x_wconf 91' lang='lat' dir='ltr'><strong>pedes</strong></span> <span class='ocrx_word' id='word_1_705' title='bbox 3436 2900 3818 2968; x_wconf 89' lang='lat' dir='ltr'><strong>collocantur,</strong></span> <span class='ocrx_word' id='word_1_706' title='bbox 3850 2900 3899 2954; x_wconf 92' lang='lat' dir='ltr'><strong>in</strong></span> 
     </span>
    </p>
   </div>
   <div class='ocr_carea' id='block_1_95' title="bbox 2202 2985 3902 3056">
    <p class='ocr_par' dir='ltr' id='par_1_95' title="bbox 2202 2985 3902 3056">
     <span class='ocr_line' id='line_1_97' title="bbox 2202 2985 3902 3056; baseline 0.002 -16"><span class='ocrx_word' id='word_1_707' title='bbox 2202 2987 2625 3056; x_wconf 89' lang='lat' dir='ltr'><strong>comparatione</strong></span> <span class='ocrx_word' id='word_1_708' title='bbox 2656 2985 2718 3039; x_wconf 80' lang='lat' dir='ltr'><strong>ﬁt</strong></span> <span class='ocrx_word' id='word_1_709' title='bbox 2748 2987 2871 3056; x_wconf 85' lang='lat' dir='ltr'><strong>ejus</strong></span> <span class='ocrx_word' id='word_1_710' title='bbox 2931 2985 3244 3051; x_wconf 88' lang='lat' dir='ltr'><strong>suavitatis,</strong></span> <span class='ocrx_word' id='word_1_711' title='bbox 3287 3002 3416 3056; x_wconf 58' lang='lat' dir='ltr'><strong>qua;</strong></span> <span class='ocrx_word' id='word_1_712' title='bbox 3468 2987 3716 3042; x_wconf 88' lang='lat' dir='ltr'><strong>oblectat</strong></span> <span class='ocrx_word' id='word_1_713' title='bbox 3755 2989 3902 3043; x_wconf 81' lang='lat' dir='ltr'><strong>audi-</strong></span> 
     </span>
    </p>
   </div>
   <div class='ocr_carea' id='block_1_96' title="bbox 2203 3075 3902 3144">
    <p class='ocr_par' dir='ltr' id='par_1_96' title="bbox 2203 3075 3902 3144">
     <span class='ocr_line' id='line_1_98' title="bbox 2203 3075 3902 3144; baseline 0.002 -16"><span class='ocrx_word' id='word_1_714' title='bbox 2203 3079 2346 3140; x_wconf 89' lang='lat' dir='ltr'><strong>tum,</strong></span> <span class='ocrx_word' id='word_1_715' title='bbox 2377 3091 2506 3128; x_wconf 91' lang='lat' dir='ltr'><strong>cum</strong></span> <span class='ocrx_word' id='word_1_716' title='bbox 2534 3080 2660 3144; x_wconf 89' lang='lat' dir='ltr'><strong>post</strong></span> <span class='ocrx_word' id='word_1_717' title='bbox 2687 3078 2924 3127; x_wconf 74' lang='lat' dir='ltr'><strong>caeteros</strong></span> <span class='ocrx_word' id='word_1_718' title='bbox 2963 3089 3165 3126; x_wconf 89' lang='lat' dir='ltr'><strong>senum</strong></span> <span class='ocrx_word' id='word_1_719' title='bbox 3209 3077 3535 3144; x_wconf 91' lang='lat' dir='ltr'><strong>temporum</strong></span> <span class='ocrx_word' id='word_1_720' title='bbox 3562 3075 3624 3128; x_wconf 93' lang='lat' dir='ltr'><strong>hi</strong></span> <span class='ocrx_word' id='word_1_721' title='bbox 3659 3093 3793 3131; x_wconf 89' lang='lat' dir='ltr'><strong>cum</strong></span> <span class='ocrx_word' id='word_1_722' title='bbox 3830 3076 3902 3131; x_wconf 90' lang='lat' dir='ltr'><strong>si-</strong></span> 
     </span>
    </p>
   </div>
   <div class='ocr_carea' id='block_1_97' title="bbox 2203 3161 3902 3232">
    <p class='ocr_par' dir='ltr' id='par_1_97' title="bbox 2203 3161 3902 3232">
     <span class='ocr_line' id='line_1_99' title="bbox 2203 3161 3902 3232; baseline 0.003 -18"><span class='ocrx_word' id='word_1_723' title='bbox 2203 3162 2382 3216; x_wconf 89' lang='lat' dir='ltr'><strong>lentio</strong></span> <span class='ocrx_word' id='word_1_724' title='bbox 2410 3167 2704 3232; x_wconf 84' lang='lat' dir='ltr'><strong>ponuntur</strong></span> <span class='ocrx_word' id='word_1_725' title='bbox 2731 3162 2920 3232; x_wconf 90' lang='lat' dir='ltr'><strong>pedes.</strong></span> <span class='ocrx_word' id='word_1_726' title='bbox 2953 3162 3092 3215; x_wconf 88' lang='lat' dir='ltr'><strong>Nam</strong></span> <span class='ocrx_word' id='word_1_727' title='bbox 3136 3161 3184 3214; x_wconf 93' lang='lat' dir='ltr'><strong>si</strong></span> <span class='ocrx_word' id='word_1_728' title='bbox 3208 3161 3335 3215; x_wconf 90' lang='lat' dir='ltr'><strong>aliis</strong></span> <span class='ocrx_word' id='word_1_729' title='bbox 3358 3163 3544 3216; x_wconf 89' lang='lat' dir='ltr'><strong>tacitis</strong></span> <span class='ocrx_word' id='word_1_730' title='bbox 3574 3179 3671 3218; x_wconf 88' lang='lat' dir='ltr'><strong>me</strong></span> <span class='ocrx_word' id='word_1_731' title='bbox 3695 3181 3902 3218; x_wconf 88' lang='lat' dir='ltr'><strong>consu-</strong></span> 
     </span>
    </p>
   </div>
   <div class='ocr_carea' id='block_1_98' title="bbox 2201 3249 3904 3324">
    <p class='ocr_par' dir='ltr' id='par_1_98' title="bbox 2201 3249 3904 3324">
     <span class='ocr_line' id='line_1_100' title="bbox 2201 3249 3904 3324; baseline 0.002 -21"><span class='ocrx_word' id='word_1_732' title='bbox 2201 3249 2349 3303; x_wconf 91' lang='lat' dir='ltr'><strong>leres</strong></span> <span class='ocrx_word' id='word_1_733' title='bbox 2401 3249 2885 3320; x_wconf 89' lang='lat' dir='ltr'><strong>quemadmodum</strong></span> <span class='ocrx_word' id='word_1_734' title='bbox 2935 3254 3225 3318; x_wconf 90' lang='lat' dir='ltr'><strong>sonarent,</strong></span> <span class='ocrx_word' id='word_1_735' title='bbox 3291 3250 3566 3320; x_wconf 82' lang='lat' dir='ltr'><strong>exemplis</strong></span> <span class='ocrx_word' id='word_1_736' title='bbox 3613 3252 3904 3324; x_wconf 88' lang='lat' dir='ltr'><strong>subjectis,</strong></span> 
     </span>
    </p>
   </div>
   <div class='ocr_carea' id='block_1_99' title="bbox 2204 3336 3903 3412">
    <p class='ocr_par' dir='ltr' id='par_1_99' title="bbox 2204 3336 3903 3412">
     <span class='ocr_line' id='line_1_101' title="bbox 2204 3336 3903 3412; baseline 0.003 -22"><span class='ocrx_word' id='word_1_737' title='bbox 2204 3342 2304 3390; x_wconf 92' lang='lat' dir='ltr'><strong>aut</strong></span> <span class='ocrx_word' id='word_1_738' title='bbox 2330 3342 2458 3408; x_wconf 91' lang='lat' dir='ltr'><strong>post</strong></span> <span class='ocrx_word' id='word_1_739' title='bbox 2479 3337 2801 3391; x_wconf 89' lang='lat' dir='ltr'><strong>dichorium</strong></span> <span class='ocrx_word' id='word_1_740' title='bbox 2823 3336 3067 3402; x_wconf 89' lang='lat' dir='ltr'><strong>iambus,</strong></span> <span class='ocrx_word' id='word_1_741' title='bbox 3083 3342 3182 3390; x_wconf 88' lang='lat' dir='ltr'><strong>aut</strong></span> <span class='ocrx_word' id='word_1_742' title='bbox 3201 3343 3326 3408; x_wconf 90' lang='lat' dir='ltr'><strong>post</strong></span> <span class='ocrx_word' id='word_1_743' title='bbox 3345 3339 3727 3409; x_wconf 89' lang='lat' dir='ltr'><strong>antispastum</strong></span> <span class='ocrx_word' id='word_1_744' title='bbox 3744 3357 3903 3412; x_wconf 86' lang='lat' dir='ltr'><strong>spon-</strong></span> 
     </span>
    </p>
   </div>
   <div class='ocr_carea' id='block_1_100' title="bbox 2203 3424 3900 3497">
    <p class='ocr_par' dir='ltr' id='par_1_100' title="bbox 2203 3424 3900 3497">
     <span class='ocr_line' id='line_1_102' title="bbox 2203 3424 3900 3497; baseline 0.003 -18"><span class='ocrx_word' id='word_1_745' title='bbox 2203 3424 2361 3488; x_wconf 89' lang='lat' dir='ltr'><strong>deus,</strong></span> <span class='ocrx_word' id='word_1_746' title='bbox 2397 3424 2784 3479; x_wconf 44' lang='lat' dir='ltr'><strong>cumtsilentio</strong></span> <span class='ocrx_word' id='word_1_747' title='bbox 2839 3424 3055 3494; x_wconf 90' lang='lat' dir='ltr'><strong>positi;</strong></span> <span class='ocrx_word' id='word_1_748' title='bbox 3087 3425 3271 3479; x_wconf 90' lang='lat' dir='ltr'><strong>dicam</strong></span> <span class='ocrx_word' id='word_1_749' title='bbox 3315 3428 3471 3496; x_wconf 91' lang='lat' dir='ltr'><strong>quod</strong></span> <span class='ocrx_word' id='word_1_750' title='bbox 3529 3429 3737 3497; x_wconf 87' lang='lat' dir='ltr'><strong>sentio,</strong></span> <span class='ocrx_word' id='word_1_751' title='bbox 3792 3431 3900 3484; x_wconf 79' lang='lat' dir='ltr'><strong>for-</strong></span> 
     </span>
    </p>
   </div>
   <div class='ocr_carea' id='block_1_101' title="bbox 2200 3513 3898 3588">
    <p class='ocr_par' dir='ltr' id='par_1_101' title="bbox 2200 3513 3898 3588">
     <span class='ocr_line' id='line_1_103' title="bbox 2200 3513 3898 3588; baseline 0.002 -20"><span class='ocrx_word' id='word_1_752' title='bbox 2200 3517 2346 3568; x_wconf 87' lang='lat' dir='ltr'><strong>tasse</strong></span> <span class='ocrx_word' id='word_1_753' title='bbox 2405 3513 2784 3584; x_wconf 87' lang='lat' dir='ltr'><strong>approbarem</strong></span> <span class='ocrx_word' id='word_1_754' title='bbox 2839 3518 2896 3566; x_wconf 90' lang='lat' dir='ltr'><strong>et</strong></span> <span class='ocrx_word' id='word_1_755' title='bbox 2949 3513 3265 3569; x_wconf 89' lang='lat' dir='ltr'><strong>laudarem.</strong></span> <span class='ocrx_word' id='word_1_756' title='bbox 3326 3516 3412 3570; x_wconf 88' lang='grc' dir='ltr'><strong>Μ.</strong></span> <span class='ocrx_word' id='word_1_757' title='bbox 3455 3516 3580 3570; x_wconf 84' lang='lat' dir='ltr'><strong>Non</strong></span> <span class='ocrx_word' id='word_1_758' title='bbox 3632 3518 3898 3588; x_wconf 87' lang='lat' dir='ltr'><strong>equidem</strong></span> 
     </span>
    </p>
   </div>
   <div class='ocr_carea' id='block_1_102' title="bbox 2202 3601 3899 3672">
    <p class='ocr_par' dir='ltr' id='par_1_102' title="bbox 2202 3601 3899 3672">
     <span class='ocr_line' id='line_1_104' title="bbox 2202 3601 3899 3672; baseline 0.004 -18"><span class='ocrx_word' id='word_1_759' title='bbox 2202 3601 2402 3656; x_wconf 83' lang='lat' dir='ltr'><strong>resisto</strong></span> <span class='ocrx_word' id='word_1_760' title='bbox 2431 3601 2553 3655; x_wconf 93' lang='lat' dir='ltr'><strong>tibi.</strong></span> <span class='ocrx_word' id='word_1_761' title='bbox 2587 3601 2729 3656; x_wconf 89' lang='lat' dir='ltr'><strong>Satis</strong></span> <span class='ocrx_word' id='word_1_762' title='bbox 2754 3606 2838 3655; x_wconf 88' lang='lat' dir='ltr'><strong>est</strong></span> <span class='ocrx_word' id='word_1_763' title='bbox 2870 3601 3013 3654; x_wconf 87' lang='lat' dir='ltr'><strong>mihi</strong></span> <span class='ocrx_word' id='word_1_764' title='bbox 3039 3606 3251 3668; x_wconf 91' lang='lat' dir='ltr'><strong>tamen,</strong></span> <span class='ocrx_word' id='word_1_765' title='bbox 3285 3603 3438 3672; x_wconf 88' lang='lat' dir='ltr'><strong>quod</strong></span> <span class='ocrx_word' id='word_1_766' title='bbox 3455 3604 3577 3658; x_wconf 64' lang='lat' dir='ltr'><strong>haec</strong></span> <span class='ocrx_word' id='word_1_767' title='bbox 3605 3606 3899 3660; x_wconf 90' lang='lat' dir='ltr'><strong>collocatio</strong></span> 
     </span>
    </p>
   </div>
   <div class='ocr_carea' id='block_1_103' title="bbox 2199 3689 3898 3761">
    <p class='ocr_par' dir='ltr' id='par_1_103' title="bbox 2199 3689 3898 3761">
     <span class='ocr_line' id='line_1_105' title="bbox 2199 3689 3898 3761; baseline 0.004 -18"><span class='ocrx_word' id='word_1_768' title='bbox 2199 3689 2262 3744; x_wconf 92' lang='lat' dir='ltr'><strong>in</strong></span> <span class='ocrx_word' id='word_1_769' title='bbox 2291 3690 2717 3761; x_wconf 86' lang='lat' dir='ltr'><strong>comparatione</strong></span> <span class='ocrx_word' id='word_1_770' title='bbox 2742 3690 2942 3744; x_wconf 88' lang='lat' dir='ltr'><strong>talium</strong></span> <span class='ocrx_word' id='word_1_771' title='bbox 2976 3707 3371 3758; x_wconf 89' lang='lat' dir='ltr'><strong>numerorum,</strong></span> <span class='ocrx_word' id='word_1_772' title='bbox 3422 3693 3520 3748; x_wconf 93' lang='lat' dir='ltr'><strong>sed</strong></span> <span class='ocrx_word' id='word_1_773' title='bbox 3575 3695 3784 3749; x_wconf 89' lang='lat' dir='ltr'><strong>melius</strong></span> <span class='ocrx_word' id='word_1_774' title='bbox 3814 3713 3898 3750; x_wconf 90' lang='lat' dir='ltr'><strong>so-</strong></span> 
     </span>
    </p>
   </div>
   <div class='ocr_carea' id='block_1_104' title="bbox 2199 3778 3896 3855">
    <p class='ocr_par' dir='ltr' id='par_1_104' title="bbox 2199 3778 3896 3855">
     <span class='ocr_line' id='line_1_106' title="bbox 2199 3778 3896 3855; baseline 0.004 -23"><span class='ocrx_word' id='word_1_775' title='bbox 2199 3779 2484 3838; x_wconf 88' lang='lat' dir='ltr'><strong>nantium,</strong></span> <span class='ocrx_word' id='word_1_776' title='bbox 2519 3778 2664 3832; x_wconf 90' lang='lat' dir='ltr'><strong>sicut</strong></span> <span class='ocrx_word' id='word_1_777' title='bbox 2692 3778 2854 3844; x_wconf 89' lang='lat' dir='ltr'><strong>dicis,</strong></span> <span class='ocrx_word' id='word_1_778' title='bbox 2912 3779 3152 3834; x_wconf 81' lang='lat' dir='ltr'><strong>offendit</strong></span> <span class='ocrx_word' id='word_1_779' title='bbox 3184 3795 3196 3833; x_wconf 93' lang='lat'>:</span> <span class='ocrx_word' id='word_1_780' title='bbox 3231 3796 3297 3834; x_wconf 90' lang='lat' dir='ltr'><strong>eo</strong></span> <span class='ocrx_word' id='word_1_781' title='bbox 3341 3780 3495 3835; x_wconf 91' lang='lat' dir='ltr'><strong>enim</strong></span> <span class='ocrx_word' id='word_1_782' title='bbox 3548 3789 3632 3837; x_wconf 91' lang='lat' dir='ltr'><strong>est</strong></span> <span class='ocrx_word' id='word_1_783' title='bbox 3681 3783 3896 3855; x_wconf 89' lang='lat' dir='ltr'><strong>impro-</strong></span> 
     </span>
    </p>
   </div>
   <div class='ocr_carea' id='block_1_105' title="bbox 2199 3867 3898 3943">
    <p class='ocr_par' dir='ltr' id='par_1_105' title="bbox 2199 3867 3898 3943">
     <span class='ocr_line' id='line_1_107' title="bbox 2199 3867 3898 3943; baseline 0.003 -22"><span class='ocrx_word' id='word_1_784' title='bbox 2199 3868 2408 3934; x_wconf 88' lang='lat' dir='ltr'><strong>banda,</strong></span> <span class='ocrx_word' id='word_1_785' title='bbox 2443 3867 2594 3938; x_wconf 93' lang='lat' dir='ltr'><strong>quod</strong></span> <span class='ocrx_word' id='word_1_786' title='bbox 2625 3883 2756 3921; x_wconf 92' lang='lat' dir='ltr'><strong>cum</strong></span> <span class='ocrx_word' id='word_1_787' title='bbox 2787 3867 3045 3938; x_wconf 90' lang='lat' dir='ltr'><strong>ejusdem</strong></span> <span class='ocrx_word' id='word_1_788' title='bbox 3081 3868 3308 3939; x_wconf 88' lang='lat' dir='ltr'><strong>generis</strong></span> <span class='ocrx_word' id='word_1_789' title='bbox 3347 3869 3522 3923; x_wconf 91' lang='lat' dir='ltr'><strong>etiam</strong></span> <span class='ocrx_word' id='word_1_790' title='bbox 3552 3869 3635 3924; x_wconf 91' lang='lat' dir='ltr'><strong>illi</strong></span> <span class='ocrx_word' id='word_1_791' title='bbox 3663 3871 3779 3926; x_wconf 89' lang='lat' dir='ltr'><strong>sint</strong></span> <span class='ocrx_word' id='word_1_792' title='bbox 3806 3889 3898 3943; x_wconf 84' lang='lat' dir='ltr'><strong>pe-</strong></span> 
     </span>
    </p>
   </div>
   <div class='ocr_carea' id='block_1_106' title="bbox 2199 3954 3899 4026">
    <p class='ocr_par' dir='ltr' id='par_1_106' title="bbox 2199 3954 3899 4026">
     <span class='ocr_line' id='line_1_108' title="bbox 2199 3954 3899 4026; baseline 0.004 -17"><span class='ocrx_word' id='word_1_793' title='bbox 2199 3954 2316 4013; x_wconf 87' lang='lat' dir='ltr'><strong>des,</strong></span> <span class='ocrx_word' id='word_1_794' title='bbox 2347 3971 2488 4026; x_wconf 91' lang='lat' dir='ltr'><strong>quos</strong></span> <span class='ocrx_word' id='word_1_795' title='bbox 2513 3954 2600 4008; x_wconf 90' lang='lat' dir='ltr'><strong>his</strong></span> <span class='ocrx_word' id='word_1_796' title='bbox 2627 3955 3008 4025; x_wconf 90' lang='lat' dir='ltr'><strong>semipedibus</strong></span> <span class='ocrx_word' id='word_1_797' title='bbox 3049 3957 3268 4010; x_wconf 89' lang='lat' dir='ltr'><strong>clausos</strong></span> <span class='ocrx_word' id='word_1_798' title='bbox 3310 3956 3424 4010; x_wconf 86' lang='lat' dir='ltr'><strong>labi</strong></span> <span class='ocrx_word' id='word_1_799' title='bbox 3441 3958 3757 4026; x_wconf 85' lang='lat' dir='ltr'><strong>jucundius</strong></span> <span class='ocrx_word' id='word_1_800' title='bbox 3777 3977 3899 4015; x_wconf 87' lang='lat' dir='ltr'><strong>con-</strong></span> 
     </span>
    </p>
   </div>
   <div class='ocr_carea' id='block_1_107' title="bbox 2198 4042 3899 4112">
    <p class='ocr_par' dir='ltr' id='par_1_107' title="bbox 2198 4042 3899 4112">
     <span class='ocr_line' id='line_1_109' title="bbox 2198 4042 3899 4112; baseline 0.005 -17"><span class='ocrx_word' id='word_1_801' title='bbox 2198 4043 2449 4108; x_wconf 84' lang='lat' dir='ltr'><strong>ﬁtemur,</strong></span> <span class='ocrx_word' id='word_1_802' title='bbox 2480 4042 2552 4096; x_wconf 93' lang='lat' dir='ltr'><strong>ab</strong></span> <span class='ocrx_word' id='word_1_803' title='bbox 2584 4042 2655 4096; x_wconf 89' lang='lat' dir='ltr'><strong>iis</strong></span> <span class='ocrx_word' id='word_1_804' title='bbox 2679 4043 2999 4112; x_wconf 83' lang='lat' dir='ltr'><strong>discrepare</strong></span> <span class='ocrx_word' id='word_1_805' title='bbox 3028 4059 3145 4097; x_wconf 90' lang='lat' dir='ltr'><strong>non</strong></span> <span class='ocrx_word' id='word_1_806' title='bbox 3177 4043 3391 4098; x_wconf 91' lang='lat' dir='ltr'><strong>debuit.</strong></span> <span class='ocrx_word' id='word_1_807' title='bbox 3427 4045 3535 4100; x_wconf 91' lang='lat' dir='ltr'><strong>Sed</strong></span> <span class='ocrx_word' id='word_1_808' title='bbox 3565 4063 3759 4102; x_wconf 90' lang='lat' dir='ltr'><strong>nonne</strong></span> <span class='ocrx_word' id='word_1_809' title='bbox 3799 4049 3899 4103; x_wconf 85' lang='lat' dir='ltr'><strong>tibi</strong></span> 
     </span>
    </p>
   </div>
   <div class='ocr_carea' id='block_1_108' title="bbox 2197 4131 3900 4206">
    <p class='ocr_par' dir='ltr' id='par_1_108' title="bbox 2197 4131 3900 4206">
     <span class='ocr_line' id='line_1_110' title="bbox 2197 4131 3900 4206; baseline 0.004 -22"><span class='ocrx_word' id='word_1_810' title='bbox 2197 4131 2424 4185; x_wconf 85' lang='lat' dir='ltr'><strong>videtur</strong></span> <span class='ocrx_word' id='word_1_811' title='bbox 2453 4131 2766 4185; x_wconf 89' lang='lat' dir='ltr'><strong>secundum</strong></span> <span class='ocrx_word' id='word_1_812' title='bbox 2790 4131 2957 4186; x_wconf 88' lang='lat' dir='ltr'><strong>istam</strong></span> <span class='ocrx_word' id='word_1_813' title='bbox 2986 4131 3289 4200; x_wconf 87' lang='lat' dir='ltr'><strong>rationem,</strong></span> <span class='ocrx_word' id='word_1_814' title='bbox 3315 4149 3419 4187; x_wconf 88' lang='lat' dir='ltr'><strong>nec</strong></span> <span class='ocrx_word' id='word_1_815' title='bbox 3449 4141 3577 4205; x_wconf 81' lang='lat' dir='ltr'><strong>post</strong></span> <span class='ocrx_word' id='word_1_816' title='bbox 3607 4136 3900 4206; x_wconf 90' lang='lat' dir='ltr'><strong>epitritum</strong></span> 
     </span>
    </p>
   </div>
   <div class='ocr_carea' id='block_1_109' title="bbox 2200 4219 3898 4292">
    <p class='ocr_par' dir='ltr' id='par_1_109' title="bbox 2200 4219 3898 4292">
     <span class='ocr_line' id='line_1_111' title="bbox 2200 4219 3898 4292; baseline 0.004 -20"><span class='ocrx_word' id='word_1_817' title='bbox 2200 4219 2511 4273; x_wconf 91' lang='lat' dir='ltr'><strong>secundum</strong></span> <span class='ocrx_word' id='word_1_818' title='bbox 2543 4219 2800 4273; x_wconf 90' lang='lat' dir='ltr'><strong>iambum</strong></span> <span class='ocrx_word' id='word_1_819' title='bbox 2830 4236 2959 4274; x_wconf 90' lang='lat' dir='ltr'><strong>cum</strong></span> <span class='ocrx_word' id='word_1_820' title='bbox 2987 4220 3211 4274; x_wconf 90' lang='lat' dir='ltr'><strong>silentio</strong></span> <span class='ocrx_word' id='word_1_821' title='bbox 3246 4222 3384 4292; x_wconf 88' lang='lat' dir='ltr'><strong>poni</strong></span> <span class='ocrx_word' id='word_1_822' title='bbox 3425 4223 3730 4292; x_wconf 88' lang='lat' dir='ltr'><strong>oportere?</strong></span> <span class='ocrx_word' id='word_1_823' title='bbox 3760 4226 3898 4279; x_wconf 90' lang='lat' dir='ltr'><strong>Nam</strong></span> 
     </span>
    </p>
   </div>
   <div class='ocr_carea' id='block_1_110' title="bbox 2199 4306 3900 4381">
    <p class='ocr_par' dir='ltr' id='par_1_110' title="bbox 2199 4306 3900 4381">
     <span class='ocr_line' id='line_1_112' title="bbox 2199 4306 3900 4381; baseline 0.005 -22"><span class='ocrx_word' id='word_1_824' title='bbox 2199 4312 2254 4360; x_wconf 90' lang='lat' dir='ltr'><strong>et</strong></span> <span class='ocrx_word' id='word_1_825' title='bbox 2283 4306 2344 4360; x_wconf 90' lang='lat' dir='ltr'><strong>in</strong></span> <span class='ocrx_word' id='word_1_826' title='bbox 2373 4308 2482 4361; x_wconf 90' lang='lat' dir='ltr'><strong>hoc</strong></span> <span class='ocrx_word' id='word_1_827' title='bbox 2511 4308 2653 4377; x_wconf 91' lang='lat' dir='ltr'><strong>pede</strong></span> <span class='ocrx_word' id='word_1_828' title='bbox 2705 4306 2928 4362; x_wconf 90' lang='lat' dir='ltr'><strong>iambus</strong></span> <span class='ocrx_word' id='word_1_829' title='bbox 2959 4308 3039 4362; x_wconf 88' lang='lat' dir='ltr'><strong>ita</strong></span> <span class='ocrx_word' id='word_1_830' title='bbox 3095 4309 3349 4364; x_wconf 91' lang='lat' dir='ltr'><strong>medium</strong></span> <span class='ocrx_word' id='word_1_831' title='bbox 3381 4311 3572 4365; x_wconf 90' lang='lat' dir='ltr'><strong>locum</strong></span> <span class='ocrx_word' id='word_1_832' title='bbox 3614 4317 3796 4381; x_wconf 90' lang='lat' dir='ltr'><strong>tenet,</strong></span> <span class='ocrx_word' id='word_1_833' title='bbox 3841 4319 3900 4368; x_wconf 90' lang='lat' dir='ltr'><strong>ut</strong></span> 
     </span>
    </p>
   </div>
   <div class='ocr_carea' id='block_1_111' title="bbox 2198 4395 3885 4474">
    <p class='ocr_par' dir='ltr' id='par_1_111' title="bbox 2198 4395 3885 4474">
     <span class='ocr_line' id='line_1_113' title="bbox 2198 4395 3885 4474; baseline 0.005 -25"><span class='ocrx_word' id='word_1_834' title='bbox 2198 4395 2520 4466; x_wconf 90' lang='lat' dir='ltr'><strong>necprioris</strong></span> <span class='ocrx_word' id='word_1_835' title='bbox 2535 4411 2639 4450; x_wconf 94' lang='lat' dir='ltr'><strong>nec</strong></span> <span class='ocrx_word' id='word_1_836' title='bbox 2666 4397 2998 4464; x_wconf 89' lang='lat' dir='ltr'><strong>posterioris</strong></span> <span class='ocrx_word' id='word_1_837' title='bbox 3023 4397 3201 4468; x_wconf 90' lang='lat' dir='ltr'><strong>partis</strong></span> <span class='ocrx_word' id='word_1_838' title='bbox 3226 4400 3583 4470; x_wconf 90' lang='lat' dir='ltr'><strong>temporibus</strong></span> <span class='ocrx_word' id='word_1_839' title='bbox 3605 4408 3885 4474; x_wconf 63' lang='lat' dir='ltr'><strong>aequetur.</strong></span> 
     </span>
    </p>
   </div>
   <div class='ocr_carea' id='block_1_112' title="bbox 2198 4482 3397 4554">
    <p class='ocr_par' dir='ltr' id='par_1_112' title="bbox 2198 4482 3397 4554">
     <span class='ocr_line' id='line_1_114' title="bbox 2198 4482 3397 4554; baseline 0.002 -15"><span class='ocrx_word' id='word_1_840' title='bbox 2198 4487 2262 4539; x_wconf 91' lang='lat' dir='ltr'><strong>D.</strong></span> <span class='ocrx_word' id='word_1_841' title='bbox 2296 4482 2458 4554; x_wconf 89' lang='lat' dir='ltr'><strong>Cogit</strong></span> <span class='ocrx_word' id='word_1_842' title='bbox 2486 4500 2577 4538; x_wconf 91' lang='lat' dir='ltr'><strong>me</strong></span> <span class='ocrx_word' id='word_1_843' title='bbox 2607 4484 2865 4552; x_wconf 89' lang='lat' dir='ltr'><strong>superior</strong></span> <span class='ocrx_word' id='word_1_844' title='bbox 2895 4485 3041 4539; x_wconf 89' lang='lat' dir='ltr'><strong>ratio</strong></span> <span class='ocrx_word' id='word_1_845' title='bbox 3070 4485 3397 4541; x_wconf 90' lang='lat' dir='ltr'><strong>concedere.</strong></span> 
     </span>
    </p>
   </div>
   <div class='ocr_carea' id='block_1_113' title="bbox 2376 4573 3716 4632">
    <p class='ocr_par' dir='ltr' id='par_1_113' title="bbox 2376 4573 3716 4632">
     <span class='ocr_line' id='line_1_115' title="bbox 2376 4573 3716 4632; baseline 0.004 -6"><span class='ocrx_word' id='word_1_846' title='bbox 2376 4573 2599 4626; x_wconf 88' lang='lat' dir='ltr'><strong>CAPUT</strong></span> <span class='ocrx_word' id='word_1_847' title='bbox 2629 4573 2743 4627; x_wconf 87' lang='lat' dir='ltr'><strong>XII.</strong></span> <span class='ocrx_word' id='word_1_848' title='bbox 2783 4603 2854 4612; x_wconf 89' lang='lat'><strong>—</strong></span> <span class='ocrx_word' id='word_1_849' title='bbox 2891 4575 3113 4629; x_wconf 89' lang='lat' dir='ltr'><strong>Summa</strong></span> <span class='ocrx_word' id='word_1_850' title='bbox 3140 4577 3377 4630; x_wconf 78' lang='lat' dir='ltr'><strong>omnium</strong></span> <span class='ocrx_word' id='word_1_851' title='bbox 3405 4582 3716 4632; x_wconf 78' lang='lat' dir='ltr'><strong>metrorum.</strong></span> 
     </span>
    </p>
   </div>
   <div class='ocr_carea' id='block_1_114' title="bbox 2275 4662 3889 4731">
    <p class='ocr_par' dir='ltr' id='par_1_114' title="bbox 2275 4662 3889 4731">
     <span class='ocr_line' id='line_1_116' title="bbox 2275 4662 3889 4731; baseline 0.006 -17"><span class='ocrx_word' id='word_1_852' title='bbox 2275 4663 2357 4715; x_wconf 80' lang='grc'>14.</span> <span class='ocrx_word' id='word_1_853' title='bbox 2387 4662 2461 4715; x_wconf 86' lang='grc' dir='ltr'><strong>Μ.</strong></span> <span class='ocrx_word' id='word_1_854' title='bbox 2496 4666 2612 4731; x_wconf 91' lang='lat' dir='ltr'><strong>Age</strong></span> <span class='ocrx_word' id='word_1_855' title='bbox 2667 4677 2840 4730; x_wconf 86' lang='lat' dir='ltr'><strong>nunc,</strong></span> <span class='ocrx_word' id='word_1_856' title='bbox 2882 4663 3052 4718; x_wconf 91' lang='lat' dir='ltr'><strong>redde</strong></span> <span class='ocrx_word' id='word_1_857' title='bbox 3085 4663 3227 4717; x_wconf 88' lang='lat' dir='ltr'><strong>mihi</strong></span> <span class='ocrx_word' id='word_1_858' title='bbox 3266 4664 3526 4719; x_wconf 90' lang='lat' dir='ltr'><strong>omnium</strong></span> <span class='ocrx_word' id='word_1_859' title='bbox 3579 4672 3889 4723; x_wconf 89' lang='lat' dir='ltr'><strong>metrorum</strong></span> 
     </span>
    </p>
   </div>
   <div class='ocr_carea' id='block_1_115' title="bbox 2199 4748 3896 4821">
    <p class='ocr_par' dir='ltr' id='par_1_115' title="bbox 2199 4748 3896 4821">
     <span class='ocr_line' id='line_1_117' title="bbox 2199 4748 3896 4821; baseline 0.005 -19"><span class='ocrx_word' id='word_1_860' title='bbox 2199 4764 2526 4818; x_wconf 88' lang='lat' dir='ltr'><strong>numerum,</strong></span> <span class='ocrx_word' id='word_1_861' title='bbox 2548 4748 2593 4802; x_wconf 94' lang='lat' dir='ltr'><strong>si</strong></span> <span class='ocrx_word' id='word_1_862' title='bbox 2624 4749 2831 4819; x_wconf 91' lang='lat' dir='ltr'><strong>placet,</strong></span> <span class='ocrx_word' id='word_1_863' title='bbox 2862 4767 2992 4821; x_wconf 66' lang='lat' dir='ltr'><strong>qua:</strong></span> <span class='ocrx_word' id='word_1_864' title='bbox 3018 4751 3136 4821; x_wconf 91' lang='lat' dir='ltr'><strong>jam</strong></span> <span class='ocrx_word' id='word_1_865' title='bbox 3170 4753 3538 4808; x_wconf 87' lang='lat' dir='ltr'><strong>tractavimus</strong></span> <span class='ocrx_word' id='word_1_866' title='bbox 3565 4771 3578 4821; x_wconf 90' lang='lat'><strong>;</strong></span> <span class='ocrx_word' id='word_1_867' title='bbox 3608 4755 3666 4810; x_wconf 94' lang='lat' dir='ltr'><strong>id</strong></span> <span class='ocrx_word' id='word_1_868' title='bbox 3698 4761 3781 4810; x_wconf 91' lang='lat' dir='ltr'><strong>est</strong></span> <span class='ocrx_word' id='word_1_869' title='bbox 3811 4773 3896 4810; x_wconf 88' lang='lat' dir='ltr'><strong>eo-</strong></span> 
     </span>
    </p>
   </div>
   <div class='ocr_carea' id='block_1_116' title="bbox 2201 4837 3896 4911">
    <p class='ocr_par' dir='ltr' id='par_1_116' title="bbox 2201 4837 3896 4911">
     <span class='ocr_line' id='line_1_118' title="bbox 2201 4837 3896 4911; baseline 0.006 -23"><span class='ocrx_word' id='word_1_870' title='bbox 2201 4851 2330 4889; x_wconf 91' lang='lat' dir='ltr'><strong>rum</strong></span> <span class='ocrx_word' id='word_1_871' title='bbox 2361 4853 2488 4906; x_wconf 64' lang='lat' dir='ltr'><strong>qum</strong></span> <span class='ocrx_word' id='word_1_872' title='bbox 2519 4853 2552 4891; x_wconf 91' lang='lat' dir='ltr'><strong>a</strong></span> <span class='ocrx_word' id='word_1_873' title='bbox 2589 4837 2704 4891; x_wconf 92' lang='lat' dir='ltr'><strong>suis</strong></span> <span class='ocrx_word' id='word_1_874' title='bbox 2733 4838 2920 4908; x_wconf 92' lang='lat' dir='ltr'><strong>plenis</strong></span> <span class='ocrx_word' id='word_1_875' title='bbox 2944 4838 3187 4910; x_wconf 90' lang='lat' dir='ltr'><strong>pedibus</strong></span> <span class='ocrx_word' id='word_1_876' title='bbox 3215 4839 3519 4911; x_wconf 85' lang='lat' dir='ltr'><strong>incipiunt,</strong></span> <span class='ocrx_word' id='word_1_877' title='bbox 3549 4844 3896 4898; x_wconf 89' lang='lat' dir='ltr'><strong>clauduntur</strong></span> 
     </span>
    </p>
   </div>
   <div class='ocr_carea' id='block_1_117' title="bbox 2200 4924 3892 4999">
    <p class='ocr_par' dir='ltr' id='par_1_117' title="bbox 2200 4924 3892 4999">
     <span class='ocr_line' id='line_1_119' title="bbox 2200 4924 3892 4999; baseline 0.007 -23"><span class='ocrx_word' id='word_1_878' title='bbox 2200 4928 2390 4977; x_wconf 88' lang='lat' dir='ltr'><strong>autem</strong></span> <span class='ocrx_word' id='word_1_879' title='bbox 2421 4929 2519 4978; x_wconf 90' lang='lat' dir='ltr'><strong>aut</strong></span> <span class='ocrx_word' id='word_1_880' title='bbox 2547 4924 2662 4978; x_wconf 90' lang='lat' dir='ltr'><strong>suis</strong></span> <span class='ocrx_word' id='word_1_881' title='bbox 2689 4926 2930 4995; x_wconf 90' lang='lat' dir='ltr'><strong>pedibus</strong></span> <span class='ocrx_word' id='word_1_882' title='bbox 2959 4926 3164 4997; x_wconf 90' lang='lat' dir='ltr'><strong>plenis,</strong></span> <span class='ocrx_word' id='word_1_883' title='bbox 3197 4927 3276 4981; x_wconf 91' lang='lat' dir='ltr'><strong>ita</strong></span> <span class='ocrx_word' id='word_1_884' title='bbox 3323 4935 3389 4983; x_wconf 90' lang='lat' dir='ltr'><strong>ut</strong></span> <span class='ocrx_word' id='word_1_885' title='bbox 3419 4929 3734 4999; x_wconf 87' lang='lat' dir='ltr'><strong>silentium,</strong></span> <span class='ocrx_word' id='word_1_886' title='bbox 3767 4948 3892 4986; x_wconf 90' lang='lat' dir='ltr'><strong>cum</strong></span> 
     </span>
    </p>
   </div>
   <div class='ocr_carea' id='block_1_118' title="bbox 2199 5011 3896 5091">
    <p class='ocr_par' dir='ltr' id='par_1_118' title="bbox 2199 5011 3896 5091">
     <span class='ocr_line' id='line_1_120' title="bbox 2199 5011 3896 5091; baseline 0.004 -26"><span class='ocrx_word' id='word_1_887' title='bbox 2199 5011 2270 5066; x_wconf 91' lang='lat' dir='ltr'><strong>ad</strong></span> <span class='ocrx_word' id='word_1_888' title='bbox 2300 5016 2470 5082; x_wconf 88' lang='lat' dir='ltr'><strong>caput</strong></span> <span class='ocrx_word' id='word_1_889' title='bbox 2497 5014 2734 5079; x_wconf 87' lang='lat' dir='ltr'><strong>reditur,</strong></span> <span class='ocrx_word' id='word_1_890' title='bbox 2771 5030 2888 5069; x_wconf 93' lang='lat' dir='ltr'><strong>non</strong></span> <span class='ocrx_word' id='word_1_891' title='bbox 2934 5014 3370 5085; x_wconf 90' lang='lat' dir='ltr'><strong>interponamus</strong></span> <span class='ocrx_word' id='word_1_892' title='bbox 3399 5034 3412 5084; x_wconf 94' lang='lat'><strong>;</strong></span> <span class='ocrx_word' id='word_1_893' title='bbox 3444 5023 3541 5073; x_wconf 90' lang='lat' dir='ltr'><strong>aut</strong></span> <span class='ocrx_word' id='word_1_894' title='bbox 3568 5036 3686 5073; x_wconf 92' lang='lat' dir='ltr'><strong>non</strong></span> <span class='ocrx_word' id='word_1_895' title='bbox 3717 5021 3896 5091; x_wconf 88' lang='lat' dir='ltr'><strong>plenis</strong></span> 
     </span>
    </p>
   </div>
   <div class='ocr_carea' id='block_1_119' title="bbox 2196 5099 3894 5177">
    <p class='ocr_par' dir='ltr' id='par_1_119' title="bbox 2196 5099 3894 5177">
     <span class='ocr_line' id='line_1_121' title="bbox 2196 5099 3894 5177; baseline 0.007 -26"><span class='ocrx_word' id='word_1_896' title='bbox 2196 5099 2436 5169; x_wconf 90' lang='lat' dir='ltr'><strong>pedibus</strong></span> <span class='ocrx_word' id='word_1_897' title='bbox 2465 5116 2596 5154; x_wconf 92' lang='lat' dir='ltr'><strong>cum</strong></span> <span class='ocrx_word' id='word_1_898' title='bbox 2620 5101 2868 5163; x_wconf 85' lang='lat' dir='ltr'><strong>silentio,</strong></span> <span class='ocrx_word' id='word_1_899' title='bbox 2897 5119 3039 5173; x_wconf 91' lang='lat' dir='ltr'><strong>quos</strong></span> <span class='ocrx_word' id='word_1_900' title='bbox 3063 5108 3256 5159; x_wconf 91' lang='lat' dir='ltr'><strong>tamen</strong></span> <span class='ocrx_word' id='word_1_901' title='bbox 3287 5105 3367 5159; x_wconf 89' lang='lat' dir='ltr'><strong>eis</strong></span> <span class='ocrx_word' id='word_1_902' title='bbox 3390 5123 3707 5177; x_wconf 89' lang='lat' dir='ltr'><strong>congruere</strong></span> <span class='ocrx_word' id='word_1_903' title='bbox 3751 5109 3894 5164; x_wconf 86' lang='lat' dir='ltr'><strong>ratio</strong></span> 
     </span>
    </p>
   </div>
   <div class='ocr_carea' id='block_1_120' title="bbox 2198 5187 3896 5269">
    <p class='ocr_par' dir='ltr' id='par_1_120' title="bbox 2198 5187 3896 5269">
     <span class='ocr_line' id='line_1_122' title="bbox 2198 5187 3896 5269; baseline 0.007 -30"><span class='ocrx_word' id='word_1_904' title='bbox 2198 5187 2390 5241; x_wconf 89' lang='lat' dir='ltr'><strong>docuit</strong></span> <span class='ocrx_word' id='word_1_905' title='bbox 2414 5204 2426 5255; x_wconf 92' lang='lat'>;</span> <span class='ocrx_word' id='word_1_906' title='bbox 2456 5189 2761 5260; x_wconf 89' lang='lat' dir='ltr'><strong>incipiente</strong></span> <span class='ocrx_word' id='word_1_907' title='bbox 2789 5206 3030 5246; x_wconf 89' lang='lat' dir='ltr'><strong>numero</strong></span> <span class='ocrx_word' id='word_1_908' title='bbox 3060 5208 3094 5246; x_wconf 91' lang='lat' dir='ltr'><strong>a</strong></span> <span class='ocrx_word' id='word_1_909' title='bbox 3121 5193 3341 5247; x_wconf 89' lang='lat' dir='ltr'><strong>duobus</strong></span> <span class='ocrx_word' id='word_1_910' title='bbox 3363 5211 3480 5248; x_wconf 90' lang='lat' dir='ltr'><strong>non</strong></span> <span class='ocrx_word' id='word_1_911' title='bbox 3509 5196 3697 5265; x_wconf 90' lang='lat' dir='ltr'><strong>plenis</strong></span> <span class='ocrx_word' id='word_1_912' title='bbox 3719 5214 3896 5269; x_wconf 89' lang='lat' dir='ltr'><strong>usque</strong></span> 
     </span>
    </p>
   </div>
   <div class='ocr_carea' id='block_1_121' title="bbox 2197 5275 3898 5355">
    <p class='ocr_par' dir='ltr' id='par_1_121' title="bbox 2197 5275 3898 5355">
     <span class='ocr_line' id='line_1_123' title="bbox 2197 5275 3898 5355; baseline 0.008 -28"><span class='ocrx_word' id='word_1_913' title='bbox 2197 5275 2268 5328; x_wconf 90' lang='lat' dir='ltr'><strong>ad</strong></span> <span class='ocrx_word' id='word_1_914' title='bbox 2297 5278 2421 5328; x_wconf 91' lang='lat' dir='ltr'><strong>octo</strong></span> <span class='ocrx_word' id='word_1_915' title='bbox 2453 5278 2676 5346; x_wconf 91' lang='lat' dir='ltr'><strong>plenos,</strong></span> <span class='ocrx_word' id='word_1_916' title='bbox 2709 5277 2788 5332; x_wconf 90' lang='lat' dir='ltr'><strong>ita</strong></span> <span class='ocrx_word' id='word_1_917' title='bbox 2815 5283 3007 5333; x_wconf 89' lang='lat' dir='ltr'><strong>tamen</strong></span> <span class='ocrx_word' id='word_1_918' title='bbox 3032 5285 3092 5334; x_wconf 90' lang='lat' dir='ltr'><strong>ut</strong></span> <span class='ocrx_word' id='word_1_919' title='bbox 3118 5280 3354 5352; x_wconf 87' lang='lat' dir='ltr'><strong>triginta</strong></span> <span class='ocrx_word' id='word_1_920' title='bbox 3378 5282 3490 5337; x_wconf 92' lang='lat' dir='ltr'><strong>duo</strong></span> <span class='ocrx_word' id='word_1_921' title='bbox 3511 5289 3898 5355; x_wconf 79' lang='lat' dir='ltr'><strong>temporanon</strong></span> 
     </span>
    </p>
   </div>
   <div class='ocr_carea' id='block_1_122' title="bbox 2196 5363 3894 5445">
    <p class='ocr_par' dir='ltr' id='par_1_122' title="bbox 2196 5363 3894 5445">
     <span class='ocr_line' id='line_1_124' title="bbox 2196 5363 3894 5445; baseline 0.007 -29"><span class='ocrx_word' id='word_1_922' title='bbox 2196 5363 2561 5418; x_wconf 84' lang='lat' dir='ltr'><strong>excedantur.</strong></span> <span class='ocrx_word' id='word_1_923' title='bbox 2591 5368 2656 5419; x_wconf 90' lang='lat' dir='ltr'><strong>D.</strong></span> <span class='ocrx_word' id='word_1_924' title='bbox 2683 5365 2996 5436; x_wconf 90' lang='lat' dir='ltr'><strong>Operosum</strong></span> <span class='ocrx_word' id='word_1_925' title='bbox 3033 5368 3266 5439; x_wconf 88' lang='lat' dir='ltr'><strong>quidem</strong></span> <span class='ocrx_word' id='word_1_926' title='bbox 3297 5374 3381 5424; x_wconf 90' lang='lat' dir='ltr'><strong>est</strong></span> <span class='ocrx_word' id='word_1_927' title='bbox 3421 5373 3575 5442; x_wconf 90' lang='lat' dir='ltr'><strong>quod</strong></span> <span class='ocrx_word' id='word_1_928' title='bbox 3623 5373 3894 5445; x_wconf 86' lang='lat' dir='ltr'><strong>imponis,</strong></span> 
     </span>
    </p>
   </div>
   <div class='ocr_carea' id='block_1_123' title="bbox 2197 5454 3896 5532">
    <p class='ocr_par' dir='ltr' id='par_1_123' title="bbox 2197 5454 3896 5532">
     <span class='ocr_line' id='line_1_125' title="bbox 2197 5454 3896 5532; baseline 0.008 -28"><span class='ocrx_word' id='word_1_929' title='bbox 2197 5455 2280 5505; x_wconf 89' lang='lat' dir='ltr'><strong>est</strong></span> <span class='ocrx_word' id='word_1_930' title='bbox 2305 5454 2498 5506; x_wconf 90' lang='lat' dir='ltr'><strong>tamen</strong></span> <span class='ocrx_word' id='word_1_931' title='bbox 2528 5469 2716 5522; x_wconf 62' lang='lat' dir='ltr'><strong>opera:</strong></span> <span class='ocrx_word' id='word_1_932' title='bbox 2743 5456 3012 5526; x_wconf 91' lang='lat' dir='ltr'><strong>pretium.</strong></span> <span class='ocrx_word' id='word_1_933' title='bbox 3036 5457 3144 5512; x_wconf 91' lang='lat' dir='ltr'><strong>Sed</strong></span> <span class='ocrx_word' id='word_1_934' title='bbox 3193 5459 3433 5513; x_wconf 84' lang='lat' dir='ltr'><strong>memini</strong></span> <span class='ocrx_word' id='word_1_935' title='bbox 3463 5477 3564 5514; x_wconf 86' lang='lat' dir='ltr'><strong>nos</strong></span> <span class='ocrx_word' id='word_1_936' title='bbox 3591 5464 3770 5532; x_wconf 89' lang='lat' dir='ltr'><strong>paulo</strong></span> <span class='ocrx_word' id='word_1_937' title='bbox 3797 5481 3896 5518; x_wconf 90' lang='lat' dir='ltr'><strong>an-</strong></span> 
     </span>
    </p>
   </div>
   <div class='ocr_carea' id='block_1_124' title="bbox 2196 5538 3898 5619">
    <p class='ocr_par' dir='ltr' id='par_1_124' title="bbox 2196 5538 3898 5619">
     <span class='ocr_line' id='line_1_126' title="bbox 2196 5538 3898 5619; baseline 0.009 -27"><span class='ocrx_word' id='word_1_938' title='bbox 2196 5541 2253 5593; x_wconf 88' lang='lat' dir='ltr'><strong>te</strong></span> <span class='ocrx_word' id='word_1_939' title='bbox 2305 5538 2426 5609; x_wconf 88' lang='lat' dir='ltr'><strong>jam</strong></span> <span class='ocrx_word' id='word_1_940' title='bbox 2465 5541 2790 5610; x_wconf 90' lang='lat' dir='ltr'><strong>pervenisse</strong></span> <span class='ocrx_word' id='word_1_941' title='bbox 2844 5545 2917 5601; x_wconf 91' lang='lat' dir='ltr'><strong>ad</strong></span> <span class='ocrx_word' id='word_1_942' title='bbox 2972 5545 3337 5617; x_wconf 84' lang='lat' dir='ltr'><strong>septuaginta</strong></span> <span class='ocrx_word' id='word_1_943' title='bbox 3379 5552 3599 5619; x_wconf 90' lang='lat' dir='ltr'><strong>septem</strong></span> <span class='ocrx_word' id='word_1_944' title='bbox 3649 5557 3837 5607; x_wconf 87' lang='lat' dir='ltr'><strong>metra</strong></span> <span class='ocrx_word' id='word_1_945' title='bbox 3868 5570 3898 5608; x_wconf 89' lang='lat' dir='ltr'><strong>a</strong></span> 
     </span>
    </p>
   </div>
  </div>
