4064 6354
229 301 368 354 H37

215 419 555 491 pyrrhichio
601 436 782 493 usque
815 421 884 476 ad
932 421 1302 492 tribrachum,
1349 441 1480 480 cum
1522 425 1607 481 illi
1652 428 1919 485 binarum

216 509 569 578 syllabarum
598 511 772 579 pedes
795 511 1221 580 quatuordecim
1239 497 1464 583 isinguli
1491 521 1766 584 crearent,
1790 535 1920 589 qua:

216 596 371 650 ﬁunt
406 597 577 650 simul
608 597 1028 668 quinquaginta
1076 606 1131 653 et
1173 616 1285 655 sex.
1333 602 1672 658 Tribrachus
1728 612 1920 661 autem

213 683 426 754 viginti
470 687 525 737 et
568 699 772 752 unum,
814 689 1048 755 propter
1085 687 1375 756 geminam
1420 689 1780 746 divisionem.
1824 693 1920 747 Ilis

216 771 403 842 igitur
447 772 812 842 septuaginta
850 778 906 827 et
946 781 1165 845 septem
1195 776 1458 831 addimus
1487 780 1921 850 quatuordecim

218 859 544 930 dactyli,‘et
581 861 859 930 anapaesti
889 861 1126 916 totidem
1163 879 1176 916 :
1208 863 1364 934 pleni
1395 866 1547 920 enim
1587 868 1633 921 si
1665 869 1924 923 locentur

216 949 382 1001 nullo
420 947 668 1013 silentio,
716 947 1022 1019 incipiente
1062 956 1246 1004 metro
1295 969 1326 1005 a
1371 953 1594 1008 duobus
1631 972 1812 1027 usque
1852 957 1920 1011 ad

216 1040 349 1089 octo
399 1035 590 1104 pedes,
637 1039 872 1104 septena
900 1038 1167 1106 pariunt;
1202 1039 1408 1093 additis
1446 1057 1578 1095 vero
1613 1043 1920 1112 semipedi-

215 1123 328 1177 bus
359 1139 489 1177 cum
519 1122 770 1190 silentio,
818 1123 1126 1194 incipiente
1167 1131 1348 1180 metro
1387 1128 1459 1182 ab
1504 1145 1622 1184 uno
1665 1132 1827 1201 pede,
1867 1136 1922 1186 et

215 1211 510 1281 semipede
541 1210 907 1281 perveniente
934 1214 1006 1267 ad
1037 1218 1255 1285 septem
1287 1219 1342 1270 et
1371 1217 1561 1282 semis,
1594 1219 1706 1272 alia
1732 1224 1918 1289 septe-

214 1316 315 1354 na.
349 1301 413 1353 Et
439 1300 585 1352 ﬁunt
603 1299 726 1370 jam
751 1301 952 1354 omnia
977 1305 1207 1357 centum
1255 1307 1312 1357 et
1338 1303 1614 1376 quinque.
1652 1308 1920 1361 Bacchius

215 1404 354 1442 vero
386 1403 504 1441 non
534 1392 720 1458 potest
748 1393 997 1443 metrum
1027 1406 1195 1444 suum
1225 1391 1292 1445 ad
1325 1398 1451 1446 octo
1492 1395 1664 1462 pedes
1701 1396 1918 1466 perdu-

215 1491 369 1542 cere,
410 1492 482 1530 ne
531 1475 772 1546 triginta
799 1477 911 1530 duo
939 1481 1200 1548 tempora
1236 1483 1506 1544 transeat,
1542 1497 1728 1551 neque
1758 1482 1916 1551 quis-

216 1580 397 1636 quam
429 1564 672 1634 quinum
701 1569 1024 1635 temporum
1052 1583 1182 1637 pes;
1217 1567 1316 1621 sed
1344 1572 1586 1638 possunt
1617 1569 1709 1622 isti
1736 1585 1918 1640 usque

216 1653 290 1706 ad
324 1669 416 1707 sex
437 1652 753 1722 pervenire.
789 1654 1058 1708 Bacchius
1079 1670 1214 1724 ergo
1243 1659 1300 1709 et
1329 1655 1427 1726 qui
1458 1656 1510 1710 ei
1540 1672 1645 1727 par
1665 1661 1771 1726 est,
1802 1673 1918 1712 non

214 1741 393 1795 modo
437 1740 812 1811 temporibus,
857 1742 954 1796 sed
995 1742 1174 1796 etiam
1201 1743 1478 1798 divisione
1507 1760 1678 1814 paeon
1715 1761 1921 1800 secun-

216 1829 350 1897 dus,
382 1844 415 1882 a
444 1828 670 1882 duobus
691 1828 934 1898 pedibus
963 1845 1144 1901 usque
1174 1831 1244 1884 ad
1273 1847 1368 1884 sex
1401 1832 1767 1902 procedentes
1790 1849 1920 1887 cum

214 1916 430 1987 integri
461 1916 803 1970 ordinantur
825 1916 946 1970 sine
969 1917 1212 1985 silentio,
1239 1919 1414 1989 quina
1443 1924 1626 1973 metra
1653 1920 1915 1990 pariunt;

214 2021 354 2060 cum
383 2004 611 2059 silentio
643 2009 835 2058 autem
875 2005 1212 2076 incipientes
1241 2007 1312 2060 ab
1358 2024 1471 2061 uno
1513 2008 1821 2078 semipede,
1865 2014 1921 2062 et

215 2094 292 2148 ad
324 2093 575 2164 quinque
623 2093 938 2163 semipedes
968 2093 1390 2164 pervenientes,
1423 2095 1532 2149 alia
1571 2096 1750 2167 quina
1787 2113 1918 2150 cum

217 2197 337 2235 una
375 2183 547 2251 longa
574 2186 706 2251 post
744 2197 839 2235 eos
868 2182 1123 2252 ponitur,
1164 2186 1219 2236 et
1247 2182 1384 2237 item
1414 2183 1591 2254 quina
1629 2200 1759 2238 cum
1792 2185 1918 2238 bre-

213 2268 304 2321 vis
325 2273 380 2322 et
399 2269 593 2339 longa:
619 2268 908 2339 quindeua
937 2269 1114 2340 igitur
1139 2275 1352 2337 creant,
1376 2288 1505 2341 qua:
1537 2273 1600 2325 in
1629 2288 1916 2326 summam

214 2357 450 2411 redacta
479 2356 716 2427 triginta
745 2362 896 2412 sunt.
932 2359 995 2412 Et
1023 2358 1170 2412 ﬁunt
1192 2359 1314 2429 jam
1346 2365 1528 2414 metra
1557 2360 1754 2414 omnia
1779 2377 1914 2414 cen-

215 2451 344 2499 tum
374 2449 430 2498 et
458 2445 693 2516 triginta
720 2445 997 2520 quinque.
1031 2447 1282 2500 Creticus
1312 2464 1465 2511 vero,
1496 2452 1551 2502 et
1572 2448 1673 2519 qui
1703 2448 1922 2519 pariter

216 2531 573 2599 dividuntur,
605 2549 834 2602 paeones
865 2533 1086 2604 primus
1118 2539 1173 2588 et
1202 2541 1457 2606 quartus,
1491 2537 1763 2606 quoniam
1792 2541 1920 2607 post

215 2621 350 2674 illos
377 2625 433 2674 et
483 2637 660 2674 unam
708 2623 958 2690 longam,
990 2627 1045 2676 et
1083 2623 1360 2689 iambum,
1406 2628 1462 2678 et
1490 2625 1832 2694 spondeum,
1864 2629 1921 2679 et

214 2712 577 2780 auaptestum
603 2709 738 2763 licet
758 2725 993 2779 ponere,
1028 2711 1099 2764 ad
1129 2711 1491 2782 septuaginta
1509 2712 1766 2784 quinque
1794 2729 1920 2783 per-

214 2798 463 2851 veniunt
489 2813 502 2850 :
537 2812 667 2850 cum
689 2796 844 2850 enim
873 2801 986 2850 tres
1016 2797 1130 2851 sint
1156 2799 1354 2868 pedes,
1381 2799 1558 2870 quina
1581 2804 1774 2853 creant
1798 2800 1917 2854 sine

215 2884 472 2951 silentio,
505 2900 635 2938 cum
684 2885 910 2938 silentio
955 2889 1149 2940 autem
1186 2885 1410 2956 viginti,
1460 2903 1588 2957 quae
1625 2887 1816 2953 simul,
1861 2892 1920 2942 ut

217 2973 438 3028 dictum
469 2977 570 3038 est,
603 2973 748 3026 ﬁunt
774 2973 1028 3044 quinque
1050 2978 1106 3027 et
1125 2974 1505 3044 septuaginta,
1530 2975 1737 3045 quibus
1765 2975 1921 3030 addi-

217 3063 295 3117 tis
326 3061 606 3132 superiori
635 3077 896 3128 summas,
929 3063 1123 3118 decem
1168 3068 1224 3117 et
1262 3064 1506 3118 ducenta
1536 3065 1915 3134 complentur.

218 3150 676 3205 Palimbacchius
725 3155 782 3204 et
830 3151 928 3221 qui
962 3151 1015 3204 ei
1047 3151 1324 3206 divisione
1373 3152 1679 3207 concordat
1718 3152 1920 3207 tertius

217 3255 412 3310 pmori,
448 3238 622 3309 quina
649 3238 883 3309 pariunt
912 3239 1119 3309 integri
1150 3240 1274 3294 sine
1307 3239 1566 3294 silentio:
1598 3257 1729 3295 cum
1753 3241 1922 3295 silen-

217 3327 304 3381 tio
327 3331 516 3380 autem
548 3327 724 3398 quina
752 3344 883 3380 cum
911 3343 1024 3381 una
1057 3329 1248 3398 longa,
1277 3329 1454 3400 quina
1482 3345 1612 3383 cum
1643 3329 1915 3400 spondeo,

219 3414 404 3486 quina
431 3431 560 3468 cum
585 3420 888 3486 anapaesto.
920 3417 1048 3470 Hinc
1074 3416 1338 3471 addimus
1369 3417 1438 3472 ad
1467 3418 1741 3488 majorem
1770 3435 1922 3472 sum-

221 3518 402 3569 mam,
437 3507 494 3558 et
539 3503 814 3557 habemus
861 3509 1044 3559 metra
1093 3505 1288 3560 omnia
1335 3505 1578 3561 ducenta
1636 3506 1918 3578 quinqua-

220 3590 408 3661 ginta.

302 3682 384 3734 15.
422 3680 691 3733 Molossus
724 3682 779 3733 et
825 3679 1013 3734 caeteri
1063 3695 1158 3734 sex
1200 3685 1525 3750 temporum
1577 3680 1771 3750 pedes,
1821 3680 1921 3751 qui

220 3783 358 3822 cum
379 3766 479 3820 illo
501 3767 671 3821 simul
694 3771 910 3837 septem
933 3767 1104 3833 ﬁunt,
1135 3773 1417 3838 quaterna
1446 3773 1640 3821 creant
1669 3768 1877 3838 integri
1902 3782 1914 3821 :

221 3871 357 3909 cum
379 3855 603 3909 silentio
632 3860 822 3908 autem
849 3854 1120 3924 quoniam
1144 3860 1199 3908 et
1224 3871 1339 3908 una
1369 3856 1539 3924 longa
1567 3859 1696 3924 post
1725 3871 1922 3909 unum-

221 3959 514 4016 quemque
541 3958 741 3995 eorum
768 3941 940 3995 locari
969 3946 1174 4012 potest,
1199 3947 1253 3997 et
1272 3943 1511 4006 iambus,
1538 3947 1594 3996 et
1610 3942 1916 4012 spondeus,

221 4037 282 4086 et
313 4035 655 4101 anapaastus,
689 4035 744 4084 et
767 4029 1054 4096 bacchius,
1087 4035 1142 4084 et
1171 4031 1430 4097 creticus,
1463 4035 1519 4084 et
1548 4047 1715 4100 paeon
1749 4047 1919 4102 quar-

220 4125 319 4176 tus
339 4139 354 4187 ;
374 4119 566 4172 vicena
601 4123 657 4172 et
686 4123 890 4172 octona
916 4120 1226 4188 complent,
1257 4135 1384 4190 quae
1419 4118 1590 4174 simul
1621 4118 1766 4172 ﬁunt
1797 4135 1920 4173 cen-

224 4214 353 4264 tum
382 4207 692 4276 nonaginta
721 4223 836 4272 sex,
866 4222 995 4277 qua:
1025 4206 1194 4260 ducta
1223 4223 1350 4260 cum
1376 4207 1486 4261 illis
1507 4206 1802 4278 quaternis
1827 4207 1923 4262 du-

221 4300 395 4351 centa
423 4295 626 4366 viginti
657 4305 901 4366 quatuor
930 4296 1327 4366 complentur:
1375 4296 1470 4349 sed
1500 4295 1632 4349 hinc
1662 4299 1787 4350 octo
1817 4296 1921 4349 de-

222 4383 474 4441 ducendi
517 4387 668 4449 sunt,
715 4383 852 4454 quia
881 4387 1008 4454 post
1051 4383 1375 4436 dichorium
1420 4382 1662 4448 iambus,
1709 4388 1765 4436 et
1794 4387 1926 4452 post

223 4472 606 4541 autispastum
639 4471 924 4541 spondeus
952 4471 1101 4524 male
1131 4471 1485 4525 ordinantur.
1523 4471 1765 4541 Reliqua
1795 4475 1927 4526 sunt

225 4561 476 4616 ducenta
515 4559 820 4626 sexdecim,
865 4575 995 4630 quas
1040 4559 1232 4614 addita
1278 4559 1480 4630 majori
1524 4575 1786 4625 summae,
1840 4559 1922 4613 fa-

224 4649 389 4703 ciunt
408 4652 589 4702 metra
609 4648 802 4702 omnia
823 4647 1243 4719 quadringenta
1267 4647 1560 4723 sexaginta
1579 4664 1693 4702 sex.
1720 4649 1924 4702 Proce-

226 4735 520 4792 leumatici
551 4735 697 4790 ratio
717 4735 915 4790 haberi
936 4751 1053 4790 non
1075 4736 1263 4806 potuit
1282 4752 1412 4790 cum
1435 4736 1521 4790 his
1538 4735 1779 4807 pedibus
1805 4736 1923 4807 qui-

224 4825 336 4879 bus
357 4823 640 4894 cougruit,
672 4829 906 4895 propter
936 4823 1254 4893 semipedes
1281 4824 1380 4895 qui
1403 4829 1529 4894 post
1555 4825 1708 4878 hunc
1732 4824 1925 4894 plures

224 4917 543 4983 ponuntur.
579 4912 721 4966 Nam
765 4916 823 4966 et
862 4927 976 4966 una
1008 4911 1222 4982 syllaba
1262 4913 1432 4982 longa
1463 4917 1590 4982 post
1627 4928 1757 4965 eum
1788 4912 1924 4982 poni

225 5003 415 5071 potest
451 5015 582 5053 cum
613 4999 860 5065 silentio,
893 5000 1040 5054 sicut
1067 5005 1196 5069 post
1225 4999 1510 5070 dactylum
1541 5003 1597 5053 et
1632 5001 1752 5071 ejus
1789 5016 1924 5054 con-

225 5092 414 5142 sortes
452 5093 517 5142 ut
547 5087 683 5152 duo,
731 5091 788 5141 et
825 5092 937 5141 tres
976 5087 1174 5142 breves
1202 5093 1266 5142 ut
1293 5103 1471 5142 unum
1505 5092 1730 5158 tempus
1761 5088 1924 5143 silea-

228 5183 359 5242 tur;
393 5191 508 5246 quo
540 5175 784 5228 efﬁcitur
811 5179 878 5228 ut
907 5175 1109 5230 ultima
1139 5175 1324 5230 brevis
1354 5193 1457 5246 pro
1489 5177 1658 5246 longa
1687 5176 1928 5247 accipia-

226 5270 343 5319 tur.
380 5263 603 5334 Epitriti
644 5267 824 5316 metra
861 5263 1108 5332 gignunt
1153 5269 1314 5318 terna
1360 5265 1589 5336 integri,
1621 5264 1927 5334 incipiente

229 5356 417 5407 metro
449 5369 482 5405 a
512 5352 737 5406 duobus
769 5351 1026 5422 pedibus,
1060 5352 1422 5421 perveniente
1448 5353 1518 5407 ad
1551 5357 1798 5424 quatuor
1826 5369 1840 5407 :
1881 5353 1928 5407 si

229 5441 387 5496 enim
411 5441 587 5495 addas
620 5441 909 5510 quintum,
930 5439 1165 5509 triginta
1188 5441 1300 5495 duo
1328 5446 1608 5512 tempora,
1634 5442 1787 5512 quod
1814 5458 1925 5495 non

230 5533 478 5601 oportet,
515 5529 770 5582 excedes.
805 5530 944 5585 Cum
976 5527 1200 5582 silentio
1229 5545 1361 5583 vero
1391 5531 1610 5599 primus
1641 5535 1696 5582 et
1719 5545 1922 5583 secun-

1579 285 1582 288 ’
1680 306 1891 364 LIBER
1931 306 2279 375 QUARTUS.

3596 319 3732 372 H38

2035 432 2141 486 dus
2180 431 2446 502 epitritus
2473 436 2637 485 terna
2663 436 2794 503 post
2822 432 3002 488 locato
3035 432 3248 504 iambo,
3277 441 3441 491 terna
3472 439 3727 505 bacchio,

2032 524 2198 573 terna
2227 519 2450 584 cretico,
2497 525 2660 574 terna
2705 537 2902 591 paeone
2945 525 3191 592 quarto;
3242 541 3372 594 quae
3417 526 3564 581 ﬁunt
3599 544 3730 583 cum

2032 607 2144 661 illis
2175 608 2352 660 ternis
2375 624 2502 677 qua:
2524 614 2658 662 sunt
2681 610 2801 663 siue
2830 609 3076 675 silentio,
3105 611 3356 683 triginta.
3391 615 3614 668 Tertius
3635 634 3728 670 ve-

2031 710 2096 748 ro
2125 698 2432 764 etquartus
2459 695 2673 764 epitriti
2701 699 2812 749 tres
2835 701 2962 751 ante
2988 697 3276 753 silentium
3305 700 3568 770 gignunt,
3599 718 3727 756 cum

2032 782 2285 851 spondeo
2329 788 2512 847 terna,
2553 786 2608 836 et
2648 787 2808 836 terna
2846 801 2976 838 cum
3015 792 3324 857 anapaesto,
3382 792 3544 842 terna
3595 805 3724 843 cum

2033 871 2302 936 molosso,
2342 875 2503 922 terna
2535 885 2662 922 cum
2697 869 2880 924 ionico
2916 872 3161 938 minore,
3201 878 3366 928 terna
3395 891 3525 929 cum
3565 877 3726 930 chor-

2032 957 2257 1024 iambo;
2297 973 2425 1028 qua:
2466 958 2612 1011 ﬁunt
2656 957 2826 1012 simul
2871 975 3001 1014 cum
3043 960 3161 1014 illis
3194 963 3388 1027 ternis,
3434 980 3564 1034 qua:
3603 963 3727 1018 sine

2032 1043 2258 1097 silentio
2297 1047 2640 1113 genuerunt,
2680 1045 2917 1115 triginta
2950 1051 3007 1100 et
3035 1064 3146 1102 sex.
3183 1051 3328 1119 Ergo
3359 1051 3574 1120 epitriti
3605 1067 3729 1104 om-

2031 1148 2130 1185 nes
2163 1133 2452 1202 sexaginta
2483 1138 2539 1187 et
2567 1149 2663 1186 sex
2691 1140 2874 1187 metra
2903 1133 3168 1204 pariunt:
3203 1153 3331 1206 quze
3361 1154 3491 1192 cum
3523 1138 3726 1209 viginti

2031 1225 2088 1274 et
2122 1237 2234 1274 uno
2265 1222 2747 1291 proceleumatici,
2787 1221 3074 1292 superiori
3106 1239 3342 1278 summa:
3387 1226 3595 1292 addita,
3642 1227 3726 1280 fa-

2030 1309 2186 1362 ciunt
2215 1309 2529 1379 quingenta
2557 1309 2977 1380 quinquaginta
3005 1310 3133 1363 tria.
3174 1311 3527 1380 Dispondeus
3549 1318 3726 1368 restat
3749 1367 3770 1388 _

2030 1395 2272 1466 gignens
2304 1399 2359 1450 et
2387 1396 2509 1467 ipse
2544 1397 2655 1451 tria
2687 1396 2944 1467 integer;
2980 1398 3236 1452 adhibito
3277 1404 3469 1452 autem
3501 1400 3727 1454 silentio

2031 1499 2159 1536 cum
2187 1484 2440 1553 spondeo
2462 1484 2591 1550 tria,
2624 1489 2679 1538 et
2706 1485 2813 1539 tria
2837 1501 2969 1540 cum
2995 1490 3281 1556 anapaesto
3313 1487 3420 1540 tria
3449 1503 3580 1541 cum
3611 1504 3729 1542 mo-

2031 1570 2202 1637 losso,
2233 1571 2342 1624 tria
2362 1585 2492 1626 cum
2516 1572 2700 1627 ionico
2730 1589 2763 1627 a
2788 1573 3030 1639 minore,
3058 1575 3166 1628 tria
3189 1591 3320 1628 cum
3351 1575 3683 1630 choriambo
3713 1604 3723 1630 ε

2031 1674 2160 1729 quae
2206 1658 2268 1713 in
2297 1675 2581 1714 summam
2611 1660 2779 1714 ducta
2808 1677 2938 1714 cum
2974 1661 3096 1732 illis
3123 1661 3307 1716 tribus
3334 1679 3462 1732 quae
3493 1667 3614 1718 erat
3641 1664 3723 1717 in-

2030 1751 2210 1817 teger,
2247 1745 2394 1801 ﬁunt
2438 1747 2632 1801 decem
2664 1751 2720 1802 et
2758 1752 2903 1801 octo.
2951 1749 3032 1802 Ita
3080 1752 3252 1802 erunt
3302 1753 3486 1803 metra
3533 1751 3729 1805 omnia

2029 1835 2345 1906 quingenta
2371 1835 2732 1905 septuaginta
2761 1839 2817 1888 et
2845 1851 3047 1890 unum.

2139 1922 2361 1976 CAPUT
2392 1923 2530 1976 XIII.
2559 1953 2626 1962 --
2652 1924 2810 1978 Ratio
2839 1923 3094 1978 metiendi
3122 1928 3294 1978 metra
3323 1928 3373 1978 et
3400 1927 3616 1980 silentia

2673 2012 3069 2080 interponendi.

2105 2100 2187 2152 16.
2221 2099 2294 2153 Μ.
2330 2098 2525 2152 Essent
2562 2097 2816 2169 quidem,
2854 2100 2965 2152 nisi
3000 2100 3110 2154 tria
3137 2100 3484 2155 detrahenda
3514 2105 3721 2168 essent,

2030 2185 2166 2255 quia
2191 2189 2320 2256 post
2340 2185 2652 2239 secundum
2674 2186 2968 2257 epitritum
2991 2186 3206 2241 dictum
3229 2193 3314 2242 est
3329 2187 3583 2242 iambum
3606 2205 3720 2243 ma~

2030 2273 2080 2327 le
2120 2273 2280 2343 poni.
2323 2273 2427 2328 Sed
2462 2275 2568 2329 hoc
2605 2275 2836 2345 quidem
2881 2275 3026 2328 bene
3069 2292 3126 2328 se
3157 2275 3356 2330 habet:
3396 2291 3572 2346 quare
3605 2276 3724 2345 jam

2029 2361 2119 2415 dic
2149 2361 2313 2430 mihi,
2357 2363 2645 2432 quomodo
2683 2362 2787 2416 tibi
2825 2379 3023 2416 aurem
3061 2367 3262 2433 tangat
3307 2369 3550 2417 metrum
3598 2364 3724 2429 hoc,

2035 2451 2262 2519 Triplici
2287 2451 2436 2504 vides
2465 2454 2524 2504 ut
2554 2455 2676 2504 ortu
2705 2452 2901 2506 Triviae
2930 2456 3142 2504 rotetur
3172 2453 3335 2517 ignis.
3367 2453 3441 2507 D.
3481 2453 3724 2505 Persua-

2028 2537 2194 2593 viter.
2229 2540 2314 2593 M.
2351 2540 2590 2592 Potesne
2623 2539 2810 2592 dicere
2839 2538 3046 2610 quibus
3092 2539 3333 2609 pedibus
3364 2540 3623 2593 constet?
3652 2542 3720 2593 D.

2032 2628 2157 2682 Non
2185 2643 2416 2698 possum
2447 2644 2460 2682 :
2494 2643 2680 2698 neque
2707 2627 2860 2681 enim
2887 2627 3116 2682 invenio
3146 2628 3434 2698 quomodo
3463 2627 3572 2681 sibi
3595 2641 3728 2681 con-

2030 2720 2240 2785 gruant
2268 2731 2410 2786 quos
2441 2715 2675 2769 metior:
2709 2714 2825 2768 sive
2855 2713 3011 2768 enim
3050 2714 3447 2784 pyrrhichium
3475 2731 3509 2768 a
3537 2713 3721 2784 capite

2030 2803 2394 2869 constituam,
2439 2803 2553 2857 sive
2599 2808 2974 2872 anapaestum,
3013 2803 3128 2856 sive
3167 2819 3426 2874 paeonem
3458 2803 3718 2870 tertium,

2029 2907 2147 2944 non
2178 2890 2267 2944 his
2293 2889 2640 2944 conveniunt
2665 2889 2764 2960 qui
2793 2893 3112 2960 sequuntur
3135 2894 3190 2943 et
3218 2889 3446 2943 invenio
3467 2888 3563 2942 hic
3591 2889 3720 2959 qui-

2031 2979 2160 3032 dem
2191 2977 2461 3032 creticum
2499 2981 2628 3048 post
2677 2977 2911 3032 tertium
2956 2992 3236 3047 paeonem,
3290 2981 3356 3030 ut
3393 2977 3614 3046 reliqua
3653 2976 3727 3030 sit

2030 3067 2204 3138 longa
2234 3066 2472 3137 syllaba,
2506 3081 2677 3137 quam
2718 3065 2958 3119 creticus
2987 3069 3114 3136 post
3141 3081 3198 3118 se
3226 3080 3343 3118 non
3377 3065 3592 3134 respuit
3615 3066 3726 3119 col-

2030 3153 2244 3221 locari;
2277 3153 2377 3207 sed
2424 3152 2512 3206 his
2558 3151 2802 3223 pedibus
2851 3153 2958 3206 hoc
2996 3157 3240 3206 metrum
3281 3155 3537 3206 constare
3574 3156 3724 3207 recte

2033 3259 2150 3296 non
2209 3246 2403 3312 posset
2454 3241 2786 3312 interposito
2845 3240 3071 3294 silentio
3123 3241 3297 3294 trium
3357 3244 3718 3310 temporum:

2032 3347 2184 3385 nunc
2210 3347 2342 3384 vero
2370 3329 2510 3383 nihil
2537 3330 2753 3395 siletur,
2783 3344 2911 3382 cum
2941 3329 3049 3382 hoc
3078 3328 3386 3399 repetendo
3409 3329 3725 3399 permulcet

2033 3418 2309 3473 auditum.
2333 3421 2414 3472 Μ.
2447 3419 2584 3472 Vide
2609 3417 2803 3488 igitur,
2824 3422 3017 3471 utrum
3041 3417 3292 3487 incipere
3318 3417 3573 3471 debeata
3592 3433 3720 3488 pyr-

2030 3507 2273 3573 rhichio,
2299 3507 2506 3561 deinde
2529 3506 2837 3560 metiamur
2865 3505 3205 3571 dichorium,
3239 3509 3360 3559 tum
3385 3506 3724 3575 spondeum,

2032 3594 2132 3664 qui
2161 3595 2409 3664 complet
2436 3597 2717 3663 tempora,
2749 3608 2993 3663 quorum
3022 3591 3136 3645 duo
3167 3596 3300 3646 suut
3322 3591 3384 3645 in
3413 3592 3717 3662 principio:

2029 3685 2219 3750 potest
2251 3681 2389 3734 item
2415 3686 2586 3750 caput
2614 3685 2809 3734 tenere
2838 3683 3181 3750 anapaestus,
3213 3679 3417 3733 deinde
3440 3679 3725 3733 diiambus

2031 3767 2242 3835 metiri,
2260 3773 2324 3822 ut
2343 3772 2596 3822 extrema
2625 3769 2796 3837 longa
2819 3767 3087 3820 collocata
3107 3783 3237 3820 cum
3264 3765 3280 3797 ί
3305 3771 3554 3837 quatuor
3575 3771 3723 3821 tem-

2029 3855 2262 3926 poribus
2292 3855 2565 3925 anapaesti
2595 3855 2853 3925 perﬁciat
2881 3871 2974 3908 sex
3005 3859 3284 3924 tempora,
3318 3870 3446 3925 qua:
3477 3870 3606 3908 cum
3635 3854 3722 3908 di-

2031 3944 2221 3998 iambo
2255 3943 2617 4010 conveniunt,
2649 3959 2716 3997 ex
2746 3959 2859 4014 quo
2891 3942 3178 4012 intelligas
3209 3942 3361 4009 licet,
3403 3947 3592 4022 partes
3621 3959 3721 4012 pe-

2029 4032 2166 4086 dum
2191 4048 2309 4086 non
2340 4032 2525 4086 solum
2557 4031 2616 4085 in
2645 4030 2758 4085 ﬁne
2788 4029 2946 4101 poni,
2979 4029 3077 4083 sed
3101 4029 3275 4083 etiam
3303 4029 3365 4083 in
3389 4028 3572 4098 capite
3603 4045 3722 4083 me-

2031 4123 2270 4173 trorum.
2305 4121 2376 4173 D.
2411 4120 2534 4172 .lam
2565 4117 2844 4189 intelligo.

2108 4212 2190 4262 l7.
2222 4209 2305 4261 Μ.
2334 4207 2498 4272 Quid,
2534 4207 2582 4262 si
2613 4207 2841 4260 demam
2877 4222 3050 4260 unam
3082 4205 3345 4260 ultimam
3374 4206 3630 4276 longam,
3660 4210 3726 4261 ut

2036 4295 2141 4349 tale
2173 4295 2243 4348 sit
2274 4300 2540 4361 metrum,
2585 4295 2794 4362 Segctes
2826 4309 2971 4348 meus
3011 4294 3164 4348 labor
3191 4310 3204 4347 :
3239 4310 3431 4347 nonne
3460 4295 3722 4348 animad-

2031 4381 2198 4434 vertis
2222 4397 2352 4436 cum
2383 4380 2608 4435 silentio
2635 4381 2882 4435 duorum
2904 4386 3226 4450 temporum
3249 4379 3476 4450 repeti?
3508 4381 3583 4433 Ex
3607 4395 3722 4450 quo

2032 4469 2398 4524 manifestum
2436 4473 2539 4536 est,
2584 4473 2642 4523 et
2685 4468 2937 4540 aliquam
2986 4472 3210 4538 partem
3255 4466 3414 4537 pedis
3455 4483 3622 4536 posse
3665 4467 3727 4521 in

2033 4558 2313 4630 principio
2350 4557 2520 4612 metri
2557 4557 2714 4629 poni,
2757 4561 2812 4611 et
2843 4556 3093 4626 aliquam
3127 4555 3182 4608 in
3217 4555 3351 4620 ﬁne,
3387 4559 3444 4608 et
3472 4554 3725 4626 aliquam

2034 4647 2095 4700 in
2134 4646 2379 4701 silentio.
2414 4647 2488 4700 D.
2541 4648 2606 4700 Et
2635 4646 2742 4699 hoc
2779 4643 3148 4698 manifestum
3195 4647 3296 4696 est.
3337 4644 3423 4696 M.
3474 4642 3582 4696 Sed
3623 4643 3727 4696 hoc

2033 4734 2158 4788 ﬁeri
2189 4734 2236 4788 si
2265 4733 2583 4788 dichorium
2629 4733 2883 4786 metiaris
2933 4732 3223 4802 integrum
3263 4731 3322 4783 in
3361 4731 3466 4784 hoc
3498 4735 3720 4785 metro:

2035 4837 2167 4876 nam
2209 4821 2256 4875 si
2301 4822 2638 4887 diiambum,
2689 4825 2746 4875 et
2785 4837 2817 4874 a
2863 4819 3048 4890 capite
3096 4823 3420 4888 anapaestus
3459 4823 3724 4889 ponatur,

2035 4910 2218 4964 cernis
2247 4914 2467 4980 partem
2505 4909 2666 4980 pedis
2700 4908 2759 4962 in
2787 4907 3070 4979 principio
3099 4907 3366 4978 positam,
3395 4922 3523 4977 quae
3555 4906 3724 4960 habet

2027 4999 2150 5069 jam
2192 5002 2437 5068 quatuor
2463 5001 2762 5067 tempora;
2796 4997 2909 5050 duo
2945 5000 3137 5050 autem
3167 5011 3295 5066 qua:
3329 4995 3626 5058 debentur,
3659 4992 3728 5045 si-

2037 5088 2225 5140 lentur
2255 5087 2313 5140 in
2344 5088 2476 5140 line.
2514 5087 2586 5140 Ex
2617 5101 2730 5156 quo
2761 5085 3053 5152 discimus,
3094 5099 3259 5154 posse
3304 5087 3549 5136 metrum
3583 5080 3726 5133 inci-

2038 5190 2172 5246 pere
2216 5191 2250 5228 a
2288 5179 2447 5246 parte
2493 5174 2674 5245 pedis,
2706 5177 2762 5228 et
2810 5173 3067 5228 desinere
3109 5172 3178 5225 ad
3222 5171 3454 5242 plenum
3497 5168 3725 5238 pedem,

2039 5263 2136 5317 sed
2173 5278 2470 5333 nunquam
2517 5262 2640 5316 sine
2675 5261 2922 5317 silentio.
2968 5261 3042 5316 D.
3097 5261 3159 5312 Et
3208 5258 3312 5310 hoc
3358 5255 3724 5326 perspicuum

2039 5355 2138 5406 est.

2106 5478 2120 5510 ι
2163 5476 2240 5545 In.
2267 5473 2631 5545 B,__col_locala,
2657 5475 2904 5545 quatuor,
2939 5470 3131 5519 omissa
3175 5465 3543 5529 praepositione
3583 5478 3725 5526 cum,

1975 5591 1986 5594 _
2041 5551 2200 5599 quam
2229 5536 2280 5584 in
2313 5537 2407 5584 Ms.
2440 5536 2478 5583 A
2509 5536 2814 5598 reperimus.
