4064 6356
379 270 514 323 1139

449 392 533 442 t8.
565 391 638 444 M.
669 388 814 452 Quid
833 390 862 442 ?
886 389 994 443 hoc
1021 393 1267 443 metrum
1296 392 1532 459 potesne
1561 387 1754 442 metiri
1790 391 1846 442 et
1874 387 2061 441 dicere

375 478 583 548 quibus
612 478 852 548 pedibus
881 479 1144 531 constet?

683 567 800 614 Jam
830 565 955 612 satis
984 565 1134 612 terris
1163 565 1318 618 nivis,
1353 568 1506 626 atque
1538 563 1666 612 dira:

687 626 967 674 Grandinis
996 627 1138 673 misit
1169 629 1334 682 Pater,
1361 631 1413 674 et
1441 626 1665 674 rubente

686 690 899 736 Dextera
923 701 1094 736 sacras
1119 687 1378 736 iaculatus
1403 701 1569 735 arces.

931 702 1094 736 sacras
1139 702 1378 736 acuratus
1403 702 1569 735 arces.

931 702 1143 810 (Horal.
1176 749 1264 798 lib.
1299 753 1320 797 1
1357 752 1696 807 Carminum,
1719 749 1818 798 ode
1847 750 1915 809 2.)

377 832 452 884 D.
489 833 726 884 Possum
773 829 1119 883 constituere
1167 829 1226 882 in
1270 828 1452 898 capite
1490 828 1782 892 creticum,
1833 831 1890 880 et
1926 827 2068 881 duos

377 917 566 971 metiri
593 917 848 988 reliquos
874 933 1077 970 senum
1106 921 1433 986 temporum
1465 916 1656 986 pedes,
1697 931 1876 969 unum
1919 914 2068 968 ioni-

375 1022 504 1060 cum
531 1022 562 1059 a
607 1005 832 1075 majori,
883 1006 1132 1058 alterum
1175 1003 1518 1070 dichorium,
1563 1009 1621 1058 et
1676 1003 1843 1057 silere
1888 1019 2067 1056 unum

374 1099 599 1162 tempus
630 1093 779 1163 quod
812 1093 1146 1163 adjungitur
1174 1093 1381 1146 cretico
1411 1097 1476 1146 ut
1503 1108 1600 1145 sex
1629 1095 1887 1162 tempora
1915 1106 2068 1145 com-

373 1183 656 1251 pleantur.
708 1183 794 1234 Μ.
859 1181 1130 1234 Nonnihil
1186 1180 1364 1234 defuit
1421 1179 1865 1234 considerationi
1918 1184 2064 1232 tum:

375 1286 508 1324 nam
538 1285 669 1324 cum
700 1269 989 1323 dichorius
1029 1274 1113 1322 est
1160 1269 1221 1322 in
1251 1269 1384 1333 ﬁne,
1428 1273 1673 1323 restante
1704 1268 1948 1332 silentio,
1983 1269 2069 1322 ul-

376 1357 517 1411 tima
537 1357 660 1425 eius
689 1373 818 1427 qua:
847 1357 1034 1410 brevis
1063 1362 1168 1422 est,
1201 1373 1304 1427 pro
1328 1358 1500 1427 longa
1526 1356 1819 1426 accipitur.
1848 1359 1935 1410 An
1965 1357 2071 1410 hoc

377 1444 654 1513 negabis?
684 1445 756 1497 D.
790 1445 909 1497 Imo
941 1443 1140 1497 fateor.
1174 1445 1260 1498 Μ.
1293 1445 1418 1497 Non
1448 1459 1583 1513 ergo
1613 1443 1881 1496 constitui
1910 1443 2073 1496 decet

378 1532 438 1584 in
459 1532 572 1586 ﬁne
589 1531 935 1598 dichorium,
958 1531 1067 1585 nisi
1081 1533 1238 1585 nullo
1257 1532 1316 1585 in
1332 1531 1668 1602 repetitione
1686 1535 2070 1602 consequente

377 1620 624 1685 silentio,
658 1636 728 1673 ne
775 1636 890 1673 non
926 1621 1048 1690 jam
1086 1619 1398 1686 dichorius,
1427 1621 1536 1674 'sed
1577 1621 1840 1690 epitritus
1869 1636 2070 1673 secun-

377 1709 482 1761 dus
510 1707 804 1761 sentiatur.
835 1710 905 1761 Ι).
941 1708 1296 1762 Manifestum
1323 1712 1426 1762 est.
1459 1707 1757 1772 Quomodo
1789 1723 1926 1777 ergo
1948 1723 2067 1760 me-

376 1795 587 1847 tiemur
614 1795 720 1848 hoc
752 1801 1001 1848 metrum
1022 1794 1050 1848 ?
1083 1799 1142 1849 ι).
1179 1796 1394 1850 Nescio.

377 1881 601 1934 CAPUT
633 1882 765 1934 XIV.
802 1911 869 1920 -—-
903 1885 1254 1949 Persequitur
1283 1885 1547 1935 rationem
1579 1882 1876 1935 adhibendi
1912 1882 2066 1934 silen-

863 1971 941 2024 tia
974 1971 1032 2023 in
1056 1970 1338 2024 metiendis
1375 1972 1579 2024 metris.

445 2057 528 2110 Μ.
561 2056 802 2110 Attende
833 2071 970 2128 ergo
999 2060 1194 2110 utrum
1240 2056 1386 2111 bene
1416 2061 1600 2123 sonet,
1633 2073 1763 2110 cum
1805 2057 1884 2110 ita
1931 2073 2066 2128 pro-

373 2145 596 2209 nuntio,
631 2147 692 2198 ut
715 2148 842 2214 post
869 2149 985 2198 tres
1009 2145 1224 2215 primas
1255 2145 1498 2215 syllabas
1525 2161 1707 2199 unum
1737 2149 1963 2215 tempus
1999 2146 2068 2199 si-

373 2233 558 2287 leam:
590 2233 671 2288 ita
713 2233 868 2286 enim
911 2233 969 2286 in
1011 2232 1125 2286 ﬁne
1173 2233 1319 2286 nihil
1351 2233 1673 2299 debebitur,
1709 2237 1774 2287 ut
1802 2233 2070 2288 decenter

373 2321 452 2374 ibi
481 2321 658 2390 possit
686 2337 808 2375 esse
839 2321 1146 2376 dichorius.
1177 2323 1242 2374 D.
1273 2321 1691 2376 Iucundissime
1721 2325 1906 2375 sonat.

450 2412 532 2463 19.
564 2411 648 2462 Μ.
684 2411 798 2462 Hoc
829 2425 1057 2480 quoque
1083 2409 1260 2478 igitur
1288 2409 1670 2478 adjungamus
1699 2410 1828 2474 arti,
1862 2412 1924 2462 ut
1953 2425 2070 2463 non

375 2497 557 2549 solum
598 2496 657 2548 in
700 2496 836 2563 ﬁne,
877 2497 973 2550 sed
1015 2501 1070 2549 et
1107 2501 1239 2551 ante
1270 2495 1445 2550 ﬁnem
1476 2513 1607 2550 cum
1637 2502 1861 2568 oportet
1903 2497 2068 2551 silea-

374 2600 521 2638 mus.
553 2585 708 2637 Tunc
749 2587 940 2638 autem
970 2589 1214 2654 oportet,
1253 2601 1384 2638 cum
1422 2584 1480 2638 id
1507 2585 1661 2656 quod
1693 2585 1932 2639 debetur
1958 2585 2067 2638 im-

373 2671 601 2742 plendis
635 2672 988 2743 temporibus
1033 2673 1265 2742 pedum,
1299 2677 1395 2726 aut
1423 2672 1752 2726 indecenter
1782 2673 1980 2726 siletur
2007 2673 2068 2726 in

376 2761 487 2814 line
510 2765 744 2831 propter
773 2761 1036 2814 ultimam
1068 2761 1320 2826 brevem,
1352 2765 1416 2815 ut
1441 2761 1502 2814 in
1533 2760 1638 2815 hoc
1669 2761 1823 2832 quod
1850 2761 2066 2816 dictum

374 2853 486 2915 est;
537 2854 636 2902 aut
681 2865 812 2903 cum
859 2849 972 2903 duo
1016 2849 1441 2903 constituuntur
1485 2866 1604 2904 non
1659 2850 1816 2921 pleni
1864 2850 2061 2920 pedes,

343 2975 348 2982 .
382 2953 528 2991 unus
555 2937 616 2990 in
641 2935 842 3008 capite,
875 2937 1016 2991 alter
1045 2937 1106 2991 in
1130 2937 1266 3004 ﬁne,
1297 2938 1482 3008 qualis
1507 2937 1611 2991 iste
1637 2942 1742 3002 est,

653 3025 882 3074 Gentiles
907 3029 1114 3074 nostros
1145 3025 1281 3074 inter
1305 3025 1512 3074 oberrat
1535 3039 1714 3088 equos.

375 3104 582 3159 Senisti
611 3105 788 3174 enim,
831 3110 897 3158 ut
944 3104 1171 3175 opinor,
1215 3120 1306 3158 me
1353 3109 1481 3174 post
1525 3104 1777 3175 quinque
1825 3105 2066 3175 syllabas

375 3193 597 3264 longas,
648 3208 868 3246 moram
905 3192 1154 3246 duorum
1199 3197 1524 3263 temporum
1563 3193 1806 3259 siluisse,
1845 3196 1901 3246 et
1938 3197 2064 3246 tan-

376 3280 632 3334 tumdem
670 3279 730 3332 in
757 3281 869 3333 ﬁne
900 3279 1187 3333 silendum
1216 3285 1317 3347 est,
1349 3281 1489 3334 dum
1518 3280 1739 3334 reditur
1768 3279 1836 3333 ad
1861 3284 2056 3350 caput.

375 3369 432 3422 Si
465 3367 617 3422 enim
655 3367 760 3421 hoc
789 3373 1035 3420 metrum
1066 3368 1138 3422 ad
1162 3368 1345 3437 legem
1379 3384 1470 3421 sex
1502 3372 1828 3438 temporum
1857 3369 2064 3422 metia-

374 3455 496 3521 ris;
529 3455 636 3509 erit
678 3455 783 3509 tibi
827 3455 1046 3526 primus
1095 3454 1401 3524 spondeus,
1445 3457 1724 3510 secundus
1761 3457 2060 3523 molossus,

374 3543 574 3598 tertius
601 3543 981 3604 choriambus,
1023 3547 1257 3614 quartus
1299 3547 1640 3614 anapaestus.
1671 3535 1932 3614 Spondeo
1961 3545 2065 3616 igi-

374 3637 467 3684 tur
494 3631 774 3685 debentur
815 3632 928 3686 duo
974 3635 1234 3702 tempora
1261 3636 1328 3686 ut
1366 3649 1458 3686 sex
1488 3637 1814 3703 temporum
1858 3635 2062 3704 pedem

373 3720 627 3789 impleat,
672 3723 730 3772 et
769 3724 1095 3790 anapaesto:
1132 3719 1327 3791 itaque
1358 3720 1471 3774 duo
1513 3721 1752 3775 silentur
1780 3729 1910 3792 post
1938 3738 2062 3776 mo-

374 3810 585 3862 lossum
605 3811 735 3861 ante
757 3807 950 3871 ﬁnem,
986 3812 1041 3861 et
1069 3807 1181 3862 duo
1211 3813 1340 3878 post
1365 3815 1717 3879 anapazstum
1748 3809 1808 3864 in
1837 3810 1972 3864 ﬁne.
2003 3810 2063 3863 Si

373 3901 562 3950 autem
588 3897 659 3950 ad
691 3896 875 3966 legem
909 3900 1234 3967 temporum
1268 3901 1513 3967 quatuor
1542 3914 1555 3963 ;
1602 3913 1716 3950 una
1751 3898 1926 3968 longa
1954 3897 2064 3952 erit

371 3985 431 4038 in
483 3985 689 4055 capite,
741 3984 943 4038 deinde
990 3984 1134 4038 duos
1185 3984 1458 4038 metimur
1505 3986 1804 4055 spondeos,
1856 3985 2061 4040 deinde

371 4072 513 4127 duos
549 4073 820 4143 dactylos,
866 4078 922 4126 et
968 4077 1095 4142 post
1144 4089 1258 4125 una
1304 4074 1479 4143 longa
1511 4073 1872 4128 concludet‘.
1919 4074 2062 4128 Sile-

371 4176 498 4214 mus
528 4161 719 4230 itaque
761 4161 874 4214 duo
921 4165 1182 4230 tempora
1220 4165 1349 4229 post
1396 4160 1694 4229 geminum
1741 4162 2060 4231 spondeum

369 4253 499 4301 ante
529 4250 726 4313 ﬁnem,
758 4253 815 4301 et
859 4247 971 4301 duo
1000 4247 1062 4300 in
1091 4249 1226 4313 ﬁne,
1262 4253 1326 4301 ut
1354 4248 1522 4301 ambo
1563 4249 1735 4318 pedes
1777 4249 2062 4319 implean-

367 4341 483 4404 tur,
513 4351 758 4406 quorum
783 4335 1047 4388 dimidias
1077 4340 1264 4404 partes
1289 4335 1349 4388 in
1379 4335 1561 4404 capite
1591 4341 1764 4406 atque
1797 4336 1858 4391 in
1884 4341 2062 4392 extre-

368 4436 462 4472 mo
489 4435 802 4489 posuimus.

438 4510 527 4560 20.
568 4508 988 4577 Nonnunquam
1036 4511 1229 4562 tamen
1278 4507 1428 4578 quod
1467 4507 1688 4562 duobus
1728 4525 1844 4563 non
1876 4510 2060 4580 plenis

367 4593 606 4665 pedibus
638 4595 876 4648 debetur
916 4595 975 4649 in
1013 4595 1292 4668 principio
1321 4612 1386 4649 ac
1425 4596 1538 4649 ﬁne
1564 4597 1868 4663 collocatis,
1900 4599 2059 4653 ﬁnali

367 4687 589 4736 tantum
638 4682 865 4736 silentio
905 4684 1165 4738 redditur
1190 4684 1213 4717 ²
1239 4705 1253 4751 ;
1283 4685 1327 4737 si
1359 4689 1586 4739 tantum
1615 4685 1688 4738 sit
1726 4690 1793 4740 ut
1830 4686 2055 4742 dimidii

367 4770 616 4841 spatium
644 4772 805 4841 pedis
836 4788 954 4826 non
984 4774 1232 4840 excedat,
1265 4773 1457 4844 qualia
1484 4774 1604 4828 haec
1634 4774 1747 4829 duo
1775 4779 1945 4830 sunt:

737 4858 899 4924 ξῇινειξΔ
920 4859 1234 4924 laborantes,
1266 4861 1490 4924 geluque

736 4920 979 4969 Flumina
1008 4920 1342 4972 constiterint
1371 4920 1542 4972 acuto.

366 5001 579 5053 Horum
605 4998 758 5053 enim
781 5001 939 5070 prius
964 5001 1163 5072 incipit
1181 5020 1213 5056 a
1239 5003 1669 5073 palimbacchio,
1700 5004 1832 5058 inde
1861 5020 2054 5059 excur-

364 5089 440 5141 rit
458 5087 518 5141 in
550 5089 878 5154 molossum,
903 5093 960 5143 et
988 5089 1218 5144 bacchio
1245 5092 1588 5145 terminatur
1611 5109 1624 5144 :
1652 5091 1892 5146 silentur
1915 5109 2050 5164 ergo

362 5179 475 5232 duo
523 5183 819 5248 tempora;
863 5195 1109 5249 quorum
1140 5196 1320 5233 unum
1367 5181 1622 5249 bacchio,
1654 5181 1896 5235 alterum
1947 5199 2051 5252 pa-

359 5264 698 5319 limbacchio
731 5282 860 5320 cum
889 5265 1223 5332 reddideris,
1255 5284 1389 5322 sena
1417 5268 1630 5338 ubique
1659 5272 1920 5338 tempora
1950 5270 2050 5323 im-

426 5371 439 5402 ¹
459 5370 516 5432 In
545 5370 620 5426 Β..
641 5369 995 5420 concludetur.
1018 5371 1329 5431 Concludet,
1353 5372 1500 5432 iuxta
1520 5374 1640 5421 Mss.
1659 5373 1698 5420 A
1717 5377 1768 5420 et
1793 5374 1848 5421 Β.
1916 5376 1984 5424 Μ.

423 5432 443 5464 ²
468 5431 523 5478 In
543 5433 706 5492 prius
734 5435 959 5492 excusis,
991 5434 1145 5489 ﬁnali
1171 5431 1361 5484 tamen
1374 5435 1582 5483 silentio
1605 5434 1858 5484 redditur.
1889 5438 1953 5485 At
1991 5437 2045 5485 in

363 5492 500 5544 Mss.
523 5489 676 5552 ﬁnali
695 5499 916 5545 tantum.

1628 265 1722 326 DE
1760 265 2045 332 MUSICA,
2086 263 2141 320 S.
2186 263 2570 321 AUGUSTINI

3771 264 3908 316 1140

2175 387 2506 456 plebuntur.
2552 386 2666 438 Hoc
2712 387 2903 437 autem
2943 382 3225 453 posterius
3278 383 3532 455 dactylo,
3559 383 3904 448 inchoatur,

2175 474 2306 528 inde
2345 473 2533 545 pergit
2570 473 2630 526 in
2669 471 3083 537 choriambum,
3134 472 3422 526 clauditur
3458 471 3754 526 bacchio:
3801 471 3906 525 tria

2175 561 2354 632 igitur
2383 567 2644 631 tempora
2673 559 2840 613 silere
2871 559 3193 629 oportebit;
3225 559 3360 614 hinc
3408 577 3601 614 unum
3636 560 3902 625 bacchio,

2176 651 2290 704 duo
2323 650 2543 718 dactylo
2584 647 3036 714 redhibebimus,
3088 652 3150 702 ut
3198 649 3260 702 in
3302 649 3578 704 omnibus
3610 649 3736 703 sint
3767 666 3906 703 sena

2175 742 2454 806 tempora.

2246 827 2336 879 21.
2385 824 2546 879 Prius
2579 828 2771 878 autem
2812 824 3070 878 redditur
3113 825 3270 895 quod
3299 825 3544 879 debetur
3584 825 3902 896 implendo

2177 918 2429 966 extremo
2459 912 2614 983 pedi,
2647 928 2819 983 quam
2848 912 2907 986 in
2937 913 3220 983 principio
3251 914 3589 968 constituto.
3627 916 3755 968 Nec
3796 915 3904 968 ali-

2178 1006 2263 1054 ter
2295 1000 2530 1054 omnino
2570 999 2696 1054 ﬁeri
2725 1015 2889 1054 aures
2921 1001 3135 1054 sinunt.
3170 1001 3280 1054 Nec
3320 1002 3572 1056 mirum:
3625 1002 3692 1057 id
3739 1004 3900 1056 enim

2176 1105 2305 1143 cum
2333 1088 2667 1159 repetimus.
2691 1088 3026 1159 adjungitur
3046 1089 3219 1160 capiti
3249 1090 3401 1160 quod
3431 1107 3670 1161 prorsus
3707 1096 3902 1145 extre-

2177 1192 2336 1230 mum
2367 1181 2469 1230 est.
2502 1177 2696 1246 Itaque
2727 1176 2787 1230 in
2818 1176 2925 1230 hoc
2955 1181 3139 1230 metro
3179 1178 3333 1246 quod
3363 1178 3582 1232 dictum
3615 1183 3731 1247 est,
3775 1181 3902 1233 Flu-

2178 1267 2323 1318 mina
2343 1267 2678 1318 constiterint
2708 1270 2892 1319 acuto:
2919 1281 3049 1318 cum
3070 1265 3180 1319 tria
3207 1271 3472 1337 tempora
3499 1267 3656 1321 senis
3684 1269 3902 1338 utique

2175 1353 2480 1423 implendis
2518 1353 2854 1420 debeantur,
2902 1353 2948 1406 si
2998 1370 3065 1406 ea
3117 1370 3235 1408 non
3287 1355 3510 1408 silentio
3566 1357 3741 1423 velis,
3798 1359 3900 1412 sed

2176 1458 2309 1495 voce
2352 1442 2604 1505 reddere,
2651 1442 2983 1512 possintque
3029 1441 3192 1495 reddi
3240 1445 3295 1494 et
3343 1458 3446 1512 per
3492 1442 3788 1510 iambum,
3845 1448 3902 1497 et

2176 1545 2280 1599 per
2308 1529 2589 1594 chorium,
2639 1534 2695 1584 et
2735 1546 2839 1601 per
2885 1529 3261 1598 tribrachum,
3301 1531 3438 1601 quia
3477 1547 3682 1585 omnes
3720 1538 3901 1586 terna

2176 1624 2436 1688 tempora
2456 1617 2782 1688 possident;
2814 1617 2974 1671 nullo
2998 1618 3169 1672 modo
3189 1634 3256 1670 ea
3277 1635 3380 1688 per
3409 1619 3677 1672 chorium
3717 1621 3896 1674 reddi

2176 1722 2374 1760 sensus
2403 1705 2524 1776 ipse
2553 1705 2856 1776 permittit,
2889 1705 2951 1758 in
2991 1723 3105 1776 quo
3136 1705 3296 1776 prior
3325 1711 3408 1760 est
3437 1707 3609 1777 longa
3637 1708 3895 1778 syllaba,

2176 1795 2358 1848 brevis
2396 1794 2716 1864 posterior:
2753 1794 2808 1847 id
2857 1793 3012 1847 enim
3050 1794 3208 1864 prius
3239 1811 3441 1849 sonare
3486 1795 3678 1862 debet,
3729 1799 3894 1867 quod

2174 1881 2406 1936 bacchio
2457 1882 2698 1936 debetur
2745 1886 3016 1947 extremo,
3050 1882 3106 1935 id
3137 1887 3222 1935 est
3250 1883 3434 1937 brevis
3464 1885 3722 1954 syllaba;
3774 1903 3895 1940 non

2175 1970 2365 2040 longa,
2401 1986 2530 2042 qua:
2562 1970 2783 2041 dactylo
2824 1971 3038 2040 primo.
3093 1970 3246 2025 Licet
3293 1954 3402 2026 boc
3441 1973 3753 2044 explorare
3800 1975 3896 2028 his

2177 2058 2452 2129 exemplis
2474 2076 2487 2112 :

2485 2154 2725 2218 Flumina
2755 2155 3086 2218 constiterint
3113 2160 3268 2204 acuto
3298 2156 3436 2218 gelu.

2489 2217 2729 2280 flumina
2754 2217 3086 2280 constiterint
3114 2222 3264 2280 acute
3296 2217 3485 2280 gelida.

2486 2278 2730 2326 Flumina
2758 2279 3090 2328 constiterint
3117 2279 3172 2327 in
3203 2278 3319 2328 alta
3338 2285 3506 2329 nocte.

2179 2364 2280 2420 Cui
2318 2365 2556 2419 dubium
2585 2369 2690 2433 est,
2729 2365 2840 2419 duo
2880 2365 2979 2419 illa
3019 2365 3268 2420 suaviter
3295 2369 3493 2438 repeti,
3529 2370 3641 2424 hoc
3684 2375 3894 2426 autem

2174 2453 2411 2508 tertium
2436 2453 2595 2507 nullo
2625 2453 2839 2507 modo?

2246 2544 2334 2594 22.
2367 2542 2511 2594 Item
2554 2556 2684 2594 cum
2729 2541 2956 2610 singula
3000 2546 3260 2613 tempora
3307 2544 3548 2614 singulis
3595 2545 3896 2602 debentur

2176 2629 2416 2698 pedibus
2447 2627 2637 2681 minus
2679 2629 2886 2698 plenis,
2920 2629 2966 2682 si
3010 2645 3076 2683 ea
3119 2647 3254 2684 voce
3297 2632 3534 2686 reddere
3562 2633 3730 2700 velis,
3768 2653 3894 2690 non

2174 2717 2308 2770 sinit
2333 2732 2528 2770 sensus
2550 2716 2609 2769 in
2633 2733 2807 2770 unam
2829 2717 3102 2786 syllabam
3126 2721 3402 2773 coarctari
3425 2737 3438 2786 ;
3464 2721 3611 2775 mira
3639 2725 3892 2778 omnino

2167 2804 2417 2874 justitia.
2458 2806 2577 2858 Non
2607 2803 2759 2859 enim
2791 2806 3076 2872 convenit,
3109 2807 3262 2877 quod
3296 2809 3604 2878 separatim
3634 2812 3891 2866 redden-

2173 2893 2310 2947 dum
2339 2897 2441 2959 est,
2481 2909 2596 2946 non
2628 2893 2800 2947 etiam
2832 2893 3109 2948 constitui
3137 2897 3471 2965 separatim.
3511 2899 3799 2962 Quocirca
3828 2901 3892 2955 in

2173 2979 2274 3034 illo
2299 2984 2502 3047 metro,
2535 2983 2704 3036 Silvae
2731 2982 3058 3048 laborantes,
3086 2985 3331 3054 geluque,
3364 2985 3410 3038 si
3440 3003 3614 3041 unam
3646 2989 3888 3060 longam

2172 3085 2278 3138 pro
2328 3068 2553 3123 silentio
2587 3069 2690 3123 ﬁni
2739 3069 2936 3139 addas,
2987 3071 3154 3125 sicuti
3200 3077 3306 3138 est,
3354 3075 3516 3128 Silva:
3566 3077 3888 3133 laborantes

2172 3159 2295 3226 gelu
2332 3158 2488 3224 duro,
2520 3173 2636 3211 non
2674 3158 2919 3227 probant
2941 3175 3108 3212 aures
3133 3177 3145 3224 ;
3183 3161 3329 3214 sicut
3360 3162 3604 3232 probant
3632 3180 3772 3220 cum
3803 3167 3887 3221 di-

2173 3247 2374 3310 cimus,
2413 3247 2574 3300 Silva:
2603 3247 2906 3300 laborantes
2923 3249 3045 3314 gelu
3075 3252 3124 3301 et
3141 3250 3375 3315 frigore.
3418 3249 3582 3314 Quod
3614 3253 3886 3309 satiatis-

2173 3334 2313 3387 sime
2339 3334 2538 3400 sentis,
2570 3349 2700 3387 cum
2723 3334 2948 3405 singula
2975 3336 3207 3404 repetis.

2242 3425 2330 3476 23.
2401 3422 2542 3474 Item
2607 3437 2724 3474 non
2779 3426 3006 3492 oportet
3058 3423 3172 3476 duo
3231 3424 3423 3478 minus
3475 3427 3632 3496 pleni
3698 3431 3887 3500 pedes

2171 3513 2484 3580 ponuntur,
2515 3509 2797 3579 majorem
2826 3509 2884 3563 in
2922 3510 3204 3581 principio
3243 3529 3417 3594 quam
3447 3514 3505 3570 in
3545 3516 3660 3570 ﬁne
3694 3520 3844 3588 poni
3873 3542 3889 3587 ;

2173 3613 2304 3652 nam
2354 3601 2409 3650 ct
2447 3596 2554 3650 hoc
2601 3597 2943 3651 condemnat
2998 3599 3245 3667 auditus,
3298 3606 3570 3672 tanquam
3608 3605 3656 3658 si
3699 3606 3884 3674 dicas,

2173 3687 2446 3754 Optimum
2476 3690 2682 3754 tempus
2711 3685 2866 3738 adest
2897 3687 3130 3751 tandem,
3165 3693 3228 3742 ut
3261 3688 3483 3758 primus
3514 3707 3616 3760 pes
3654 3693 3730 3746 sit
3758 3711 3882 3750 cre-

2171 3772 2334 3838 ticus,
2366 3772 2646 3825 secundus
2677 3772 3064 3839 choriambus,
3096 3774 3296 3828 tertius
3320 3778 3647 3845 spondeus;
3675 3786 3745 3834 ut
3765 3783 3886 3837 tria

2170 3865 2430 3930 tempora
2445 3860 2736 3926 sileamus,
2759 3876 3005 3930 quorum
3027 3861 3140 3916 duo
3163 3863 3446 3919 debentur
3466 3867 3674 3921 ultimo
3698 3887 3884 3940 spon-

2170 3948 2274 4002 deo
2324 3949 2392 4001 ad
2423 3963 2558 4001 sena
2585 3948 2896 4018 implenda,
2930 3953 2984 4002 et
3014 3966 3195 4004 unum
3224 3952 3415 4021 primo
3458 3957 3668 4010 cretico
3724 3963 3801 4012 At
3835 3961 3885 4015 si

2168 4036 2250 4090 ita
2286 4036 2528 4105 dicatur,
2576 4037 2814 4091 Tandem
2865 4043 3070 4107 tempus
3127 4041 3280 4094 adest
3334 4046 3618 4111 optimum,
3668 4048 3883 4104 eadem

2169 4123 2506 4194 interposita
2544 4125 2723 4178 trium
2767 4130 3090 4196 temporum
3115 4128 3289 4198 :mora
3330 4129 3391 4183 in
3438 4131 3695 4199 silentio,
3744 4138 3882 4207 quis

2167 4227 2284 4266 non
2312 4212 2518 4266 sentiat
2537 4213 2950 4282 jucundissime
2967 4216 3160 4285 repeti
3179 4217 3206 4272 ?
3232 4217 3416 4281 Quare
3447 4225 3547 4273 aut
3573 4224 3719 4276 tanti
3751 4242 3883 4295 spa-

2166 4300 2232 4354 tii
2263 4300 2423 4354 decet
2442 4317 2562 4353 esse
2591 4300 2650 4354 in
2681 4301 2795 4355 ﬁne
2824 4302 3016 4356 minus
3040 4304 3274 4373 plenum
3297 4306 3524 4375 pedem,
3557 4311 3764 4379 quanti
3792 4319 3881 4368 est

2165 4386 2227 4441 in
2268 4388 2569 4458 principio,
2613 4393 2678 4442 ut
2715 4389 2855 4443 illud
2902 4391 3063 4445 Silvw
3101 4393 3428 4459 laborantes,
3464 4397 3692 4465 geluque
3724 4417 3738 4453 :
3776 4407 3880 4455 aut

2165 4475 2449 4529 minorem
2498 4475 2560 4529 in
2588 4477 2897 4548 principio,
2925 4483 2981 4532 et
3008 4478 3071 4532 in
3099 4479 3213 4533 ﬁne
3243 4482 3539 4551 majorem,
3575 4485 3759 4540 veluti
3786 4496 3879 4544 est

2163 4565 2414 4618 Flumina
2459 4568 2798 4619 constiterint
2839 4572 3015 4620 acuto.
3067 4569 3265 4638 Neque
3311 4570 3545 4640 injuria,
3589 4574 3726 4644 quia
3768 4578 3874 4630 ubi

2164 4657 2249 4706 est
2277 4653 2593 4722 aequalitas.
2627 4654 2784 4707 nulla
2830 4654 3152 4712 discordia:
3185 4657 3286 4710 ubi
3317 4663 3505 4713 autem
3547 4661 3749 4732 dispar
3788 4671 3879 4720 est

2163 4756 2458 4809 numerus,
2489 4741 2535 4794 si
2576 4758 2609 4795 a
2653 4741 2874 4796 minore
2914 4743 2986 4797 ad
3035 4744 3314 4814 majorem
3346 4747 3662 4815 veniamus,
3711 4757 3782 4806 ut
3811 4753 3874 4808 in

2161 4830 2518 4884 numerando
2559 4831 2722 4898 solet,
2754 4830 2887 4884 facit
2924 4847 3123 4885 rursus
3149 4833 3272 4902 ipse
3303 4835 3442 4888 ordo
3474 4839 3868 4896 concordiam.

2232 4917 2318 4970 24.
2354 4918 2428 4970 Ex
2460 4934 2574 4988 quo
2624 4918 2768 4972 illud
2821 4923 2908 4972 est
2947 4920 3117 4974 etiam
3147 4937 3520 4993 consequens,
3555 4931 3621 4979 ut
3650 4944 3788 4983 cum
3831 4931 3872 4984 ii

2161 5004 2229 5058 de
2251 5005 2459 5075 quibus
2486 5006 2694 5076 agitur,
2720 5006 2909 5060 minus
2929 5008 3087 5077 pleni
3108 5015 3407 5078 ponuntur
3424 5013 3620 5082 pedes,
3653 5016 3700 5069 si
3731 5018 3870 5072 duo-

2157 5093 2262 5147 bus
2283 5095 2418 5147 locis
2441 5095 2826 5165 interponitur
2866 5097 3176 5165 silentium,
3204 5099 3262 5154 id
3286 5105 3369 5154 est
3385 5107 3515 5156 ante
3539 5104 3714 5158 ﬁnem
3735 5108 3866 5161 etin

2157 5183 2270 5237 ﬁne
2293 5201 2306 5250 ;
2339 5188 2562 5237 tantum
2579 5190 2709 5238 ante
2729 5186 2904 5240 ﬁnem
2931 5187 3165 5241 sileatur
3187 5196 3468 5259 quantum
3498 5194 3746 5248 debetur
3772 5214 3866 5251 ex-

2156 5276 2360 5334 tremo,
2385 5276 2606 5326 tantum
2628 5279 2819 5327 autem
2837 5274 2896 5327 in
2920 5277 3034 5328 ﬁne
3057 5283 3336 5346 quantum
3362 5280 3577 5335 scilicet
3598 5284 3794 5352 primo
3813 5289 3860 5352 l;

2154 5359 2292 5430 quia
2320 5359 2577 5414 medium
2607 5361 2791 5416 tendit
2819 5363 2890 5416 ad
2919 5363 3092 5418 ﬁnem
3117 5381 3129 5431 ;
3163 5381 3198 5419 a
3225 5365 3339 5420 ﬁne
3372 5384 3504 5422 vero
3537 5371 3606 5424 ad
3639 5373 3862 5441 princi-

2220 5503 2231 5533 ¹
2264 5500 2374 5549 Am.
2398 5500 2480 5548 Er.
2507 5501 2630 5549 Lov.
2662 5502 2734 5549 sic
2754 5501 2982 5553 habent:
3012 5506 3286 5564 Quantum
3309 5508 3515 5559 scilicet
3535 5513 3820 5574 principio
3849 5532 3860 5568 ;
