4064 6356
129 307 278 359 1141

123 425 310 494 pium
331 425 686 480 redeundum
707 429 807 479 est.
829 425 886 479 Si
907 429 1100 481 autem
1120 425 1352 498 utrique
1373 428 1728 482 tantumdem
1751 429 1839 482 de-

123 514 334 580 betur,
362 515 521 568 nulla
548 515 932 570 controversia
961 521 1044 570 est
1081 516 1222 586 quin
1251 521 1473 570 tantum
1506 524 1634 572 ante
1667 519 1841 572 finem

123 609 423 673 quantum
445 603 505 657 in
526 603 641 657 fine
663 604 946 658 silendum
966 605 1057 659 sit.
1080 604 1245 659 Sileri
1264 611 1454 660 autem
1477 611 1703 676 oportet
1724 623 1840 660 non

122 690 250 744 nisi
271 691 372 746 ubi
388 692 728 746 terminatur
743 709 874 763 pars
889 693 1183 748 orationis.
1207 694 1271 747 In
1285 693 1356 748 iis
1371 699 1565 748 autem
1587 695 1840 749 numeris

124 779 236 849 qui
273 795 395 834 non
424 780 607 834 verbis
639 779 846 844 fiunt‘,
876 782 976 836 sed
1005 781 1198 852 aliquo
1228 783 1399 852 pulsu
1427 784 1514 837 vel
1550 785 1708 849 ﬂatu,
1750 785 1836 838 vel

121 867 328 937 ipsam
346 869 517 922 etiam
533 867 747 937 lingua,
760 868 984 922 nullum
1004 867 1064 922 in
1076 870 1180 923 hac
1192 885 1253 923 re
1274 869 1578 924 discrimen
1591 877 1696 940 est,
1711 877 1841 941 post

122 972 318 1027 quam
348 972 542 1010 vocem
571 957 1064 1026 percussionemve
1084 957 1344 1023 sileatur;
1369 959 1536 1014 modo
1559 964 1622 1013 ut
1651 960 1841 1030 legiti-

122 1061 300 1099 mum
332 1045 641 1099 secundum
675 1045 1029 1116 supradictas
1062 1046 1306 1100 rationes
1334 1047 1645 1102 intercedat
1672 1048 1839 1101 silen-

118 1133 304 1187 tium.
355 1133 735 1198 Quamobrem
785 1137 839 1187 et
869 1150 902 1186 a
942 1134 1164 1187 duobus
1207 1140 1390 1205 potest
1439 1136 1628 1190 minus
1653 1136 1836 1208 plenis

121 1221 380 1292 pedibus
429 1225 678 1275 metrum
722 1221 994 1290 incipere,
1024 1222 1070 1276 si
1120 1227 1311 1276 tamen
1362 1224 1658 1295 utriusque
1700 1240 1836 1278 con-

115 1312 399 1379 junctum
447 1310 698 1380 spatium
744 1309 934 1363 minus
983 1327 1099 1364 non
1129 1311 1220 1378 sit,
1274 1328 1447 1383 quam
1496 1319 1687 1382 posset
1715 1329 1835 1367 esse

119 1399 310 1453 unius
336 1403 392 1454 et
424 1399 650 1453 dimidii
674 1399 833 1468 pedis
857 1416 869 1464 ;
903 1415 1036 1452 nam
1061 1417 1231 1471 supra
1255 1400 1523 1468 diximus,
1547 1407 1668 1454 tum
1690 1406 1835 1455 recte

121 1488 268 1558 poni
301 1487 446 1541 duos
484 1489 673 1541 minus
701 1489 898 1558 plenos
931 1489 1126 1557 pedes,
1165 1505 1295 1542 cum
1328 1489 1383 1542 id
1415 1489 1566 1560 quod
1597 1490 1837 1544 debetur

121 1575 434 1640 ambobus,
467 1591 584 1628 non
613 1575 816 1628 transit
843 1576 1024 1645 spatio
1048 1575 1255 1645 pedem
1287 1576 1619 1630 dimidium:
1650 1593 1832 1630 exem-

119 1663 293 1733 plum
327 1667 442 1730 est,
471 1665 673 1717 Montes
717 1665 897 1728 acuti;
942 1667 1006 1717 ut
1051 1667 1149 1718 aut
1180 1663 1239 1717 in
1268 1663 1382 1717 ﬁne
1427 1665 1534 1718 tria
1576 1669 1836 1735 tempora
1867 1651 1878 1662 ’

120 1750 424 1817 sileamus,
455 1756 552 1805 aut
581 1768 760 1805 unum
788 1756 1014 1822 tempus
1044 1757 1174 1822 post
1198 1752 1538 1823 spondeum,
1564 1758 1620 1807 et
1642 1753 1754 1807 duo
1775 1754 1835 1808 in

120 1840 261 1894 fine.
317 1839 500 1894 Aliter
552 1839 707 1893 enim
750 1841 860 1894 hoc
906 1845 1155 1894 metrum
1199 1840 1602 1896 convenienter
1643 1843 1832 1896 metiri

121 1944 242 1982 non
265 1931 482 1999 potest.

355 2027 582 2081 CAPUT
610 2027 718 2080 XV.
750 2056 818 2064 -—-
848 2029 978 2080 Item
1007 2025 1073 2080 de
1101 2027 1312 2081 silentio
1341 2030 1399 2081 in
1427 2030 1612 2082 metris

779 2115 1183 2184 interponendo.

194 2204 296 2258 25.
338 2202 422 2257 Sit
444 2202 553 2256 hoc
578 2202 748 2257 etiam
782 2203 842 2257 in
872 2203 1196 2274 disciplina,
1239 2207 1300 2258 ut
1336 2220 1466 2259 cum
1499 2208 1628 2258 ante
1659 2204 1834 2260 ﬁnem

124 2293 388 2360 silemus,
418 2310 533 2347 non
562 2293 643 2347 ibi
670 2311 801 2364 pars
831 2294 1102 2348 orationis
1129 2294 1287 2349 brevi
1317 2295 1528 2365 syllaba
1558 2295 1830 2350 termine-

124 2386 238 2448 tur,
276 2399 352 2436 ne
397 2383 710 2437 secundum
751 2383 909 2436 illam
939 2399 1088 2454 saepe
1127 2389 1634 2438 commemoratam
1662 2401 1832 2454 regu-

125 2469 265 2535 lam,
291 2487 398 2542 pro
430 2471 600 2542 longa
630 2487 757 2525 eam
788 2488 984 2525 sensus
1009 2471 1265 2542 accipiat,
1287 2478 1560 2543 sequente
1583 2471 1828 2526 silentio.

127 2560 328 2629 Itaque
358 2559 420 2612 in
451 2560 559 2613 hoc
592 2565 800 2628 metro,
830 2561 1100 2614 Montibus
1130 2563 1323 2627 acutis,
1364 2577 1481 2614 non
1527 2577 1832 2630 possumus

125 2647 295 2701 silere
326 2652 460 2718 post
489 2648 778 2718 dactylum
819 2653 1044 2720 tempus
1084 2665 1286 2719 unum,
1327 2651 1476 2720 quod
1505 2656 1633 2721 post
1662 2667 1831 2720 spon-

124 2737 297 2789 deum
329 2736 392 2790 in
419 2737 712 2808 superiore
751 2742 1113 2808 poteramus;
1147 2755 1216 2792 ne
1248 2755 1362 2792 non
1394 2740 1516 2808 jam
1553 2739 1828 2808 dactylus,

126 2824 226 2878 sed
256 2824 504 2879 creticus
547 2825 856 2880 sentiatur:
903 2831 1072 2897 atque
1116 2828 1193 2881 ita
1241 2844 1358 2881 nou
1388 2828 1609 2881 duobus
1640 2827 1832 2880 minus

128 2913 315 2985 plenis
345 2914 612 2984 pedibus,
651 2916 806 2985 quod
835 2932 988 2969 nunc
1016 2915 1495 2980 demonstramus,
1530 2916 1628 2970 sed
1657 2917 1830 2986 pleno

128 3002 388 3056 dichorio
412 3007 469 3056 et
498 3003 698 3056 ultimo
724 3004 974 3074 spondeo
1000 3009 1249 3058 metrum
1272 3008 1528 3058 constare
1553 3004 1828 3072 videatur,

127 3090 306 3144 duum
338 3095 669 3162 temporum
697 3091 923 3146 silentio
954 3093 1015 3145 in
1046 3092 1158 3146 fine
1187 3093 1496 3147 reddendo.

195 3181 285 3233 26.
319 3180 431 3234 Sed
465 3179 607 3234 illud
636 3181 954 3234 notandum
984 3185 1085 3247 est,
1117 3181 1176 3234 in
1205 3180 1488 3251 principio
1509 3180 1695 3251 posito
1727 3179 1832 3234 mi-

127 3283 235 3322 nus
263 3269 439 3339 pleno
463 3269 616 3340 pedi,
652 3274 751 3322 aut
778 3269 994 3323 ibidem
1021 3270 1182 3324 reddi
1215 3270 1472 3324 debitum
1515 3286 1619 3339 per
1656 3269 1829 3324 silen-

127 3356 295 3423 tium,
325 3357 494 3410 sicuti
527 3361 630 3422 est,
665 3360 787 3410 Jam
814 3360 948 3411 satis
981 3360 1140 3411 terris
1166 3360 1309 3412 nivis
1339 3363 1501 3426 atque
1530 3359 1698 3412 dirae:
1731 3362 1831 3410 aut

128 3445 183 3497 in
213 3445 350 3511 ﬁne,
386 3446 562 3506 velut,
599 3446 812 3514 Segetes
840 3462 985 3500 meus
1012 3447 1180 3500 labor.
1222 3446 1407 3500 Minus
1436 3451 1628 3500 autem
1657 3447 1828 3516 pleno

127 3534 259 3603 pedi
289 3534 392 3605 qui
431 3533 490 3587 in
518 3534 631 3588 fine
661 3534 914 3604 ponitur,
945 3540 1046 3588 aut
1084 3535 1298 3590 ibidem
1326 3536 1550 3589 restitui
1578 3534 1827 3605 silentio,

129 3622 281 3690 quod
326 3622 587 3688 debetur,
620 3627 685 3676 ut
721 3623 781 3676 in
806 3623 924 3691 illo,
964 3626 1041 3678 Ite
1070 3627 1244 3692 igitur
1289 3627 1581 3680 Camaenz:
1627 3628 1725 3677 aut
1768 3623 1831 3676 in

130 3709 317 3780 aliquo
349 3711 422 3765 de
452 3710 652 3764 mediis
682 3711 826 3777 loco,
864 3713 1037 3765 veluti
1065 3713 1124 3765 in
1155 3713 1281 3778 hoc,
1322 3715 1425 3767 Ver
1456 3712 1714 3766 blandum
1744 3714 1826 3766 vi-

131 3803 210 3863 get
233 3803 408 3866 arvis,
449 3799 603 3853 adest
640 3801 827 3867 hospes
868 3801 1121 3853 hirundo.
1167 3802 1355 3854 Unum
1399 3799 1552 3854 enim
1601 3804 1826 3868 tempus

130 3887 276 3955 quod
309 3889 554 3942 debetur
581 3887 782 3940 ultimo
809 3888 1060 3947 bacchio,
1098 3889 1187 3941 vel
1230 3893 1358 3958 post
1395 3893 1578 3941 totum
1617 3903 1827 3942 nume—

129 3988 252 4028 rum
273 3976 433 4030 sileri
454 3979 660 4045 potest,
684 3976 772 4028 vel
793 3984 922 4046 post
946 3976 1197 4045 primum
1219 3978 1338 4045 ejus
1370 3976 1591 4030 numeri
1621 3976 1827 4046 pedem

132 4062 462 4128 molossum,
513 4063 601 4117 vel
644 4063 954 4116 secundum
1000 4063 1252 4116 ionicum
1301 4081 1332 4116 a
1377 4063 1615 4117 minore.
1667 4063 1827 4126 Quod

131 4165 258 4203 vero
285 4151 490 4206 mediis
519 4152 665 4205 forte
695 4152 885 4205 minus
915 4152 1100 4222 plenis
1121 4151 1362 4222 pedibus
1383 4151 1558 4206 debiti
1581 4156 1681 4219 est,
1712 4168 1826 4206 non

133 4238 237 4292 nisi
263 4240 483 4294 ibidem
509 4241 666 4294 reddi
695 4245 914 4311 potest:
936 4246 1000 4295 ut
1023 4245 1122 4306 est,

309 4329 456 4378 Tuba
485 4329 770 4379 terribilem
795 4330 1026 4378 sonitum
1056 4329 1201 4380 dedit
1224 4344 1328 4380 aere
1357 4343 1536 4380 curvo.

131 4405 184 4459 Si
213 4408 368 4464 enim
397 4409 478 4463 sic
527 4410 832 4464 metiamur
874 4411 982 4464 hoc
1033 4414 1298 4474 metrum,
1345 4414 1408 4463 ut
1450 4409 1700 4480 primum
1742 4409 1823 4463 fa-

133 4493 340 4549 ciamus
373 4504 748 4568 anaprestum,
782 4499 1094 4552 secundum
1138 4498 1391 4552 ionicum
1422 4497 1738 4567 quemlibet
1766 4497 1824 4551 in

133 4582 352 4650 syllabis
401 4586 675 4656 quinque,
723 4586 910 4640 soluta
955 4586 1166 4639 scilicet
1191 4587 1363 4656 longa
1401 4585 1487 4637 vel
1521 4584 1710 4654 prima
1736 4586 1822 4638 vel

133 4670 328 4726 ultima
356 4673 417 4728 in
447 4675 587 4728 duas
611 4675 827 4740 breves,
851 4673 1084 4728 tertium
1115 4674 1531 4737 choriambum,
1556 4673 1824 4726 ultimum

134 4756 461 4816 bacchium:
506 4763 614 4816 tria
642 4767 812 4817 erunt
851 4768 1111 4832 tempora
1149 4761 1209 4815 in
1248 4761 1460 4826 debito,
1506 4777 1685 4814 unum
1723 4777 1822 4814 ex-

135 4848 310 4902 tremo
341 4851 573 4904 bacchio
603 4851 981 4918 reddendum,
1015 4855 1070 4904 et
1089 4851 1200 4904 duo
1221 4853 1508 4920 anapzesto
1536 4849 1738 4919 primo,
1764 4854 1827 4903 ut

135 4949 263 4989 sena
290 4941 705 5009 compleantur.
738 4940 846 4994 Sed
867 4940 974 4993 hoc
995 4945 1179 4993 totum
1203 4938 1450 5009 spatium
1481 4937 1657 4991 trium
1687 4943 1826 4991 tem-

136 5036 336 5089 porum
365 5029 425 5082 in
454 5029 568 5082 fine
597 5029 752 5082 sileri
780 5033 982 5099 potest.
1021 5031 1091 5083 At
1130 5028 1176 5081 si
1205 5029 1276 5081 ab
1305 5027 1527 5096 integro
1557 5027 1700 5096 pede
1729 5026 1823 5080 in-

137 5108 325 5180 cipias,
376 5116 630 5187 quinque
674 5117 914 5187 syllabas
960 5116 1174 5186 primas
1203 5133 1307 5187 pro
1347 5115 1600 5186 quolibet
1639 5114 1824 5168 ionico

140 5257 255 5322 quia
279 5256 506 5322 medium
529 5257 772 5322 tenditur!
789 5255 969 5322 linem,
995 5259 1039 5307 si
1059 5271 1228 5322 unam‘
1257 5258 1587 5322 longampro
1615 5256 1825 5306 silentio

138 5311 226 5383 ﬁni
245 5318 428 5383 (rddas,
452 5321 616 5373 simili.
644 5311 799 5367 sum:
831 5311 1128 5368 laborantes
1155 5320 1271 5383 gelu
1306 5311 1455 5368 duro.
1479 5311 1514 5368 ἒι
1550 5320 1653 5377 ﬁne
1682 5333 1825 5376 vero,

141 5381 232 5453 etc.
259 5380 492 5453 Plerique
519 5384 855 5453 autem_l\l_ss‘.,
885 5380 1606 5453 quantum'scilicetprtmo:
1626 5383 1826 5453 supple,

144 5444 311 5488 minus
332 5444 501 5507 pleno
538 5445 657 5507 pedi
681 5445 916 5493 debetur.
963 5445 1146 5492 Postea
1177 5449 1356 5492 carent
1386 5445 1526 5492 hisce
1557 5444 1744 5497 verbis.
1783 5446 1828 5490 si

145 5512 303 5568 unum
324 5505 580 5568 longam,
607 5507 734 5564 Quae
755 5507 1008 5568 exigente
1026 5519 1183 5554 sensu
1213 5507 1554 5554 removimus.

205 5565 217 5594 ¹
242 5563 316 5612 ita
344 5563 463 5616 Mss.
491 5563 702 5617 At’editi
732 5563 943 5626 habént,
974 5567 1263 5626 ﬁniuntur.

1588 306 1799 363 LIBER
1838 304 2186 373 QUARTUS.

3517 312 3651 365 1142

1957 429 2208 490 metitus,
2233 429 2490 500 sequitur
2517 429 2916 484 choriambus:
2951 429 3083 484 inde
3110 431 3231 500 jam
3273 431 3477 501 pedem
3501 431 3651 485 inte-

1951 533 2117 588 grum
2139 533 2255 570 non
2279 518 2532 571 invenies
2557 535 2569 571 :
2596 518 2860 588 quocirca
2880 519 3050 572 unius
3070 519 3257 586 longae
3280 519 3461 588 spatio
3482 519 3648 573 silere

1952 606 2266 675 oportebit:
2301 622 2413 676 quo
2445 611 2835 672 annumerato,
2870 606 3236 661 choriambus
3267 609 3411 661 alter
3443 607 3645 676 imple-

1949 693 2133 760 bitur;
2179 693 2412 748 bacchio
2446 695 2668 765 reliquo
2707 699 2956 750 metrum
2985 696 3274 764 clausuro,
3302 695 3394 748 cui
3422 699 3648 766 tempus

1948 797 2131 836 unum
2163 781 2417 836 debitum
2448 782 2635 836 silebis
2659 782 2718 835 in
2746 783 2880 837 fine.

2018 874 2106 924 27.
2143 871 2300 925 Unde
2326 871 2448 941 jam
2473 886 2594 924 esse
2623 871 2828 940 opinor
2854 872 3242 944 perspicuum,
3273 887 3404 926 cum
3433 871 3492 925 in
3523 886 3644 925 me-

1951 959 2058 1012 diis
2086 959 2286 1014 siletur
2321 959 2480 1025 locis,
2513 963 2612 1012 aut
2639 974 2706 1012 ea
2743 959 2964 1013 restitui
2994 965 3249 1031 tempora
3279 977 3408 1031 quas
3439 961 3498 1014 in
3530 961 3644 1014 fine

1949 1047 2248 1114 debentur,
2279 1052 2378 1101 aut
2402 1063 2468 1100 ea
2493 1063 2620 1117 qua:
2648 1046 2729 1099 ibi
2749 1047 3027 1100 debentur
3044 1049 3142 1102 ubi
3167 1049 3382 1103 siletur.
3409 1049 3514 1103 Sed
3548 1048 3647 1101 ali-

1949 1137 2177 1206 quando
2207 1153 2323 1190 non
2362 1141 2447 1190 est
2490 1151 2716 1189 necesse
2760 1140 2824 1188 ut
2871 1135 3103 1188 sileatur
3132 1137 3192 1189 in
3238 1138 3462 1204 mediis,
3513 1151 3642 1190 cum

1947 1230 2134 1293 potest
2162 1225 2326 1279 aliter
2355 1230 2604 1278 metrum
2634 1224 2843 1289 metiri,
2867 1229 2932 1278 ut
2951 1223 3011 1276 in
3037 1240 3102 1277 eo
3131 1226 3282 1294 quod
3308 1227 3478 1295 paulo
3512 1229 3641 1278 ante

1946 1314 2263 1382 posuimus.
2316 1312 2640 1384 Aliquando
2679 1317 2868 1366 autem
2918 1328 3144 1366 necesse
3191 1317 3292 1379 est,
3336 1319 3400 1367 ut
3428 1314 3488 1368 in
3513 1314 3639 1379 hoc,

1953 1403 2155 1456 Vernat
2183 1404 2477 1471 temperies,
2501 1417 2648 1455 auras
2682 1405 2877 1470 tepent,
2909 1406 3034 1456 "sunt
3064 1402 3269 1456 deliciae
3299 1420 3314 1454 :
3350 1418 3484 1455 nam
3525 1419 3643 1455 ma-

1945 1491 2214 1544 nifestum
2245 1495 2328 1544 est
2355 1491 2526 1543 istum
2567 1505 2894 1555 numerum,
2927 1494 3026 1543 aut
3056 1493 3467 1560 quaternorum
3499 1494 3642 1543 tem-

1944 1595 2174 1649 porum,
2200 1589 2297 1632 aut
2313 1594 2579 1632 senorum
2599 1578 2841 1648 pedibus
2858 1593 3105 1631 currere.
3124 1577 3181 1631 Si
3206 1582 3644 1646 quaternorum,

1945 1668 2228 1722 silendum
2258 1672 2343 1721 est
2372 1683 2555 1721 unum
2583 1673 2810 1737 tempus
2833 1670 2960 1735 post
2979 1665 3254 1736 syllabam
3287 1671 3566 1733 octavam,
3592 1671 3647 1720 et

1945 1757 2007 1810 in
2034 1757 2146 1810 fine
2175 1757 2324 1822 duo;
2366 1755 2636 1809 metiatur
2673 1755 2861 1824 primo
2901 1755 3204 1825 spondeus,
3249 1755 3496 1807 secundo
3543 1755 3644 1808 da-

1944 1845 2148 1916 ctylus,
2185 1844 2353 1898 tertio
2395 1843 2698 1913 spondeus,
2735 1848 2937 1912 quarto
2973 1843 3228 1912 dactylus
3267 1847 3642 1897 annumerato

1943 1938 2076 2004 post
2102 1934 2334 2002 longam
2373 1932 2620 1999 silentio,
2666 1931 2802 2002 quia
2830 1935 2958 2002 post
2983 1946 3214 1985 nrevem
3247 1947 3361 1986 non
3393 1935 3639 2001 oportet,

1945 2021 2148 2092 quinto
2189 2021 2493 2091 spondeus,
2543 2024 2698 2073 sexto
2745 2019 3019 2090 dactylus,
3069 2019 3275 2074 ultima
3317 2021 3490 2090 longa
3528 2036 3642 2090 qua

1942 2125 2219 2164 numerus
2238 2108 2541 2173 clauditur,
2573 2107 2661 2160 cui
2689 2107 2803 2161 duo
2825 2111 3084 2177 tempora
3106 2107 3297 2162 debita
3317 2107 3557 2161 silentur
3581 2107 3640 2161 in

1943 2197 2078 2252 ﬁne.
2112 2197 2171 2252 Si
2200 2201 2393 2252 autem
2435 2212 2702 2250 senorum
2739 2199 3068 2266 temporum
3105 2195 3196 2249 hic
3229 2195 3502 2249 metimur
3541 2213 3639 2266 pe-

1944 2287 2062 2353 des,
2107 2287 2328 2357 primus
2376 2285 2486 2340 erit
2527 2286 2828 2349 molossus,
2876 2284 3156 2338 secundus
3195 2283 3414 2338 ionicus
3457 2302 3490 2338 a
3533 2286 3642 2338 mi-

1942 2390 2102 2440 nore,
2132 2373 2334 2428 tertius
2363 2372 2602 2426 creticus
2625 2371 2725 2442 qui
2754 2372 2818 2426 ﬁt
2846 2371 3136 2426 dichorius
3166 2372 3434 2442 adjuncto
3466 2372 3638 2425 silen-

1942 2462 2024 2516 tio
2051 2462 2224 2516 unius
2251 2461 2543 2531 temporis,
2577 2465 2814 2531 quartus
2834 2460 3056 2514 ionicus
3075 2477 3108 2513 a
3136 2461 3354 2530 majore
3385 2465 3442 2514 et
3471 2461 3641 2530 longa

1943 2551 2164 2617 ultima,
2189 2555 2320 2621 post
2339 2565 2511 2620 quam
2533 2552 2778 2620 quatuor
2803 2553 3064 2619 tempora
3085 2549 3420 2602 silebuntur.
3445 2550 3642 2602 Posset

1944 2639 2126 2705 aliter,
2156 2643 2220 2692 ut
2257 2654 2372 2692 una
2401 2639 2570 2708 longa
2599 2637 2658 2690 in
2688 2636 2971 2707 principio
3010 2637 3310 2702 locaretur,
3345 2652 3518 2707 quam
3549 2652 3640 2688 sc-

1943 2731 2216 2797 queretur
2243 2726 2465 2780 ionicus
2494 2741 2528 2778 a
2557 2726 2792 2795 majore,
2847 2724 3054 2779 deinde
3088 2725 3388 2790 molossus,
3433 2723 3640 2778 deinde

1941 2815 2226 2882 bacchius,
2258 2815 2356 2885 qui
2383 2814 2547 2867 ﬁeret
2568 2813 2914 2882 antispastus
2935 2813 3201 2882 adjuncto
3223 2812 3447 2866 silentio
3468 2812 3641 2865 unius

1943 2903 2243 2974 temporis;
2281 2903 2519 2956 ultimus
2547 2901 2913 2955 choriambus
2944 2905 3190 2954 metrum
3222 2901 3530 2964 clauderet,
3564 2900 3640 2954 ita

1941 2997 2005 3046 ut
2029 2995 2274 3063 quatuor
2293 2996 2619 3060 temporum
2639 2990 2698 3043 in
2726 2989 2838 3043 fine
2861 2988 3154 3043 silentium
3174 2989 3508 3043 redderetur
3538 2989 3639 3042 uni

1939 3081 2128 3150 longae
2158 3079 2218 3133 in
2257 3079 2538 3150 principio
2586 3078 2924 3132 constitutas.
2980 3077 3088 3131 Sed
3136 3092 3302 3131 aures
3342 3077 3510 3130 istam
3552 3076 3640 3130 di-

1941 3169 2300 3223 mensionem
2343 3167 2676 3238 repudiant;
2710 3165 2845 3237 quia
2881 3181 3012 3236 pars
3049 3165 3210 3236 pedis
3257 3165 3316 3219 in
3353 3164 3638 3237 principio

1939 3259 2232 3323 collocata,
2264 3256 2375 3310 nisi
2405 3256 2591 3325 major
2619 3270 2794 3326 quam
2831 3253 3069 3308 dimidia
3098 3253 3286 3315 fuerit,
3336 3267 3454 3305 non
3485 3256 3634 3306 recte

1940 3346 2024 3400 illi
2053 3349 2182 3417 post
2199 3345 2436 3415 plenum
2467 3344 2669 3415 pedem
2692 3342 2850 3396 ﬁnali
2882 3341 3108 3395 silentio
3130 3340 3390 3395 redditur
3417 3340 3519 3394 ubi
3540 3340 3637 3394 de-

1938 3435 2138 3489 betur:
2169 3433 2266 3488 sed
2295 3432 2419 3486 aliis
2455 3431 2803 3502 interpositis
2850 3430 3108 3502 pedibus;
3153 3429 3362 3483 scimus
3405 3428 3637 3499 quidem

1941 3526 2221 3594 quantum
2266 3521 2571 3581 debeatur;
2607 3520 2707 3574 sed
2747 3535 2865 3574 non
2903 3518 3408 3588 comprehenditur
3446 3533 3639 3587 sensu,

1939 3617 2003 3666 ut
2027 3617 2187 3666 tanto
2215 3611 2395 3681 spatio
2427 3610 2682 3679 sileatur,
2714 3609 2823 3663 nisi
2857 3608 3046 3662 minus
3075 3608 3348 3662 debeatur
3374 3606 3435 3660 in
3465 3607 3636 3660 silen-

1939 3701 2018 3754 tio
2051 3715 2224 3770 quam
2268 3698 2520 3769 positum
2549 3702 2632 3751 est
2658 3698 2720 3751 in
2773 3713 2952 3751 sono:
3007 3696 3143 3766 quia
3185 3711 3314 3748 cum
3359 3695 3635 3764 majorem

1937 3793 2162 3859 partem
2192 3787 2350 3858 pedis
2377 3803 2479 3840 vox
2522 3785 2825 3856 peregerit,
2860 3785 3048 3837 minor
3093 3799 3222 3854 quas
3265 3781 3487 3852 reliqua
3529 3788 3634 3851 est,

1939 3876 2286 3946 ubicumque
2313 3875 2476 3929 facile
2507 3874 2768 3928 occurrit.

2009 3967 2097 4019 28.
2131 3963 2514 4028 Quamobrem
2555 3962 2722 4016 metri
2751 3961 2904 4032 quod
2939 3961 3043 4014 sub
3075 3961 3184 4014 hoc
3225 3959 3481 4029 exemplo
3527 3975 3632 4028 po-
3675 3951 3682 3956 ’

1938 4053 2176 4118 suimus,
2232 4054 2434 4107 Vernat
2483 4054 2779 4119 temperies,
2830 4066 2978 4103 aura:
3008 4054 3202 4118 tepent,
3235 4051 3359 4102 sunt
3387 4047 3628 4101 deliciae:

1937 4159 2069 4197 cum
2099 4143 2172 4195 sit
2200 4158 2316 4195 una
2361 4139 2694 4205 necessaria,
2741 4155 2914 4210 quam
2941 4138 3210 4203 diximus,
3255 4135 3555 4201 dimensio,
3586 4137 3630 4189 si

1937 4235 2065 4302 post
2093 4227 2372 4285 decimam
2402 4230 2524 4299 ejus
2549 4229 2823 4299 syllabam
2847 4232 3072 4296 tempus
3093 4241 3274 4279 unum
3303 4224 3555 4289 sileatur,
3580 4233 3635 4278 et

1937 4323 2184 4391 quatuor
2223 4319 2282 4372 in
2335 4318 2474 4384 ﬁne;
2532 4321 2614 4370 est
2669 4317 2779 4369 alia
2830 4314 3166 4378 voluntaria,
3229 4313 3274 4366 si
3325 4312 3452 4383 quis
3505 4318 3636 4383 post

1937 4411 2149 4462 sextam
2190 4406 2462 4478 syllabam
2497 4405 2631 4459 velit
2675 4404 2842 4458 silere
2882 4403 2994 4458 duo
3037 4407 3316 4472 tempora,
3365 4404 3420 4454 et
3454 4416 3634 4454 unum

1935 4499 2063 4567 post
2111 4494 2492 4555 undecimam,
2534 4497 2591 4546 et
2627 4493 2739 4547 duo
2779 4492 2838 4545 in
2877 4491 3026 4546 fine:
3059 4495 3125 4544 ut
3151 4489 3224 4544 sit
3260 4491 3322 4543 in
3353 4487 3632 4560 principio

1937 4583 2240 4654 spondeus,
2274 4585 2544 4653 sequatur
2573 4582 2725 4635 hunc
2757 4580 3138 4640 choriambus,
3172 4579 3342 4632 tertio
3381 4579 3632 4648 spondeo
3684 4561 3691 4577 ’

1937 4671 2227 4726 silentium
2253 4671 2432 4724 duum
2471 4677 2794 4740 temporum
2840 4671 3272 4735 annumeretur,
3307 4670 3370 4720 ut
3396 4667 3482 4719 vel
3512 4683 3635 4719 mo-

1936 4761 2118 4814 lossus
2162 4761 2246 4812 vel
2296 4776 2329 4812 a
2379 4759 2602 4812 minoro
2655 4758 2874 4812 ionicus
2921 4758 3039 4825 fiat,
3084 4761 3322 4827 quartus
3365 4755 3633 4809 bacchius

1936 4849 2202 4918 adjuncto
2232 4847 2431 4901 itidem
2462 4846 2686 4900 silentio
2717 4846 2889 4900 unius
2927 4844 3203 4916 temporis
3238 4841 3338 4898 fiat
3376 4843 3632 4912 antispa-

1936 4943 2074 5002 stus,
2103 4936 2302 5005 quinto
2341 4935 2671 4989 choriambo
2703 4951 2979 4989 numerus
3007 4932 3349 4987 terminetur
3386 4932 3443 4986 in
3477 4947 3630 4994 voce,

1938 5025 2160 5079 duobus
2207 5023 2562 5094 temporibus
2592 5023 2650 5076 in
2691 5023 2802 5076 fine
2833 5039 2936 5092 per
2964 5022 3254 5076 silentium
3305 5017 3541 5074 redditis
3572 5019 3631 5070 in

1936 5111 2216 5185 principio
2242 5113 2422 5166 locato
2452 5112 2722 5182 spondeo.
2753 5113 2843 5165 Est
2871 5111 3008 5165 item
3041 5110 3169 5164 alia.
3202 5109 3258 5164 Si
3289 5108 3441 5162 enim
3469 5106 3627 5169 velis,

1937 5206 2070 5274 post.
2113 5206 2326 5254 sextam
2373 5201 2649 5271 syllabam
2693 5217 2874 5254 unum
2921 5205 3148 5270 tempus
3175 5196 3384 5261 silebis,
3416 5200 3473 5248 et
3500 5199 3632 5264 post

1937 5291 2218 5346 decimam
2249 5307 2446 5357 unum,
2471 5295 2600 5360 post
2629 5289 2988 5344 undecimam
3020 5285 3393 5347 tantumdem,
3428 5287 3484 5336 et
3515 5283 3628 5335 duo

1940 5380 1999 5433 in
2029 5380 2180 5433 fine:
2222 5385 2288 5432 ut
2326 5379 2396 5433 sit
2424 5379 2644 5448 primus
2683 5380 2986 5449 spondeus,
3027 5373 3306 5428 secundus
3345 5370 3628 5425 choriam-

1940 5470 2066 5534 bus,
2100 5469 2301 5522 tertius
2325 5467 2772 5538 palimbacchius
2795 5467 2894 5520 fiat
2918 5463 3261 5532 antispastus
3286 5475 3399 5511 uno
3416 5457 3628 5510 silentii

1943 5563 2198 5627 tempore
2229 5561 2628 5619 annumerato,
2663 5559 2896 5623 quartus
2920 5551 3202 5621 spondeus
3223 5547 3320 5600 fiat
3341 5546 3631 5600 dichorius
