4064 6348
427 269 565 323 1143

424 393 598 447 unius
637 393 911 463 temporis
953 394 1272 465 interjecto,
1305 401 1360 450 et
1390 397 1557 452 unius
1600 401 1872 471 temporis
1919 419 2112 457 conse-

427 486 639 551 quente
670 482 917 549 silentio,
957 481 1316 537 choriambus
1353 486 1589 540 ultimus
1629 505 1930 544 numerum
1963 493 2114 546 clau-

431 569 544 631 dat,
575 568 655 623 ita
683 573 748 622 ut
773 569 1059 637 sileamus,
1093 572 1202 625 duo
1232 576 1490 642 tempora
1521 574 1579 628 in
1608 574 1740 643 fine,
1775 593 1904 648 quae
1930 579 2114 648 primo

432 656 712 710 debentur
741 657 1009 726 spondeo.
1044 659 1135 712 Est
1157 666 1212 712 et
1242 660 1408 714 tertia
1434 661 1735 730 dimensio,
1767 664 1813 718 si
1843 669 1969 735 post
1998 664 2116 736 pri-

430 759 591 797 mum
613 744 927 813 spondeum
950 749 1173 815 tempus
1197 762 1375 800 unum
1399 748 1651 816 sileatur,
1673 755 1730 805 et
1751 751 1971 822 reliqua
1991 768 2119 823 quae

431 831 492 884 in
522 830 781 902 proximo
829 832 1121 902 superiore
1164 839 1482 902 serventur;
1525 836 1634 890 nisi
1680 839 1833 909 quod
1863 839 1921 893 in
1952 841 2120 911 hujus

433 919 548 972 ﬁne
573 934 752 972 unum
773 923 998 990 tempus
1019 920 1299 990 silebitur,
1330 923 1465 992 quia
1490 925 1775 994 spondeus
1793 927 1887 980 ille
1911 928 2008 998 qui
2038 944 2123 982 so-

435 1007 513 1061 let
540 1006 601 1059 in
637 1005 917 1076 principio
966 1007 1162 1074 locari,
1213 1017 1592 1081 consequente
1633 1013 1802 1068 unius
1847 1015 2123 1085 temporis

435 1093 660 1147 silentio
683 1093 860 1147 factus
890 1098 974 1148 est
1004 1096 1466 1165 palimbacchius,
1493 1104 1554 1152 ut
1583 1101 1708 1170 plus
1738 1118 1851 1155 uno
1868 1107 2123 1172 tempore

435 1180 580 1234 nihil
610 1180 662 1234 ei
693 1180 984 1248 debeatur,
1009 1183 1233 1252 quodin
1257 1183 1368 1238 tina
1390 1183 1673 1240 silendum
1696 1192 1796 1242 est.
1833 1189 1988 1242 Unde
2003 1189 2123 1259 jam

436 1267 711 1339 perspicis
748 1269 946 1322 metris
972 1269 1263 1340 interponi
1292 1272 1535 1337 silentia,
1571 1275 1835 1345 quaedam
1866 1293 2125 1330 necessa—

438 1355 544 1422 ria,
575 1355 839 1426 quaedam
877 1356 1235 1413 voluntaria:
1275 1363 1330 1414 et
1359 1362 1675 1416 necessaria
1707 1364 1962 1434 quidem,
1995 1381 2125 1418 cum

441 1443 657 1514 aliquid
695 1444 936 1513 pedibus
985 1445 1224 1500 debetur
1259 1447 1591 1517 implendis;
1622 1450 1944 1506 voluntaria
1971 1469 2124 1522 vero,

440 1546 570 1584 cum
601 1531 757 1601 pleni
788 1537 919 1586 sunt
945 1533 1116 1603 pedes
1148 1539 1318 1605 atque
1350 1536 1576 1607 integri.

511 1621 598 1673 29.
629 1617 789 1682 Quod
822 1623 1012 1674 autem
1043 1622 1303 1691 superius
1333 1623 1546 1678 dictum
1577 1629 1678 1692 est,
1708 1627 1956 1697 amplius
1985 1644 2126 1699 qua-

440 1710 572 1759 tuor
609 1707 962 1776 temporibus
1007 1707 1292 1772 silendum
1337 1727 1455 1764 non
1492 1728 1636 1781 esse,
1679 1714 1749 1768 de
1797 1713 2128 1770 necessariis

442 1792 679 1846 silentiis
719 1793 932 1848 dictum
970 1801 1072 1860 est,
1121 1797 1218 1851 ubi
1264 1799 1454 1854 debita
1502 1805 1765 1872 tempora
1805 1805 2127 1874 explentur.

443 1883 584 1935 Nam
611 1881 671 1935 in
699 1882 769 1935 iis
797 1899 924 1954 qua:
945 1885 1263 1939 voluntaria
1287 1887 1514 1942 silentia
1536 1891 1978 1959 nominavimus,
2005 1893 2133 1947 licet

442 1969 614 2024 etiam
642 1970 842 2040 pedem
872 1988 1091 2040 sonare,
1123 1979 1180 2028 et
1216 1975 1423 2044 pedem
1460 1977 1662 2033 silere:
1705 1980 1858 2049 quod
1895 1969 1942 2034 Si
1979 1981 2130 2052 pari-

441 2057 547 2111 bus
573 2057 885 2113 intervallis
922 2060 1244 2129 fecerimus,
1283 2079 1399 2117 non
1430 2065 1537 2119 erit
1573 2072 1837 2134 metrum,
1867 2069 1968 2123 sed
1997 2070 2132 2140 rhy-

441 2146 654 2212 thmus,
703 2147 862 2201 nullo
899 2152 1051 2202 certo
1077 2149 1190 2202 fine
1231 2157 1540 2221 apparente
1588 2155 1741 2209 unde
1769 2157 2034 2211 redeatur
2061 2159 2134 2213 ad

444 2238 635 2304 caput.
684 2234 1067 2298 Quamobrem
1098 2237 1144 2290 si
1183 2240 1430 2310 exempli
1475 2243 1657 2312 gratia
1705 2242 1946 2298 silentiis
1995 2246 2133 2300 velis

445 2322 814 2393 distinguere,
861 2329 927 2379 ut
981 2329 1110 2395 post
1155 2327 1406 2397 primum
1448 2330 1654 2399 pedem
1701 2331 1931 2386 alterius
1973 2334 2136 2402 pedis

445 2416 705 2481 tempora
733 2412 918 2478 sileas,
949 2429 1068 2468 non
1097 2415 1204 2468 hoc
1234 2426 1511 2486 perpetuo
1541 2419 1878 2473 servandum
1907 2426 2009 2474 est.
2046 2421 2134 2475 Li-

446 2503 535 2552 cet
576 2503 769 2553 autem
810 2499 1082 2554 varietate
1130 2503 1386 2572 qualibet
1431 2509 1853 2561 connumeratis
1897 2508 2136 2563 silentiis

449 2601 629 2656 usque
658 2586 729 2640 ad
757 2586 1015 2656 legitima
1041 2594 1297 2660 tempora
1337 2595 1584 2647 metrum
1613 2594 1945 2664 producere,
1985 2598 2138 2651 velut

447 2672 510 2727 in
539 2674 665 2740 hoc,
704 2675 870 2731 Nobis
893 2691 1077 2731 omni
1105 2680 1163 2731 in
1189 2685 1443 2748 promptu
1471 2686 1568 2748 est,
1602 2686 1660 2736 tu
1688 2685 1739 2736 si
1764 2700 1948 2738 verum
1976 2685 2133 2740 dicis.

450 2761 606 2817 Licet
631 2762 722 2816 hic
749 2768 877 2833 post
901 2765 1154 2836 primum
1184 2769 1501 2837 spondeum
1527 2776 1771 2840 quatuor
1789 2776 2048 2842 tempora
2069 2773 2138 2827 si-

447 2850 586 2915 lere,
626 2854 682 2904 et
704 2850 815 2920 alia
851 2857 1100 2922 quatuor
1138 2859 1264 2924 post
1299 2862 1600 2927 sequentes
1638 2859 1816 2914 duos:
1856 2865 1984 2931 post
2025 2866 2137 2915 tres

447 2943 636 2993 autem
676 2938 875 2993 ﬁnales
923 2940 1066 2994 nihil
1112 2942 1397 3010 silebitur;
1424 2944 1545 3014 jam
1582 2946 1735 3001 enim
1765 2947 1999 3018 triginta
2023 2949 2135 3004 duo

446 3031 704 3096 tempora
725 3027 1030 3082 terminata
1048 3035 1196 3085 sunt.
1224 3030 1330 3086 Sed
1359 3033 1541 3087 multo
1563 3038 1648 3087 est
1675 3035 1883 3106 aptius,
1916 3041 1970 3091 et
1999 3054 2138 3108 quo-

448 3115 752 3169 dammodo
799 3115 1026 3186 justius,
1071 3120 1132 3171 ut
1177 3119 1262 3172 vel
1309 3119 1370 3172 in
1413 3120 1528 3174 ﬁne
1570 3125 1813 3190 tantum,
1845 3125 1933 3178 vel
1963 3125 2138 3179 etiam

446 3203 507 3257 in
538 3204 724 3277 medio
754 3210 810 3258 et
855 3204 968 3260 ﬁne
997 3205 1231 3260 sileatur
1250 3209 1291 3272 ί,
1341 3210 1495 3280 quod
1523 3211 1807 3266 subtracto
1845 3229 1961 3268 uno
1992 3215 2135 3284 pede

449 3291 573 3345 ﬁeri
619 3296 824 3361 potest,
870 3297 935 3347 ut
962 3292 1043 3346 ita
1071 3293 1179 3348 sit:
1222 3297 1389 3351 Nobis
1430 3313 1614 3352 verum
1651 3301 1711 3353 in
1752 3307 2008 3370 promptu
2035 3309 2132 3369 est,

450 3384 508 3432 tu
543 3379 630 3433 die
668 3395 871 3434 verum.
926 3382 1038 3434 Hoc
1085 3387 1141 3435 et
1186 3382 1245 3436 in
1292 3385 1489 3438 metris
1540 3391 1872 3442 caeterorum
1926 3390 2136 3460 pedum

446 3467 760 3520 tenendum
830 3472 932 3533 est,
993 3469 1203 3523 scilicet
1287 3473 1616 3528 necessariis
1687 3475 1947 3544 silentiis,
2021 3479 2136 3533 sive

447 3553 711 3608 finalibus
741 3555 854 3610 sive
885 3557 1087 3610 mediis
1121 3558 1280 3613 reddi
1319 3560 1525 3628 debita,
1559 3566 1621 3616 ut
1647 3564 1821 3634 pedes
1849 3564 2133 3636 implean-

445 3649 576 3698 tur:
601 3660 718 3697 non
757 3649 950 3700 autem
978 3645 1174 3700 sileri’
1198 3653 1463 3717 oportere
1492 3652 1735 3721 amplius
1766 3669 1938 3723 quam
1973 3655 2136 3725 pedis

445 3736 690 3802 partem,
721 3749 892 3804 quam
922 3735 1126 3789 levatio
1154 3736 1428 3806 positiove
1458 3743 1755 3809 occupant.
1794 3741 2135 3796 Voluntariis

445 3824 635 3874 autem
666 3819 903 3874 silentiis
931 3826 987 3876 et
1021 3827 1212 3892 partes
1239 3825 1450 3894 pedum
1490 3831 1547 3880 et
1572 3827 1829 3898 integros
1858 3830 2031 3899 pedes
2059 3831 2133 3884 si-

443 3909 560 3962 lere
582 3909 930 3975 conceditur,
960 3910 1103 3964 sicut
1131 3913 1404 3983 exemplis
1431 3929 1605 3983 supra
1620 3915 1779 3969 editis
1802 3919 1822 3950 ⁸
1853 3922 2133 3972 monstra-

442 3995 646 4051 vimus.
703 3997 810 4052 Sed
863 3998 1136 4052 hactenus
1185 4000 1734 4072 interponendorum
1778 4003 2133 4060 silentiorum

443 4085 586 4138 ratio
613 4089 852 4138 tractata
881 4086 974 4139 sit.

444 4173 669 4226 CAPUT
725 4174 857 4226 XVI.
907 4202 974 4212 —
1023 4177 1098 4227 De
1135 4174 1337 4242 pedum
1377 4179 1771 4246 commixtione,
1815 4185 1866 4233 ei
1910 4181 1975 4234 de
2019 4198 2134 4236 me-

1001 4263 1204 4331 trorum
1232 4262 1584 4329 copulatione.

516 4346 605 4400 30.
648 4345 808 4398 Nunc
847 4345 915 4398 de
951 4347 1162 4416 pedum
1202 4348 1626 4413 commixtione,
1659 4356 1715 4406 et
1759 4353 1827 4407 de
1878 4354 2134 4425 ipsorum

443 4437 759 4486 metrorum
797 4433 1152 4502 copulatione
1188 4451 1371 4505 pauca
1399 4436 1689 4493 dicamus:
1721 4442 1991 4512 quoniam
2012 4445 2132 4514 jam

442 4521 624 4574 multa
653 4519 802 4574 dicta
827 4528 958 4575 sunt
982 4538 1109 4577 cum
1131 4539 1536 4595 qumreremus,
1562 4543 1702 4598 quos
1722 4529 1951 4584 sibimet
1971 4548 2134 4602 opor-

442 4613 564 4662 teat
591 4608 809 4663 misceri
839 4611 1041 4680 pedes;
1073 4617 1128 4666 et
1157 4613 1310 4684 quod
1355 4615 1426 4668 ad
1469 4621 1781 4671 metrorum
1814 4618 2016 4674 attinet
2044 4637 2132 4675 co-

442 4695 816 4765 pulationem,
867 4700 1143 4754 nonnulla
1187 4701 1425 4756 dicenda
1468 4708 1600 4758 sunt
1627 4721 1756 4760 cum
1783 4706 1851 4760 de
1875 4709 2130 4762 versibus

443 4784 719 4838 disserere
787 4787 1162 4856 coeperimus:
1205 4790 1531 4861 junguntur
1587 4792 1740 4848 enim
1805 4795 1913 4850 sibi
1959 4799 2130 4867 pedes

443 4877 613 4942 atque
646 4873 954 4928 miscentur
994 4879 1307 4932 secundum
1346 4880 1590 4950 regulas,
1625 4898 1764 4952 quas
1793 4882 1853 4938 in
1883 4887 2128 4940 secundo

442 4975 704 5013 sermone
732 4961 1078 5029 aperuimus.
1111 4965 1174 5018 In
1204 4965 1310 5019 hoc
1332 4971 1524 5021 autem
1552 4969 1693 5023 illud
1713 4970 2003 5026 sciendum
2022 4978 2125 5040 est,

442 5049 610 5102 metri
637 5065 880 5120 quasque
902 5065 1113 5119 genera
1131 5069 1260 5123 qua;
1286 5070 1319 5108 a
1338 5055 1520 5125 poetis
1534 5057 1654 5127 jam
1677 5059 1954 5115 celebrata
1975 5066 2127 5132 sunt,

438 5134 703 5189 habuisse
743 5139 999 5189 auctores
1025 5141 1082 5190 et
1110 5137 1429 5193 inventores
1468 5158 1617 5203 suos,
1649 5159 1682 5196 a
1710 5144 1916 5212 quibus
1959 5163 2126 5218 quas-

438 5224 569 5277 dam
596 5227 774 5277 certas
806 5225 958 5294 leges
992 5225 1201 5294 positas
1229 5228 1542 5283 convellere
1572 5231 1974 5302 prohibemur;
2012 5253 2126 5290 non

501 5313 515 5344 ί
543 5311 692 5378 Apud
721 5311 1146 5378 Lov._omittitur,
1178 5315 1229 5361 in
1260 5314 1425 5363 medio
1455 5319 1518 5373 ei,
1545 5317 1684 5378 quod
1707 5321 2033 5371 restituimus
2062 5338 2126 5373 ex

437 5371 646 5440 Mss.__At
677 5375 814 5435 apud
846 5374 926 5440 Er.
960 5374 1166 5440 legitur,
1189 5377 1468 5440 vel_e_tiam
1485 5371 1608 5428 άηὶε
1633 5376 1798 5440 ﬁnem
1817 5384 2061 5435 sileatur.

497 5434 518 5467 ³
545 5434 665 5483 Mss.
703 5434 821 5484 cum
856 5437 967 5484 Am.
1006 5434 1220 5495 habent,
1251 5437 1445 5488 deberi.

499 5496 519 5528 3
540 5496 596 5542 In
620 5496 696 5557 B.,
709 5498 1040 5560 supradictis.
1057 5501 1178 5554 Mss.
1192 5500 1296 5549 Aet
1309 5500 1364 5559 Β,
1381 5514 1542 5564 supra
1556 5502 1726 5563 editis,
1745 5508 2041 5558 correctius.
2056 5511 2123 5558 M.

1697 279 1792 332 DE
1833 280 2116 348 MUSICA,
2159 282 2214 338 S.
2256 281 2642 339 AUGUSTINI

3825 281 3949 332 1144

2227 405 2382 459 enim
2413 405 2657 474 oportet,
2689 417 2820 456 cum
2850 399 2934 455 illi
2964 416 3060 455 eas
3088 399 3315 455 ratione
3347 398 3593 454 fixerint
3623 397 3856 468 aliquid
3878 398 3947 451 ibi

2224 498 2447 547 mutare
2478 491 2738 562 quamvis
2769 491 3082 544 secundum
3112 489 3398 542 rationem
3432 488 3559 540 sine
3597 487 3844 540 aurium
3876 487 3944 539 of-

2226 581 2482 635 fensione
2513 580 2796 651 possimus
2832 581 2870 633 ⁸.
2905 578 3076 647 Cujus
3107 577 3188 630 rei
3217 578 3474 646 cognitio
3510 592 3638 630 non
3673 581 3830 638 arte,
3864 575 3948 628 sed

2226 669 2464 729 historia
2483 667 2755 733 traditur;
2779 667 2932 721 unde
2953 665 3203 720 creditur
3225 666 3417 734 potius
3444 679 3633 734 quam
3663 663 3949 732 cognosci-

2227 761 2339 810 tur.
2375 757 2569 826 Neque
2599 755 2752 808 enim
2788 753 2836 807 si
2871 753 3179 819 Plialiscus,
3214 752 3406 807 nescio
3447 751 3579 823 qui,
3615 753 3856 805 metra‘
3885 751 3948 804 ita

2229 844 2567 914 composuit,
2595 848 2658 896 ut
2684 843 2806 896 haec
2835 846 3066 906 sonant,

2569 930 2791 995 Quando
2820 929 3026 995 flagella
3054 929 3207 995 ligas,
3237 929 3310 995 ita
3341 927 3465 991 liga,

2569 993 2700 1040 Vitis
2720 995 2772 1040 et
2795 990 2971 1040 ulmus
3002 992 3077 1039 uti
3105 990 3266 1038 simul
3296 990 3446 1048 eant;

2231 1072 2372 1127 scire
2416 1072 2524 1126 hoc
2565 1087 2895 1142 possumus;
2950 1071 3049 1125 sed
3094 1069 3494 1124 tantummodo
3543 1071 3805 1126 credere
3860 1087 3948 1125 au-

2232 1161 2439 1216 diendo
2468 1164 2523 1213 et
2550 1159 2814 1227 legendo.
2856 1159 3002 1213 Illud
3033 1163 3118 1213 est
3161 1158 3498 1228 disciplinae,
3549 1161 3722 1230 quod
3758 1160 3833 1213 ad
3866 1178 3953 1212 nos

2231 1248 2508 1319 pertinet;
2541 1248 2728 1301 videre
2761 1251 2954 1300 utrum
2985 1247 3094 1300 hoc
3127 1246 3309 1300 tribus
3349 1246 3594 1317 dactylis
3630 1253 3865 1301 constet
3907 1254 3956 1302 et

2232 1337 2562 1408 pyrrhichio
2593 1336 2813 1400 ultimo,
2846 1339 2907 1388 ut
2929 1335 3190 1406 plerique
3219 1335 3451 1389 musicae
3483 1335 3761 1407 imperiti
3793 1345 3954 1390 autu-

2235 1431 2420 1490 mant;
2458 1441 2572 1479 non
2602 1425 2756 1478 enim
2781 1424 3031 1478 sentiunt
3051 1423 3446 1494 pyrrhichium
3470 1424 3618 1493 poni
3645 1441 3771 1479 nou
3796 1442 3955 1495 posse

2235 1518 2364 1585 post
2404 1513 2725 1583 dactylum:
2776 1529 2849 1565 an
2896 1517 2961 1566 ut
2990 1512 3131 1565 ratio
3171 1511 3351 1578 docet,
3390 1511 3617 1581 primus
3661 1529 3776 1582 pes
3804 1513 3875 1567 sit
3905 1515 3957 1567 in

2199 1603 2345 1656 ‘hoc
2375 1606 2554 1655 metro
2598 1600 2978 1664 choriambus,
3032 1599 3314 1653 secundus
3364 1599 3588 1653 ionicus
3625 1601 3817 1672 longa
3851 1604 3957 1672 syl-

2239 1689 2366 1743 laba
2392 1689 2454 1742 in
2481 1688 2620 1742 duas
2637 1688 2820 1741 soluta
2841 1687 3057 1752 breves,
3085 1686 3321 1740 ultimus
3339 1685 3585 1752 iambus,
3615 1694 3756 1757 post
3780 1705 3952 1758 quem

2237 1777 2347 1831 tria
2396 1781 2654 1846 tempore
2706 1775 3063 1828 silebuntur:
3115 1774 3271 1844 quod
3327 1775 3626 1828 semidocti
3677 1776 3959 1830 homines

2239 1864 2450 1919 sentire
2481 1868 2729 1934 possent,
2761 1864 2860 1916 sia
2885 1863 3049 1917 docto
3080 1863 3395 1916 secundum
3422 1867 3744 1935 utramque
3773 1867 3959 1935 legem

2239 1951 2709 2024 pronuntiaretur
2737 1955 2794 2005 et
2829 1951 3218 2021 plauderetur.
3267 1952 3351 2004 Ita
3399 1947 3556 2006 enim
3608 1955 3876 2008 naturali
3907 1963 3962 2008 et

2241 2039 2534 2093 communi
2582 2054 2749 2091 sensu
2791 2037 3138 2108 judicarent,
3189 2037 3326 2110 quid
3373 2038 3700 2110 disciplinae
3753 2057 3962 2095 norma

2242 2126 2658 2198 prmscriberet.

2316 2219 2403 2270 3t.
2435 2216 2840 2268 Verumtamen
2883 2214 3034 2284 quod
3072 2217 3244 2284 poeta
3267 2213 3364 2268 ille
3400 2215 3504 2269 hos
3535 2231 3820 2271 numeros
3856 2219 3961 2271 im-

2244 2303 2482 2358 mobiles
2510 2319 2629 2357 esse
2675 2302 2874 2365 voluit,
2917 2318 3046 2355 cum
3076 2303 3182 2355 hoc
3231 2307 3411 2356 metro
3458 2303 3701 2370 utimur,
3759 2313 3960 2359 custo-

2245 2392 2519 2446 diendum
2550 2395 2665 2444 est:
2700 2405 2818 2443 non
2849 2389 3004 2443 enim
3029 2389 3255 2444 fraudat
3283 2390 3574 2456 auditum;
3610 2408 3964 2463 quanquam

2246 2495 2409 2550 aeque
2435 2477 2575 2532 nihil
2596 2477 2906 2544 fraudaret,
2928 2476 2975 2530 si
2999 2479 3085 2531 vel
3107 2494 3211 2548 pro
3234 2478 3570 2532 choriambo
3600 2480 3960 2546 diiambum,

2245 2569 2332 2623 vel
2377 2569 2565 2637 ipsum
2615 2566 2864 2620 ionicum
2904 2568 3059 2620 nulla
3108 2567 3170 2621 in
3213 2568 3408 2621 breves
3456 2568 3602 2622 facta
3655 2571 3960 2625 solutione

2246 2670 2609 2727 poneremus,
2647 2659 2704 2708 et
2733 2653 3012 2724 quidquid
3034 2655 3187 2708 aliud
3219 2655 3591 2725 congruisset.
3630 2657 3698 2710 In
3715 2659 3832 2712 hoc
3862 2660 3966 2730 igi-

2246 2749 2340 2798 tur
2386 2747 2569 2796 metro
2616 2742 2757 2796 nihil
2809 2741 3150 2808 mutabitur;
3196 2757 3311 2796 non
3347 2759 3414 2797 ea
3462 2743 3684 2799 ratione
3721 2763 3846 2816 qua
3881 2748 3963 2801 in-

2247 2831 2632 2902 aequalitatem
2655 2830 2920 2898 vitamus,
2949 2830 3046 2884 sed
3073 2846 3139 2883 ea
3170 2846 3283 2901 qua
3309 2831 3680 2885 observamus
3711 2835 3965 2888 auctori-

2246 2924 2444 2974 tatem.
2473 2921 2643 2974 Docet
2663 2934 2797 2972 sane
2824 2918 2988 2984 ratio,
3023 2919 3131 2972 alia
3151 2918 3371 2972 institui
3399 2924 3581 2973 metra
3604 2920 3961 2989 immobilia,

2247 3009 2304 3062 id
2331 3013 2415 3062 est
2444 3007 2503 3061 in
2533 3007 2738 3078 quibus
2781 3006 2992 3060 mutari
3043 3007 3184 3060 nihil
3231 3012 3471 3077 oportet,
3502 3011 3563 3061 ut
3609 3008 3722 3062 hoc
3767 3010 3964 3081 ipsum

2248 3101 2333 3151 est
2362 3095 2430 3150 de
2459 3112 2572 3166 quo
2602 3095 2734 3148 satis
2760 3095 2938 3149 locuti
2967 3111 3189 3161 sumus;
3217 3096 3326 3148 alia
3357 3095 3611 3165 mobilia,
3646 3097 3710 3151 in
3745 3101 3963 3169 quibus

2247 3184 2431 3238 locare
2462 3184 2633 3253 pedes
2660 3183 2802 3236 alios
2830 3179 2934 3253 pro
2962 3183 3087 3236 aliis
3115 3183 3266 3248 licet,
3298 3183 3462 3236 sicuti
3493 3189 3611 3238 est:
3652 3187 3843 3255 Trojae
3874 3193 3965 3257 qui

2246 3275 2456 3341 primus
2500 3271 2566 3324 ab
2613 3273 2746 3338 oris,
2793 3286 2950 3324 arma
2994 3273 3278 3340 virumque
3320 3287 3470 3324 cano.
3521 3273 3665 3326 Nam
3709 3274 3814 3329 hic
3864 3294 3963 3346 pro

2247 3360 2500 3430 spondeo
2547 3363 2902 3429 anapaestum
2941 3359 3193 3428 quolibet
3229 3360 3351 3412 loco
3391 3359 3521 3413 licet
3549 3377 3796 3430 ponere.
3844 3367 3965 3417 Alia

2247 3464 2350 3501 nec
2378 3451 2496 3501 tota
2520 3446 2854 3512 immobilia,
2885 3462 2990 3500 nec
3018 3450 3138 3500 tota
3169 3446 3418 3514 mobilia,
3452 3450 3516 3499 ut
3536 3452 3625 3501 est
3651 3464 3664 3501 :

2529 3533 2757 3582 Pendeat
2785 3548 2846 3582 ex
2878 3533 3112 3597 humeris
3141 3534 3311 3597 dulcis
3337 3533 3534 3597 chelys,

2527 3597 2590 3644 Et
2619 3609 2867 3644 numeros
2896 3595 3018 3644 edat
3040 3596 3232 3650 varios.
3259 3595 3452 3657 quibus

2524 3658 2746 3706 Assonet
2775 3671 2931 3705 omne
2957 3659 3130 3705 virens
3161 3657 3262 3706 late
3291 3671 3497 3713 nemus,

2528 3720 2591 3767 Et
2619 3719 2769 3768 tortis
2798 3733 2979 3767 errans
3013 3719 3101 3780 qui
3132 3719 3371 3767 ﬂexibus.

2993 3782 3362 3842 (Terenuanus
3390 3793 3457 3830 ea:
3493 3783 3841 3844 Pomponio.)

2246 3859 2413 3914 Vides
2442 3859 2534 3914 hic
2558 3860 2714 3914 enim
2760 3859 2968 3931 ubique
2995 3865 3052 3914 et
3097 3861 3377 3930 spondeos
3408 3865 3463 3913 et
3510 3861 3769 3932 dactylos
3826 3866 3962 3934 poni

2245 3963 2436 4017 posse,
2466 3953 2676 4018 praeter
2720 3949 2990 4002 ultimum
3037 3950 3263 4016 pedem,
3308 3964 3482 4018 quem
3531 3951 3706 4003 metri
3759 3960 3962 4006 auctor

2246 4051 2471 4105 semper
2499 4052 2618 4089 esse
2649 4036 2935 4105 dactylum
2958 4037 3155 4090 voluit.
3184 4038 3250 4090 Et
3277 4037 3338 4090 in
3367 4036 3435 4090 iis
3462 4038 3707 4107 quidem
3735 4042 3959 4108 generi-

2245 4123 2353 4176 bus
2381 4123 2561 4177 tribus
2590 4123 2853 4177 nonnihil
2882 4124 3067 4178 valere
3098 4125 3496 4178 auctoritatem
3527 4126 3711 4180 vides.

2316 4213 2400 4264 32.
2435 4211 2594 4275 Quod
2637 4216 2825 4265 autem
2851 4211 2911 4265 in
2940 4213 3153 4282 pedum
3195 4206 3607 4266 commixtione
3655 4215 3733 4268 ad
3781 4217 3958 4270 ratio-

2245 4313 2379 4351 nem
2408 4300 2586 4352 solam
2615 4299 2865 4368 pertinet
2893 4299 2961 4353 de
2992 4299 3061 4352 iis
3093 4300 3262 4354 rebus
3288 4316 3417 4370 quae
3447 4301 3790 4356 sentiuntur
3814 4306 3959 4374 judi-

2245 4390 2496 4452 cantem;
2549 4387 2839 4442 sciendum
2879 4391 2962 4441 est
2991 4404 3084 4441 eas
3123 4392 3311 4458 partes
3359 4389 3594 4459 pedum,
3644 4407 3781 4461 quae
3830 4399 3956 4463 post

2243 4479 2424 4527 certos
2466 4474 2641 4544 pedes
2679 4475 2904 4529 silentio
2953 4481 3201 4530 restante
3242 4477 3491 4530 suaviter
3545 4479 3844 4549 locantur,
3901 4489 3960 4535 ut

2244 4562 2467 4616 iambus
2499 4567 2626 4632 post
2652 4563 2968 4617 dichorium
2996 4569 3168 4634 atque
3195 4565 3508 4618 secundum
3539 4565 3872 4635 epitritum,
3908 4574 3961 4622 et

2243 4651 2528 4720 spondeus
2574 4657 2700 4721 post
2743 4652 3143 4722 antispastum,
3192 4653 3363 4706 etiam
3414 4658 3544 4723 post
3589 4654 3758 4708 alios‘
3786 4658 3959 4726 pedes

2243 4739 2390 4792 male
2419 4739 2612 4806 locari,
2645 4739 2852 4810 quibus
2887 4741 2979 4794 isti
3009 4740 3278 4810 permixti
3307 4741 3522 4795 fuerint
3549 4757 3560 4794 :
3591 4758 3735 4796 nam
3768 4747 3954 4799 mani—

2241 4827 2448 4881 festum
2483 4833 2568 4882 est
2592 4828 2847 4882 iambum
2877 4834 3002 4900 post
3043 4829 3357 4883 molossum
3403 4829 3549 4883 bene
3600 4832 3783 4899 poni,
3819 4834 3957 4887 sicut

2241 4915 2349 4968 hoc
2375 4917 2700 4986 exemplum
2723 4917 2937 4971 indicat
2967 4934 3117 4987 saepe
3143 4919 3451 4988 repetitum
3481 4936 3616 4974 cum
3643 4922 3880 4977 silentio
3903 4924 3953 4976 in

2242 5003 2356 5057 ﬁne
2384 5006 2709 5074 temporum
2756 5006 2953 5072 trium,
2994 5006 3097 5060 Ver
3126 5007 3384 5060 blandum
3425 5011 3562 5061 viret
3603 5011 3841 5075 ﬂoribus
3863 5030 3879 5063 :
3904 5015 3955 5062 at

2243 5091 2288 5144 si
2315 5108 2417 5161 pro
2446 5093 2688 5146 molosso
2728 5093 2982 5163 primum
3022 5093 3346 5148 dichorium
3379 5095 3724 5158 constituas,
3760 5105 3826 5152 ut
3855 5103 3950 5159 est,

2251 5180 2388 5232 Vere
2409 5185 2554 5232 terra
2583 5182 2717 5234 viret
2739 5181 2980 5248 ﬂoribus,
3006 5181 3224 5250 respuit
3245 5181 3351 5234 hoc
3377 5183 3606 5236 auditus
3628 5188 3812 5254 atque
3833 5202 3954 5238 con-

2304 5268 2317 5300 ¹
2345 5266 2468 5315 Mss.
2505 5267 2545 5315 Α
2568 5271 2619 5315 et
2649 5269 2684 5314 Β
2714 5269 3041 5316 concordant
3068 5270 3120 5317 in
3150 5268 3426 5317 lectionem
3459 5269 3596 5318 hanc
3623 5286 3634 5319 :
3671 5273 3798 5321 Non
3818 5277 3953 5322 enim

2239 5331 2455 5396 oportet,
2483 5342 2600 5376 cum
2627 5331 2710 5396 iiii
2743 5342 2830 5376 eas
2852 5331 3060 5380 ratione
3091 5327 3336 5391 ﬂaverint:
3364 5332 3607 5396 quantivis
3639 5334 3713 5396 ibi
3751 5334 3955 5396 aliquid

2238 5391 2538 5458 secundum
2556 5391 2814 5458 raliouem
2843 5397 3054 5458 mutare
3084 5397 3195 5458 sine
3222 5391 3767 5458 aurizimp/fensione
3786 5391 3951 5458 possi-

2238 5452 2490 5517 mus._Er.
2521 5451 2681 5517 Lugd.
2712 5453 2840 5517 Ven.
2873 5453 3074 5517 legunt,
3095 5451 3373 5512 ﬁnxerint.
3406 5455 3474 5502 Μ.

2302 5514 2322 5546 ²
2352 5514 2592 5572 Μεινειιη,
2619 5514 2772 5575 juxta
2800 5515 2882 5564 Er.
2912 5514 3075 5578 Lugd.
3109 5518 3237 5566 Veu.
3272 5517 3391 5564 Lov.
3423 5521 3474 5564 et
3491 5517 3584 5564 Ms.
3614 5517 3683 5568 A.
3764 5521 3835 5568 Μ.
