4064 6354
132 310 277 363 1045

117 430 386 486 demnat.
445 434 504 488 Id
537 433 709 488 etiam
756 435 815 489 in
846 437 1065 491 caeteris
1095 454 1262 492 sensu
1305 439 1634 510 explorante
1665 441 1828 497 facile

116 526 212 573 est
241 522 508 592 experiri.
561 523 724 577 Ratio
756 541 1005 596 namque
1055 527 1371 581 certissima
1419 533 1524 594 est,
1562 546 1690 583 cum
1721 530 1825 584 sibi

116 611 472 678 copulantur
500 612 598 682 qui
631 613 780 666 inter
831 630 890 666 se
947 619 1079 668 sunt
1129 616 1477 686 copulabiles
1505 618 1695 688 pedes,
1735 635 1827 672 eas

118 703 324 766 partes
354 699 559 753 debere
593 699 650 753 in
682 699 794 755 ﬁne
824 702 1092 772 subjungi
1150 720 1277 774 qua:
1329 705 1596 759 omnibus
1626 722 1827 760 conve-

118 785 303 840 niunt
331 785 389 840 in
419 787 518 841 illa
546 789 689 842 serie
719 790 1027 856 collocatis,
1065 807 1136 844 ne
1161 792 1312 846 inter
1341 793 1523 847 socios
1548 794 1825 864 quodam-

119 875 308 929 modo
339 875 637 930 discordias
671 877 887 948 aliquid
919 879 1155 934 oriatur.

203 965 296 1017 33.
320 963 463 1017 Illud
490 964 674 1034 magis
705 965 1027 1021 mirandum
1059 972 1162 1036 est,
1193 969 1347 1039 quod
1378 986 1507 1024 cum
1546 971 1830 1042 spondeus

118 1055 187 1105 et
209 1051 530 1105 diiambum
553 1053 942 1108 etdichorium
965 1056 1210 1110 suaviter
1231 1058 1472 1125 claudat,
1492 1064 1682 1114 tamen
1700 1077 1829 1114 cum

116 1139 188 1192 hi
220 1139 338 1195 duo
371 1141 543 1210 pedes
570 1141 685 1194 sive
734 1141 857 1210 soli,
910 1143 1025 1197 sive
1083 1160 1213 1198 cum
1244 1145 1369 1199 aliis
1416 1148 1830 1218 copulabilibus

113 1244 361 1298 quoquo
395 1229 564 1283 modo
596 1230 857 1284 mixtisin
874 1248 988 1285 una
1018 1233 1161 1287 serie
1191 1234 1425 1302 fuerint,
1458 1238 1747 1306 spondeus
1770 1239 1826 1292 in

116 1316 266 1379 line,
297 1317 652 1387 approbante
703 1335 894 1386 sensu,
929 1322 1069 1391 poni
1098 1338 1212 1376 non
1244 1328 1447 1392 potest.
1509 1326 1643 1390 Quis
1676 1326 1830 1380 enim

116 1404 353 1457 dubitet
377 1421 542 1458 aures
575 1405 818 1460 libenter
847 1409 1100 1478 accipere
1134 1409 1239 1462 ista
1289 1411 1516 1480 singula
1565 1414 1828 1482 repetita,

123 1493 400 1546 Timenda
447 1509 531 1547 res
562 1509 666 1547 non
699 1499 809 1549 est:
872 1501 927 1549 et
957 1496 1095 1551 item
1125 1500 1453 1568 separatim,
1484 1502 1618 1554 Jam
1648 1505 1833 1555 timere

117 1580 288 1635 noli?
325 1583 395 1634 At
424 1581 471 1634 si
514 1581 592 1635 ita
618 1583 848 1653 jungas,
885 1587 1145 1640 Timenda
1174 1603 1280 1655 res,
1325 1589 1444 1656 jam
1477 1591 1658 1643 timere
1687 1592 1799 1644 noli
1816 1609 1830 1658 ;

121 1668 244 1721 nisi
279 1668 338 1722 in
368 1670 553 1723 soluta
583 1671 840 1725 oratione
889 1673 1084 1727 audire
1116 1677 1315 1729 nolim.
1365 1677 1475 1730 Nec
1523 1678 1833 1734 absurdum

121 1757 329 1810 minus
359 1762 461 1826 est,
494 1758 539 1811 si
595 1759 852 1830 quolibet
879 1761 1001 1815 loco
1057 1763 1234 1816 alium
1287 1769 1607 1832 connectas,
1657 1767 1833 1821 veluti

120 1844 445 1898 molossum
476 1847 584 1899 hoc
616 1847 820 1902 modo:
865 1851 964 1903 Vir
990 1851 1172 1916 fortis,
1220 1853 1455 1907 timenda
1476 1869 1588 1923 res,
1609 1856 1729 1924 jam
1763 1858 1832 1909 ti-

119 1948 276 1986 mere
303 1933 432 1987 noli.
458 1935 555 1987 Vel
586 1934 696 1988 ita:
735 1937 991 1991 Timenda
1023 1954 1127 2004 res,
1160 1942 1247 1993 vir
1291 1929 1486 2006 fortisf
1497 1943 1619 2011 jam
1651 1947 1834 1997 timere

119 2021 269 2074 noli.
305 2021 398 2074 Vel
431 2022 604 2075 etiam
631 2022 746 2076 ita:
785 2026 1042 2079 Timenda
1061 2043 1165 2092 res,
1182 2028 1303 2096 jam
1328 2031 1510 2083 timere
1537 2034 1625 2084 vir
1670 2033 1833 2097 fortis

120 2110 266 2162 noli.
303 2109 475 2180 Cujus
506 2110 866 2166 absurditatis
893 2130 1061 2168 causa
1091 2120 1193 2180 est,
1224 2117 1377 2186 quod
1423 2133 1522 2186 pes
1552 2117 1835 2172 diiambus

125 2198 316 2252 etiam
345 2198 411 2252 ad
443 2199 683 2269 duplum
710 2201 1050 2271 etsimplum
1071 2203 1267 2272 plaudi
1289 2209 1496 2274 potest,
1525 2210 1590 2259 ut
1607 2207 1674 2259 ad
1707 2207 1837 2260 sim-

127 2286 305 2356 plum
333 2290 388 2340 et
417 2287 657 2357 duplum
710 2288 996 2343 dichorius
1031 2307 1043 2344 :
1097 2291 1382 2361 spondeus
1422 2297 1616 2346 autem
1646 2294 1836 2364 duplae

131 2375 294 2445 parti
319 2391 520 2430 eorum
550 2377 786 2446 aequalis
811 2381 929 2442 est;
965 2379 1062 2433 sed
1097 2396 1226 2433 cum
1265 2396 1397 2434 eum
1427 2381 1522 2434 ille
1563 2381 1738 2436 trahit
1769 2382 1837 2435 ad

130 2461 415 2531 primam,
438 2464 530 2517 hic
550 2465 620 2518 ad
652 2471 984 2531 extremam,
1014 2467 1203 2521 existit
1222 2469 1501 2522 nonnulla
1525 2468 1834 2535 discordia;

133 2556 201 2604 et
238 2550 321 2604 ita
349 2551 492 2605 ratio
524 2553 670 2606 tollit
699 2553 1150 2609 admirationem.

214 2641 304 2692 34.
340 2641 450 2693 Nec
481 2641 669 2694 minus
699 2642 1040 2696 miraculum
1083 2643 1201 2698 edit
1247 2643 1609 2715 antispastus,
1653 2645 1744 2699 cui
1789 2647 1836 2699 si

129 2727 338 2780 nullus
368 2728 511 2782 alius
542 2729 776 2798 pedum,
800 2734 898 2784 aut
926 2736 1074 2786 certe
1103 2733 1567 2798 solusdiiambus,
1604 2735 1838 2788 miscea-

131 2820 258 2881 tur,
289 2816 500 2885 patitur
530 2817 717 2871 iambo
731 2823 978 2872 metrum
993 2820 1199 2888 claudi,
1231 2836 1360 2874 cum
1392 2819 1516 2874 aliis
1530 2826 1720 2876 autem
1745 2838 1838 2892 po-

127 2903 285 2957 situs
313 2905 470 2958 nullo
500 2907 710 2971 modo;
747 2912 803 2960 et
849 2923 979 2960 cum
1029 2907 1285 2962 dichorio
1315 2909 1546 2980 quidem
1603 2915 1839 2980 propter

127 2993 331 3062 ipsum
361 2993 718 3059 dichorium;
753 2994 944 3065 itaque
999 2996 1108 3050 hoc
1157 2995 1394 3050 minime
1435 2997 1633 3052 miror.
1693 2999 1832 3052 Cum

128 3080 362 3134 caeteris
389 3097 522 3136 vero
566 3098 766 3136 senum
799 3088 1121 3154 temporum
1160 3085 1423 3155 pedibus,
1465 3102 1566 3140 cur
1619 3103 1837 3140 memo-

127 3173 332 3222 ratum
356 3169 527 3224 trium
550 3174 874 3240 temporum
899 3171 1104 3242 pedem
1129 3171 1187 3225 in
1207 3172 1318 3226 ﬁne
1339 3173 1621 3243 repudiet,
1651 3175 1838 3228 nescio

125 3272 271 3328 quae
303 3261 385 3309 est
410 3272 578 3310 causa
608 3259 876 3312 secretior
907 3259 1138 3312 fortasse
1166 3276 1340 3330 quam
1371 3266 1433 3315 ut
1461 3277 1494 3314 a
1523 3246 1686 3315 nobis
1715 3263 1839 3316 erui

127 3349 316 3414 atque
346 3345 566 3399 ostendi
597 3351 804 3416 queat:
835 3348 926 3400 sed
987 3348 1093 3401 hoc
1140 3347 1218 3402 ita
1247 3365 1369 3402 esse
1416 3350 1506 3404 his
1563 3351 1839 3421 exemplis

127 3433 345 3502 probo.
381 3434 521 3487 Nam
551 3434 657 3488 ista
677 3435 790 3489 duo
821 3441 1022 3497 metra,
1057 3438 1320 3491 Potestate
1338 3438 1534 3505 placet,
1577 3443 1838 3507 potestate

129 3523 440 3590 potentium
467 3523 662 3590 placet,
683 3539 852 3576 nemo
877 3523 1120 3594 ambigit
1138 3525 1384 3578 suaviter
1411 3526 1635 3594 singula
1657 3527 1839 3596 repeti

129 3624 274 3662 cum
297 3609 522 3663 silentio
560 3611 733 3664 trium
763 3615 1090 3682 temporum
1125 3612 1184 3666 in
1221 3614 1353 3667 ﬁne.
1378 3615 1838 3669 Atistainsuavi-

131 3703 231 3751 ter
255 3713 387 3751 cum
416 3699 616 3752 eodem
643 3699 869 3753 silentio
897 3717 908 3754 :
935 3703 1197 3754 Potestate
1218 3703 1486 3770 praclara
1511 3704 1703 3771 placet.
1737 3707 1837 3758 Po-

133 3786 463 3854 testatejtibi
479 3788 707 3840 multum
731 3789 930 3855 placet.
963 3791 1228 3841 Potestate
1246 3791 1366 3857 jam
1401 3789 1501 3842 tibi
1528 3793 1604 3843 sic
1636 3792 1834 3859 placet.

132 3877 410 3928 Potestate
438 3876 665 3927 multum
688 3875 789 3928 tibi
811 3876 1006 3943 placet.
1041 3878 1322 3930 Potestatis
1363 3879 1680 3945 magnitudo
1716 3881 1836 3947 pla-

129 3966 239 4017 cet.
273 3961 432 4025 Quod
464 3962 535 4015 ad
564 3977 794 4016 sensum
828 3963 1046 4028 attinet,
1081 3965 1303 4032 peregit
1327 3965 1576 4019 ofﬁcium
1593 3983 1758 4020 suum
1779 3967 1838 4021 in

130 4053 247 4106 hac
305 4051 640 4122 quaestione,
675 4057 732 4105 et
761 4052 898 4122 quid
930 4053 1227 4122 acceperit,
1261 4057 1318 4107 et
1345 4054 1485 4124 quid
1534 4057 1837 4126 exploserit

128 4137 412 4192 indicavit
444 4153 458 4190 :
489 4137 586 4191 sed
618 4137 686 4189 de
709 4153 875 4190 causa
923 4153 1024 4191 cur
1078 4137 1155 4190 ita
1187 4137 1278 4199 sit,
1314 4138 1456 4192 ratio
1486 4142 1837 4195 consulenda

131 4230 243 4279 est.
275 4229 352 4278 Ac
378 4228 540 4279 mea‘
574 4225 810 4296 quidem
841 4225 898 4278 in
929 4229 1089 4279 tanta
1130 4226 1471 4280 obscuritate
1505 4228 1649 4282 nihil
1682 4230 1836 4284 aliud

131 4315 316 4380 videt,
363 4314 476 4368 nisi
504 4331 632 4368 cum
665 4315 917 4369 diiambo
949 4315 1326 4385 antispastum
1355 4316 1656 4370 dimidiam
1708 4335 1836 4388 par-

131 4410 260 4458 tem
316 4404 566 4474 priorem
625 4403 836 4458 habere
885 4419 1288 4457 communem:
1337 4420 1471 4458 nam
1520 4409 1762 4476 uterque
1806 4423 1839 4460 a

129 4491 300 4548 brevi
330 4496 385 4545 et
413 4493 586 4562 longa
615 4492 845 4562 incipit;
878 4493 1248 4562 posteriorem
1270 4496 1460 4546 autem
1491 4509 1619 4546 cum
1650 4494 1838 4548 dicho-

132 4581 228 4636 rio
257 4596 269 4633 :
301 4580 470 4649 longa
498 4581 648 4634 enim
681 4585 737 4634 et
757 4581 912 4634 brevi
939 4581 1106 4634 ambo
1138 4581 1436 4634 ﬁniuntur.
1472 4582 1668 4651 Itaque
1693 4583 1838 4636 anti-

133 4673 365 4741 spastus
391 4670 476 4723 vel
523 4670 678 4724 solus
709 4674 984 4741 tanquam
1034 4686 1193 4723 suam
1228 4670 1481 4740 priorem
1514 4671 1836 4737 dimidiam,

128 4759 228 4813 vel
277 4774 408 4812 cum
445 4758 691 4812 diiambo
722 4775 852 4812 cum
883 4775 996 4829 quo
1050 4775 1176 4812 eam
1229 4759 1609 4813 communiter
1645 4759 1838 4828 habet,

129 4847 466 4911 collocatus,
493 4846 778 4916 patiturin
799 4846 912 4900 ﬁne
944 4846 1111 4900 metri
1141 4861 1260 4899 esse
1294 4846 1584 4912 iambum;
1620 4851 1679 4900 et
1706 4863 1834 4902 cum

127 4933 393 4989 dichorio
426 4939 734 5005 pateretur,
765 4934 811 4987 si
841 4935 1030 4989 eidem
1076 4934 1330 4988 dichorio
1373 4934 1501 4988 talis
1559 4935 1840 4989 terminus

125 5021 468 5077 conveniret
500 5039 513 5075 :
547 5037 676 5075 cum
706 5022 927 5076 caeteris
957 5027 1149 5077 autem
1183 5038 1299 5076 non
1347 5023 1581 5094 patitur,
1631 5023 1840 5093 quibus

126 5111 236 5166 tali
269 5109 537 5164 societate
565 5126 681 5164 non
714 5122 734 5155 9
758 5111 1044 5181 jungitur.

352 5199 575 5252 CAPUT
605 5199 764 5254 XVII.
799 5203 944 5253 ——De
969 5204 1257 5254 metrorum
1278 5201 1632 5269 copulatione.

206 5290 293 5340 35.
327 5286 488 5350 Quod
516 5302 648 5340 vero
684 5286 755 5340 ad
787 5291 1103 5340 metrorum
1143 5287 1561 5356 c0pulationem
1613 5289 1836 5356 attinet,

126 5375 272 5432 satis
299 5379 384 5428 est
414 5374 473 5427 in
500 5375 805 5445 praesentia
836 5374 1046 5441 videre,
1078 5390 1245 5444 posse
1273 5375 1378 5429 sibi
1409 5376 1628 5430 diversa
1657 5383 1839 5431 metra

204 5484 217 5516 1
249 5481 341 5528 Ms.
375 5480 416 5528 A
446 5480 609 5538 addit,
631 5482 786 5528 ratio.
806 5481 874 5529 Μ.

199 5545 222 5607 2
243 5543 327 5590 Er.
350 5546 411 5607 _e_t
443 5543 850 5607 Lov._omittunt
873 5542 958 5591 hic
988 5541 1341 5604 negationem,
1363 5556 1520 5607 quam
1543 5547 1719 5593 tamen
1750 5557 1840 5593 ex-

132 5606 326 5656 hibent
349 5605 451 5651 Mss
486 5608 536 5652 et
563 5605 680 5652 Am.

1622 316 1835 374 LIBER
1882 315 2232 384 QUARTUS.

3504 319 3637 372 1046

1937 442 2192 512 copulari
2227 459 2354 512 quae
2384 446 2574 496 tamen
2606 443 2828 511 plausu,
2859 441 2915 494 id
2947 445 3032 494 est
3061 441 3340 495 levatione
3390 457 3454 496 ac
3482 445 3636 513 posi-

1940 532 2096 584 tione
2126 531 2485 583 conveniant.
2521 529 2748 584 Diversa
2777 535 2910 582 sunt
2941 535 3135 583 autem
3169 529 3253 583 vel
3287 531 3628 600 quantitate,

1938 623 2002 672 ut
2028 635 2158 672 cum
2181 619 2394 690 majora
2407 619 2747 688 copulantur
2779 617 3116 684 minoribus,
3133 618 3326 689 qualia
3348 618 3455 670 ista
3478 623 3629 683 sunt,

1938 706 2201 761 videlicet
2228 722 2242 760 :

2245 785 2363 834 lam
2394 785 2520 832 satis
2549 784 2699 832 terris
2730 784 2866 832 nivis
2901 787 3056 846 atque
3091 783 3221 832 dirae

2250 846 2530 895 Grandinis
2561 847 2702 893 misit
2739 847 2903 900 Pater,
2932 851 2983 893 et
3017 846 3240 894 rubente

2251 910 2473 957 Dextera
2502 921 2674 955 sacras
2691 907 2954 970 jaculatus
2977 921 3142 964 arces,

2531 970 2737 1017 Terruit
2764 970 2970 1016 urbem.

2559 1031 2771 1094 (Horat.
2806 1030 2897 1078 lib.
2934 1033 2954 1077 1
2986 1032 3323 1088 Carminum,
3352 1030 3449 1080 ode
3473 1031 3547 1092 2.)

1941 1111 2080 1165 Nam
2105 1111 2212 1166 hoc
2234 1115 2522 1182 quartum,
2555 1109 2712 1181 quod
2734 1125 2848 1162 uno
2878 1109 3207 1162 choriambo
3221 1115 3278 1163 et
3299 1126 3414 1162 una
3437 1109 3493 1162 in
3517 1109 3631 1162 line

1944 1201 2111 1270 longa
2140 1200 2500 1264 terminatur,
2533 1214 2708 1269 quam
2739 1211 2982 1267 parvum
3013 1195 3084 1248 sit
3114 1195 3294 1250 tribus
3324 1196 3636 1266 superiori-

1941 1288 2049 1342 bus
2073 1289 2222 1342 inter
2249 1304 2307 1342 se
2336 1288 2652 1357 aequalibus
2682 1285 3002 1356 subjectum
3047 1283 3218 1338 vides.
3267 1285 3363 1338 Vel
3397 1285 3636 1354 pedibus

1942 1375 2106 1428 sicuti
2132 1376 2285 1430 haec:

2275 1455 2428 1516 Grato
2452 1453 2650 1516 Pyrrha
2671 1453 2769 1516 sub
2790 1455 2960 1506 antro.

2285 1515 2378 1563 Cui
2411 1515 2599 1563 ﬂavam
2636 1515 2825 1576 religas
2846 1526 3088 1576 comam.

2564 1573 2772 1638 (Horat.
2798 1575 2888 1624 lib.
2931 1579 2949 1623 1
2987 1573 3326 1634 Car-minam,
3358 1573 3455 1623 ode
3480 1575 3549 1637 5.)

1944 1655 2140 1711 Cernis
2171 1655 2383 1727 quippe
2398 1657 2605 1712 horum
2639 1657 2884 1710 duorum
2911 1655 3173 1724 superius
3187 1658 3448 1708 constare
3469 1671 3644 1725 spon-

1945 1743 2052 1798 deo
2083 1749 2140 1798 et
2165 1745 2516 1810 choriambo,
2543 1749 2592 1798 et
2624 1745 2798 1813 longa
2826 1743 3046 1807 ultima,
3078 1757 3206 1812 quae
3260 1742 3331 1795 ad
3363 1757 3460 1795 sex
3490 1749 3642 1797 tem-

1944 1847 2082 1901 pora
2112 1831 2406 1902 implenda
2435 1832 2685 1902 spondeo
2709 1830 3057 1884 debebatur:
3093 1829 3198 1882 hoc
3229 1834 3422 1883 autem
3453 1835 3643 1900 poste-

1945 1921 2063 1974 rius
2095 1922 2346 1992 spondeo
2371 1925 2427 1974 et
2455 1920 2805 1985 choriambo,
2839 1922 2895 1972 et
2932 1918 3152 1972 duabus
3201 1917 3417 1970 ultimis
3465 1918 3644 1971 brevi-

1947 2011 2072 2074 bus,
2118 2025 2246 2080 quaa
2277 2010 2414 2063 item
2435 2025 2565 2062 cum
2595 2008 2782 2079 primo
2814 2006 3068 2078 spondeo
3100 2005 3347 2075 implent
3378 2021 3474 2059 sex
3504 2011 3644 2059 tem-

1945 2114 2104 2168 pora.
2144 2099 2307 2152 Paria
2327 2103 2460 2152 sunt
2484 2113 2622 2167 ergo
2651 2096 2755 2150 ista
2777 2094 3154 2166 temporibus,
3186 2094 3285 2148 sed
3315 2094 3374 2148 in
3398 2094 3636 2165 pedibus

1947 2185 2209 2240 nonnihil
2235 2185 2573 2240 diversitatis
2603 2189 2819 2238 tenent.

2019 2277 2104 2328 36.
2144 2275 2234 2328 Est
2269 2278 2326 2328 et
2351 2275 2462 2328 alia
2523 2273 2844 2328 differentia
2900 2272 3134 2326 istarum
3185 2271 3639 2342 copulationum.

1949 2364 2102 2432 quod
2134 2363 2246 2416 alia
2275 2362 2353 2416 ita
2392 2363 2750 2433 copulentur,
2799 2366 2862 2415 ut
2890 2360 3050 2414 nulla
3079 2360 3187 2414 sibi
3219 2359 3442 2414 silentia
3473 2360 3648 2414 inter-

1950 2449 2088 2518 poni
2112 2449 2308 2517 velint,
2335 2449 2480 2502 sicut
2509 2451 2629 2502 lieec
2658 2450 2772 2503 duo
2804 2447 3192 2502 recentissima
3217 2463 3230 2512 ;
3265 2447 3376 2501 alia
3409 2447 3558 2501 inter
3585 2465 3644 2502 se

1951 2536 2104 2590 sileri
2133 2537 2352 2607 aliquid
2382 2539 2692 2607 postulent,
2727 2536 2874 2591 sicut
2902 2538 3057 2590 hazc:

2295 2625 2452 2673 Vides
2478 2629 2537 2674 ut
2570 2625 2674 2674 alta
2707 2628 2811 2674 stet
2839 2625 2957 2673 nive
2987 2624 3274 2673 candidum

2294 2687 2524 2749 Soracte,
2541 2701 2650 2749 nec
2672 2686 2782 2749 jam
2807 2687 3103 2749 sustineant
3127 2700 3262 2734 onus

2359 2748 2513 2797 Silvas
2540 2748 2857 2804 laborantes,
2883 2748 3107 2810 geluque

2322 2810 2565 2858 Flumina
2599 2811 2932 2858 constiterint
2960 2814 3133 2857 acuto.

2552 2872 2758 2934 (Horat.
2787 2872 2875 2920 lib.
2907 2875 2926 2918 1
2973 2872 3303 2929 Carminum,
3331 2869 3431 2920 ode
3453 2871 3521 2931 9.)

1954 2954 2094 3006 Nam
2124 2951 2170 3004 si
2196 2952 2318 3006 haec
2333 2951 2555 3021 singula
2577 2955 2923 3021 repetantur,
2942 2951 3134 3020 priora
3150 2950 3262 3003 duo
3286 2966 3468 3004 unum
3501 2953 3642 3002 tem-

1948 3056 2057 3110 pus
2087 3041 2146 3094 in
2176 3039 2289 3094 ﬁne
2311 3040 2464 3094 sileri
2487 3040 2767 3110 flagitant,
2791 3038 3025 3092 tertium
3055 3039 3188 3104 duo,
3222 3043 3493 3108 quartum
3516 3037 3644 3091 tria.

1951 3129 2222 3199 Copulata
2267 3144 2399 3183 vero
2452 3145 2484 3182 a
2534 3128 2723 3198 primo
2770 3127 2844 3181 ad
2874 3127 3188 3181 secundum
3233 3132 3647 3193 transeuntem,

1949 3233 2132 3271 unum
2161 3221 2388 3287 tempus
2415 3216 2580 3270 silere
2627 3220 2874 3286 Cogunt;
2928 3232 2961 3268 a
2996 3215 3241 3268 secundo
3291 3215 3360 3269 ad
3405 3213 3640 3268 tertium

1951 3305 2086 3370 duo,
2119 3323 2151 3359 a
2177 3306 2345 3359 tertio
2396 3305 2464 3358 ad
2496 3310 2763 3374 quartum
2793 3304 2921 3358 tria.
2953 3306 3000 3356 A
3031 3308 3235 3374 quarto
3277 3307 3469 3357 autem
3500 3301 3548 3354 si
3570 3303 3641 3356 ad

1950 3394 2203 3464 primum
2232 3394 2447 3458 redeas,
2480 3397 2707 3464 tempus
2732 3408 2915 3445 unum
2936 3391 3147 3445 silebis.
3181 3391 3287 3444 Sed
3310 3407 3438 3460 quae
3461 3395 3542 3443 est
3564 3405 3647 3442 ra-

1950 3483 2027 3537 tio
2057 3488 2142 3537 est
2169 3483 2446 3537 redeundi
2477 3483 2547 3536 ad
2573 3481 3059 3553 primum,eadem
3078 3484 3162 3534 est
3182 3480 3252 3533 ad
3275 3479 3446 3533 aliam
3477 3479 3650 3532 talem

1949 3571 2373 3642 c0pulationem
2418 3570 2767 3625 transeundi.
2829 3571 2942 3623 Hoc
2978 3585 3160 3639 genus
3205 3567 3647 3637 copulationum

1949 3665 2100 3713 recte
2125 3676 2228 3713 nos
2255 3660 2609 3730 appellamus
2629 3658 2950 3722 circuitum,
2975 3657 3074 3727 qui
3109 3655 3327 3717 περιόδος
3359 3670 3541 3725 graece
3569 3654 3650 3709 di-

1949 3748 2114 3802 citur.
2163 3747 2444 3800 Circuitus
2489 3763 2623 3816 ergo
2655 3746 2843 3799 minor
2890 3761 3011 3798 esse
3058 3760 3172 3797 non
3226 3748 3433 3813 potest,
3477 3759 3651 3813 quam

1950 3836 2048 3907 qui
2079 3836 2300 3889 duobus
2331 3835 2604 3888 membris
2634 3837 2877 3899 constat,
2927 3833 2984 3886 id
3033 3837 3117 3886 est
3157 3832 3378 3886 duobus
3421 3830 3647 3885 metris:

1917 3940 2053 3978 .nec
2082 3940 2199 3978 esse
2230 3924 2504 3993 majorem
2527 3923 2832 3976 voluerunt
2861 3937 2927 3975 eo
2958 3921 3058 3990 qui
3083 3936 3265 3991 usque
3294 3920 3364 3973 ad
3392 3925 3640 3990 quatuor

1949 4013 2209 4066 membra
2226 4012 2502 4082 procedit.
2536 4012 2691 4064 Dicet
2718 4009 2891 4080 igitur
2917 4009 3221 4062 minimum
3245 4007 3644 4071 bimembrem,

1949 4100 2204 4154 medium
2248 4099 2662 4164 trimembrem,
2720 4103 2775 4151 et
2822 4097 3088 4150 ultimum
3119 4097 3648 4166 quadrimembrem

1950 4204 2184 4250 vocare;
2246 4187 2347 4240 hos
2391 4187 2546 4241 enim
2592 4186 2768 4240 Graeci
2805 4183 3030 4242 δίκωλον,
3051 4182 3310 4247 τρίκωλον,
3339 4183 3651 4246 τετρὰκωλον

1950 4280 2164 4329 vocant.
2205 4277 2280 4329 De
2313 4292 2426 4346 quo
2477 4279 2596 4329 toto
2627 4290 2835 4346 genere
2867 4273 3141 4344 quoniam
3170 4272 3503 4343 diligentius
3534 4278 3649 4326 tra-

1949 4365 2155 4418 ctaturi
2185 4380 2398 4429 sumus,
2427 4369 2491 4418 ut
2520 4363 2655 4428 dixi,
2679 4363 2736 4416 in
2752 4379 2818 4417 eo
2845 4379 3109 4417 sermone
3126 4361 3225 4433 qui
3248 4361 3414 4416 nobis
3434 4362 3503 4415 de
3527 4378 3649 4416 ver-

1951 4453 2106 4506 sibus
2130 4452 2255 4517 erit,
2290 4468 2442 4506 nunc
2472 4452 2705 4506 interim
2736 4453 2844 4505 hoc
2871 4451 3003 4504 satis
3033 4450 3123 4504 sit.

2022 4545 2107 4596 37.
2150 4542 2297 4595 Sane
2320 4540 2564 4594 arbitror
2584 4541 2706 4610 jam
2746 4545 2800 4593 te
2828 4539 3169 4608 intelligere,
3202 4538 3654 4592 innumerabilia

1951 4646 2161 4700 genera
2198 4645 2317 4682 esse
2345 4633 2680 4693 metrorum,
2710 4644 2837 4698 qua:
2867 4627 3179 4698 quingenta
3203 4627 3499 4696 sexaginta
3527 4631 3652 4681 octo

1950 4719 2350 4772 inveneramus
2382 4718 2422 4782 ¹,
2452 4733 2580 4770 cum
2613 4721 2669 4769 et
2697 4715 2765 4770 de
2795 4715 3034 4769 silentiis
3062 4731 3175 4768 non
3226 4715 3336 4768 nisi
3382 4715 3654 4770 ﬁnalibus

1952 4805 2210 4876 exempla
2232 4808 2419 4859 essent
2442 4805 2592 4870 data,
2623 4809 2678 4858 et
2704 4805 2859 4858 nulla
2885 4803 3099 4874 pedum
3132 4803 3463 4858 commixtio
3507 4805 3654 4858 facta

1951 4898 2117 4960 esset,
2151 4898 2206 4947 et
2235 4894 2393 4946 nulla
2417 4893 2624 4947 solutio
2657 4893 2958 4962 longarum
2991 4891 3048 4946 in
3081 4892 3222 4946 duas
3270 4893 3485 4955 breves,
3521 4907 3650 4962 qua:

1951 4983 2153 5053 pedem
2186 4983 2334 5037 ultra
2363 4982 2605 5052 syllabas
2638 4986 2883 5053 quatuor
2930 4980 3275 5051 porrigeret.
3316 4985 3388 5035 At
3412 4980 3458 5033 si
3488 4978 3652 5032 adhi-

1952 5071 2070 5126 bita
2100 5069 2631 5124 omnisilentiorum
2660 5070 3117 5140 interpositione,
3150 5076 3204 5123 et
3233 5069 3390 5122 omni
3438 5066 3650 5137 pedum

1950 5158 2376 5223 commixtione,
2427 5162 2482 5212 et
2511 5157 2669 5212 omni
2712 5158 2994 5212 solutione
3042 5159 3342 5227 longarum
3383 5153 3649 5222 colligere

1953 5263 2256 5316 numerum
2288 5251 2599 5300 metrorum
2636 5246 2809 5314 velis;
2855 5251 3042 5300 tantus
3089 5245 3291 5308 existit,
3345 5247 3407 5294 ut
3436 5257 3648 5296 nomen

1952 5336 2072 5400 ejus
2104 5333 2338 5386 fortasse
2368 5349 2484 5386 non
2516 5337 2798 5403 suppetat.
2839 5333 2947 5386 Sed
2995 5333 3115 5385 hinc
3158 5327 3414 5396 exempla
3459 5341 3587 5394 quae
3619 5343 3652 5380 a

2017 5423 2030 5454 ι
2064 5421 2121 5468 In
2144 5420 2288 5483 prius
2314 5421 2541 5483 vulgatis
2571 5421 2811 5484 pluribus
2841 5421 2962 5484 Mss.
3013 5417 3263 5484 habetur,
3284 5412 3652 5484 quadraginta

1949 5475 2158 5545 septe-ni
2171 5475 2686 5532 invenerdmusBed
2725 5481 3002 5545 legendum
3017 5491 3135 5527 cum
3152 5475 3421 5545 Albineusi
3451 5475 3649 5545 ςφίὶὶρθ.

1951 5536 2232 5607 sexaginta
2263 5548 2398 5595 octo.
2422 5546 2613 5594 Confer
2633 5536 2805 5593 locum
2841 5543 2928 5590 lib.
2959 5543 3005 5596 4,
3033 5553 3123 5587 nn.
3158 5541 3214 5584 l5
3240 5541 3291 5584 et
3316 5539 3392 5594 16,
3419 5536 3507 5584 ubi
3540 5549 3649 5584 me-

1956 5610 2157 5654 trorum
2193 5607 2373 5655 istluec
2405 5621 2609 5654 summa
2636 5607 2892 5654 censetur.
