4064 6356
441 315 574 368 1147

435 437 600 493 nobis
627 437 760 488 sunt
783 433 988 504 posita,
1021 437 1078 486 et
1105 447 1485 503 quacumque
1519 431 1630 486 alia
1680 431 1822 501 poni
1862 435 2122 502 possunt,

436 539 765 599 quanquam
808 538 876 576 ea
927 526 983 575 et
1029 525 1200 592 poeta
1224 521 1284 576 in
1314 521 1608 576 efﬁciendo
1654 522 1951 592 approbet;
1981 525 2037 575 et
2064 521 2126 574 in

436 613 720 670 audiendo
747 609 768 645 ⁸
801 614 1005 665 natura
1036 611 1394 678 communis;
1427 615 1621 665 tamen
1657 610 1770 664 nisi
1797 626 1865 664 ea
1893 609 2041 664 docti
2070 614 2128 664 et

502 739 521 798 ιγ
544 738 752 798 ItaMss.
779 735 1056 785 AtAm.Er.
1079 738 1131 784 et
1152 737 1275 784 Lov.
1289 751 1304 798 _:
1327 735 1651 798 Quanquam
1681 746 1743 782 ea
1755 735 2043 797 etappetat
2069 731 2126 782 in

436 797 726 863 efﬁciendo,
745 799 794 848 et
825 798 1083 862 approbet
1107 799 1160 846 in
1190 796 1475 848 audiendo.

1613 362 1616 365 .
1709 311 1804 366 DE
1842 308 2128 377 MUSICA,
2169 307 2222 364 S.
2265 307 2652 365 AUGUSTlNl

3795 266 3935 358 me

2233 429 2523 486 exercitati
2559 427 2812 483 hominis
2840 427 3233 499 pronuntiatio
3278 426 3643 480 commendet
3672 425 3930 491 auribus,

2233 535 2547 590 sensusque
2568 517 2923 572 audientium
2951 533 3066 570 non
3085 515 3385 570 sittardior
3413 513 3934 585 quamhumanitas

2233 609 2499 680 postulat,
2533 623 2647 661 non
2674 599 2912 676 possunt
2941 622 3008 660 ea
3035 621 3164 676 quae
3193 603 3556 658 tractavimus
3601 619 3736 657 vera
3769 600 3932 672 judi-

2234 695 2367 750 cari.
2400 695 2506 750 Sed
2531 695 2889 765 quiescamus
2919 692 3363 764 aliquantulum,
3395 696 3454 745 et
3474 691 3545 745 de
3575 706 3742 745 versu
3772 688 3933 743 dein-

2236 800 2368 854 ceps
2397 783 2760 837 disseramus.
2789 783 2862 836 D.
2891 783 2971 836 Ita
2998 781 3158 835 ﬁant.

3809 882 3929 890 ο--ι-

1457 955 2004 1076 LIBER
2089 948 2912 1092 QUINTUS.

1784 1122 1844 1168 In
1874 1133 1979 1183 quo
2009 1120 2072 1168 de
2102 1132 2257 1168 versu
2286 1118 2575 1167 disseritur.

506 1282 734 1336 CAPUT
765 1281 1060 1335 PRIMUM.
1092 1310 1161 1321 —
1181 1279 1448 1346 Quomodo
1467 1280 1728 1349 differant
1741 1282 2050 1351 rhythmus,

1008 1373 1235 1423 metrum
1263 1373 1314 1422 et
1333 1382 1540 1424 versus.

510 1462 561 1511 l.
591 1458 668 1512 M.
722 1457 866 1521 Quid
909 1456 980 1510 sit
1035 1473 1246 1524 versus,
1281 1457 1430 1510 inter
1487 1458 1683 1512 doctos
1734 1461 1952 1512 veteres
2004 1473 2126 1511 non

433 1560 610 1616 parva
644 1545 951 1600 luctatione
1003 1545 1308 1616 quaesitum
1361 1549 1464 1612 est,
1515 1561 1620 1600 nec
1675 1545 1888 1600 fructus
1924 1545 2121 1600 defuit.

435 1635 578 1688 Nam
606 1633 836 1687 inventa
861 1649 950 1686 res
983 1638 1088 1702 est,
1117 1640 1173 1686 et
1199 1633 1270 1687 ad
1297 1633 1560 1688 notitiam
1587 1638 2126 1704 posterorumman—

435 1722 565 1777 data
591 1712 814 1787 litteris,
860 1721 1019 1792 gravi
1065 1725 1233 1792 atque
1283 1725 1433 1775 certa
1477 1737 1598 1776 non
1637 1727 1862 1777 tantum
1891 1721 2128 1776 auctori-

433 1813 571 1876 tate,
597 1825 794 1864 verum
824 1808 997 1863 etiam
1017 1809 1238 1863 ratione
1263 1809 1492 1864 ﬁrmata
1519 1815 1619 1864 est.
1645 1812 1919 1865 Interesse
1953 1809 2128 1880 igitur

436 1897 960 1953 animadverterunt
986 1897 1138 1952 inter
1165 1898 1500 1966 rhythmum
1527 1903 1582 1951 et
1613 1902 1859 1952 metrum
1888 1898 2122 1968 aliquid,

434 1990 498 2040 ut
528 2002 697 2040 omne
728 1989 978 2040 metrum
1007 1985 1329 2056 rhythmus,
1358 2002 1473 2040 non
1503 1986 1676 2040 etiam
1713 1987 1899 2040 omnis
1927 1988 2126 2058 rhyth-

434 2086 566 2124 mus
594 2074 842 2124 metrum
871 2071 962 2124 sit.
993 2071 1191 2125 Omnis
1229 2071 1385 2124 enim
1439 2069 1698 2139 legitima
1746 2069 1962 2140 pedum
1998 2083 2128 2121 cou-

435 2157 601 2211 nexio
629 2173 937 2210 numerosa
962 2160 1047 2210 est
1067 2155 1087 2189 ¹
1113 2174 1126 2222 ;
1155 2173 1327 2228 quam
1357 2157 1634 2227 quoniam
1655 2161 1904 2210 metrum
1930 2155 2122 2220 habet,

435 2262 555 2300 non
585 2261 705 2300 esse
733 2261 1008 2300 numerus
1037 2245 1195 2299 nullo
1221 2246 1394 2300 modo
1423 2249 1628 2315 potest,
1658 2244 1718 2299 id
1746 2249 1831 2300 est
1860 2261 1974 2298 non
2005 2258 2126 2296 esse

435 2335 756 2405 rhythmus.
791 2334 901 2389 Sed
930 2322 1200 2404 quoniam
1232 2349 1350 2387 non
1369 2337 1454 2387 est
1474 2332 1646 2398 idem,
1680 2331 1939 2403 quamvis
1983 2330 2126 2401 legi-

435 2422 588 2476 timis
616 2422 878 2492 pedibus,
934 2422 1090 2475 nullo
1145 2427 1338 2475 tamen
1387 2427 1539 2475 certo
1589 2422 1703 2475 fine
1753 2419 2030 2490 provolvi,
2073 2423 2129 2473 et

438 2510 574 2564 item
606 2509 877 2579 legitimis
909 2510 1174 2580 progredi
1200 2509 1460 2580 pedibus,
1488 2510 1586 2564 sed
1621 2512 1775 2562 certo
1822 2508 1936 2562 fine
1967 2523 2124 2560 coer-

439 2599 587 2663 ceri;
621 2599 743 2652 haec
796 2599 910 2652 duo
943 2613 1155 2667 genera
1199 2598 1372 2653 etiam
1433 2598 1720 2652 vocabulis
1756 2597 2129 2652 discernenda

439 2691 621 2752 erant,
655 2691 720 2740 ut
768 2687 912 2740 illud
959 2686 1222 2756 superius
1278 2687 1577 2757 rhythmus
1625 2691 1850 2740 tantum
1892 2685 2126 2756 proprio

433 2775 555 2844 jam
584 2773 837 2840 nomine,
870 2775 976 2828 hoc
1005 2779 1196 2830 autem
1225 2777 1468 2829 alterum
1491 2775 1570 2829 ita
1597 2775 1898 2846 rhythmus
1922 2778 1986 2828 ut
2015 2790 2129 2827 me-

438 2869 592 2917 trum
636 2863 809 2917 etiam
858 2868 1170 2918 vocaretur.
1207 2866 1442 2931 Rursus,
1475 2864 1747 2936 quoniam
1778 2880 1979 2918 eorum
2019 2879 2127 2918 nu-

437 2966 732 3005 merorum
761 2952 859 3022 qui
879 2957 1032 3006 certo
1061 2952 1176 3008 ﬁne
1205 2954 1568 3022 clauduntur,
1598 2953 1658 3008 id
1676 2956 1760 3008 est
1787 2957 2126 3020 metrorum,

437 3039 552 3093 alia
575 3040 786 3093 suntin
816 3040 1026 3111 quibus
1048 3057 1166 3095 non
1195 3042 1440 3096 habetur
1466 3042 1612 3096 ratio
1640 3043 1935 3112 cujusdam
1984 3041 2128 3096 divi-

436 3127 615 3181 sionis
643 3128 790 3182 circa
821 3129 1093 3194 medium,
1128 3130 1239 3184 alia
1267 3130 1580 3201 inquibus
1621 3131 1815 3184 sedulo
1844 3131 2125 3197 habetur;

439 3218 563 3268 erat
603 3214 779 3268 etiam
810 3217 932 3269 haec
963 3216 1284 3272 differentia
1338 3219 1586 3272 notanda
1617 3219 1921 3273 vocabulis.
1979 3218 2128 3282 Qua-

437 3305 671 3370 propter
700 3303 860 3364 illud,
892 3303 990 3357 ubi
1011 3320 1126 3358 non
1154 3305 1396 3359 habetur
1423 3307 1547 3360 haec
1573 3306 1740 3371 ratio,
1761 3306 2016 3376 rhythmi
2037 3322 2130 3376 ge-

439 3403 546 3440 nus
575 3389 806 3459 proprie
837 3395 1085 3444 metrum
1115 3397 1380 3445 vocatum
1409 3397 1527 3446 est:
1556 3393 1662 3446 hoc
1691 3397 1883 3446 autem
1912 3393 2011 3446 ubi
2029 3393 2128 3445 ha-

438 3476 626 3540 betur,
677 3493 904 3532 versum
967 3479 1428 3534 nominaverunt.
1495 3481 1667 3551 Cujus
1728 3480 2130 3551 appellationis

439 3564 720 3634 originem
771 3566 1006 3620 fortasse
1061 3568 1562 3638 progredientibus
1609 3569 1774 3623 nobis
1808 3569 1951 3623 ratio
2006 3570 2130 3639 ipsa

439 3654 802 3708 monstrabit.
838 3656 1031 3725 Neque
1061 3655 1168 3709 hoc
1192 3656 1273 3709 ita
1295 3656 1694 3728 praescriptum
1724 3660 1908 3728 putes,
1941 3663 2004 3712 ut
2033 3657 2131 3711 illa

441 3741 614 3795 etiam
643 3748 826 3797 metra
851 3758 1044 3797 versus
1091 3760 1289 3798 vocare
1318 3761 1436 3799 non
1466 3745 1647 3800 liceat.
1697 3745 1805 3800 Sed
1851 3746 2010 3800 aliud
2042 3750 2126 3800 est

439 3844 570 3883 cum
595 3831 887 3885 abutimur
913 3833 1173 3902 nomine,
1205 3833 1436 3888 licentia
1465 3835 1763 3906 cujusdam
1786 3833 2126 3902 vicinitatis;

439 3918 614 3984 aliud,
646 3936 774 3974 cum
800 3936 922 3974 rem
951 3922 1224 3976 vocabulo
1254 3938 1356 3976 suo
1382 3923 1766 3976 enuntiamus.
1789 3922 1897 3977 Sed
1941 3923 2152 3976 nomi--

439 4023 580 4060 num
611 4009 1077 4063 commemoratio
1107 4011 1380 4064 hactenus
1408 4011 1555 4064 facta
1583 4011 1655 4064 sit
1680 4027 1694 4078 ;
1735 4011 1796 4063 in
1816 4011 2043 4080 quibus,
2067 4015 2133 4065 ut

436 4094 555 4164 jam
595 4095 918 4160 didicimus,
965 4098 1249 4152 concessio
1288 4098 1839 4169 interloquentium2
1869 4103 1926 4153 et
1971 4103 2130 4153 vetu-

440 4183 601 4236 statis
631 4185 934 4238 auctoritas
958 4188 1142 4238 totum
1188 4187 1357 4240 valet.
1389 4189 1624 4255 Caetera,
1654 4188 1700 4240 si
1733 4186 1934 4256 placet,
1971 4203 2130 4240 more

438 4275 630 4324 nostro
651 4271 1058 4342 investigemus
1078 4289 1246 4327 sensu
1267 4274 1489 4342 nuntio,
1504 4274 1690 4328 indice
1713 4274 1932 4327 ratione
1952 4279 2041 4340 ;ut
2067 4275 2130 4328 il-

441 4360 525 4412 los
537 4359 706 4413 etiam
732 4365 950 4414 veteres
975 4367 1233 4415 auctores
1256 4378 1368 4415 non
1387 4362 2130 4433 instituisseistaquasiqute

441 4447 501 4501 in
533 4452 666 4501 natu
675 4465 736 4501 ra
748 4465 938 4503 rerum
960 4449 1186 4519 integra
1206 4454 1261 4503 et
1276 4450 1524 4520 perfecta
1550 4466 1667 4504 non
1684 4451 1916 4516 fuerint,
1931 4451 2026 4505 sed
2042 4468 2129 4504 ra-

441 4537 764 4591 tiocinando
777 4537 1078 4604 invenisse,
1095 4543 1154 4592 et
1172 4539 1511 4609 appellando
1525 4544 1750 4593 notasse
1763 4555 2125 4608 cognnoscas.

441 4623 663 4679 CAPUT
693 4626 764 4680 II.
785 4656 854 4666 —
883 4628 1057 4680 Metra
1083 4629 1142 4680 in
1172 4627 1310 4681 duas
1335 4632 1522 4703 partes
1568 4626 1873 4682 divisibilia
1923 4630 2126 4684 caeteris

1144 4722 1429 4786 prastant.

511 4806 564 4856 2.
597 4803 780 4867 Quare
825 4804 1079 4874 primum
1119 4822 1152 4860 a
1181 4810 1236 4859 te
1267 4822 1486 4876 quaero,
1527 4810 1722 4859 utrum
1752 4806 1823 4860 ob
1847 4806 2002 4861 aliud
2031 4823 2129 4877 pes

441 4907 641 4945 aurem
671 4894 932 4957 mulceat,
965 4895 1075 4947 nisi
1102 4894 1254 4964 quod
1284 4895 1343 4948 in
1371 4911 1437 4947 eo
1467 4894 1720 4948 dumillse
1745 4899 1958 4965 partes,
1988 4911 2127 4965 qua-

439 4995 570 5034 rum
603 4997 717 5036 una
746 4981 806 5034 in
836 4983 1135 5048 levatione,
1167 4983 1345 5036 altera
1374 4982 1434 5035 in
1466 4982 1750 5052 positione
1799 4987 1902 5050 est,
1936 4999 2133 5037 nume-

444 5085 572 5123 rosa
601 5069 707 5123 sibi
736 5071 1115 5124 concinnitate
1145 5071 1612 5141 respondent?D.
1644 5073 1768 5125 lam
1782 5072 1886 5126 hoc
1899 5073 2132 5143 quidem

442 5159 586 5212 mihi
614 5163 744 5212 ante
770 5176 1106 5229 persuasum
1135 5164 1220 5212 est
1242 5164 1414 5230 atque
1438 5163 1812 5230 compertum.
1843 5162 1914 5214 Μ.
1939 5160 2084 5224 Quid
2104 5165 2133 5216 ?

441 5249 710 5312 metrum,
741 5247 894 5316 quod
924 5247 1287 5300 manifestum
1319 5252 1403 5301 est
1432 5248 1644 5316 pedum
1675 5248 1976 5302 collatione
2005 5265 2131 5302 con-

443 5333 554 5399 fici,
587 5351 726 5388 num
760 5351 827 5389 ex
854 5353 921 5389 eo
965 5351 1157 5389 rerum
1188 5351 1396 5406 genere
1447 5352 1567 5390 esse
1618 5337 2010 5391 arbitrandum
2050 5342 2135 5392 est

497 5423 518 5527 ἐ
540 5421 655 5470 Am.
678 5423 1229 5490 Er.etLov.,numerus
1249 5423 1451 5474 est.Sed
1470 5424 1658 5472 melius
1675 5425 1820 5483 Mss.,
1837 5439 2134 5476 numerosa

444 5496 531 5530 est.

506 5546 526 5578 ²
556 5547 692 5594 inter
717 5559 772 5623 se
803 5547 1153 5608 loquentium,
1176 5547 1327 5610 juxta
1363 5548 1521 5595 Vatic.
1550 5549 1615 5594 Μ.

2233 1278 2387 1350 quod
2415 1276 2591 1332 dividi
2617 1292 2736 1330 non
2765 1278 2986 1346 potest;
3016 1290 3146 1328 cum
3175 1274 3409 1329 omnino
3461 1277 3519 1328 et
3545 1273 3687 1327 nihil
3721 1271 3932 1326 indivi-

2233 1368 2411 1421 duum
2440 1383 2544 1437 per
2573 1369 2800 1436 tempus
2829 1364 2987 1418 tendi
3035 1367 3224 1434 queat,
3267 1367 3323 1417 et
3369 1363 3525 1434 quod
3571 1379 3639 1417 ex
3678 1361 3933 1417 dividuis

2233 1455 2474 1526 pedibus
2519 1458 2761 1522 constat,
2795 1452 3198 1507 absurdissima
3232 1450 3594 1506 individuum
3641 1454 3884 1521 putetur
3905 1451 3935 1503 ?

2234 1544 2307 1596 D.
2339 1542 2503 1596 Nullo
2532 1541 2704 1595 modo
2734 1542 2840 1594 hoc
2869 1556 3050 1611 genus
3073 1539 3408 1594 divisionem
3428 1538 3684 1609 recipere
3711 1538 3935 1592 abnue-

2233 1631 2364 1684 rim.
2416 1632 2490 1684 M.
2525 1631 2596 1683 At
2627 1629 2819 1682 omnia
2870 1645 2998 1699 quas
3033 1627 3317 1698 recipiunt
3340 1628 3700 1694 divisionem,
3735 1643 3935 1682 nonne

2233 1719 2562 1791 pulchriora
2587 1721 2720 1772 sunt
2751 1716 2798 1770 si
2829 1733 3030 1772 eorum
3055 1722 3243 1787 partes
3267 1716 3459 1787 aliqua
3481 1716 3769 1787 parilitate
3802 1732 3938 1770 con-

2235 1807 2484 1874 cordent,
2513 1797 2687 1878 quam
2716 1805 2764 1858 si
2797 1805 3080 1860 discordes
3113 1809 3169 1858 et
3196 1805 3438 1859 dissonae
3461 1804 3619 1860 sint?
3661 1806 3730 1858 D.
3779 1804 3936 1859 Nulli

2237 1893 2477 1948 dubium
2508 1895 2610 1950 est.
2652 1897 2728 1948 Μ.
2782 1892 2976 1958 Quid?
3016 1893 3194 1964 ipsius
3243 1893 3440 1963 parilis
3478 1892 3774 1947 divisionis
3832 1893 3936 1964 qui

2235 1983 2464 2036 tandem
2499 1998 2777 2037 numerus
2805 1985 3005 2036 auctor
3032 1986 3115 2036 est
3140 1983 3169 2036 ?
3198 1998 3269 2035 an
3297 1981 3524 2037 dualis?
3570 1983 3645 2036 D.
3710 1983 3796 2035 Ita
3825 1985 3932 2036 est.

2234 2073 2306 2124 Μ.
2341 2072 2410 2124 Ut
2439 2087 2573 2142 ergo
2613 2071 2674 2124 in
2716 2071 2854 2125 duas
2903 2075 3094 2142 partes
3131 2069 3495 2124 concinentes
3524 2069 3698 2125 dividi
3725 2069 3936 2141 pedem

2235 2164 2292 2213 et
2319 2176 2388 2214 eo
2416 2161 2541 2230 ipso
2574 2176 2771 2214 aurem
2801 2159 3079 2214 delectare
3109 2159 3523 2230 comperimus;
3544 2158 3592 2212 si
3612 2159 3787 2213 etiam
3817 2173 3937 2212 me-

2233 2253 2390 2302 trum
2417 2249 2529 2302 tale
2559 2249 2938 2315 inveniamus,
2967 2264 3162 2302 nonne
3181 2247 3401 2303 caeteris
3419 2264 3535 2302 non
3564 2247 3775 2302 talibus
3799 2246 3935 2316 jure

2234 2339 2654 2408 anteponetur?
2676 2341 2739 2391 D.
2773 2338 3090 2392 Assentior.

2551 2427 2775 2480 CAPUT
2805 2427 2900 2480 III.
2933 2455 3000 2466 —
3037 2428 3232 2482 Versus
3275 2426 3417 2479 unde
3448 2425 3644 2479 dictus.

2307 2515 2360 2566 3.
2390 2513 2466 2567 Μ.
2497 2514 2663 2566 Recte
2695 2529 2847 2568 sane.
2904 2512 3088 2576 Quare
3127 2513 3247 2582 jam
3274 2513 3416 2567 illud
3469 2511 3769 2584 responde,
3800 2527 3937 2565 cum

2234 2599 2294 2653 in
2317 2600 2581 2654 omnibus
2612 2617 2740 2671 quae
2762 2600 2953 2671 aliqua
2981 2601 3254 2671 temporis
3271 2605 3432 2671 parte
3463 2600 3756 2668 metimur,
3780 2599 3933 2654 aliud

2235 2688 2538 2757 prmcedat,
2590 2687 2745 2741 aliud
2795 2688 3195 2758 subsequatur,
3242 2688 3401 2742 aliud
3457 2688 3713 2759 incipiat,
3775 2687 3938 2742 aliud

2236 2773 2531 2841 terminet;
2564 2775 2781 2828 nihilne
2813 2774 2916 2829 tibi
2942 2775 3201 2829 videatur
3237 2776 3388 2830 inter
3438 2781 3662 2846 partem
3716 2791 3936 2846 prince-

2236 2862 2466 2916 dentem
2497 2867 2669 2933 atque
2695 2861 3090 2932 incipientem,
3124 2866 3179 2916 et
3208 2862 3367 2917 illam
3397 2879 3526 2934 quas
3553 2863 3939 2933 subsequatur

2237 2965 2300 3002 ac
2321 2949 2593 3004 terminet
2628 2948 2668 3017 ‘,
2698 2951 2972 3005 interesse
3003 2955 3286 3021 oportere.
3314 2949 3387 3005 D.
3450 2953 3729 3006 Interesse
3772 2952 3934 3005 arbi-

2236 3043 2376 3093 tror.
2407 3041 2480 3093 M.
2515 3038 2614 3092 Dic
2643 3054 2777 3109 ergo
2807 3040 2945 3110 quid
2971 3039 3197 3094 intersit
3228 3040 3376 3094 inter
3421 3041 3522 3094 has
3565 3041 3706 3094 duas
3740 3045 3937 3110 partes

2237 3143 2451 3194 versus,
2475 3145 2720 3199 quarum
2745 3145 2861 3182 una
2885 3133 2987 3195 est,
3011 3129 3223 3185 Cornua
3235 3131 3563 3196 velatarum;
3591 3130 3770 3183 altera
3794 3145 3934 3182 vero

2239 3220 2342 3282 est,
2370 3219 2626 3270 vertimus
2691 3223 3051 3272 antennarum
3103 3217 3334 3288 (Eneid.
3404 3219 3496 3272 lib.
3559 3221 3611 3284 3,
3670 3235 3722 3272 υ.
3784 3219 3934 3286 549).

2237 3305 2362 3357 Νοη
2393 3304 2549 3358 enim
2571 3309 2632 3357 ut
2659 3304 2812 3358 idem
2834 3309 3021 3376 poeta,
3053 3307 3394 3369 obvertimus,
3429 3305 3525 3360 sed
3561 3305 3608 3358 si
3634 3306 3714 3359 ita
3740 3321 3938 3359 versus

2239 3391 2586 3457 enuntietur,
2631 3394 2844 3447 Cornua
2881 3394 3182 3447 velatarum
3226 3397 3483 3447 vertimus
3531 3399 3936 3460 antennarum;

2236 3496 2430 3535 nonne
2456 3480 2663 3550 saepius
2693 3481 3002 3550 repetendo
3031 3482 3276 3536 efficitur
3299 3482 3599 3546 incertum,
3633 3498 3762 3552 qua:
3798 3498 3939 3552 pars

2237 3568 2396 3639 prior
2408 3567 2498 3632 sit,
2518 3584 2645 3638 quae
2669 3568 2948 3638 posterior
2971 3571 3000 3623 ?
3032 3571 3224 3639 Neque
3246 3570 3401 3623 enim
3432 3570 3623 3624 minus
3653 3571 3806 3625 idem
3824 3575 3942 3625 stat

2237 3672 2451 3722 versus,
2488 3672 2618 3710 cum
2649 3657 2726 3710 ita
2755 3657 3076 3726 profertur:
3115 3661 3385 3714 Vertimus
3415 3666 3778 3714 antennarum
3809 3676 3939 3714 cor—

2237 3761 2349 3799 nua
2376 3746 2694 3799 velatarum.
2726 3745 2801 3800 D.
2828 3747 2998 3800 Plane
3021 3745 3302 3800 incertum
3325 3747 3449 3800 fieri
3475 3747 3656 3802 video.
3681 3751 3767 3802 M.
3795 3749 3942 3803 Cen-

2238 3849 2400 3888 sesne
2433 3833 2728 3887 vitandum
2748 3836 2776 3888 ?
2804 3835 2877 3889 D.
2904 3833 3134 3889 Censeo.
3157 3836 3242 3889 Μ.
3267 3835 3402 3889 Vide
3419 3835 3597 3905 igitur
3625 3841 3823 3890 utrum
3839 3837 3940 3891 hic

2240 3922 2373 3974 satis
2400 3922 2639 3975 vitatum
2688 3922 2778 3977 sit.
2824 3923 2944 3976 Una
2994 3939 3126 3993 pars
3155 3940 3351 3978 versus
3378 3929 3461 3978 est
3505 3929 3563 3977 et
3608 3940 3676 3978 ea
3716 3941 3938 3994 praece-

2239 4010 2463 4079 cedens,
2516 4012 2690 4064 Arma
2745 4012 3027 4079 virumque
3082 4028 3248 4074 cano;
3313 4013 3490 4066 altera
3556 4015 3935 4083 subsequens,

2244 4099 2416 4166 Trojee
2435 4101 2532 4167 qui
2547 4102 2759 4167 primus
2789 4100 2857 4152 ab
2888 4103 2996 4154 oris
3019 4119 3034 4164 ;
3058 4117 3188 4171 qua:
3214 4118 3395 4172 usque
3411 4102 3554 4155 adeo
3576 4102 3727 4155 inter
3757 4118 3816 4154 se
3829 4102 3940 4156 dif-

2240 4187 2446 4253 ferunt,
2476 4190 2540 4239 ut
2568 4188 2613 4240 si
2659 4187 2916 4241 ordinem
2953 4195 3158 4250 vertas,
3191 4194 3248 4243 et
3296 4190 3401 4242 hoc
3450 4189 3622 4242 modo
3671 4205 3937 4259 pronun-

2240 4274 2367 4340 ties,
2404 4275 2576 4342 Trojae
2612 4277 2709 4342 qui
2743 4278 2955 4343 primus
2985 4276 3052 4329 ab
3089 4279 3218 4340 oris,
3269 4293 3423 4330 arma
3463 4280 3745 4346 virumque
3774 4294 3934 4345 cano,

2239 4363 2380 4416 alios
2417 4363 2592 4432 pedes
2621 4362 2848 4417 metiri’
2891 4380 3119 4417 necesse
3157 4364 3246 4417 sit.
3281 4365 3350 4419 D.
3408 4365 3689 4434 Intelligo.
3741 4367 3827 4421 Μ.
3863 4367 3939 4422 At

2239 4451 2383 4515 vide,
2417 4456 2611 4504 utrum
2632 4451 2739 4506 ista
2767 4451 2911 4506 ratio
2955 4452 3018 4504 in
3041 4451 3168 4504 aliis
3208 4457 3428 4504 servata
3465 4452 3553 4504 sit.
3593 4453 3735 4504 Nam
3767 4454 3938 4524 cujus

2240 4539 2613 4595 dimensiouis
2643 4545 2728 4594 est
2754 4556 2886 4610 pars
2915 4539 3194 4609 incipiens
3234 4541 3413 4593 Arma
3453 4541 3733 4607 virumque
3775 4557 3938 4610 cano,

2240 4629 2496 4699 ejusdem
2529 4644 2648 4682 esse
2696 4628 2968 4698 agnoscis,
3007 4630 3230 4682 Italiam
3261 4630 3398 4693 fato.
3459 4629 3664 4681 Littera
3701 4631 3936 4685 multum

2237 4719 2328 4771 ille
2355 4723 2424 4773 et.
2462 4719 2530 4772 Vi
2546 4733 2799 4784 superum
2825 4733 2996 4772 senate.
3039 4718 3211 4770 Multa
3239 4731 3447 4785 quoque
3480 4721 3529 4770 et
3559 4717 3711 4770 bello.
3743 4719 3934 4784 Infer-

2239 4812 2423 4875 retque
2475 4806 2615 4860 deos.
2650 4807 2957 4875 Albanique
3001 4810 3208 4874 patres.
3244 4806 3323 4859 Ne
3355 4805 3556 4872 multa,
3586 4821 3936 4876 persequere

2240 4901 2472 4954 caeteros
2504 4901 2785 4966 quantum
2812 4895 2985 4960 voles,
3029 4893 3131 4946 has
3181 4895 3400 4964 priores
3446 4898 3636 4964 partes
3666 4909 3936 4950 versuum

2241 4984 2494 5054 ejusdem
2523 4983 2893 5037 dimensionis
2921 4981 3195 5047 invenies,
3227 4982 3286 5035 id
3316 4987 3400 5036 est
3421 4981 3619 5052 quinto
3645 4983 3935 5054 semipede

2241 5071 2564 5127 articulatas
2594 5076 2632 5124 ³.
2679 5069 2984 5124 Rarissime
3034 5070 3268 5123 omnino
3309 5070 3356 5124 si
3389 5087 3506 5124 non
3551 5071 3660 5124 hoc
3696 5071 3776 5124 ita
3811 5079 3933 5138 est;

2240 5161 2318 5214 ita
2347 5165 2410 5214 ut
2436 5160 2774 5229 posteriores
2795 5160 2909 5213 sint
2934 5158 3054 5212 istae
3084 5175 3201 5212 non
3233 5159 3420 5212 minus
3444 5159 3594 5212 inter
3622 5175 3680 5212 se
3702 5160 3931 5230 pariles:

2244 5250 2416 5316 Trojae
2437 5251 2534 5317 qui
2561 5251 2770 5317 primus
2807 5248 2874 5301 ab
2919 5251 3049 5302 oris.
3091 5250 3362 5314 Profugus
3400 5249 3716 5314 Lavinaque
3758 5252 3928 5304 venit.

2245 5338 2422 5390 Terris
2437 5337 2678 5403 jactatus
2703 5340 2752 5389 et
2793 5337 2921 5390 alto.
2955 5339 3236 5391 Memorem
3264 5339 3504 5391 Junonis
3525 5338 3587 5390 ob
3607 5339 3767 5391 iram.
3792 5339 3934 5392 Pas—

2305 5427 2320 5487 t
2351 5423 2696 5485 Subsequitur
2725 5436 2788 5487 ac
2813 5424 3083 5487 terminat,
3101 5424 3254 5487 juxta
3283 5425 3448 5473 V'atic.
3472 5429 3522 5472 et
3547 5425 3644 5472 Ms.
3684 5424 3741 5476 Α.
3771 5425 3839 5472 Μ.

2309 5486 2326 5515 ²
2357 5487 2523 5548 Metti,
2542 5487 2693 5548 juxta
2727 5486 2889 5534 Vatic.
2921 5487 2987 5535 Μ.

2306 5551 2326 5581 3
2357 5547 2552 5609 Adjicit
2576 5547 2837 5607 Vaticau.,
2875 5553 2918 5596 et
2943 5551 3142 5610 septem
3173 5550 3502 5598 terminatas.
3537 5549 3603 5596 M.
