4064 6364
80 286 216 338 1149

76 422 165 460 sus
208 406 335 460 dum
375 407 623 460 conderet
675 407 885 461 urbem.
931 408 1087 460 Latio
1106 421 1272 473 genus
1303 406 1446 461 unde
1489 405 1766 461 Latinum.

77 498 254 563 Atque
276 497 399 549 altae
427 498 621 548 mantia
649 496 856 549 Romae:
886 498 950 548 D.
981 495 1494 548 Manifestissimum
1525 501 1624 547 est.

146 587 198 636 li.
229 587 309 638 M.
350 584 615 654 Quinque
647 583 825 653 igitur
853 587 908 636 et
937 587 1155 654 septem
1189 583 1507 654 semipedes
1544 597 1769 636 versum

74 671 366 726 heroicum
399 671 460 725 in
491 672 603 726 duo
632 671 890 725 membra
911 672 1259 741 partiuntur,
1291 688 1462 742 quem
1494 688 1586 725 sex
1616 670 1774 741 pedi-

74 760 180 814 bus
205 764 619 831 quaternorum
638 765 959 831 temporum
974 765 1233 814 constare
1247 759 1611 814 notissimum
1639 755 1768 811 est‘:

80 853 138 902 et
166 849 289 901 sine
342 847 726 902 concinnitate
781 848 1018 919 quidem
1073 849 1316 902 duorum
1359 848 1770 912 membrorum,

74 935 190 990 sive
220 935 345 1001 ista,
385 935 501 990 sive
532 935 726 1006 aliqua
754 936 866 989 alia
913 952 1108 990 versus
1159 937 1351 990 nullus
1396 941 1497 989 est.
1544 936 1606 989 In
1649 933 1774 1005 qui-

73 1026 180 1080 bus
208 1026 475 1080 omnibus
504 1027 612 1080 hoc
643 1026 786 1079 ratio
820 1025 1231 1080 demonstravit
1258 1040 1378 1079 esse
1408 1023 1770 1090 servandum,

75 1117 138 1168 ut
167 1129 284 1167 non
313 1113 490 1184 possit
517 1129 649 1184 pars
679 1113 836 1183 prior
864 1114 924 1166 in
950 1113 1283 1184 posteriore,
1318 1117 1373 1166 et
1400 1111 1685 1182 posterior
1711 1110 1773 1163 in

72 1203 266 1272 priore
288 1203 410 1256 loco
441 1202 597 1272 poni.
627 1202 788 1267 Quod
819 1202 864 1255 si
895 1203 1060 1257 aliter
1083 1202 1274 1269 fuerit,
1325 1218 1439 1256 non
1482 1201 1604 1272 jam
1646 1215 1770 1254 ver-

73 1307 190 1356 sus,
250 1290 359 1344 nisi
423 1289 673 1344 nominis
727 1290 1022 1355 abusione,
1090 1290 1357 1354 dicetur;
1407 1290 1517 1344 erit
1583 1294 1772 1342 autem

69 1379 377 1447 rhythmus
407 1382 462 1432 et
491 1383 760 1445 metrum,
794 1378 988 1449 qualia
1018 1377 1305 1431 rarissime
1337 1377 1526 1447 longis
1566 1375 1771 1430 carmi-

72 1466 244 1520 nibus
264 1466 627 1538 interponere
658 1483 786 1538 quze
816 1466 1073 1520 versibus
1101 1470 1504 1532 contexuntur,
1537 1481 1655 1518 non
1683 1464 1774 1518 in-

71 1557 344 1610 decorum
374 1562 459 1610 est
489 1573 502 1611 :
538 1558 704 1628 quale
733 1557 885 1610 idem
920 1556 1110 1627 ipsum
1142 1561 1224 1610 est
1253 1556 1406 1627 quod
1443 1556 1614 1625 paulo
1641 1558 1772 1607 ante

71 1645 551 1699 commemoravi:
578 1647 791 1701 Cornua
801 1647 1101 1699 velatarum
1114 1648 1370 1698 vertimus
1391 1649 1769 1698 antennarum.

72 1734 458 1797 Quamobrem
491 1750 607 1787 non
636 1733 781 1787 mihi
811 1750 1003 1787 versus
1016 1749 1084 1786 ex
1097 1749 1164 1787 eo
1187 1735 1506 1804 appellatus
1525 1731 1769 1797 videtur,

70 1826 134 1875 ut
165 1821 433 1875 nonnulli
461 1826 684 1892 putant,
710 1821 865 1893 quod
894 1837 927 1874 a
951 1824 1103 1875 certo
1141 1821 1255 1874 ﬁne
1277 1821 1348 1874 ad
1373 1819 1627 1891 ejusdem
1658 1835 1770 1872 nu—

71 1909 217 1963 meri
244 1914 415 1980 caput
443 1910 684 1977 reditur,
719 1915 779 1963 ut
803 1925 1014 1963 nomen
1044 1909 1279 1963 ductum
1307 1909 1380 1963 sit
1408 1907 1564 1962 abiis
1593 1907 1692 1978 qui
1714 1923 1772 1960 se

71 2004 301 2054 vertunt
329 2000 464 2053 dum
495 1999 586 2052 via
607 1999 876 2065 redeunt;
911 2015 1046 2053 nam
1073 1999 1184 2052 hoc
1212 1999 1296 2052 illi
1325 2015 1456 2052 cum
1483 1997 1571 2052 his
1600 1997 1771 2051 etiam

70 2089 290 2155 metris,
318 2104 448 2159 qua;
476 2104 670 2141 versus
698 2103 817 2141 non
833 2092 984 2155 sunt,
1017 2091 1254 2158 apparet
1283 2103 1406 2142 esse
1437 2101 1767 2140 commune:

70 2178 172 2232 sed
235 2177 418 2248 magis
471 2177 709 2231 fortasse
750 2192 784 2229 a
828 2175 1113 2230 contrario
1162 2171 1374 2230 nomen
1405 2175 1642 2240 invenit,
1690 2177 1773 2226 ut-

70 2266 560 2337 quemadmodum
592 2264 953 2335 grammatici
979 2265 1273 2336 deponens
1302 2265 1540 2318 verbum
1572 2263 1724 2334 quod
1743 2278 1775 2315 r

69 2355 325 2408 litteram
355 2370 472 2407 non
500 2353 756 2423 deponit,
787 2352 954 2406 sicuti
984 2357 1087 2422 est,
1118 2354 1314 2420 lucror,
1351 2356 1427 2420 et,
1459 2340 1771 2422 conqueror,

68 2443 512 2513 appellaverunt
535 2459 548 2508 ;
581 2442 660 2496 ita
688 2442 842 2513 quod
863 2441 1084 2496 duobus
1114 2441 1388 2495 membris
1417 2441 1612 2506 confit,
1636 2456 1775 2511 quo-

71 2546 202 2584 rum
235 2535 508 2584 neutrum
538 2530 599 2584 in
639 2531 875 2584 alterius
905 2531 1027 2583 loco
1058 2531 1210 2583 salva
1237 2530 1364 2601 lege
1398 2545 1773 2584 numerorum

69 2618 460 2685 constituitur,
504 2618 642 2689 quia
685 2617 830 2672 verti
873 2633 989 2671 non
1032 2622 1235 2688 potest,
1284 2634 1479 2672 versus
1520 2620 1770 2671 vocetur.

67 2707 181 2761 Sed
211 2706 542 2761 utramlibet
579 2708 787 2761 harum
817 2707 1100 2777 originem
1131 2706 1468 2760 vocabulitu
1488 2706 1622 2760 licet
1646 2722 1774 2776 pro-

67 2795 196 2861 bes,
229 2796 318 2849 vel
368 2799 670 2866 utramque
727 2795 1038 2866 improbes,
1095 2799 1150 2848 et
1179 2794 1349 2848 aliam
1381 2811 1622 2866 quaeras,
1675 2797 1776 2846 aut

65 2887 407 2937 contemnas
429 2899 655 2936 mecum
682 2887 870 2937 totum
892 2883 998 2936 hoc
1022 2881 1354 2952 quaestionis
1383 2897 1598 2952 genus;
1629 2878 1774 2934 nihil

66 2972 140 3025 ad
196 2972 306 3025 hoc
346 2976 574 3042 tempus
619 2972 888 3042 pertinet.
945 2972 1086 3026 Cum
1130 2970 1285 3024 enim
1331 2969 1467 3023 satis
1508 2985 1598 3022 res
1642 2968 1766 3038 ipsa

67 3076 202 3130 quae
232 3060 340 3114 hoc
368 3061 599 3114 nomine
653 3059 1026 3130 significatur,
1085 3063 1375 3129 appareat,
1415 3073 1536 3111 non
1590 3060 1675 3110 est
1705 3057 1774 3111 de

65 3148 232 3202 verbi
263 3149 438 3220 stirpe
492 3149 886 3203 laborandum.
945 3146 1065 3202 Nisi
1094 3146 1231 3217 quid
1278 3146 1452 3200 habes
1504 3145 1575 3200 ad
1629 3145 1770 3200 Ιιίηο.

66 3240 132 3292 D.
170 3238 292 3308 Ego
322 3254 455 3291 vero
484 3237 650 3304 nihil,
687 3237 786 3291 sed
811 3252 986 3307 perge
1017 3235 1088 3290 ad
1121 3240 1346 3289 caetera.

291 3326 517 3380 CAPUT
543 3326 632 3380 IV.
656 3355 725 3366 --
768 3327 1046 3379 Terminus
1074 3340 1324 3378 versuum
1349 3325 1556 3377 varius.

139 3418 201 3467 5.
242 3416 318 3467 M.
351 3414 619 3484 Sequitur
670 3419 736 3467 ut
764 3414 832 3467 de
861 3429 1057 3467 versus
1099 3412 1346 3467 termino
1395 3410 1772 3482 requiramus.

69 3503 220 3555 Nam
253 3505 311 3554 et
339 3502 492 3555 hunc
521 3501 714 3572 aliqua
734 3501 1056 3556 differentia
1076 3505 1335 3555 notatum
1349 3497 1770 3571 atqueinsigni-

66 3597 197 3645 tum
227 3606 351 3643 esse
383 3590 705 3656 voluerunt,
737 3590 825 3643 vel
856 3590 1047 3660 potius
1078 3590 1204 3660 ipsa
1233 3589 1398 3644 ratio.
1431 3590 1522 3642 An
1563 3595 1625 3641 tu
1656 3603 1774 3640 non

65 3677 370 3733 arbitraris
390 3678 595 3732 melius
625 3694 744 3732 esse
775 3682 839 3731 ut
866 3677 1017 3743 finis,
1052 3693 1164 3748 quo
1195 3676 1515 3748 provolutio
1546 3674 1774 3728 numeri

63 3770 389 3834 coercetur,
421 3783 538 3820 non
587 3765 925 3836 perturbata
953 3770 1280 3835 temporum
1312 3763 1656 3834 aequalitate,
1686 3766 1771 3815 ta-

63 3870 204 3908 men
229 3858 252 3889 ²
293 3853 576 3920 emineat;
621 3869 794 3924 quam
825 3852 873 3905 si
907 3869 1037 3906 cum
1085 3853 1302 3906 caeteris
1341 3851 1600 3922 partibus
1644 3867 1773 3921 qua;

62 3943 252 3996 finem
276 3958 387 3996 non
422 3941 658 4007 faciunt,
691 3940 1117 3995 confundatur?
1146 3944 1210 3995 D.
1259 3941 1394 4005 Quis
1420 3940 1641 3994 dubitat
1669 3940 1774 3993 hoc

63 4047 191 4084 esse
223 4029 452 4098 melius,
488 4029 643 4100 quod
668 4033 753 4082 est
777 4029 1094 4083 evidentius
1116 4031 1145 4083 ?
1176 4030 1245 4084 Μ.
1271 4029 1578 4083 Considera
1616 4045 1770 4098 ergo,

60 4125 271 4173 utrum
303 4121 452 4172 recte
481 4117 769 4187 insignem
787 4117 962 4170 ﬁnem
991 4133 1186 4171 versus
1215 4116 1429 4170 heroici
1457 4116 1775 4187 spondeum

58 4209 278 4279 pedem
309 4206 543 4277 quidam
572 4222 692 4260 esse
721 4205 1023 4259 voluerint.
1086 4206 1226 4259 Nam
1256 4204 1316 4258 in
1349 4204 1603 4276 quinque
1647 4204 1774 4257 aliis

58 4296 214 4351 locis
246 4296 337 4348 vel
365 4295 517 4348 hunc
540 4294 629 4348 vel
660 4294 944 4364 dactylum
978 4293 1106 4347 licet
1135 4309 1386 4364 ponere;
1429 4293 1489 4346 in
1531 4293 1644 4346 ﬁne
1673 4309 1773 4346 au-

57 4391 187 4440 tem
211 4400 333 4437 non
364 4383 475 4436 nisi
517 4383 836 4453 spondeum
862 4399 1024 4449 ;nam
1045 4382 1200 4452 quod
1218 4383 1774 4452 trochaeumputant,

57 4477 315 4544 propter
341 4471 784 4525 indifferentiam
837 4471 902 4526 fit
931 4471 1146 4524 ultima:
1193 4471 1442 4540 syllabae,
1475 4471 1544 4524 de
1573 4487 1687 4542 qua
1716 4471 1776 4524 in

58 4561 272 4618 metris
303 4560 438 4614 satis
477 4560 653 4615 locuti
691 4576 905 4614 sumus.
941 4559 1051 4614 Sed
1099 4561 1413 4614 secundum
1450 4559 1551 4613 hos
1572 4559 1773 4614 iambi-

57 4669 164 4705 cus
198 4647 460 4702 senarius
517 4652 616 4702 aut
644 4664 763 4702 non
793 4648 902 4701 erit
956 4664 1166 4712 versus,
1204 4654 1301 4701 aut
1350 4650 1458 4702 erit
1498 4649 1620 4702 sine
1669 4649 1777 4702 ista

63 4738 210 4794 finis
241 4735 557 4790 eminentia
580 4753 592 4790 :
617 4741 926 4807 utrumque
950 4741 1140 4791 autem
1162 4737 1475 4791 absurdum
1507 4743 1609 4792 est.
1634 4739 1776 4791 Nam

56 4843 265 4898 neque
301 4825 607 4895 quisquam
636 4841 913 4894 unquam,
948 4825 1064 4879 sive
1094 4824 1556 4879 doctissimorum
1586 4825 1773 4879 homi-

57 4932 236 4979 num,
269 4913 386 4966 sive
412 4913 796 4981 mediocriter,
825 4914 912 4967 vel
935 4913 1108 4966 etiam
1139 4914 1388 4967 tenuiter
1417 4913 1776 4968 eruditorum

54 5018 303 5059 versum
336 5017 457 5054 esse
501 5001 794 5066 dubitavit,
835 5003 1092 5056 Phaselus
1123 5003 1212 5056 ille
1246 5019 1400 5070 quem
1441 5002 1637 5056 videtis
1682 5005 1774 5057 ho-

53 5097 240 5164 spites
274 5089 596 5162 (Catullus);
638 5094 692 5143 et
722 5089 1003 5160 quidquid
1034 5091 1093 5144 in
1124 5091 1307 5145 verbis
1339 5097 1424 5145 est
1453 5092 1553 5145 tali
1578 5108 1777 5146 nume-

57 5181 308 5237 rositate
339 5178 650 5232 formatum
685 5193 696 5231 :
732 5182 789 5231 et
816 5177 1136 5246 gravissimi
1164 5184 1424 5233 auctores
1452 5195 1518 5233 eo
1549 5197 1661 5250 quo
1685 5197 1776 5250 pe-

54 5267 354 5332 ritissimi,
388 5267 612 5319 nullum
644 5265 764 5319 sine
794 5265 1007 5336 insigni
1037 5267 1152 5320 fine
1177 5284 1404 5322 versum
1452 5269 1775 5338 putandum

55 5375 196 5414 esse
227 5357 592 5410 censuerunt.

130 5485 147 5515 ¹
187 5479 712 5542 xﬁ‘quissimuin_est,
734 5478 886 5542 juxta
920 5477 1085 5531 Vatic.
1121 5477 1187 5526 M.

127 5546 151 5578 ρ
194 5539 355 5598 Tit—nc,
382 5541 532 5603 juxta
559 5539 720 5587 Vatic.
757 5541 823 5587 M.

1535 281 1747 338 LIBER
1785 280 2111 349 QUINTUS.

3438 288 3573 341 H50

1951 409 2002 460 6.
2057 409 2122 460 D.
2181 407 2385 460 Verum
2439 405 2598 461 dicis.
2659 405 2844 470 Quare
2901 406 3072 460 aliam
3127 407 3360 462 termini
3396 409 3572 479 hujus

1879 499 2076 549 notam
2107 495 2475 565 quaerendam
2514 511 2634 550 esse
2680 499 2937 564 autumo,
2968 512 3086 549 non
3143 497 3290 550 hanc
3338 513 3467 568 quae
3513 498 3575 552 in

1880 582 2132 652 spondeo
2160 583 2393 653 ponitur
2443 585 2890 654 approbandam.
2948 587 3024 639 M.
3077 584 3223 649 Quid
3252 585 3403 638 hoc?
3433 602 3574 640 num

1879 671 2122 736 dubitas,
2183 687 2558 741 quaecumque
2614 672 2720 724 ista
2783 672 2875 739 sit,
2926 678 3026 726 aut
3092 672 3152 726 in
3208 672 3373 743 pedis
3429 689 3573 740 esse,

1881 765 1979 814 aut
2006 761 2067 814 in
2098 759 2372 830 temporis
2414 759 2752 825 differentia,
2789 765 2888 815 aut
2941 762 3002 814 in
3054 765 3298 832 utroque
3319 764 3347 816 ‘?
3375 765 3436 816 D.
3468 761 3576 826 Qui

1880 849 2045 902 aliter
2070 850 2303 919 potest?
2327 850 2404 903 M.
2453 847 2599 912 Quid
2655 849 2887 902 tandem
2941 849 3150 903 horum
3205 849 3382 904 trium
3437 867 3573 921 pro-

1878 937 2022 992 bas?
2079 938 2195 1008 Ego
2249 937 2423 1006 enim,
2485 935 2760 1007 quoniam
2813 937 3063 1006 idipsum
3119 937 3286 992 finire
3342 955 3569 993 versum

1879 1043 1951 1083 ne
2006 1027 2233 1096 longius
2288 1041 2461 1097 quam
2511 1028 2738 1095 oportet
2809 1030 3088 1088 excurrat,
3145 1042 3261 1080 non
3323 1026 3574 1097 pertinet

1879 1115 1991 1168 nisi
2014 1115 2086 1169 ad
2116 1115 2389 1186 temporis
2419 1113 2656 1168 modum
2686 1131 2700 1180 ;
2733 1129 2849 1168 non
2879 1114 3124 1168 arbitror
3145 1115 3374 1169 aliunde
3404 1115 3573 1169 istam

1881 1208 2074 1257 notam
2107 1205 2312 1259 debere
2343 1203 2493 1258 sumi
2519 1219 2696 1274 quam
2722 1219 2790 1257 ex
2819 1208 3106 1273 tempore.
3152 1206 3238 1257 An
3269 1205 3372 1258 tibi
3418 1204 3574 1257 aliud

1880 1292 2103 1362 placet?
2159 1295 2221 1346 D.
2251 1294 2372 1346 Imo
2426 1291 2726 1346 assentior.
2779 1293 2852 1346 Μ.
2901 1291 3141 1345 Videsne
3189 1291 3362 1346 etiam
3408 1291 3572 1356 illud,

1881 1396 2012 1434 cum
2037 1385 2264 1450 tempus
2313 1380 2406 1434 hic
2438 1379 2818 1434 differentiam
2849 1380 3060 1433 habere
3081 1396 3200 1433 non
3228 1380 3430 1450 possit,
3463 1379 3572 1432 nisi

1882 1468 2033 1538 quod
2061 1468 2214 1522 aliud
2243 1474 2327 1522 est
2357 1468 2604 1538 longius,
2639 1467 2796 1521 aliud
2816 1468 3043 1522 brevius
3069 1488 3084 1535 ;
3123 1467 3259 1539 quia
3289 1484 3420 1521 cum
3448 1482 3575 1520 ver-

1881 1573 1977 1611 sus
2015 1557 2233 1623 finitur,
2266 1556 2324 1610 id
2356 1557 2544 1626 agitur
2573 1573 2644 1610 ne
2684 1561 2888 1627 pergat
2930 1556 3174 1627 longius,
3225 1555 3287 1609 in
3317 1555 3575 1610 breviore

1883 1648 2135 1715 tempore
2159 1649 2351 1699 notam
2375 1644 2504 1699 ﬁnis
2517 1661 2636 1698 esse
2659 1649 2924 1714 oportere
2943 1647 2970 1697 ‘?
3003 1649 3068 1699 D.
3116 1645 3288 1698 Video
3316 1643 3568 1715 quidem:

1881 1734 1982 1788 sed
2012 1751 2125 1805 quo
2156 1734 2405 1804 pertinet
2429 1735 2580 1805 quod
2607 1734 2860 1789 additum
2913 1738 3016 1800 est,
3049 1735 3194 1787 Hic?
3233 1734 3306 1787 Μ.
3356 1733 3432 1785 Eo
3460 1731 3575 1784 sci-

1878 1823 2010 1877 licet
2039 1823 2191 1894 quod
2220 1839 2336 1877 non
2377 1822 2591 1893 ubique
2634 1822 2908 1894 temporis
2955 1821 3335 1876 differentiam
3363 1819 3423 1873 in
3455 1820 3576 1872 sola

1877 1911 2153 1966 brevitate
2185 1927 2247 1964 ac
2275 1910 2634 1981 longitudine
2696 1911 3026 1981 accipimus.
3059 1912 3147 1963 An
3171 1913 3232 1962 tu
3267 1908 3480 1962 aestatis
3510 1923 3575 1961 ac

1880 1999 2086 2053 hiemis
2112 1999 2514 2066 differentiam,
2549 2005 2648 2054 aut
2698 2016 2819 2055 esse
2848 1999 3129 2070 temporis
3156 2013 3352 2068 negas,
3384 1999 3484 2051 aut
3511 1995 3572 2050 in

1882 2088 2063 2158 spatio
2093 2089 2284 2158 potius
2313 2088 2574 2142 breviore
2603 2088 2692 2142 vel
2715 2087 2996 2158 longiore,
3030 2103 3092 2140 ac
3123 2101 3239 2139 non
3276 2084 3336 2138 in
3385 2084 3440 2138 vi
3467 2084 3571 2138 fri-

1882 2174 2034 2244 goris
2065 2175 2382 2245 calorisque
2410 2174 2726 2240 constituis,
2758 2174 2846 2228 vel
2872 2173 3131 2227 humoris
3157 2177 3214 2227 et
3241 2171 3504 2226 siccitatis
3532 2174 3574 2241 ί,

1880 2267 1936 2317 et
1964 2263 2011 2316 si
2040 2264 2179 2335 quid
2203 2264 2314 2318 tale
2345 2264 2542 2318 aliud?
2572 2267 2636 2318 D.
2669 2264 2794 2318 Jam
2824 2262 3106 2332 intelligo,
3138 2267 3196 2316 et
3220 2263 3369 2316 hanc
3398 2276 3574 2332 quam

1883 2351 2194 2422 quaerimus
2215 2351 2446 2406 termini
2477 2357 2692 2419 notam,
2717 2368 2752 2406 a
2778 2351 3053 2422 temporis
3073 2350 3346 2406 brevitate
3372 2350 3577 2404 ducen-

1883 2441 2014 2495 dam
2043 2457 2161 2494 esse
2191 2441 2506 2498 consentio.

1951 2534 2007 2584 7.
2039 2531 2112 2584 Μ.
2144 2530 2388 2584 Attende
2436 2529 2613 2602 igitur
2656 2530 2811 2584 hunc
2864 2545 3114 2595 versum,
3159 2532 3340 2595 Roma,
3387 2531 3576 2593 Roma,

1881 2633 2033 2672 cerne
2060 2624 2267 2686 quanta
2310 2622 2384 2673 sit
2413 2619 2567 2673 deum
2599 2619 2926 2688 benignitas,
2954 2617 3054 2688 qui
3083 2617 3405 2673 trochaicus
3434 2616 3574 2670 dici-

1883 2711 1998 2771 tur,
2029 2712 2085 2761 et
2114 2707 2314 2761 metire
2343 2707 2526 2776 illum,
2559 2712 2730 2778 atque
2774 2707 3060 2777 responde
3113 2706 3263 2777 quod
3297 2705 3580 2759 inveneris

1883 2795 1952 2849 de
1984 2795 2256 2848 membris
2286 2797 2410 2865 ejus
2466 2801 2522 2849 et
2571 2812 2811 2849 numero
2840 2795 3071 2865 pedum.
3103 2797 3168 2848 1).
3215 2796 3295 2848 De
3339 2793 3578 2863 pedibus

1884 2882 2118 2954 quidem
2151 2882 2312 2937 facile
2342 2883 2735 2953 responderim
2768 2899 2782 2936 :
2813 2883 2997 2953 liquet
3025 2883 3180 2936 enim
3225 2898 3321 2935 eos
3359 2885 3575 2950 septem

1883 2975 1939 3025 et
1967 2971 2137 3025 semis
2170 2988 2310 3026 esse.
2348 2973 2426 3025 De
2479 2971 2754 3025 membris
2806 2977 2997 3024 autem
3053 2986 3172 3024 non
3220 2971 3355 3024 satis
3380 2974 3577 3038 aperta

1885 3075 1974 3114 res
2001 3063 2084 3114 est
2110 3077 2124 3126 ;
2160 3059 2357 3114 multis
2383 3059 2539 3113 enim
2564 3059 2701 3113 locis
2729 3063 2950 3130 partem
2989 3057 3262 3112 orationis
3292 3055 3444 3111 ﬁniri
3495 3056 3577 3109 vi-

1883 3149 1988 3203 deo
2024 3165 2036 3202 :
2069 3153 2466 3202 verumtamen
2515 3147 2723 3218 opinor
2761 3163 2880 3201 esse
2906 3147 3075 3201 istam
3103 3145 3472 3216 partitionem
3517 3143 3578 3197 in

1885 3241 2080 3290 octavo
2110 3237 2422 3306 semipede,
2456 3241 2520 3291 ut
2545 3237 2875 3306 praecedens
2903 3236 3231 3290 membrum
3271 3233 3357 3295 sit,
3388 3236 3576 3299 Roma,

1881 3328 2070 3392 Roma,
2099 3341 2250 3380 cerne
2279 3330 2520 3394 quanta;
2551 3325 2903 3396 subsequens
2953 3329 3144 3378 autem
3165 3326 3239 3377 sit
3259 3323 3415 3376 deum
3437 3323 3581 3376 beni-

1881 3417 2083 3483 gnitas.
2138 3417 2210 3469 M.
2261 3415 2407 3478 Quot
2462 3414 2777 3485 semipedes
2830 3413 3049 3468 habet?
3080 3417 3144 3467 D.
3192 3412 3442 3482 Septem.
3503 3412 3578 3466 Μ.

1885 3505 2012 3574 Ipsa
2045 3504 2190 3558 ratio
2210 3509 2266 3558 te
2288 3503 2448 3557 duxit
2475 3503 2732 3557 omnino.
2766 3503 2906 3557 Cum
2934 3502 3088 3557 enim
3117 3501 3264 3555 nihil
3295 3500 3367 3554 sit
3394 3516 3581 3569 aequa-

1882 3591 2040 3646 litate
2071 3592 2298 3658 melius,
2327 3608 2569 3662 eamque
2600 3591 2660 3644 in
2677 3591 2980 3645 dividendo
3009 3595 3275 3661 appetere
3297 3593 3576 3658 oporteat;

1883 3680 1931 3733 si
1955 3680 2146 3734 minus
2159 3679 2413 3750 potuerit
2427 3678 2697 3744 obtineri,
2719 3678 2978 3731 vicinitas
3001 3678 3124 3748 ejus
3149 3676 3457 3747 qumrenda
3470 3680 3574 3739 est,

1881 3783 1953 3821 ne
1989 3768 2059 3822 ab
2086 3784 2152 3822 ea
2180 3767 2408 3837 longius
2453 3767 2804 3820 aberremus.
2855 3767 3051 3836 Itaque
3105 3781 3237 3818 cum
3265 3764 3356 3817 hic
3383 3779 3579 3816 versus

1883 3872 2082 3910 omnes
2136 3855 2466 3927 quindecim
2525 3854 2842 3924 semipedes
2898 3854 3124 3916 habeat,
3197 3869 3316 3906 non
3385 3850 3578 3921 potuit

1883 3944 2104 4016 aequius
2129 3960 2302 4016 quam
2333 3944 2394 3997 in
2415 3946 2539 3997 octo
2567 3947 2623 3997 et
2654 3948 2872 4012 septem
2901 3941 3074 3996 dividi
3103 3958 3116 3995 :
3150 3957 3284 3995 nam
3314 3940 3576 3994 eamdem

1883 4039 1965 4087 est
1995 4035 2056 4087 in
2085 4038 2302 4104 septem
2330 4036 2385 4086 et
2410 4036 2537 4086 octo
2565 4031 2844 4085 vicinitas.
2869 4031 2980 4086 Sed
3010 4031 3088 4084 ita
3119 4046 3236 4084 non
3257 4033 3577 4082 servaretur

1883 4125 2018 4175 nota
2046 4121 2177 4174 finis
2196 4121 2256 4174 in
2286 4126 2544 4192 tempore
2573 4120 2852 4188 breviore,
2886 4124 2949 4174 ut
2979 4135 3107 4174 eam
3124 4117 3458 4172 servandam
3486 4132 3576 4169 ra-

1881 4210 1961 4264 tio
2011 4211 2134 4280 ipsa
2175 4209 2437 4280 praecipit
2469 4225 2482 4263 :
2514 4225 2648 4262 nam
2679 4209 2725 4262 si
2774 4208 2902 4262 talis
2949 4224 3144 4261 versus
3195 4211 3361 4272 esset,
3411 4208 3578 4261 Roma

1883 4315 2033 4353 cerne
2085 4304 2292 4367 quanta
2345 4301 2418 4352 sit
2471 4299 2572 4352 tibi
2616 4298 2774 4352 deum
2829 4298 3152 4364 benignitas,
3211 4301 3274 4348 ut
3302 4295 3580 4365 inciperet

1883 4388 2207 4441 membrum
2259 4387 2320 4441 in
2375 4387 2464 4440 his
2494 4386 2882 4457 semipedibus
2937 4391 3176 4455 septem,
3229 4387 3398 4440 Roma
3427 4400 3578 4438 cerne

1884 4482 2091 4544 quanta
2117 4480 2210 4543 sit,
2244 4480 2300 4529 et
2347 4475 2407 4529 in
2438 4475 2528 4528 his
2585 4480 2710 4528 octo
2742 4475 2989 4528 alterum
3018 4472 3446 4538 terminaretur,
3477 4472 3581 4526 tibi

1887 4571 2045 4623 deum
2071 4569 2404 4636 benignitas;
2429 4583 2546 4621 non
2560 4570 2748 4637 posset
2767 4582 2993 4620 versum
3025 4565 3270 4635 semipes
3294 4565 3577 4630 claudere;

1885 4662 2010 4712 octo
2044 4658 2198 4711 enim
2229 4656 2549 4726 semipedes
2580 4660 2826 4726 quatuor
2852 4655 3103 4724 integros
3131 4653 3306 4724 pedes
3342 4653 3577 4706 faciunt.

1883 4746 2063 4802 Simul
2095 4745 2371 4798 incideret
2392 4744 2503 4798 alia
2532 4743 2884 4811 deformitas,
2918 4747 2983 4797 ut
3009 4757 3126 4796 non
3147 4742 3378 4795 eosdem
3407 4741 3580 4812 pedes

1883 4835 1944 4889 in
1971 4834 2231 4888 membro
2283 4839 2538 4887 extremo
2596 4821 2740 4902 quos
2791 4832 2850 4886 in
2895 4832 3083 4902 primo
3134 4831 3490 4895 metiremur,
3523 4816 3580 4883 et

1882 4923 2041 4995 prius
2062 4923 2388 4976 membrum
2404 4921 2596 4992 potius
2619 4919 2883 4974 finiretur
2909 4923 3042 4974 nota
3065 4919 3342 4973 brevioris
3364 4924 3579 4988 tempo-

1884 5013 1981 5078 ris,
2011 5012 2070 5065 id
2117 5015 2201 5064 est
2231 5009 2541 5079 semipede,
2601 5025 2777 5079 quam
2833 5008 3138 5079 posterius,
3191 5007 3282 5060 cui
3311 5008 3417 5061 hoc
3447 5006 3577 5060 finis

1876 5101 2008 5172 jure
2037 5100 2296 5154 debetur.
2334 5100 2476 5152 Nam
2507 5097 2566 5151 in
2597 5097 2695 5151 illo
2732 5103 2846 5150 tres
2893 5097 3132 5150 trochaei
3178 5095 3369 5163 semis,
3409 5098 3577 5150 Roma

1883 5205 2035 5244 cerne
2063 5191 2271 5256 quanta
2301 5188 2410 5240 sit:
2439 5186 2498 5239 in
2530 5186 2635 5240 hoc
2665 5189 2913 5256 quatuor
2941 5185 3118 5240 iambi
3149 5184 3572 5246 scanderentur,

1885 5279 1986 5332 tibi
2007 5275 2162 5330 deum
2177 5277 2506 5344 benignitas.
2531 5275 2689 5328 Nunc
2706 5291 2837 5328 vero
2869 5279 2924 5328 et
2937 5274 3214 5328 trochaeos
3242 5271 3299 5324 in
3331 5275 3573 5339 utroque

1884 5366 2141 5420 membro
2171 5364 2512 5427 seandimus,
2554 5367 2609 5417 et
2638 5363 2926 5432 semipede
2959 5377 3151 5414 versus
3181 5357 3480 5423 clauditur,
3511 5361 3575 5410 ut

1883 5454 2051 5525 spatii
2080 5451 2352 5506 brevioris
2381 5457 2573 5505 notam
2617 5452 2892 5505 terminus
2920 5453 3122 5503 teneat.
3154 5449 3291 5500 Nam
3340 5450 3473 5499 sunt
3513 5446 3574 5499 in

1946 5544 1959 5575 1
1985 5543 2042 5590 In
2073 5541 2161 5598 B.,
2183 5540 2272 5590 vel
2296 5539 2567 5590 siccitatis.
2589 5539 2799 5588 Rectius
2822 5552 2887 5586 ex
2913 5537 3006 5585 Ms.
3036 5536 3097 5593 A,
3127 5538 3176 5582 et
3203 5533 3469 5582 siccitatis.
3502 5535 3570 5583 Μ.
