4064 6390
463 317 587 367 1151

466 439 657 508 priore
683 440 1314 509 quatuor,Roma,Boma
1326 451 1476 491 cerne
1492 441 1697 505 quanta
1721 453 1733 502 ;
1761 436 1818 490 in
1844 438 2159 507 posteriore

467 531 657 581 autem
687 531 801 580 tres
822 525 1010 593 semis,
1043 529 1114 579 sit
1129 526 1284 579 deum
1315 527 1634 592 benignitas.
1660 528 1743 580 An
1775 527 2157 580 contradicere

464 614 680 685 aliquid
702 614 912 684 paras?
943 616 1004 666 D.
1035 613 1184 666 Nihil
1214 613 1471 678 omnino,
1504 618 1558 666 et
1585 614 1829 667 libenter
1859 613 2153 668 assentior.

534 705 585 756 8.
620 704 696 758 Μ.
755 704 1068 756 Teneamus
1118 701 1292 770 igitur
1333 702 1434 754 has
1468 701 1622 772 leges
1673 701 2055 766 inconcussas,
2113 700 2160 753 si

469 789 676 858 placet,
719 794 782 843 ut
823 806 1009 860 neque
1069 791 1458 844 membrorum
1509 790 1756 844 duorum
1806 790 2043 844 tendens
2090 790 2160 844 ad

467 878 850 948 aequalitatem
873 877 1106 948 partitio
1155 877 1342 930 versui
1381 877 1545 944 desit;
1576 878 1738 932 sicuti
1795 879 1928 932 huic
1972 878 2149 941 deest,

471 966 683 1021 Cornua
702 968 1003 1020 velatarum
1044 966 1367 1019 obvertimus
1397 971 1773 1020 antennarum.
1809 968 2001 1037 Neque
2039 966 2161 1036 ipsa

471 1054 768 1124 aequalitas
795 1053 1181 1106 membrorum
1241 1053 1692 1118 conversibilem,
1752 1058 1810 1107 ut
1839 1054 1916 1107 ita
1949 1055 2155 1120 dicam,

469 1139 640 1193 faciat
667 1139 1052 1208 partitionem,
1090 1143 1154 1190 ut
1181 1137 1240 1191 in
1268 1138 1376 1191 hoc
1404 1139 1555 1204 facit,
1613 1140 1825 1194 Cornua
1855 1141 2157 1193 velatarum

469 1230 727 1280 vertimus
753 1231 1125 1279 antennarum.
1155 1227 1346 1296 Neque
1377 1243 1504 1280 cum
1543 1227 1650 1280 ista
1681 1227 1890 1280 vitatur
1919 1243 2160 1281 conver-

471 1314 577 1380 sio,
618 1314 788 1366 nimis
817 1329 849 1367 a
879 1330 937 1368 se
965 1314 1222 1368 membra
1253 1313 1560 1378 discedant,
1599 1315 1694 1369 sed
1717 1320 1997 1386 quantum
2026 1332 2156 1385 pos-

473 1407 608 1455 sunt
635 1402 907 1472 proximis
935 1402 1186 1456 numeris
1212 1418 1386 1472 prope
1429 1408 1749 1473 aequentur,
1795 1420 1866 1457 ne
1908 1404 2160 1458 dicamus

473 1490 594 1544 haec
623 1489 701 1543 ita
724 1505 888 1560 posse
919 1490 1116 1556 dividi,
1159 1495 1222 1544 ut
1263 1494 1388 1544 octo
1446 1492 1759 1562 semipedes
1805 1492 2154 1562 praecedant,

476 1580 689 1634 Cornua
715 1579 1014 1632 velatarum
1041 1581 1296 1632 vertimus
1319 1597 1332 1646 ;
1366 1582 1420 1633 et
1447 1583 1690 1649 quatuor
1722 1580 2159 1650 subsequantur,

472 1666 533 1721 id
562 1670 665 1731 est,
695 1670 1068 1720 antennarum.
1095 1667 1204 1719 Nec
1233 1666 1553 1720 membrum
1570 1668 1851 1737 posterius
1880 1667 2032 1738 paris
2062 1684 2163 1721 nu-

475 1755 618 1807 meri
631 1753 949 1824 semipedes
977 1754 1202 1822 habeat,
1217 1754 1384 1808 sicuti
1405 1759 1508 1820 est,
1527 1756 1626 1808 tibi
1649 1755 1806 1810 deum
1833 1757 2159 1825 benignitas,

477 1857 547 1894 ne
577 1841 746 1912 pleno
777 1841 920 1911 pede
940 1857 1134 1895 versus
1159 1841 1354 1895 ﬁnitus
1372 1859 1486 1896 non
1502 1843 2024 1897 habeatterminum
2040 1845 2164 1898 bre-

473 1929 628 1983 viore
659 1933 917 1998 tempore
939 1933 1218 1983 notatum.
1241 1932 1305 1984 D.
1333 1930 1522 1984 Habeo
1535 1931 1656 2001 jam
1687 1931 1813 1999 ista,
1863 1935 1920 1985 et
1955 1933 2164 1987 mando

473 2017 768 2072 memoria:
801 2022 1078 2088 quantum
1108 2019 1290 2072 valeo.

904 2106 1128 2160 CAPUT
1157 2107 1218 2160 V.
1251 2136 1320 2146 -—
1359 2109 1572 2161 Heroici
1596 2109 1742 2176 ﬁnis.

548 2197 598 2248 9.
631 2195 708 2250 Μ.
742 2193 1020 2258 Quoniam
1041 2194 1216 2265 igitur
1231 2195 1349 2265 jam
1370 2199 1656 2258 tenemus,
1677 2211 1791 2248 non
1814 2195 2020 2250 debere
2038 2211 2164 2249 ver-

477 2298 606 2336 sum
633 2281 788 2336 ﬁniri
817 2282 988 2352 pleno
1017 2282 1184 2353 pede,
1220 2283 1506 2353 quomodo
1536 2282 1698 2336 nobis
1729 2283 2022 2337 heroicum
2050 2299 2170 2337 ver-

477 2385 605 2422 sum
635 2369 988 2423 metiendum
1017 2375 1204 2440 putas,
1235 2375 1299 2424 ut
1323 2376 1377 2424 et
1401 2371 1789 2424 membrorum
1816 2371 1903 2424 lex
1926 2371 2023 2424 illa
2050 2387 2167 2425 ser-

478 2463 661 2524 vetur,
693 2464 749 2512 et
775 2459 896 2512 hzec
923 2457 1152 2512 termini
1182 2458 1364 2512 nota?
1417 2462 1480 2512 D.
1513 2459 1684 2513 Video
1717 2459 2018 2513 duodecim
2049 2475 2169 2512 esse

480 2545 844 2616 semipedes;
872 2550 928 2600 et
968 2546 1101 2618 quia
1130 2551 1363 2617 propter
1414 2546 1570 2601 illam
1607 2548 2035 2600 conversionem
2082 2548 2168 2600 vi-
2216 2586 2228 2596 .

479 2634 714 2687 tandem
743 2650 906 2687 senos
928 2635 1242 2705 semipedes
1267 2635 1474 2692 habere
1496 2636 1754 2689 membra
1773 2651 1888 2689 non
1909 2641 2167 2705 possunt;

483 2737 671 2792 neque
701 2737 731 2774 a
759 2737 816 2774 se
846 2721 1016 2791 longe
1049 2726 1275 2792 oportet
1300 2722 1584 2777 discedere
1611 2728 1674 2777 ut
1713 2723 1825 2777 sint
1844 2727 1959 2777 tres
1986 2727 2040 2777 et
2070 2739 2170 2777 no-

483 2824 632 2875 vem,
667 2812 765 2862 aut
794 2825 998 2863 novem
1026 2813 1080 2863 et
1105 2815 1255 2875 tres;
1287 2827 1472 2881 neque
1501 2812 1655 2882 paris
1684 2812 1912 2866 numeri
1929 2811 2172 2882 semipe-

484 2897 584 2951 des
611 2897 915 2967 posteriori
969 2899 1226 2952 membro
1284 2899 1454 2954 dandi
1493 2905 1628 2954 sunt
1681 2905 1744 2953 ut
1782 2901 1897 2954 sint
1947 2907 2072 2954 octo
2116 2903 2176 2953 et

483 2990 751 3056 quatuor,
783 2990 880 3040 aut
924 2990 1170 3057 quatuor
1202 2992 1260 3042 et
1307 2993 1451 3055 octo,
1484 3005 1555 3043 ne
1606 2989 1777 3058 pleno
1809 2990 1950 3060 pede
1979 3006 2174 3043 versus

485 3073 720 3128 tiniatur
743 3088 756 3129 :
791 3073 850 3127 in
876 3074 1130 3145 quinque
1151 3080 1207 3130 et
1218 3080 1454 3146 septem,
1489 3081 1587 3131 aut
1604 3081 1820 3147 septem
1842 3082 1899 3131 et
1919 3078 2174 3148 quinque

487 3161 688 3216 divisio
717 3161 973 3217 facienda
1004 3168 1104 3218 est.
1137 3165 1278 3218 Nam
1307 3169 1365 3219 et
1393 3165 1453 3218 hi
1482 3163 1708 3218 numeri
1731 3169 1861 3218 sunt
1882 3164 2174 3218 amboim-

485 3265 651 3319 pares
679 3249 948 3320 proximi,
1000 3256 1056 3305 et
1113 3257 1264 3306 certe
1315 3253 1696 3323 propinquius
1743 3251 1849 3304 sibi
1902 3252 2178 3307 accedunt

489 3338 744 3392 membra
774 3355 944 3408 quam
969 3339 1031 3393 in
1059 3340 1424 3411 quaternario
1481 3345 1538 3394 et
1592 3339 1881 3394 octonario
1923 3341 2176 3395 numeris

488 3427 838 3481 accederent.
859 3428 1017 3490 Quod
1040 3434 1104 3481 ut
1133 3428 1530 3482 ﬁrmissimum
1555 3431 1803 3493 teneam,
1851 3427 2015 3482 video
2044 3444 2176 3499 par-

484 3518 602 3569 tem
630 3516 903 3569 orationis
933 3515 990 3568 in
1023 3516 1225 3587 quinto
1281 3515 1571 3586 semipede
1627 3531 1852 3584 semper
1881 3521 1980 3569 aut
2029 3533 2177 3586 pene

489 3619 714 3674 semper
740 3603 1060 3670 terminari,
1104 3608 1166 3657 ut
1217 3609 1302 3657 est
1356 3603 1416 3656 in
1469 3602 1656 3673 primo
1713 3603 1932 3672 Virgilii
1990 3620 2178 3672 versu,

429 3731 434 3734 -
489 3693 668 3745 Arma
695 3694 978 3760 virumque
1009 3707 1139 3746 cano
1174 3708 1187 3745 :
1224 3697 1280 3746 et
1307 3692 1366 3745 in
1390 3691 1659 3758 secundo,
1688 3693 1907 3745 Italiam
1932 3693 2050 3757 fato
2085 3708 2097 3745 :
2127 3697 2182 3745 et

489 3777 552 3831 in
579 3778 768 3844 tertio,
796 3781 1005 3833 Littera
1031 3782 1259 3834 multum
1303 3781 1394 3833 ille
1423 3784 1473 3832 et
1505 3794 1518 3832 :
1567 3777 1627 3832 in
1687 3784 1887 3849 quarto
1917 3779 2076 3847 item,
2113 3781 2184 3833 Vi

491 3881 746 3936 superum
775 3881 925 3922 saevae
957 3884 970 3921 :
1001 3872 1170 3938 atque
1212 3868 1289 3920 ita
1335 3866 1600 3936 deinceps
1630 3866 1689 3919 in
1721 3871 1839 3920 toto
1869 3882 2016 3936 pene
2067 3881 2184 3918 car-

495 3955 670 4010 mine.
703 3958 775 4010 M.
810 3957 1018 4010 Verum
1049 3955 1219 4009 dicis:
1253 3955 1349 4009 sed
1378 3954 1682 4008 videndum
1711 3954 1814 4007 tibi
1845 3959 1947 4015 est,
1991 3971 2133 4025 quos
2165 3955 2180 3990 ¹

494 4046 667 4116 pedes
694 4043 961 4105 metiaris,
989 4048 1054 4098 ut
1082 4043 1224 4097 nihil
1282 4043 1643 4113 superiorum
1700 4043 1891 4112 legum
1916 4042 2037 4112 jam
2093 4042 2186 4095 in-

498 4147 765 4186 concusse
795 4131 1229 4184 constitutarum
1250 4131 1461 4184 violare
1483 4131 1709 4184 audeas.
1751 4133 1814 4184 Ι).
1847 4132 2186 4200 Quanquam

500 4220 642 4273 mihi
667 4219 802 4272 satis
833 4219 975 4272 ratio
1008 4224 1296 4290 appareat,
1330 4223 1522 4272 tamen
1561 4218 1808 4272 novitate
1851 4218 2179 4272 conturbor.

501 4308 622 4360 Non
649 4306 803 4359 enim
830 4307 1078 4360 solemus
1118 4306 1178 4360 in
1208 4308 1315 4360 hoc
1345 4322 1551 4377 genere
1591 4305 1700 4360 nisi
1741 4302 2056 4376 spondeum
2087 4321 2186 4376 pe-

498 4396 628 4450 dem
660 4400 716 4448 et
743 4393 1030 4465 dactylum
1061 4398 1346 4462 scandere,
1402 4397 1551 4467 quod
1582 4412 1748 4450 nemo
1794 4395 1911 4450 fere
1941 4401 2028 4450 est
2067 4400 2186 4450 tam

501 4484 764 4538 indoctus
785 4483 1216 4554 quin’audierit,
1251 4485 1474 4540 etiamsi
1505 4485 1696 4538 minus
1729 4483 1787 4538 id
1814 4484 1870 4538 fa
1890 4500 2016 4538 cere
2053 4500 2186 4554 pos-

501 4572 591 4626 sit.
629 4573 780 4625 Hanc
812 4588 947 4643 ergo
970 4573 1522 4645 pervulgatissimam
1539 4572 2008 4627 consuetudinem
2036 4588 2190 4626 nunc

499 4661 545 4714 si
574 4659 734 4731 sequi
757 4662 1008 4724 voluero,
1035 4663 1119 4715 lex
1144 4662 1242 4715 illa
1261 4660 1492 4715 termini
1506 4665 1589 4714 est
1607 4660 1935 4730 abroganda
1956 4664 1976 4695 ³
2002 4680 2017 4726 ;
2040 4676 2187 4730 prae-

503 4749 709 4802 cedens
741 4750 894 4803 enim
925 4751 1243 4804 membrum
1275 4750 1562 4819 semipede
1583 4749 1960 4817 clauderetur,
2001 4753 2192 4819 poste-

503 4834 623 4888 rius
654 4840 843 4890 autem
875 4839 1044 4908 pleno
1079 4838 1220 4909 pede
1246 4858 1260 4905 ;
1292 4838 1445 4908 quod
1472 4841 1669 4891 contra
1695 4854 1815 4891 esse
1833 4837 2048 4891 debuit.
2083 4836 2190 4891 Sed

505 4923 639 4996 quia
669 4924 825 4979 illam
855 4927 1041 4996 legem
1074 4926 1501 4997 iniquissimum
1539 4930 1622 4980 est
1649 4925 1871 4988 tollere,
1922 4929 1976 4978 et
2005 4926 2065 4978 in
2094 4941 2196 4977 nu-

506 5013 679 5067 meris
701 5014 824 5083 jam
856 5014 1026 5069 didici
1055 5031 1220 5085 posse
1249 5014 1392 5079 ﬁeri,
1424 5019 1542 5068 uta
1564 5030 1683 5068 non
1711 5016 1880 5085 pleno
1917 5013 2063 5084 pede
2104 5029 2196 5066 or-

507 5102 733 5155 diamur
754 5106 810 5169 ⁶;
844 5107 1018 5156 restat
1045 5109 1110 5156 ut
1135 5119 1248 5157 non
1279 5103 1371 5157 hic
1427 5103 1712 5173 dactylum
1742 5118 1872 5156 cum
1920 5101 2194 5172 spondeo,

508 5190 607 5244 sed
636 5194 989 5260 anapaestum
1023 5191 1197 5245 locari
1218 5191 1537 5262 judicemus
1561 5207 1574 5256 ;
1607 5196 1670 5244 ut
1696 5190 1931 5260 incipiat
1959 5203 2198 5242 versusa

509 5279 680 5350 longa
719 5294 835 5333 una
865 5279 1098 5350 syllaba,
1139 5280 1344 5334 deinde
1375 5280 1487 5334 duo
1521 5279 1692 5350 pedes
1729 5279 1816 5333 vel
1846 5276 2080 5348 spondei
2110 5275 2197 5329 vel

573 5439 586 5471 ¹
613 5437 762 5496 Quos,
787 5435 935 5499 juxta
960 5437 1124 5485 Vatic.
1152 5437 1218 5485 M.

574 5500 595 5532 2
631 5501 724 5532 ηυξ
754 5512 856 5532 nnn
913 5499 1053 5532 invia
1080 5499 1218 5532 νειίίη

575 5500 595 5532 2
631 5501 724 5554 Qui
754 5512 876 5557 non,
907 5499 1058 5562 juxta
1080 5499 1241 5547 Vatie.
1273 5499 1342 5546 M.

575 5562 595 5630 ξ
631 5560 714 5630 Sic
743 5560 949 5630 Vatie.__:
981 5562 1216 5630 Lex_illa
1250 5560 1540 5630 terminata
1565 5560 1640 5609 est
1662 5556 1993 5630 abroganda.
2061 5556 2127 5604 M.

575 5624 592 5653 4
631 5621 711 5668 Sic
743 5635 803 5668 ex
830 5623 992 5670 Vatic.
1027 5623 1080 5671 In
1106 5624 1189 5680 B.,
1220 5634 1328 5669 non
1349 5636 1382 5670 a
1401 5621 1558 5683 pleno
1578 5621 1711 5681 pede
1736 5617 2029 5667 ordiamur.
2129 5617 2195 5665 M.

1742 314 1834 367 DE
1873 310 2158 378 MUSICA,
2202 311 2256 368 S.
2300 309 2681 369 AUGUSTINI

3836 306 3961 356 “5‘2

2269 437 2542 508 anapaesti
2573 436 2658 488 vel
2694 433 2897 488 alterni
2932 435 2948 470 ί
2979 431 3304 486 membrum
3335 429 3598 500 superius
3629 429 3961 493 terminent;

2267 530 2391 580 tum
2421 528 2443 561 ²
2468 530 2583 578 tres
2613 539 2809 576 rursus
2839 522 3082 575 alterum
3122 520 3208 573 vel
3253 517 3530 588 anapaesti
3585 517 3672 570 vel
3702 517 3964 587 quolibet

2269 615 2388 668 loco
2418 612 2724 683 spondeus,
2759 609 2874 663 sive
2905 608 3192 674 omnibus,
3237 611 3294 659 et
3323 605 3382 658 in
3411 605 3524 658 ﬁne
3575 621 3690 658 una
3721 605 3960 674 syllaba,

2267 718 2380 774 qua
2408 716 2603 754 versus
2634 699 2884 770 legitime
2912 695 3269 751 terminatur.
3302 695 3589 748 Probasne
3620 697 3675 747 et
3695 692 3754 746 id
3772 694 3801 745 ‘?

2342 791 2424 843 10.
2459 791 2532 842 Μ.
2568 789 2682 858 Ego
2740 801 2969 857 quoque
3016 783 3394 838 rectissimum
3428 798 3548 836 esse
3600 780 3817 852 judico,
3865 779 3962 832 sed

2267 893 2381 930 non
2411 876 2572 930 facile
2601 875 2710 928 ista
2738 873 2952 944 populo
2980 871 3415 943 persuadentur.
3450 871 3630 923 Tanta
3660 868 3818 923 enim
3872 873 3957 922 est

2266 965 2349 1018 vis
2378 962 2828 1028 consuetudinis,
2860 965 2924 1014 ut
2966 977 3031 1014 ea
3061 959 3393 1027 inveterata,
3425 957 3471 1012 si
3519 957 3660 1011 falsa
3684 956 3960 1028 opinione

2267 1053 2462 1122 genita
2495 1054 2597 1116 est,
2625 1049 2766 1103 nihil
2797 1047 2868 1101 sit
2891 1046 3179 1100 inimicius
3206 1045 3447 1100 veritati.
3481 1046 3739 1113 Namque
3769 1045 3843 1098 ad
3873 1043 3955 1097 fa-

2269 1141 2532 1194 ciendum
2561 1154 2787 1192 versum
2819 1136 2958 1190 nihil
2995 1135 3265 1188 interesse
3315 1132 3604 1204 intelligis,
3666 1137 3861 1186 utrum
3905 1130 3960 1183 in

2268 1229 2374 1283 hoc
2403 1242 2610 1299 genere
2641 1229 2959 1296 anapmstus
2985 1239 3114 1277 eum
3153 1222 3426 1293 spondeo,
3450 1237 3521 1274 an
3553 1220 3813 1290 dactylus
3845 1219 3965 1272 eol-

2269 1317 2486 1370 locetur
2520 1332 2534 1369 :
2567 1315 2639 1368 ad
2667 1313 3016 1368 metiendum
3047 1316 3239 1364 tamen
3276 1308 3693 1364 rationabiliter
3733 1312 3776 1374 ³,
3809 1307 3965 1378 quod

2270 1421 2382 1459 non
2413 1403 2640 1457 aurium
2656 1402 2756 1456 sed
2776 1401 3082 1455 mentisest
3109 1398 3426 1469 proprium,
3459 1412 3590 1452 vera
3620 1402 3676 1451 et
3704 1401 3861 1450 certa
3883 1411 3972 1448 ra-

2270 1493 2425 1548 tione
2455 1494 2580 1559 hoc,
2615 1507 2733 1545 non
2762 1488 3137 1544 irrationabili
3160 1486 3430 1557 opinione
3453 1484 3838 1539 discernitur‘:
3875 1499 3972 1536 ne-

2271 1597 2381 1653 que
2413 1597 2563 1635 nunc
2594 1597 2626 1633 a
2651 1579 2814 1633 nobis
2842 1577 3098 1648 primum
3121 1576 3352 1629 inventa
3383 1577 3488 1640 est,
3539 1573 3636 1626 sed
3670 1572 3852 1625 multo
3883 1576 3968 1624 est

2270 1670 2375 1724 hac
2399 1669 2712 1722 inveterata
2736 1664 3145 1720 consuetudine
3168 1662 3460 1733 antiquius
3481 1660 3967 1716 adnimadversa‘.

2271 1759 2455 1823 Quare
2485 1758 2532 1811 si
2559 1773 2654 1810 eos
2685 1757 2878 1824 legant
2905 1753 3004 1824 qui
3025 1753 3110 1806 vel
3142 1752 3200 1806 in
3231 1767 3416 1823 graeca
3445 1751 3533 1803 vel
3563 1749 3622 1802 in
3644 1748 3825 1804 latina
3860 1748 3972 1801 lin-

2273 1863 2387 1917 gua
2405 1845 2722 1916 disciplima
2756 1843 2926 1914 hujus
2972 1839 3282 1895 doctissimi
3340 1839 3592 1902 fuerunt,
3625 1853 3744 1890 non
3792 1835 3969 1889 mira-

2275 1937 2490 1990 buntur
2519 1934 2689 1988 nimis
2719 1931 2819 2004 qui
2848 1932 2990 1985 forte
3021 1932 3127 1984 hoc
3159 1929 3444 1983 audierint
3496 1941 3830 1998 quanquam
3863 1941 3973 1994 pu-

2274 2025 2368 2079 det
2395 2021 2819 2088 imbecillitatis,
2848 2035 2977 2073 cum
3005 2017 3213 2072 rationi
3268 2014 3608 2070 roborandae
3655 2013 3965 2066 hominum

2275 2113 2580 2167 auctoritas
2612 2108 2908 2181 quaeritur,
2930 2124 3060 2161 eum
3073 2106 3252 2176 ipsius
3273 2104 3509 2158 rationis
3523 2119 3585 2156 ac
3603 2101 3865 2156 veritatis
3877 2117 3973 2154 au-

2275 2200 2556 2266 ctoritate,
2586 2215 2714 2270 quae
2740 2197 2992 2268 profecto
3024 2199 3108 2250 est
3130 2193 3289 2248 omni
3318 2192 3551 2247 homine
3575 2189 3804 2258 melior,
3829 2189 3974 2243 nihil

2279 2290 2509 2345 deberet
2541 2304 2658 2342 esse
2686 2285 3059 2357 praestantius.
3091 2286 3216 2338 Non
3247 2283 3401 2336 enim
3423 2285 3487 2335 ut
3517 2281 3578 2335 in
3602 2279 3979 2351 producenda

2278 2376 2704 2448 eorripiendave
2733 2374 2947 2444 syllaba
2971 2388 3087 2426 non
3130 2371 3236 2425 nisi
3268 2369 3663 2443 auctoritatem
3713 2372 3978 2422 veterum

2278 2465 2577 2520 hominum
2600 2463 2930 2534 quaerimus,
2954 2465 3020 2514 ut
3041 2457 3526 2530 quemadmodum
3539 2461 3665 2510 sunt
3683 2456 3774 2509 usi
3788 2455 3976 2509 verbis

2277 2555 2482 2626 quibus
2505 2569 2603 2605 nos
2631 2567 2855 2622 quoque
2871 2549 3176 2619 loquimur,
3196 2548 3275 2600 ita
3293 2553 3467 2615 etjnos
3480 2549 3730 2608 utamur;
3749 2543 3896 2614 quia
3918 2544 3973 2596 in

2278 2639 2672 2712 hujuscemodi
2696 2655 2756 2692 re
2790 2642 2844 2692 et
2870 2638 3085 2690 nullam
3097 2635 3551 2689 observationem
3567 2633 3981 2704 sequidesidiax

2281 2733 2386 2797 est,
2416 2732 2471 2782 et
2501 2742 2708 2780 novam
2729 2725 3024 2779 instituere
3052 2722 3490 2778 licentize:itain
3508 2721 3803 2776 metiendo
3817 2737 3986 2774 versu

2280 2820 2592 2871 inveterata
2617 2815 2880 2868 voluntas
2910 2813 3231 2879 hominum,
3269 2827 3332 2865 ac
3379 2827 3496 2865 non
3538 2815 3754 2864 interna
3785 2825 3983 2863 rerum

2282 2904 2426 2960 ratio
2456 2902 2756 2975 cogitanda
2786 2905 2891 2966 est,
2915 2916 3044 2953 cum
3075 2902 3131 2952 et
3150 2898 3500 2952 moderatam
3529 2898 3652 2968 ejus
3667 2896 3983 2966 longitudi-

2281 3009 2416 3047 nem
2446 2991 2604 3062 prius
2636 2989 2972 3043 naturaliter
2993 3002 3126 3040 aure
3162 2986 3490 3050 sentiamus,
3527 2985 3732 3040 deinde
3764 3001 3981 3055 appro-

2281 3081 2484 3135 bemus
2515 3076 2838 3132 rationabili
2859 3074 3307 3129 consideratione
3335 3089 3730 3141 numerorum,
3763 3077 3823 3125 et
3849 3088 3982 3125 eum

2283 3167 2495 3238 insigni
2519 3168 2630 3220 line
2655 3163 3035 3219 claudendum
3067 3178 3184 3216 esse
3212 3161 3429 3232 judieet
3459 3161 3719 3231 quisquis
3757 3160 3986 3230 judieat

2285 3257 2489 3310 certius
2515 3270 2646 3308 eum
2668 3269 2839 3323 quam
2869 3256 3073 3305 caetera
3093 3255 3273 3304 metra
3298 3266 3418 3303 esse
3448 3249 3791 3314 ﬁniendum,
3818 3264 3985 3302 eum-

2286 3361 2396 3415 que
2427 3343 2600 3396 ﬁnem
2624 3342 2682 3394 in
2702 3340 2959 3394 breviore
2991 3343 3248 3409 tempore
3262 3339 3576 3392 notandum
3605 3354 3723 3390 esse
3742 3338 3989 3391 manife-

2286 3438 2436 3485 stum
2469 3430 2568 3494 sit;
2603 3427 3190 3499 siquidem°temporis
3219 3426 3643 3498 longitudinem
3671 3431 3900 3479 coercet
3930 3431 3987 3479 et

2287 3521 2471 3574 frenat
2493 3516 2932 3588 quodammodo.

2558 3604 2780 3658 CAPUT
2811 3603 2898 3656 VI.
2932 3631 3001 3642 —
3030 3604 3237 3656 Rursus
3268 3601 3333 3655 de
3367 3604 3472 3670 ﬁne
3500 3615 3704 3655 versus.

2363 3696 2446 3747 ll.
2472 3692 2607 3756 Quae
2622 3689 2844 3745 cumita
2858 3690 2990 3756 sint,
3016 3689 3114 3760 qui
3140 3693 3325 3760 potest
3345 3688 3629 3759 posterius
3656 3687 3778 3757 ejus
3801 3703 3991 3741 mem-

2288 3785 2457 3839 brum
2482 3783 2592 3836 nisi
2616 3799 2734 3836 non
2780 3782 2948 3852 pleno
2985 3779 3285 3835 terminari
3314 3779 3459 3850 pede
3479 3779 3506 3833 ‘I
3538 3777 3746 3833 Prioris
3788 3783 3993 3832 autem

2291 3871 2536 3926 membri
2568 3869 2863 3924 exordium
2899 3873 2998 3922 aut
3028 3869 3263 3938 plenum
3292 3867 3499 3938 pedem
3529 3882 3667 3927 esse,
3704 3870 3764 3919 ut
3795 3867 3855 3920 in
3888 3867 3994 3921 illo

2286 3959 2568 4013 trochaico
2593 3961 2776 4020 Roma,
2814 3957 3007 4022 Roma,
3031 3971 3181 4010 cerne
3210 3960 3417 4024 quanta
3446 3956 3519 4007 sit
3551 3954 3705 4006 deum
3731 3953 3991 4020 benigni-

2294 4053 2376 4102 tas
2402 4067 2417 4114 ;
2445 4052 2549 4100 aut
2567 4050 2791 4116 partem
2811 4045 2976 4113 pedis
3008 4048 3253 4114 oportet,
3284 4047 3344 4095 ut
3371 4042 3429 4094 in
3459 4041 3706 4105 heroico,
3729 4041 3912 4094 Arma
3931 4046 4000 4094 ri-

2289 4151 2516 4204 rumque
2541 4149 2690 4201 cano,
2735 4133 2909 4201 Trojae
2938 4133 3034 4200 qui
3056 4135 3269 4200 primus
3325 4131 3391 4183 ab
3446 4132 3574 4183 oris.
3603 4129 3995 4198 Quapropter,

2294 4224 2452 4279 omni
2473 4224 2595 4293 jam
2642 4221 2994 4276 dubitatione
3027 4221 3268 4287 sublata,
3327 4218 3497 4271 etiam
3546 4218 3718 4270 istum
3757 4233 3998 4271 versum

2294 4312 2516 4378 metire,
2550 4312 2596 4364 si
2626 4311 2832 4380 placet.
2866 4313 2922 4362 et
2937 4307 3159 4361 mihide
3185 4305 3454 4359 membris
3487 4305 3609 4374 ejus
3633 4304 3999 4375 pedibusque

2293 4399 2594 4470 responde,
2626 4399 2880 4454 Phaselus
2901 4398 2990 4450 ille
3020 4411 3172 4464 quem
3200 4393 3412 4458 videtis,
3440 4393 3692 4460 hospites.
3721 4394 3782 4445 D.
3814 4393 3999 4447 Mem-

2294 4489 2394 4543 bra
2426 4488 2656 4559 quidem
2685 4485 2933 4556 hujusin
2952 4484 3204 4554 quinque
3235 4485 3291 4533 et
3321 4484 3537 4548 septem
3569 4478 3898 4548 semipedes
3917 4481 4000 4533 vi-

2298 4577 2403 4631 deo
2436 4575 2754 4641 distributa,
2798 4579 2860 4627 ut
2889 4573 3047 4642 prius
3095 4570 3186 4635 sit,
3225 4567 3485 4621 Phaselus
3524 4566 3650 4629 ille;
3705 4569 4000 4635 posterius

2297 4668 2508 4729 autem,
2533 4679 2686 4732 quem
2704 4662 2922 4726 videtis,
2942 4661 3172 4727 hospites
3192 4673 3204 4709 :
3230 4655 3401 4724 pedes
3412 4669 3545 4706 vero
3563 4652 3786 4707 iambos
3800 4671 4000 4710 cerno.

2363 4755 2374 4788 ¹
2410 4752 2492 4801 Sic
2508 4766 2570 4800 ex
2585 4751 2749 4806 Vatie,
2765 4753 2817 4798 et
2837 4747 2934 4796 Ms.
2957 4747 3016 4795 A.
3045 4747 3102 4793 In
3119 4746 3174 4805 B,
3197 4745 3275 4792 vel
3297 4740 3548 4803 anapwsti
3575 4740 3817 4792 alterum.
3840 4756 4000 4793 mem-

2300 4817 2478 4865 brum.
2511 4815 2581 4862 Μ.

2363 4879 2383 4911 2
2413 4878 2471 4924 In
2501 4877 2578 4936 B.,
2605 4886 2744 4924 cum.
2779 4869 2963 4936 Vatia,
2987 4867 3150 4936 dum.
3177 4867 3271 4936 llis.
3294 4865 3354 4923 A,
3394 4867 3530 4914 tum.
3555 4865 3620 4913 Μ.

2362 4940 2382 4972 ³
2416 4929 2780 4990 Rationaliler,
2805 4931 2966 4998 ,ῇιιιςιδζ
2987 4929 3255 4998 Vaticani.
3333 4991 3342 4998 _
3517 4987 3526 4997 _
3595 4987 3606 4998 .

2365 5001 2386 5034 ⁴
2409 5001 2531 5048 Mss.
2553 4988 2856 5057 Veteres'sic
2883 4992 3082 5057 habent
3107 5006 3121 5057 :_
3133 4991 3435 5057 Prop-rium
3467 4988 4000 5057 nimium,_guantuni

2304 5060 2412 5110 ha‘c
2441 5059 2591 5109 ratio
2619 5055 2792 5104 abilla
2809 5055 3058 5115 opinione
3088 5053 3418 5102 discernitur.
3440 5076 3500 5115 έ
3519 5051 3677 5098 Juxta
3709 5051 3895 5098 Vatic.:
3913 5053 4000 5099 Ni-

2302 5126 2467 5172 mium
2489 5120 2593 5168 han-
2613 5119 2746 5167 ratio
2769 5116 2832 5163 ab
2847 5114 2945 5164 illa
2965 5117 3206 5177 opinione
3225 5114 3571 5177 discernit-urg.
3622 5148 3633 5159 .

2365 5186 2385 5218 5
2417 5183 2500 5231 Sic
2529 5179 2689 5230 Vatic.
2717 5193 2728 5225 :
2753 5177 2856 5226 Sed
2877 5172 3053 5234 multo
3079 5175 3183 5227 haec
3206 5179 3283 5225 est
3299 5175 3591 5224 inveterata
3609 5172 4000 5223 consuetudine

2303 5246 2533 5306 antiquis
2561 5240 2950 5306 animadversa.
2975 5240 3040 5286 M.

2367 5309 2387 5340 6
2405 5299 2544 5353 L'ov.:
2569 5303 2811 5364 Quisquis
2813 5300 3030 5364 judicat
3043 5301 3259 5364 certius:
3278 5309 3669 5364 eugnqueguam
3688 5299 3885 5364 partem
3901 5310 4000 5364 me

2309 5372 2402 5419 tra
2427 5379 2539 5416 esse
2563 5357 2844 5426 insigniter
2870 5361 3178 5426 ﬁniendum,
3208 5364 3297 5424 qui
3323 5357 3481 5426 ﬁnem
3499 5359 3651 5426 habet
3677 5358 3736 5426 in.
3766 5359 4000 5407 breviore

2308 5436 2605 5500 temporum
2617 5421 2877 5500 notarum
2892 5421 3268 5500 manifestuniz
3287 5421 3562 5500 siquidem,
3578 5425 3675 5468 etc.
3699 5421 3780 5500 tta
3793 5434 3862 5500 qu
3870 5435 4000 5500 o‘que

2308 5482 2564 5541 editiones
2593 5489 2730 5545 aliae,
2759 5482 3193 5550 nisiquodhabet
3220 5482 3626 5550 Aminqtarum
3653 5482 4000 5550 manifestum

2309 5554 2411 5611 sii;
2439 5554 2543 5611 Er.,
2574 5543 2826 5602 notarum
2855 5543 3206 5612 manifestum
3235 5546 3324 5596 sit.
3345 5545 3441 5594 Sed
3469 5547 3682 5606 praestat
3700 5543 3822 5591 Mss.
3850 5543 4000 5592 lectio

2311 5629 2467 5679 quam
2503 5615 2604 5662 huc
2639 5611 3015 5660 revocavimus.
