4064 6370
64 313 184 364 1153

55 431 121 483 Μ.
151 424 593 492 Quaero,nibilne
613 439 773 477 caves
791 423 938 493 pede
959 423 1128 492 pleno
1144 435 1367 475 versum
1388 419 1737 474 terminare?

56 521 112 571 D.
144 517 346 568 Verum
377 511 536 578 dicis,
565 515 620 565 et
650 511 748 564 ubi
777 509 985 564 fuerim
1024 509 1234 565 nescio.
1269 509 1403 573 Quis
1436 509 1591 562 enim
1622 524 1738 562 non

54 605 260 658 videret
279 602 424 656 sicut
440 601 499 654 in
519 599 748 653 heroico
781 598 1193 652 exordiendum
1217 614 1335 651 esse
1357 614 1388 650 a
1411 597 1697 667 semipede
1712 596 1738 650 ?

55 693 202 765 quod
222 707 349 745 cum
366 691 428 744 in
439 689 545 742 hoc
557 703 765 759 genere
784 687 1118 756 lit,nonjam
1137 687 1466 752 iambis,sed
1478 684 1740 740 trochaeis

55 797 269 835 versum
315 779 606 843 metimur,
658 781 720 828 ut
768 791 900 828 eum
935 776 1190 845 legitime
1220 775 1466 849 semipes
1495 774 1736 828 claudat.

127 873 204 923 l2.
254 869 325 922 Μ.
361 867 442 920 Ita
473 869 556 918 est
586 868 650 918 ut
679 863 820 917 dicis
871 877 883 918 :
920 863 1017 916 sed
1045 863 1170 916 vide
1203 862 1340 932 quid
1382 862 1486 916 tibi
1525 862 1592 916 de
1635 861 1743 914 hoc

57 953 512 1028 respondendum
565 957 751 1022 putes,
804 967 976 1022 quem
1033 951 1468 1022 asclepiadaeum
1522 954 1741 1018 vocant,

56 1048 300 1100 Maecenas
331 1044 508 1097 atavis
547 1041 686 1095 edite
723 1041 945 1106 regibus
976 1042 1189 1107 (Horat.
1225 1041 1314 1093 lib.
1350 1043 1369 1092 1
1408 1041 1739 1104 Carminum,

57 1135 138 1189 od.
177 1133 241 1203 l).
268 1133 408 1186 Nam
430 1147 560 1200 pars
589 1128 864 1182 orationis
885 1128 943 1182 in
966 1133 1121 1182 sexta
1141 1128 1356 1198 syllaba
1379 1127 1741 1191 terminatur,

58 1239 234 1292 neque
262 1222 669 1284 inconstanter,
707 1217 806 1271 sed
835 1217 896 1271 in
933 1217 1198 1271 omnibus
1227 1216 1343 1270 fere
1373 1217 1543 1284 hujus
1574 1230 1744 1284 gene-

60 1307 130 1359 ris
158 1303 428 1358 versibus.
463 1304 660 1372 Itaque
692 1301 813 1370 ejus
844 1299 1093 1370 primum
1125 1305 1210 1353 est
1237 1299 1583 1363 membrum,
1617 1299 1744 1350 Mae-

59 1410 206 1449 cenas
235 1395 412 1447 atavis
452 1407 465 1445 :
501 1390 836 1453 secundum,
869 1389 1009 1443 edite
1037 1389 1271 1455 regibus,
1306 1387 1462 1457 quod
1496 1401 1744 1456 quanam

61 1482 270 1535 ratione
314 1481 412 1534 fiat
444 1477 693 1534 dubitari
735 1483 941 1548 potest.
990 1476 1047 1530 Si
1082 1476 1235 1529 enim
1268 1474 1521 1528 metiaris
1551 1473 1611 1526 in
1641 1473 1750 1526 hoc

60 1571 225 1640 pedes
277 1573 690 1640 quaternorum
747 1572 1094 1636 temporum,
1163 1569 1334 1617 erunt
1389 1562 1643 1632 quinque
1689 1560 1750 1614 in

61 1659 266 1729 priore,
296 1657 358 1711 in
389 1655 700 1728 posteriore
731 1658 925 1708 autem
955 1653 1213 1706 membro
1241 1655 1486 1722 quatuor
1507 1648 1749 1718 semipe-

62 1749 156 1802 des
179 1764 190 1801 :
213 1746 302 1800 lex
324 1750 518 1800 autem
539 1747 689 1798 vetat
708 1742 1034 1796 membrum
1061 1740 1340 1811 posterius
1360 1739 1486 1809 pari
1509 1753 1749 1791 numero

61 1839 312 1889 constare
343 1832 721 1904 semipedum,
768 1847 840 1884 ne
876 1831 1046 1900 pleno
1076 1828 1220 1899 pede
1249 1843 1444 1881 versus
1473 1825 1749 1880 termine-

61 1931 169 1978 tur.
222 1925 418 1978 Restat
464 1926 529 1974 ut
556 1920 726 1992 pedes
767 1919 1190 1973 consideremus
1236 1931 1501 1970 senorum
1531 1920 1751 1984 tempo-

62 2029 208 2081 rum,
231 2028 295 2065 ex
318 2027 431 2082 quo
461 2010 525 2063 ﬁt
547 2014 612 2063 ut
631 2007 956 2062 membrum
982 2011 1294 2074 utrumque
1317 2001 1493 2056 ternis
1514 1999 1753 2068 semipe-

63 2101 223 2154 dibus
251 2103 497 2153 constet.
537 2099 679 2151 Nam
712 2100 776 2150 ut
803 2095 1024 2164 integro
1053 2093 1196 2163 pede
1225 2090 1551 2162 praecedens
1572 2103 1752 2141 mem-

62 2191 226 2243 brum
241 2187 495 2253 tiniatur,
512 2201 545 2238 a
565 2183 784 2239 duabus
796 2183 983 2254 longis
1005 2179 1395 2250 incipiendum
1409 2182 1493 2231 est
1515 2194 1526 2230 :
1550 2175 1754 2230 deinde

63 2282 211 2331 totus
240 2273 603 2329 choriambus
651 2287 878 2325 versum
922 2268 1142 2334 dividit,
1195 2272 1258 2320 ut
1286 2270 1557 2336 sequente
1586 2264 1756 2318 etiam

64 2365 171 2419 alio
200 2361 531 2417 choriambo
582 2360 905 2413 membrum
931 2356 1212 2428 posterius
1242 2355 1559 2418 inchoetur,
1603 2354 1755 2406 clau-

64 2455 229 2508 dente
259 2466 488 2504 versum
519 2448 806 2518 semipede
836 2447 895 2500 in
940 2446 1161 2500 duabus
1192 2442 1454 2497 brevibus
1484 2441 1711 2512 syllabis
1741 2455 1753 2493 :

64 2546 148 2596 tot
177 2539 331 2594 enim
361 2543 622 2607 tempora
665 2552 793 2589 cum
820 2535 1067 2605 spondeo
1105 2533 1165 2585 in
1197 2531 1379 2600 capite
1418 2531 1620 2598 locato,
1650 2530 1756 2582 im-

60 2631 214 2700 plent
245 2644 342 2681 sex
370 2632 698 2696 temporum
732 2624 954 2693 pedem.
996 2620 1112 2675 Nisi
1141 2619 1275 2690 quid
1308 2619 1482 2672 habes
1521 2618 1588 2671 ad
1615 2619 1754 2670 haec.

59 2720 130 2771 D.
181 2716 332 2772 Nihil
376 2731 630 2785 prorsus.
667 2715 740 2767 M.
776 2713 962 2765 Placet
990 2725 1148 2779 ergo,
1182 2707 1417 2761 totidem
1449 2705 1758 2774 semipedi-

57 2806 162 2859 bus
201 2808 466 2858 constare
512 2808 823 2870 utrumque
862 2797 1208 2853 membrum.
1241 2797 1315 2850 D.
1354 2795 1465 2848 Cur
1495 2810 1612 2847 non
1637 2794 1762 2863 pla-

58 2893 226 2948 ceat?
258 2894 454 2963 Neque
495 2890 647 2944 enim
701 2887 1009 2942 metuenda
1056 2891 1140 2939 est
1177 2884 1268 2937 hic
1306 2883 1405 2936 illa
1445 2880 1758 2947 conversio,

63 2987 198 3059 quia
247 2986 433 3056 posito
482 2981 795 3054 posteriore
835 2978 1092 3033 membro
1122 2977 1181 3030 in
1213 2973 1585 3046 praecedentis
1615 2973 1759 3038 loco,

60 3077 137 3129 ita
165 3080 230 3128 ut
259 3073 414 3145 quod
445 3078 531 3126 est
549 3071 823 3141 primum,
847 3067 1159 3122 secundum
1180 3065 1299 3129 ﬁat,
1323 3079 1435 3116 non
1458 3063 1654 3116 eadem
1675 3061 1761 3114 lex

62 3161 322 3217 manebit
349 3159 584 3230 pedum.
613 3157 971 3226 Quapropter
991 3152 1148 3206 nulla
1173 3166 1340 3204 causa
1361 3154 1465 3211 est,
1488 3164 1588 3202 cur
1611 3148 1764 3201 idem

63 3249 423 3320 semipedum
444 3261 716 3301 numerus
739 3245 799 3298 in
822 3244 929 3296 hoc
958 3257 1167 3313 genere
1190 3237 1461 3292 membris
1483 3241 1726 3307 negetur
1750 3255 1764 3302 ;

62 3355 191 3393 cum
241 3337 368 3390 sine
417 3336 536 3390 ullo
579 3331 962 3387 conversionis
996 3329 1134 3382 vitio
1165 3327 1421 3398 parilitas
1449 3326 1560 3379 ista
1586 3323 1768 3394 possit

61 3425 269 3492 teneri,
293 3424 424 3478 ﬁnis
445 3423 616 3477 etiam
638 3418 972 3491 insignioris
996 3417 1121 3488 lege
1153 3420 1390 3479 servata,
1421 3429 1548 3468 cum
1572 3428 1768 3466 versus

62 3533 177 3570 non
206 3515 384 3585 pleno
416 3511 560 3582 pede
591 3493 954 3575 terminatur,
987 3507 1140 3579 quod
1170 3503 1622 3560 constantissime
1653 3517 1770 3556 ser-

65 3603 322 3657 vandum
353 3605 438 3655 est
465 3597 507 3652 ί.

65 3691 292 3746 CAPUT
316 3689 435 3742 VII.
467 3717 534 3727 -
562 3685 834 3752 Quomodo
857 3683 1187 3752 semipedum
1219 3681 1555 3749 imparilitas
1576 3678 1635 3729 in
1659 3690 1770 3728 ver-

133 3795 299 3835 suum
328 3777 577 3832 membris
607 3776 681 3829 ad
717 3775 1055 3843 parilitatem
1079 3773 1366 3837 referatur.
1401 3768 1774 3824 Conciliantur

134 3867 379 3922 membra
423 3864 752 3932 semipedum
787 3867 1022 3929 quatuor
1049 3865 1098 3913 et
1135 3860 1316 3912 trium.
1342 3856 1581 3911 Membra
1610 3853 1772 3905 semi—

129 3955 336 4026 pedum
368 3955 606 4023 quinque
635 3956 685 4004 et
713 3953 902 4002 trium.

144 4047 230 4100 13.
262 4046 337 4099 Μ.
373 4043 517 4096 Rem
542 4039 725 4110 ipsam
757 4034 992 4091 omnino
1018 4031 1208 4086 vidisti
1239 4047 1252 4085 :
1286 4045 1464 4102 quare
1489 4029 1608 4099 jam
1637 4043 1776 4098 quo-

67 4133 230 4188 niam
254 4129 534 4202 comperit
561 4127 708 4181 ratio
734 4138 1004 4179 versuum
1036 4136 1159 4175 esse
1188 4119 1301 4173 duo
1333 4133 1564 4188 genera,
1596 4132 1775 4168 unum

68 4224 128 4276 in
152 4237 272 4293 quo
293 4220 448 4274 idem
478 4231 745 4271 ncmerus
771 4210 1147 4280 semipedum,
1171 4207 1326 4260 aliud
1354 4206 1413 4259 in
1445 4222 1558 4276 quo
1585 4204 1779 4273 dispar

69 4311 129 4364 in
185 4306 464 4362 membris
493 4305 592 4370 sit;
641 4303 945 4372 diligenter
993 4296 1438 4360 consideremus,
1487 4293 1531 4347 si
1569 4294 1777 4364 placet,

70 4413 332 4470 quonam
367 4395 536 4449 modo
582 4393 688 4446 ista
717 4387 1057 4460 imparilitas
1087 4383 1439 4455 semipedum
1470 4383 1540 4436 ad
1571 4397 1780 4452 quam-

71 4489 210 4542 dam
241 4483 594 4556 parilitatem
613 4480 910 4543 referatur,
941 4473 1264 4530 obscuriore
1297 4471 1782 4542 aliquantum,sed

73 4591 214 4630 sane
246 4577 268 4608 ³
299 4570 673 4626 subtilissima
703 4567 926 4621 ratione
957 4577 1358 4617 numerorum.
1410 4560 1554 4613 Nam
1584 4567 1780 4629 quaero

73 4683 140 4720 ex
172 4671 252 4730 te,
290 4679 420 4717 cum
451 4662 563 4715 duo
605 4664 661 4713 et
704 4658 817 4713 tria
859 4655 1066 4720 dicam,
1107 4656 1248 4723 quot
1275 4665 1544 4704 numeros
1575 4648 1779 4702 dicam.

77 4757 149 4808 D.
210 4755 368 4808 Duos
414 4749 645 4804 scilicet.
678 4752 748 4803 Μ.
783 4747 926 4816 Ergo
956 4748 1012 4797 et
1049 4743 1162 4796 duo
1210 4756 1378 4805 unus,
1413 4743 1467 4792 et
1495 4737 1606 4791 tria
1633 4751 1783 4790 unus

73 4848 162 4897 est
192 4855 503 4902 numerus;
555 4842 610 4891 et
657 4834 973 4906 quemlibet
1004 4831 1183 4885 alium
1213 4827 1544 4883 dixerimus.
1591 4829 1654 4879 D.
1700 4826 1784 4878 Ita

75 4935 182 4986 est.
218 4931 297 4985 Μ.
333 4929 532 4982 Nonne
561 4924 664 4979 tibi
691 4940 757 4978 ex
781 4923 885 4976 hoc
912 4920 1134 4975 videtur
1159 4933 1342 4972 unum
1373 4931 1504 4970 cum
1530 4913 1787 4984 quolibet

75 5033 329 5074 numero
359 5031 477 5070 non
508 5013 746 5067 absurde
777 5026 942 5081 posse
968 5005 1253 5062 conferri?
1283 5003 1576 5075 Siquidem
1604 5017 1785 5055 unum

75 5108 194 5161 duo
255 5120 378 5159 esse
423 5118 543 5156 non
591 5115 889 5172 possemus
939 5097 1158 5161 dicere;
1211 5095 1322 5148 duo
1374 5097 1569 5146 autem
1608 5105 1788 5143 unum

75 5211 201 5250 esse
237 5189 669 5265 quodammodo
717 5204 729 5241 :
768 5191 823 5240 et
873 5186 1012 5238 item
1052 5186 1162 5236 tria
1208 5187 1262 5236 et
1310 5185 1558 5251 quatuor
1607 5193 1788 5232 unum

75 5301 221 5351 esse,
273 5297 391 5335 non
432 5281 572 5333 falso
603 5276 712 5331 dici
742 5278 946 5346 potest.
981 5273 1054 5327 D.
1088 5270 1398 5324 Assentior.
1435 5271 1510 5323 M.
1543 5265 1788 5321 Attende

75 5373 237 5429 aliud
267 5388 281 5425 :
309 5370 400 5424 dic
421 5367 582 5429 mihi,
609 5367 721 5420 duo
744 5370 830 5418 ter
851 5363 1040 5427 ducta,
1064 5359 1203 5430 quid
1220 5357 1510 5412 faciuntin
1529 5353 1791 5410 summa?

144 5500 158 5531 1
194 5491 540 5546 Servandam
555 5502 657 5539 esse
666 5486 964 5550 perplacet,
976 5483 1127 5548 juxta
1138 5495 1322 5532 omnes
1338 5481 1466 5530 Cdd.
1481 5483 1532 5530 et
1545 5480 1638 5529 Ms.
1655 5479 1766 5529 ΑΜ
1776 5514 1788 5525 .

142 5562 164 5594 ²
207 5561 440 5614 Tamen,
465 5553 620 5617 juxta
643 5548 808 5602 vace.
906 5548 974 5596 M.

1497 298 1709 355 LIBER
1749 298 2073 366 QUINTUS.

3408 305 3541 358 1154

1849 423 1923 475 1).
1968 422 2089 476 Sex.
2129 424 2203 475 M.
2238 423 2384 474 Num
2412 436 2509 475 sex
2537 427 2594 476 et
2623 422 2731 476 tria
2771 422 3006 476 totidem
3054 425 3223 477 sunt?
3251 425 3323 478 D.
3373 423 3539 477 Nullo

1848 510 2039 564 modo.
2067 511 2141 563 M.
2178 510 2337 562 Nunc
2362 509 2471 562 tria
2499 514 2700 580 quater
2726 511 2897 565 ducas
2923 511 3112 576 velim,
3137 526 3536 581 summamque

1847 597 2210 668 respondeas.
2264 598 2336 652 1).
2383 599 2710 652 Duodecim.
2743 601 2816 654 Μ.
2851 599 3016 653 Vides
3063 600 3198 652 item
3245 599 3540 653 duodecim

1849 685 2042 754 plures
2071 701 2191 739 esse
2223 701 2394 756 quam
2422 691 2686 755 quatuor.
2715 688 2790 741 D.
2825 688 2890 740 Et
2921 690 3089 758 longe
3119 704 3272 741 sane.
3309 691 3383 743 Μ.
3417 689 3539 741 Jam

1850 790 1920 827 ne
1973 775 2245 828 immorer
2293 775 2332 840 ί,
2380 775 2605 843 ﬁgenda
2661 777 2859 846 regula
2907 781 2992 829 est
3040 792 3052 830 :
3099 779 3145 830 A
3191 776 3434 843 duobus,
3485 782 3544 830 et

1850 860 2116 929 deinceps
2147 861 2428 931 quoslibet
2473 877 2744 915 numeros
2774 863 2916 917 duos
2946 865 3322 927 constitueris,
3356 865 3544 918 minor

1852 965 1954 1018 per
2016 950 2294 1018 majorem
2354 949 2783 1018 multiplicatus,
2841 968 2972 1006 eum
3027 954 3262 1008 excedat
3316 970 3542 1007 necesse

1851 1042 1953 1090 est.
1983 1041 2046 1092 D.
2078 1038 2213 1101 Quis
2237 1039 2342 1091 hoc
2384 1037 2764 1092 dubitaverit?
2795 1040 2940 1102 Quid
2967 1042 3121 1094 enim
3154 1048 3270 1095 tam
3301 1058 3540 1111 parvum

1850 1126 1909 1178 iu
1940 1127 2148 1196 plurali
2177 1143 2416 1180 numero
2444 1144 2618 1197 quam
2645 1128 2756 1181 duo
2774 1128 2800 1180 ‘I
2821 1145 2990 1198 quem
3016 1133 3206 1182 tamen
3238 1147 3542 1184 numerum

1852 1215 1898 1266 si
1928 1214 2134 1268 millies
2164 1216 2400 1280 duxero,
2451 1215 2532 1268 ita
2579 1216 2807 1269 excedet
2854 1216 3032 1280 mille,
3066 1222 3129 1270 ut
3155 1217 3394 1286 duplum
3425 1219 3544 1272 ﬁat.

1852 1303 1926 1355 Μ.
1961 1303 2170 1356 Verum
2216 1302 2351 1356 dicis
2404 1318 2416 1355 :
2464 1303 2562 1356 sed
2603 1302 2884 1356 constitue
2917 1319 3117 1369 unum,
3151 1309 3207 1357 et
3237 1305 3550 1374 quemlibet

1855 1389 2061 1444 deinde
2084 1391 2363 1460 majorem
2392 1406 2718 1457 numerum,
2748 1396 2804 1444 et
2831 1392 3317 1460 quemadmodum
3347 1391 3408 1445 in
3439 1392 3552 1445 illis

1856 1477 2221 1545 faciebamus,
2257 1478 2541 1532 minorem
2577 1495 2680 1547 per
2727 1480 3003 1549 majorem
3045 1480 3382 1550 multiplica,
3412 1496 3554 1533 num

1857 1565 2060 1620 eodem
2103 1565 2272 1619 modo
2307 1567 2489 1636 major
2527 1567 2926 1636 superabitur?
2977 1569 3047 1621 D.
3082 1569 3205 1621 Non
3235 1569 3424 1638 plane,
3458 1567 3555 1621 sed

1858 1654 2064 1724 majori
2087 1655 2278 1708 minor
2299 1654 2640 1725 aequabitur.
2665 1656 2804 1708 Nam
2826 1672 3002 1708 unum
3019 1655 3275 1722 bis,duo;
3297 1661 3354 1710 et
3377 1672 3556 1710 unum

1860 1743 2066 1808 decies,
2082 1743 2307 1808 decem;
2330 1748 2385 1796 et
2401 1759 2580 1796 unum
2596 1743 2823 1810 millies,
2846 1743 3002 1796 mille
3020 1748 3103 1810 ;et
3121 1760 3222 1813 per
3243 1744 3558 1814 quemlibet

1859 1831 2039 1884 alium
2055 1847 2360 1884 numerum
2373 1831 3358 1900 multiplicavero,unumnecesseest
3369 1849 3558 1902 aeque-

1860 1925 1972 1973 tur.
2025 1922 2098 1974 Μ.
2133 1919 2313 1972 Habet
2361 1935 2496 1988 ergo
2548 1934 2730 1972 unum
2777 1934 2908 1972 cum
2932 1920 3152 1972 caeteris
3183 1919 3437 1973 numeris
3460 1921 3558 1990 jus

1861 2007 2147 2078 quoddam
2177 2007 2545 2077 aaqualitatis;
2587 2023 2703 2060 non
2735 2007 2907 2060 modo
2957 2008 3111 2077 quod
3157 2008 3505 2079 quicumque
3537 2012 3560 2044 ²

1861 2111 2135 2150 numerus
2158 2099 2260 2160 est,
2287 2095 2384 2148 sed
2404 2094 2573 2148 etiam
2597 2095 2747 2165 quod
2777 2095 2944 2149 toties
2975 2096 3177 2150 ductus
3202 2097 3558 2151 tantumdem

1862 2184 2014 2239 facit.
2047 2185 2122 2238 D.
2156 2183 2676 2238 Manifestissimum
2705 2189 2808 2238 est.

1939 2274 2021 2326 14.
2067 2273 2142 2327 Μ.
2199 2274 2318 2342 Age
2366 2288 2537 2338 nunc,
2588 2272 2738 2325 refer
2780 2271 3036 2326 animum
3084 2273 3156 2326 ad
3202 2274 3560 2344 semipedum

1865 2376 2157 2427 numeros,
2187 2359 2392 2430 quibus
2424 2360 2486 2412 in
2514 2375 2680 2413 versu
2707 2359 2852 2413 ﬁunt
2879 2360 3134 2414 membra
3153 2361 3477 2432 inaequalia,
3506 2367 3564 2416 et

1867 2449 2073 2503 miram
2105 2449 2413 2519 quamdam
2445 2448 2833 2517 aequalitatem
2856 2448 2966 2502 ista
2993 2465 3168 2519 quam
3199 2451 3563 2503 tractavimus

1866 2535 2085 2589 ratione
2133 2535 2407 2603 reperies.
2465 2536 2628 2601 Nam,
2676 2540 2742 2589 ut
2786 2537 3011 2605 opinor,
3057 2553 3250 2589 versus
3290 2536 3564 2590 minimus

1867 2622 2138 2693 inaequali
2165 2622 2522 2692 semipedum
2548 2639 2787 2676 numero
2818 2624 2877 2677 in
2907 2623 3177 2677 membris
3202 2629 3286 2678 est
3315 2625 3561 2690 duobus,

1868 2714 2085 2767 habens
2128 2713 2446 2784 semipedes
2493 2718 2738 2782 quatuor
2769 2718 2824 2767 et
2854 2719 2986 2780 tres,
3024 2719 3086 2767 ut
3116 2715 3175 2768 in
3206 2716 3331 2780 hoc,
3364 2718 3566 2784 Hospes

1870 2802 1960 2854 ille
1999 2816 2155 2868 quem
2194 2801 2373 2864 vides;
2425 2800 2584 2870 cujus
2627 2801 2880 2871 primum
2919 2803 3245 2856 membrum
3278 2805 3432 2873 quod
3462 2808 3565 2864 est,

1870 2891 2068 2957 Hospes
2115 2889 2225 2953 ille,
2279 2888 2456 2941 secari
2509 2888 2809 2958 aequaliter
2854 2895 3044 2960 potest
3086 2890 3146 2944 in
3189 2891 3328 2944 duas
3382 2896 3570 2960 partes

1870 2976 2137 3030 binorum
2197 2976 2558 3046 semipedum
2607 2993 2621 3029 :
2667 2978 2980 3032 secundum
3027 2983 3218 3032 autem
3265 2979 3416 3049 quod
3465 2982 3567 3046 est,

1873 3081 2027 3132 quem
2047 3064 2217 3125 vides,
2251 3064 2329 3118 ita
2359 3064 2651 3131 dividitur,
2679 3071 2744 3119 ut
2773 3081 2889 3119 una
2910 3083 3042 3136 pars
3069 3067 3212 3120 duos
3252 3067 3571 3137 semipedes

1873 3153 2098 3218 habeat,
2131 3153 2310 3206 altera
2341 3168 2558 3218 unum;
2604 3153 2755 3223 quod
2784 3153 2864 3206 ita
2905 3159 3008 3223 est,
3040 3155 3203 3225 quasi
3233 3155 3346 3208 duo
3374 3161 3430 3208 et
3455 3155 3570 3209 duo

1875 3242 2003 3303 sint,
2031 3242 2161 3312 jure
2205 3241 2304 3294 illo
2348 3241 2711 3311 aaqualitatis,
2743 3242 2811 3296 de
2840 3259 2954 3313 quo
2985 3243 3119 3296 satis
3145 3243 3389 3314 egimus,
3420 3243 3575 3314 quod

1875 3330 2046 3383 habet
2077 3345 2258 3383 unum
2283 3345 2414 3383 cum
2443 3330 2709 3384 omnibus
2736 3330 3008 3384 numeris.
3045 3332 3114 3385 Ex
3147 3348 3260 3401 quo
3291 3333 3355 3384 lit
3380 3339 3442 3384 ut
3471 3332 3577 3384 ista

1879 3418 2151 3472 divisione
2175 3423 2394 3472 tantum
2421 3419 2492 3472 sit
2514 3420 2934 3489 quodammodo
2965 3420 3228 3490 superius
3253 3421 3577 3474 membrum

1880 3512 2163 3576 quantum
2182 3507 2482 3576 posterius.
2507 3509 2703 3578 Itaque
2727 3508 2823 3561 ubi
2844 3507 3056 3561 fuerint
3073 3512 3318 3578 quatuor
3343 3513 3398 3561 et
3417 3509 3580 3578 quin-

1880 3612 1990 3666 que
2045 3595 2384 3664 semipedes,
2452 3596 2598 3650 sicut
2642 3596 2749 3650 hoc
2796 3601 2899 3662 est,
2959 3599 3145 3664 Roma,
3199 3599 3384 3662 Roma,
3430 3613 3581 3651 cerne

1880 3688 2088 3752 quanta
2139 3685 2240 3749 sit;
2292 3699 2406 3736 non
2451 3683 2530 3737 ita
2579 3684 2874 3753 probatur,
2910 3689 2966 3736 et
2994 3688 3300 3753 propterea
3329 3689 3578 3737 metrum

1881 3771 1991 3824 erit
2034 3772 2227 3840 potius
2267 3786 2442 3840 quam
2482 3787 2694 3837 versus,
2745 3771 2877 3842 quia
2920 3772 2998 3826 ita
3044 3776 3176 3825 sunt
3205 3773 3463 3826 membra
3491 3771 3578 3824 in-

1883 3857 2127 3928 aequalia
2151 3862 2210 3910 ut
2232 3857 2304 3910 ad
2321 3859 2538 3911 nullam
2555 3858 2895 3928 aequalitatis
2915 3859 3099 3928 legem
3121 3859 3368 3913 sectione
3389 3859 3581 3930 aliqua

1882 3944 2102 4015 possint
2151 3945 2371 4000 referri.
2425 3945 2621 4000 Cernis
2653 3946 2886 4017 quippe,
2918 3952 2982 4000 ut
3011 3947 3235 4017 opinor,
3270 3947 3582 4017 superioris

1885 4033 2130 4087 membri
2177 4038 2425 4104 quatuor
2472 4033 2811 4104 semipedes,
2856 4037 3043 4100 Roma,
3091 4039 3276 4101 Roma,
3328 4035 3388 4088 in
3416 4035 3581 4089 binos

1884 4137 2049 4190 posse
2099 4121 2385 4175 discedere
2417 4125 2438 4156 ⁸
2469 4137 2482 4175 :
2515 4121 2770 4192 quinque
2812 4126 3002 4176 autem
3031 4123 3391 4193 posteriores,
3432 4139 3584 4176 cerne
3637 4175 3640 4178 .

1887 4215 2093 4278 quanta
2115 4211 2206 4275 sit,
2240 4209 2299 4263 in
2329 4211 2468 4264 duos
2498 4215 2554 4264 et
2582 4217 2695 4264 tres
2719 4210 3037 4281 semipedes
3069 4211 3270 4277 dividi;
3306 4210 3403 4265 ubi
3425 4212 3581 4265 nullo

1881 4299 2010 4367 jure
2057 4303 2294 4368 apparet
2325 4299 2642 4370 aequalitas.
2681 4300 2874 4370 Neque
2905 4299 3060 4354 enim
3102 4305 3342 4371 possunt
3389 4299 3582 4370 aliquo

1889 4385 2056 4439 modo
2078 4389 2303 4439 tantum
2332 4388 2520 4440 valere
2547 4388 2803 4458 quinque
2835 4387 3152 4458 semipedes
3182 4393 3416 4459 propter
3442 4389 3586 4443 duos

1888 4477 1944 4527 et
1984 4478 2115 4540 tres,
2161 4479 2440 4544 quantum
2483 4482 2730 4546 quatuor
2773 4477 2992 4543 valent;
3040 4477 3328 4547 quomodo
3358 4477 3587 4531 inveni-

1889 4578 2016 4615 mus
2045 4562 2308 4632 superius
2333 4563 2394 4616 in
2418 4564 2673 4618 breviore
2699 4581 2865 4619 versu
2893 4569 3116 4618 tantum
3149 4566 3335 4620 valere
3365 4571 3478 4619 tres
3508 4583 3588 4620 se-

1889 4650 2144 4720 mipedes
2173 4656 2410 4722 propter
2443 4668 2621 4706 unum
2653 4656 2708 4706 et
2737 4653 2872 4720 duo,
2914 4658 3194 4724 quantum
3223 4659 3471 4724 quatuor
3498 4671 3588 4708 va-

1889 4740 2028 4793 lent.
2071 4741 2160 4793 An
2205 4740 2423 4810 aliquid
2470 4757 2584 4795 non
2633 4758 2692 4795 es
2739 4747 3047 4806 assecutus,
3081 4746 3178 4796 aut
3205 4759 3318 4797 non
3359 4743 3589 4814 placet?

1892 4828 1965 4881 D.
1997 4827 2116 4881 Imo
2147 4844 2279 4882 vero
2306 4834 2363 4882 et
2394 4829 2696 4884 manifesta
2726 4829 2919 4883 omnia
2948 4835 3004 4884 et
3030 4835 3151 4884 rata
3181 4835 3339 4885 sunt.
3521 4825 3525 4829 ⁷

1968 4918 2052 4970 15.
2101 4917 2178 4970 Μ.
2209 4918 2349 4987 Age,
2383 4933 2534 4970 nunc
2579 4917 2834 4988 quinque
2864 4923 2921 4972 et
2949 4923 3062 4972 tres
3102 4919 3423 4990 semipedes
3452 4936 3587 4974 con-

1895 5002 2233 5069 sideremus,
2289 5004 2473 5074 qualis
2528 5009 2610 5058 est
2655 5004 2749 5058 ille
2801 5005 3133 5074 versiculus,
3185 5008 3444 5062 Phaselus
3500 5008 3590 5060 ille

1896 5108 2050 5160 quem
2090 5092 2240 5145 vides
2287 5106 2299 5145 :
2349 5095 2405 5146 et
2449 5091 2744 5147 videamus
2775 5095 3067 5164 quomodo
3098 5097 3205 5149 ista
3230 5094 3590 5165 inaequalitas

1897 5180 2089 5250 aliquo
2117 5179 2458 5250 aequalitatis
2478 5181 2609 5251 jure
2638 5186 2900 5236 teneatur
2928 5200 2940 5237 :
2974 5200 3108 5237 nam
3138 5185 3243 5237 hoc
3269 5199 3448 5253 genus
3472 5198 3588 5236 non

1897 5269 2080 5321 solum
2134 5271 2404 5334 metrum,
2453 5269 2549 5321 sed
2579 5268 2752 5322 etiam
2785 5286 3010 5324 versum
3048 5287 3187 5335 esse,
3221 5285 3420 5322 omnes
3448 5285 3593 5322 con-

1888 5357 1977 5430 “71
2022 5355 2243 5430 Locum"
2264 5354 2406 5403 hunc
2448 5356 2773 5430 restituimus
2816 5372 2880 5406 ex
2923 5359 3118 5430 Ms:_A.
3157 5357 3239 5405 Sic
3273 5356 3326 5404 in
3367 5357 3422 5404 B.
3467 5369 3477 5402 :
3523 5357 3590 5408 Ει

1900 5417 2069 5477 longe.
2107 5418 2173 5464 Μ.
2208 5418 2360 5476 Sane,
2387 5431 2453 5466 ne
2469 5419 2595 5478 jam
2626 5423 2896 5470 immorer.
2996 5421 3062 5467 M.

1960 5481 1980 5513 2
2014 5481 2426 5543 Cujuscumque,
2448 5480 2602 5543 juxta
2634 5482 2796 5530 Vatic.
2895 5482 2961 5529 M.

1962 5543 1982 5576 3
2013 5540 2338 5601 Dlseindere,
2360 5540 2515 5604 juxta
2538 5543 2703 5593 Vatic.
2802 5543 2867 5591 M.
