4064 6360
463 330 592 381 1155

457 448 728 504 sentiunt.
751 449 946 517 Itaque
966 461 1095 498 cum
1118 445 1367 515 primum
1393 443 1719 497 membrum
1741 441 1800 496 in
1830 440 2144 512 semipedes

453 539 596 592 duos
627 541 683 590 et
709 539 823 589 tres
853 533 1119 602 secueris,
1159 537 1214 587 et
1245 532 1557 586 secundum
1591 531 1649 584 in
1680 530 1822 584 duos
1852 535 1907 583 et
1935 544 2142 594 unum;

454 626 769 695 conjungas
795 623 1102 694 particulas
1123 638 1236 692 qua
1256 621 1316 674 in
1337 625 1579 691 utroque
1608 635 1771 689 pares
1799 618 2144 685 inveneris‘,

454 713 590 784 quia
619 717 674 766 et
699 712 760 766 in
787 712 973 782 primo
1004 711 1260 764 membro
1290 709 1566 762 habemus
1588 708 1722 772 duo,
1747 711 1800 760 et
1818 706 1876 760 in
1899 705 2145 760 secundo

452 805 668 855 restant
697 801 824 855 duae
853 799 1169 870 particulae,
1205 813 1318 850 una
1347 797 1407 850 in
1437 795 1619 850 tribus
1665 794 2047 866 semipedibus
2077 794 2144 847 de

453 890 644 960 priore
688 888 962 955 membro,
1018 889 1194 941 altera
1247 885 1309 938 in
1362 901 1477 939 uno
1521 884 1590 938 de
1645 883 1976 953 posteriore.
2037 883 2145 935 Has

455 995 588 1048 ergo
615 981 671 1032 et
700 976 1042 1031 sociabiliter
1062 974 1382 1046 jungimus,
1416 972 1553 1044 quia
1590 988 1768 1025 unum
1799 987 1928 1024 cum
1958 969 2143 1024 omni-

453 1067 558 1120 bus
612 1066 784 1120 habet
825 1064 1150 1118 societatem
1182 1062 1232 1129 ²;
1267 1066 1322 1115 et
1349 1061 1408 1114 in
1444 1077 1668 1114 summa
1696 1075 1877 1113 unum
1905 1063 1962 1112 et
2011 1058 2141 1123 tria,

452 1158 698 1224 quatuor
726 1153 891 1217 ﬁunt,
924 1151 1080 1221 quod
1122 1155 1206 1203 est
1234 1147 1593 1203 tantumdem
1625 1154 1903 1218 quantum
1946 1146 2058 1199 duo
2090 1152 2143 1199 et

452 1241 588 1295 duo.
618 1243 724 1294 Per
749 1240 895 1293 hanc
925 1238 1101 1308 igitur
1126 1236 1431 1290 sectionem
1461 1235 1631 1289 etiam
1663 1234 1917 1304 quinque
1949 1239 2004 1287 et
2033 1239 2144 1287 tres

455 1327 773 1398 semipedes
801 1327 871 1380 ad
901 1325 1260 1379 concordiam
1306 1324 1662 1394 rediguntur.
1695 1322 1803 1377 Sed
1847 1323 2142 1392 responde,

379 1426 382 1428 '
453 1421 651 1470 utrum
682 1413 1046 1468 intellexeris.
1082 1418 1146 1467 ι).
1180 1414 1263 1466 Ita
1291 1429 1446 1481 vero,
1479 1416 1534 1465 et
1556 1411 1864 1465 admodum
1893 1410 2093 1481 probo.

456 1504 680 1558 CAPUT
705 1504 847 1556 VIII.
876 1532 945 1541 —
965 1501 1204 1556 Membra
1223 1501 1552 1570 semipedum
1581 1502 1820 1572 quinque
1849 1504 1897 1553 et
1925 1504 2140 1568 septem.

529 1595 611 1646 16.
644 1596 714 1648 Μ.
747 1592 1014 1662 Sequitur
1043 1595 1105 1644 ut
1132 1591 1200 1644 de
1230 1591 1483 1661 quinque
1513 1595 1571 1644 et
1599 1595 1816 1660 septem
1847 1588 2146 1658 semipedi-

453 1680 560 1735 bus
590 1681 954 1745 disseramus,
996 1679 1192 1750 quales
1239 1683 1372 1732 sunt
1412 1693 1608 1731 versus
1656 1676 1769 1730 duo
1799 1675 1884 1729 illi
1912 1675 2145 1728 nobilis-

453 1768 601 1835 simi,
634 1768 896 1821 heroicus
923 1771 978 1820 et
1008 1783 1180 1838 quem
1207 1765 1518 1820 iambicum
1545 1764 1716 1834 vulgo
1744 1763 2144 1829 vocant,etiam

453 1857 574 1927 ipse
602 1855 877 1910 senarius.
911 1856 1074 1924 Nam,
1101 1856 1277 1910 Arma
1322 1857 1605 1921 virumque
1633 1868 1784 1918 cano,
1837 1853 2006 1921 Troiae
2051 1853 2148 1920 qui

447 1948 660 2016 primus
687 1945 755 1999 ab
776 1947 905 2013 oris,
935 1944 1013 1997 ita
1030 1943 1301 1998 dividitur
1320 1948 1384 1997 ut
1408 1943 1658 2014 primum
1681 1941 1802 2012 ejus
1822 1941 2144 1995 membrum

453 2034 719 2103 sit,.4rma
746 2035 1030 2103 virumque
1058 2048 1210 2098 cano,
1244 2031 1342 2102 qui
1373 2036 1504 2084 sunt
1532 2029 1817 2102 quinque;
1861 2034 1916 2083 et
1944 2045 2143 2083 secun-

452 2122 612 2189 dum,
664 2123 838 2190 Trojar
881 2123 979 2191 qni
1009 2123 1220 2189 primus
1249 2119 1316 2173 ab
1355 2123 1486 2185 oris,
1518 2117 1618 2189 qui
1647 2121 1780 2171 sunt
1805 2121 2022 2186 septem
2056 2132 2143 2170 se-

454 2210 730 2280 mipedes.
773 2211 856 2276 Et,
888 2210 1145 2264 Phaselus
1187 2210 1277 2262 ille
1311 2223 1466 2277 quem
1495 2207 1711 2268 videtis,
1747 2206 2000 2273 hospites,
2031 2204 2146 2274 pri-

452 2314 614 2352 mum
657 2298 980 2352 membrum
1014 2297 1204 2361 habet,
1235 2297 1492 2350 Phasetus
1529 2295 1639 2360 ille,
1672 2293 1731 2347 in
1762 2293 2146 2362 semipedibus

454 2387 741 2459 quinqua;
790 2385 1104 2439 secundum
1145 2385 1205 2438 in
1255 2388 1494 2454 septem,
1548 2398 1702 2451 quem
1752 2381 1970 2446 videtis,
2017 2382 2144 2435 hos-

446 2477 608 2544 pites.
643 2474 749 2529 Sed
791 2478 950 2527 tanta
990 2472 1089 2526 illa
1117 2471 1384 2525 nobilitas
1423 2470 1483 2524 in
1513 2471 1637 2540 lege
1668 2469 1776 2523 ista
1806 2469 2145 2539 equalitatis

452 2563 690 2616 laborat.
725 2563 865 2616 Cum
896 2560 1049 2614 enim
1089 2559 1400 2629 superioris
1439 2557 1692 2629 quinque
1725 2556 2041 2626 semipedes
2084 2556 2144 2608 in

454 2650 596 2704 duos
626 2654 682 2703 et
708 2654 820 2703 tres
841 2648 1218 2713 diviserimus,
1252 2646 1596 2717 posteriores
1621 2649 1811 2698 autem
1842 2648 2056 2713 septem
2083 2643 2143 2696 in

453 2743 565 2793 tres
586 2744 640 2792 et
652 2743 900 2809 quatuor
917 2758 932 2805 ;
947 2741 1263 2807 congruent
1277 2735 1631 2806 sibiquidem
1652 2734 1941 2805 particulae
1961 2738 2146 2786 terno-

453 2843 586 2882 rum
615 2825 972 2897 semipedum
1001 2841 1013 2878 :
1049 2824 1146 2878 sed
1176 2823 1222 2877 si
1245 2823 1371 2878 duae
1391 2823 1627 2893 reliqua:
1650 2822 1728 2876 ita
1754 2821 2141 2887 convenirent,

451 2921 515 2971 ut
542 2932 658 2970 una
689 2931 886 2970 earum
917 2917 1202 2967 constaret
1231 2929 1346 2966 uno
1377 2910 1688 2982 semipede,
1720 2910 1830 2963 alia
1856 2909 2138 2980 quinque;

449 3005 932 3075 conjungerentur
957 3003 1082 3072 lege
1110 3001 1208 3055 illa
1240 3017 1353 3072 qua
1381 3015 1564 3054 unum
1593 3014 1720 3052 cum
1752 2998 2018 3052 omnibus
2044 3013 2145 3051 nu-

450 3093 620 3147 meris
659 3091 932 3162 conjungi
965 3094 1172 3160 potest,
1207 3096 1264 3144 et
1292 3089 1350 3142 in
1383 3104 1607 3142 summa
1637 3103 1732 3142 sex
1763 3085 2144 3157 ﬁerent,quod

451 3186 582 3234 sunt
607 3181 778 3235 etiam
803 3185 919 3233 tres
954 3183 1010 3232 et
1041 3183 1154 3232 tres
1203 3193 1216 3231 :
1260 3193 1412 3230 nunc
1451 3193 1583 3230 vero
1613 3175 1749 3246 quia
1777 3176 1888 3230 duo
1919 3180 1975 3229 et
2004 3190 2143 3244 qua-

449 3273 580 3322 tuor
601 3267 1282 3332 inveniuntur,summam
1312 3264 1546 3335 quidem
1569 3264 1809 3318 reddent
1829 3262 2140 3328 senariam;

449 3355 545 3409 sed
578 3355 737 3408 nullo
763 3353 1104 3424 aequalitatis
1117 3353 1248 3422 jure
1271 3357 1494 3406 tantum
1517 3353 1708 3406 valent
1729 3351 1843 3404 duo
1866 3355 2144 3421 quantum

449 3448 718 3514 quatuor,
751 3447 813 3496 ut
843 3442 903 3495 in
930 3440 1324 3512 hujuscemodi
1344 3441 1508 3511 quasi
1529 3439 1945 3494 necessitudine
1976 3454 2148 3508 copu-

451 3532 658 3585 lentur.
711 3530 829 3585 Nisi
875 3530 1019 3584 forte
1071 3529 1199 3601 quis
1228 3528 1432 3584 dixerit
1472 3529 1608 3583 satis
1641 3544 1762 3582 esse
1790 3529 1860 3583 ad
1893 3528 2142 3599 aliquam

451 3619 707 3689 regulam
739 3618 1062 3690 parilitatis,
1100 3618 1254 3689 quod
1299 3623 1362 3672 ut
1405 3623 1520 3672 tres
1570 3622 1626 3671 et
1668 3623 1804 3683 tres,
1833 3617 1912 3671 ita
1950 3617 2061 3670 duo
2091 3620 2145 3669 et

447 3713 694 3780 quatuor
722 3725 818 3762 sex
839 3707 1010 3764 ﬁunt.
1053 3707 1153 3762 Cui
1170 3706 1382 3761 rationi
1401 3705 1840 3777 repugnandum
1864 3721 1978 3758 non
2000 3705 2145 3758 arbi-

446 3803 566 3852 tror
597 3815 610 3852 :
646 3802 730 3852 est
770 3796 925 3850 enim
969 3801 1026 3850 et
1070 3795 1191 3850 haec
1233 3795 1426 3866 aliqua
1471 3793 1786 3866 inqualitas.
1843 3793 1951 3848 Sed
2003 3793 2144 3847 illud

446 3886 660 3940 nollem
711 3890 770 3941 ut
809 3885 1028 3956 majore
1058 3883 1433 3956 congruentia
1459 3885 1714 3955 quinque
1744 3887 1801 3937 et
1828 3887 1941 3936 tres
1970 3898 2144 3953 quam

445 3974 702 4046 quinque
729 3979 785 4028 et
823 3979 1042 4044 septem
1073 3973 1392 4044 semipedes
1413 3972 1802 4027 convenirent.
1833 3971 1956 4024 Non
1988 3971 2144 4024 enim

446 4068 670 4118 tantum
702 4079 912 4118 nomen
957 4067 1042 4116 est
1078 4062 1232 4116 illius
1256 4079 1451 4116 versus
1481 4065 1758 4132 quantum
1787 4060 2055 4124 istorum;
2090 4063 2146 4112 et

454 4151 611 4206 vides
659 4151 719 4205 in
767 4150 866 4204 illo
915 4167 1032 4205 non
1071 4150 1244 4204 modo
1292 4154 1508 4203 tantam
1539 4164 1821 4202 summam
1853 4147 2143 4200 inventam

447 4239 664 4294 collatis
709 4255 826 4292 uno
875 4243 932 4292 et
967 4238 1171 4304 tribus,
1208 4243 1422 4308 quanta
1463 4241 1545 4290 est
1579 4235 1639 4290 in
1665 4235 1886 4290 duobus
1917 4239 1972 4288 et
2001 4233 2140 4288 duo-

450 4328 586 4394 bus;
619 4327 716 4381 sed
761 4326 936 4381 etiam
965 4327 1148 4380 multo
1182 4325 1574 4379 concordiores
1601 4328 1788 4394 partes
1819 4339 1963 4392 esse,
2012 4339 2140 4377 cum

437 4415 771 4486 junguntur
800 4429 982 4467 unum
1011 4419 1067 4467 et
1095 4413 1222 4477 tria,
1255 4417 1489 4482 propter
1507 4412 1660 4465 illam
1694 4410 1862 4464 unius
1883 4427 2012 4464 cum
2043 4427 2144 4464 cae-

445 4503 581 4558 teris
619 4501 886 4556 omnibus
916 4502 1172 4555 numeris
1211 4499 1547 4568 amicitiam,
1584 4515 1758 4570 quam
1788 4515 1918 4552 cum
1946 4499 2059 4552 duo
2089 4504 2145 4552 et

445 4596 691 4662 quatuor
719 4591 1075 4661 copulantur,
1109 4591 1253 4644 sicut
1282 4589 1342 4642 in
1377 4589 1498 4642 istis
1529 4593 1631 4642 est.
1663 4590 1749 4640 An
1779 4587 1883 4641 tibi
1925 4587 2140 4658 aliquid

444 4680 751 4733 obscurum
781 4681 898 4733 est?
929 4681 993 4734 D.
1029 4677 1180 4732 Nihil
1211 4692 1468 4746 prorsus.
1498 4675 1603 4729 Sed
1634 4675 1824 4728 nescio
1855 4675 2140 4744 quomodo

445 4783 536 4822 me
563 4767 819 4833 offendit,
861 4766 1016 4837 quod
1057 4765 1151 4821 isti
1195 4763 1405 4818 senarii
1440 4780 1570 4817 cum
1602 4763 1712 4816 sint
1741 4763 2140 4817 celebratiores

445 4855 664 4910 caeteris
688 4854 1015 4926 generibus,
1048 4860 1102 4909 et
1131 4852 1516 4924 principatum
1547 4851 1854 4922 quemdam
1885 4851 1944 4904 in
1974 4853 2142 4905 versi-

444 4945 549 4998 bus
579 4943 790 4998 habere
822 4942 1106 5009 dicantur,
1139 4941 1355 5012 aliquid
1385 4940 1444 4993 in
1476 4941 1868 4993 membrorum
1905 4955 2138 4994 concor-

444 5033 538 5086 dia
567 5032 756 5086 minus
783 5031 1019 5097 habent,
1043 5046 1214 5101 quam
1243 5029 1328 5083 illi
1350 5029 1516 5082 fama:
1547 5027 1894 5082 obscurioris
1923 5045 2135 5082 versus.

439 5123 512 5176 M.
549 5123 702 5175 Bono
735 5119 926 5174 animo
957 5123 1074 5174 esto
1106 5135 1120 5173 :
1153 5134 1286 5172 nam
1313 5134 1419 5188 ego
1449 5117 1555 5171 tibi
1583 5120 1799 5171 tantam
1829 5116 1890 5170 in
1915 5116 2026 5170 illis
2057 5134 2141 5170 os-

443 5210 673 5264 tendam
695 5207 1080 5276 concordiam,
1108 5212 1380 5278 quantam
1407 5205 1513 5259 soli
1544 5221 1611 5259 ex
1642 5204 1908 5259 omnibus
1931 5205 2138 5259 habere

438 5302 790 5365 meruerunt,
823 5302 886 5352 ut
915 5296 1125 5363 videas,
1167 5312 1286 5350 non
1315 5294 1527 5366 injuria
1565 5309 1660 5348 eos
1689 5310 1809 5347 esse
1839 5294 2132 5363 praelatos.

504 5447 519 5479 1
553 5445 636 5494 Sic
664 5445 828 5494 Vatic.
869 5460 881 5493 :
916 5445 1262 5508 Conjungens
1294 5442 1614 5507 particulas,
1643 5455 1780 5505 quas
1809 5441 1875 5492 ab
1903 5445 2140 5503 utraque

443 5509 598 5568 parte
626 5509 918 5558 inveneris.
1015 5508 1082 5556 Μ.

503 5571 522 5602 ²
555 5570 987 5626 Consocietatem,
1012 5569 1167 5632 juxta
1189 5568 1353 5618 Vatic.
1451 5568 1517 5616 M.

1733 322 1826 377 DE
1864 319 2148 386 MUSICA,
2192 319 2244 374 S.
2288 319 2671 377 AUGUSTINI

3821 325 3956 378 H56

2255 442 2361 496 Sed
2415 443 2549 513 quia
2578 442 2696 512 ipsa
2730 441 2988 496 tractatio
3021 442 3315 514 aliquanto
3351 449 3436 497 est
3466 443 3710 514 longior,
3747 459 3952 513 quam-

2255 529 2336 583 vis
2366 530 2599 584 omnino
2619 530 2949 600 jucundior,
2974 537 3186 584 restare
3217 531 3382 585 nobis
3407 531 3578 586 debet
3607 536 3956 599 extrema,ut

2255 635 2385 672 cum
2425 619 2491 672 de
2522 619 2759 680 caateris,
2793 623 3073 690 quantum
3112 619 3245 673 satis
3274 619 3580 686 videbitur,
3625 621 3955 690 disputave-

2256 707 2452 772 rimus,
2492 707 2614 777 jam
2654 707 2813 760 omni
2857 723 2993 761 cura
3035 707 3275 773 liberati,
3308 709 3376 762 ad
3408 710 3616 762 horum
3645 708 3956 762 scrutanda

2255 795 2568 866 penetralia
2611 795 2925 849 veniamus.
2971 799 3032 850 D.
3069 795 3204 850 Mihi
3242 813 3374 850 vero
3423 797 3606 867 placet
3638 813 3652 851 :
3687 797 3789 851 sed
3829 797 3954 867 jam

2254 885 2457 938 vellem
2491 888 2554 937 ut
2595 882 2700 938 ista
2744 900 2872 955 quae
2901 884 3093 954 priora
3125 883 3501 954 suscepimus,
3533 885 3817 955 explicata
3860 901 3954 938 es-

2255 978 2398 1040 sent,
2439 978 2504 1026 ut
2540 973 2662 1042 jam
2693 972 2832 1027 illud
2867 972 3121 1026 audirem
3165 973 3538 1028 commodius.
3580 976 3654 1028 M.
3702 974 3955 1028 Istorum

2254 1061 2680 1130 comparatione
2731 1078 2859 1131 quas
2906 1065 3036 1114 ante
3077 1061 3471 1127 disseruimus,
3519 1061 3667 1116 ﬁunt
3696 1062 3795 1114 illa
3825 1061 3958 1115 dul-

2254 1149 2404 1202 ciora
2431 1166 2558 1219 quae
2589 1154 2902 1219 exspectas.

2254 1239 2479 1292 CAPUT
2531 1239 2617 1292 IX.
2677 1267 2749 1277 —
2803 1238 3044 1292 Membra
3105 1237 3431 1308 semipedum
3486 1253 3583 1293 sea:
3629 1243 3680 1292 et
3729 1243 3953 1306 septem.

2324 1327 2563 1381 Membra
2607 1327 2933 1394 semipedum
2963 1331 3075 1380 octo
3105 1331 3155 1380 et
3182 1331 3400 1396 septem.
3445 1326 3681 1382 Membra
3725 1329 3957 1394 semipe-

2325 1415 2453 1468 dum
2479 1430 2663 1468 novem
2689 1420 2738 1467 et
2763 1419 2979 1483 septem.

2331 1509 2412 1558 l7.
2445 1505 2604 1558 Nunc
2632 1504 2822 1572 itaque
2849 1503 3166 1571 considera,
3198 1507 3392 1558 utrum
3422 1503 3482 1557 in
3510 1502 3733 1558 duobus
3762 1518 3956 1556 mem-

2253 1592 2370 1647 bris
2402 1609 2648 1663 quorum
2691 1592 2944 1662 primum
2987 1593 3251 1646 exhibeat
3280 1592 3598 1662 semipedes
3638 1607 3753 1656 sex,
3807 1591 3959 1644 alte-

2255 1697 2383 1734 rum
2409 1684 2646 1751 septem,
2679 1681 2996 1750 reperiatur
3024 1697 3088 1734 ea
3120 1680 3416 1752 aequalitas
3446 1685 3509 1734 ut
3537 1679 3646 1734 rite
3677 1695 3802 1734 esse
3831 1695 3957 1732 ver-

2255 1785 2350 1822 sus
2395 1772 2583 1840 queat.
2636 1769 2777 1821 Nam
2824 1772 2954 1838 post
3001 1768 3258 1839 quinque
3288 1773 3344 1822 et
3385 1774 3602 1839 septem
3633 1767 3958 1838 semipedes

2254 1857 2406 1910 hunc
2455 1873 2572 1910 esse
2621 1855 3040 1910 discutiendum
3083 1857 3260 1911 vides.
3308 1858 3486 1926 Hujus
3519 1861 3712 1912 autem
3759 1873 3956 1910 exem-

2254 1946 2415 2015 plum
2445 1949 2528 1998 est
2570 1961 2583 1998 :
2618 1947 2805 2009 Roma,
2846 1960 2998 1998 cerne
3033 1951 3242 2013 quanta
3267 1947 3341 2000 sit
3370 1945 3526 1999 deum
3569 1946 3882 2012 benignitas
3917 1945 3951 1998 ¹.

2256 2031 2329 2088 D.
2355 2032 2527 2086 Video
2545 2032 2800 2103 primum
2822 2031 3147 2086 membrum
3175 2047 3342 2096 posse
3371 2033 3429 2086 in
3447 2037 3634 2104 partes
3664 2032 3957 2102 distribui,

2255 2137 2383 2192 quae
2412 2120 2660 2174 habeant
2698 2125 2890 2174 ternos
2930 2120 3264 2191 semipedes,
3313 2122 3626 2176 secundum
3655 2121 3718 2174 in
3748 2125 3868 2174 tres
3899 2127 3957 2175 et

2254 2214 2522 2280 quatuor.
2579 2211 2763 2273 Quare
2808 2208 3016 2277 iunctis
3060 2209 3375 2279 aaqualibus
3403 2210 3552 2264 ﬁunt
3580 2225 3675 2264 sex
3701 2209 3954 2280 semipe-

2255 2299 2373 2364 des,
2401 2302 2517 2350 tres
2545 2313 2676 2350 vero
2707 2300 2762 2350 et
2790 2301 3036 2367 quatuor
3064 2302 3280 2368 septem
3303 2303 3456 2364 sunt,
3490 2302 3548 2352 et
3572 2314 3689 2351 non
3719 2314 3955 2368 aequan-

2254 2391 2348 2441 tur
2394 2385 2476 2439 illi
2520 2401 2782 2439 numero.
2831 2385 2936 2440 Sed
2985 2385 3030 2439 si
3063 2385 3175 2440 duo
3217 2391 3274 2439 et
3311 2386 3424 2440 duo
3453 2385 3515 2440 in
3551 2402 3618 2440 ea
3645 2391 3812 2456 parte
3856 2386 3955 2440 ubi

2255 2478 2500 2545 quatuor
2543 2477 2692 2539 sunt,
2745 2477 2802 2527 et
2845 2473 2958 2527 duo
3006 2478 3063 2527 et
3099 2490 3280 2528 unum
3323 2473 3380 2527 in
3411 2490 3477 2527 ea
3513 2478 3675 2544 parte
3703 2474 3807 2528 ubi
3841 2479 3958 2530 tres

2255 2567 2404 2630 sunt,
2454 2561 2902 2626 consideremus,
2943 2561 3154 2632 junctis
3195 2561 3454 2632 partibus
3492 2579 3622 2632 qua;
3651 2562 3821 2616 binos
3851 2563 3955 2616 ha—

2254 2651 2409 2716 bent,
2467 2649 2532 2703 ﬁt
2571 2665 2797 2703 summa
2844 2649 3213 2719 quaternaria
3265 2666 3277 2703 :
3331 2649 3544 2719 junctis
3595 2655 3786 2704 autem
3840 2650 3959 2704 illis

2254 2755 2498 2811 quarum
2523 2737 2585 2792 in
2609 2755 2726 2793 una
2750 2737 2860 2792 duo
2899 2742 3052 2806 sunt,
3093 2739 3152 2792 in
3188 2738 3298 2792 alia
3328 2755 3535 2808 unum,
3563 2739 3610 2793 si
3639 2738 3816 2794 etiam
3847 2739 3960 2794 ista

2254 2832 2528 2898 tanquam
2558 2827 2672 2880 sint
2692 2831 2936 2897 quatuor
2962 2827 3324 2897 accipiamus,
3357 2832 3592 2898 propter
3620 2827 3792 2882 unius
3821 2844 3958 2882 cum

2254 2915 2473 2970 caeteris
2522 2915 2775 2968 numeris
2821 2914 3205 2982 concordiam,
3240 2919 3364 2968 octo
3411 2915 3583 2969 simul
3627 2915 3792 2979 ﬁunt,
3826 2931 3958 2969 ma-

2255 3004 2456 3075 gisque
2504 3003 2781 3056 excedunt
2827 3019 3111 3057 summam
3156 3003 3460 3071 senariam,
3493 3020 3667 3075 quam
3692 3019 3827 3058 cum
3857 3020 3955 3058 se-

2254 3097 2411 3163 ptem
2439 3091 2707 3146 fuissent.

2329 3184 2411 3235 t8.
2446 3183 2518 3235 Μ.
2554 3181 2633 3234 Ita
2675 3184 2777 3246 est,
2810 3183 2875 3234 ut
2904 3178 3043 3233 dicis
3077 3195 3090 3233 :
3118 3183 3174 3234 et
3213 3178 3341 3234 ideo
3372 3177 3482 3234 isto
3524 3195 3734 3250 genere
3766 3196 3957 3251 copu-

2254 3267 2485 3322 lationis
2513 3284 2545 3320 a
2576 3267 2701 3337 lege
2733 3283 3000 3321 versuum
3030 3271 3310 3338 separato,
3342 3266 3572 3321 attende
3597 3271 3662 3322 ut
3685 3268 3826 3322 ordo
3857 3286 3958 3339 po-

2254 3356 2446 3424 stulat,
2495 3355 2556 3408 in
2586 3372 2653 3408 ea
2685 3371 2838 3408 nunc
2875 3356 3152 3421 membra,
3185 3371 3431 3426 quorum
3477 3355 3730 3426 primum
3773 3356 3960 3411 habet

2255 3448 2382 3498 octo
2413 3442 2751 3513 semipedes,
2775 3447 2993 3513 septem
3015 3443 3346 3498 secundum.
3370 3445 3482 3498 Ista
3503 3460 3635 3498 vero
3658 3444 3955 3514 copulatio

2254 3531 2426 3586 habet
2447 3530 2598 3601 quod
2628 3530 2958 3601 quaerimus.
2993 3532 3134 3585 Nam
3161 3531 3534 3601 praecedentis
3554 3532 3797 3586 membri
3815 3549 3956 3604 par-

2254 3625 2370 3674 tem
2416 3618 2712 3673 dimidiam
2742 3635 2872 3672 cum
2919 3623 3079 3689 parte
3120 3619 3516 3690 subsequentis
3550 3621 3785 3691 majore,
3819 3637 3957 3692 qum

2255 3706 2507 3761 dimidia:
2538 3706 2798 3777 proxima
2825 3710 2928 3772 est,
2956 3707 3230 3778 jungens,
3265 3707 3536 3778 quoniam
3576 3709 3839 3780 quaterni
3870 3726 3960 3762 se-

2254 3797 2509 3873 mipedes
2538 3800 2690 3862 sunt,
2722 3795 3002 3850 octonarii
3039 3797 3267 3851 numeri
3315 3813 3600 3852 summam
3632 3798 3801 3854 facio.
3842 3799 3958 3854 Re-

2255 3888 2405 3938 stant
2435 3900 2570 3954 ergo
2592 3888 2839 3954 quatuor
2858 3884 3177 3956 semipedes
3200 3886 3269 3940 de
3291 3885 3498 3957 priore,
3523 3892 3638 3941 tres
3659 3887 3729 3942 de
3757 3891 3956 3958 poste-

2252 3973 2406 4027 riore
2445 3973 2730 4026 membro:
2761 3973 2882 4027 Duo
2912 3973 3066 4040 inde,
3099 3979 3155 4028 et
3193 3974 3306 4028 duo
3337 3974 3470 4028 hinc
3500 3975 3770 4046 copulati,
3801 3976 3959 4030 ﬁunt

2254 4066 2517 4132 quatuor.
2571 4061 2692 4115 Duo
2740 4076 2937 4116 rursus
2982 4062 3116 4117 inde
3154 4063 3386 4128 residui,
3419 4068 3477 4118 et
3506 4081 3654 4119 unus
3693 4063 3845 4128 hinc,
3881 4066 3956 4119 ad

2254 4151 2440 4220 legem
2457 4149 2610 4203 illius
2628 4149 3035 4205 convenientia:
3058 4151 3327 4222 copulati,
3349 4155 3493 4222 qua’
3508 4168 3687 4206 unum
3711 4152 3955 4223 reliquis

2254 4255 2356 4309 par
2385 4243 2490 4304 est,
2519 4237 2942 4309 quodammodo
2973 4245 3279 4294 sumuntur
3299 4256 3397 4310 pro
3425 4245 3690 4311 quatuor.
3719 4241 3802 4294 Ita
3827 4241 3952 4311 jam

2254 4325 2576 4380 octonarius
2623 4325 2907 4396 superiori
2951 4328 3240 4382 octonario
3279 4328 3557 4397 congruit.
3592 4329 3668 4382 D.
3701 4328 3809 4382 Sed
3850 4344 3957 4382 cur

2251 4416 2422 4486 hujus
2450 4416 2776 4486 exemplum
2826 4432 2942 4470 non
2979 4416 3187 4470 audio?
3216 4418 3291 4471 M.
3329 4414 3470 4478 Quia
3501 4432 3650 4485 saepe
3683 4432 3953 4470 comme-

2251 4510 2538 4558 moratum
2577 4509 2662 4558 est
2695 4520 2708 4557 :
2743 4509 2935 4558 tamen
2966 4521 3036 4557 ne
3072 4519 3173 4556 suo
3205 4504 3327 4557 loco
3357 4503 3808 4572 praetermissum
3843 4522 3954 4575 pu-

2250 4597 2353 4659 tes,
2396 4594 2586 4663 ipsum
2633 4596 2737 4658 est,
2783 4595 2970 4661 Roma,
3014 4594 3197 4658 Roma,
3245 4606 3395 4645 cerne
3424 4595 3632 4658 quanta
3663 4593 3738 4644 sit
3789 4593 3955 4648 deum

2253 4682 2585 4751 benignitas;
2617 4681 2704 4734 vel
2730 4681 2838 4736 hoc
2868 4680 3061 4746 etiam,
3094 4680 3339 4748 Optimus
3371 4679 3552 4732 beatus
3578 4679 3672 4732 ille
3701 4683 3802 4750 qui
3823 4699 3957 4752 pro-

2251 4773 2336 4824 cul
2370 4773 2598 4839 negotio.

2325 4856 2408 4907 19.
2437 4853 2619 4916 Quare
2643 4852 2761 4922 jam
2791 4849 3003 4919 inspice
3029 4863 3235 4901 novem
3262 4854 3318 4903 et
3340 4851 3558 4918 septem
3587 4848 3953 4920 semipedum

2250 4940 2684 5005 connexionem,
2709 4939 2868 5009 cujus
2885 4936 3212 5006 exemplum
3234 4942 3351 4993 est:
3383 4939 3481 4993 Vir
3501 4940 3731 5007 optimus
3761 4939 3952 4996 beatus

2249 5031 2340 5084 ille
2369 5031 2464 5098 qui
2492 5028 2680 5097 procul
2705 5028 2931 5092 negotio.
2959 5026 3029 5079 D.
3063 5025 3261 5079 Facilis
3290 5032 3374 5081 est
3402 5027 3633 5097 cognitu
3671 5025 3782 5081 ista
3805 5043 3949 5082 con-

2249 5117 2511 5188 gruentia
2535 5133 2546 5169 :
2569 5114 2829 5185 superius
2850 5112 3002 5168 enim
3025 5115 3350 5169 membrum
3367 5115 3426 5168 in
3448 5118 3761 5186 quatuoret
3779 5117 3950 5186 quin-

2247 5220 2378 5274 que,
2412 5201 2695 5274 posterius
2720 5202 2778 5255 in
2809 5206 2920 5255 tres
2944 5208 3000 5256 et
3020 5207 3266 5274 quatuor
3294 5203 3609 5274 semipedes
3639 5201 3942 5259 dividitur.

2313 5315 2416 5383 1_ln
2448 5315 2524 5372 B.,
2543 5315 2736 5383 Δζζριηιι,
2768 5315 2946 5383 Roma,
2962 5327 3117 5383 cerne
3135 5320 3338 5378 quanla
3355 5315 3587 5383 sitdeum
3609 5315 3908 5383 benignitas
3931 5332 3944 5365 :

2246 5376 2386 5440 mala
2418 5375 2724 5438 repetitione
2763 5377 2933 5440 vocis,
2977 5375 3161 5435 Roma,
3201 5391 3322 5426 nam
3353 5379 3512 5440 priori
3544 5375 3779 5426 membro
3824 5384 3942 5427 octo

2247 5439 2538 5502 semipedes
2581 5438 2838 5502 concedit,
2873 5443 3082 5502 septem,
3108 5453 3232 5488 vero
3263 5438 3538 5502 posteriori
3579 5454 3590 5488 :
3631 5441 3771 5502 quod
3793 5454 3943 5502 repu-

2247 5499 2831 5570 gnAatA'explicationLab
2869 5499 3160 5570 Augustino
3207 5499 3365 5564 paulo
3398 5508 3518 5566 post
3558 5499 3828 5565 subjecta).
3852 5499 3939 5552 Μ.

2311 5563 2332 5598 ²
2353 5561 2507 5623 Quid,
2533 5561 2686 5624 juxta
2714 5561 2879 5612 Vatic.
2956 5561 3045 5612 'M.
