  <div class='ocr_page' id='page_1' title='image "/cluster/home/n/w/nwhite01/storage/ocr_20150623/32/umn.31951002477326y/590.png"; bbox 0 0 4064 6378; ppageno 0'>
   <div class='ocr_carea' id='block_1_1' title="bbox 107 298 228 350">
    <p class='ocr_par' dir='ltr' id='par_1_1' title="bbox 107 298 228 350">
     <span class='ocr_line' id='line_1_1' title="bbox 107 298 228 350; baseline 0 -1"><span class='ocrx_word' id='word_1_1' title='bbox 107 298 228 350; x_wconf 79' lang='lat' dir='ltr'><strong>H57</strong></span> 
     </span>
    </p>
   </div>
   <div class='ocr_carea' id='block_1_2' title="bbox 99 410 1779 487">
    <p class='ocr_par' dir='ltr' id='par_1_2' title="bbox 99 410 1779 487">
     <span class='ocr_line' id='line_1_2' title="bbox 99 410 1779 487; baseline -0.003 -16"><span class='ocrx_word' id='word_1_2' title='bbox 99 420 225 471; x_wconf 82' lang='lat' dir='ltr'><strong>Pars</strong></span> <span class='ocrx_word' id='word_1_3' title='bbox 237 431 369 487; x_wconf 89' lang='lat' dir='ltr'><strong>ergo</strong></span> <span class='ocrx_word' id='word_1_4' title='bbox 383 415 692 487; x_wconf 84' lang='lat' dir='ltr'><strong>superioris</strong></span> <span class='ocrx_word' id='word_1_5' title='bbox 704 415 895 468; x_wconf 90' lang='lat' dir='ltr'><strong>minor</strong></span> <span class='ocrx_word' id='word_1_6' title='bbox 906 429 1036 468; x_wconf 90' lang='lat' dir='ltr'><strong>cum</strong></span> <span class='ocrx_word' id='word_1_7' title='bbox 1048 416 1209 484; x_wconf 90' lang='lat' dir='ltr'><strong>parte</strong></span> <span class='ocrx_word' id='word_1_8' title='bbox 1221 410 1779 484; x_wconf 75' lang='lat' dir='ltr'><strong>posteriorismajore</strong></span> 
     </span>
    </p>
   </div>
   <div class='ocr_carea' id='block_1_3' title="bbox 98 501 1780 576">
    <p class='ocr_par' dir='ltr' id='par_1_3' title="bbox 98 501 1780 576">
     <span class='ocr_line' id='line_1_3' title="bbox 98 501 1780 576; baseline -0.004 -17"><span class='ocrx_word' id='word_1_9' title='bbox 98 506 403 576; x_wconf 78' lang='lat' dir='ltr'><strong>conjuncta,</strong></span> <span class='ocrx_word' id='word_1_10' title='bbox 427 505 785 559; x_wconf 81' lang='lat' dir='ltr'><strong>octonarium</strong></span> <span class='ocrx_word' id='word_1_11' title='bbox 805 518 1112 557; x_wconf 84' lang='lat' dir='ltr'><strong>numerum</strong></span> <span class='ocrx_word' id='word_1_12' title='bbox 1133 501 1298 555; x_wconf 85' lang='lat' dir='ltr'><strong>facit:</strong></span> <span class='ocrx_word' id='word_1_13' title='bbox 1331 505 1388 555; x_wconf 91' lang='lat' dir='ltr'><strong>et</strong></span> <span class='ocrx_word' id='word_1_14' title='bbox 1411 502 1596 572; x_wconf 80' lang='lat' dir='ltr'><strong>major</strong></span> <span class='ocrx_word' id='word_1_15' title='bbox 1615 516 1780 570; x_wconf 89' lang='lat' dir='ltr'><strong>supe-</strong></span> 
     </span>
    </p>
   </div>
   <div class='ocr_carea' id='block_1_4' title="bbox 98 590 1780 663">
    <p class='ocr_par' dir='ltr' id='par_1_4' title="bbox 98 590 1780 663">
     <span class='ocr_line' id='line_1_4' title="bbox 98 590 1780 663; baseline -0.002 -16"><span class='ocrx_word' id='word_1_16' title='bbox 98 594 254 648; x_wconf 90' lang='lat' dir='ltr'><strong>rioris</strong></span> <span class='ocrx_word' id='word_1_17' title='bbox 273 610 401 648; x_wconf 91' lang='lat' dir='ltr'><strong>cum</strong></span> <span class='ocrx_word' id='word_1_18' title='bbox 425 594 647 648; x_wconf 92' lang='lat' dir='ltr'><strong>minore</strong></span> <span class='ocrx_word' id='word_1_19' title='bbox 673 590 1027 663; x_wconf 78' lang='lat' dir='ltr'><strong>posterioris,</strong></span> <span class='ocrx_word' id='word_1_20' title='bbox 1058 591 1196 644; x_wconf 87' lang='lat' dir='ltr'><strong>item</strong></span> <span class='ocrx_word' id='word_1_21' title='bbox 1228 590 1613 657; x_wconf 80' lang='lat' dir='ltr'><strong>octonarium;</strong></span> <span class='ocrx_word' id='word_1_22' title='bbox 1645 605 1780 643; x_wconf 89' lang='lat' dir='ltr'><strong>nam</strong></span> 
     </span>
    </p>
   </div>
   <div class='ocr_carea' id='block_1_5' title="bbox 96 679 1780 753">
    <p class='ocr_par' dir='ltr' id='par_1_5' title="bbox 96 679 1780 753">
     <span class='ocr_line' id='line_1_5' title="bbox 96 679 1780 753; baseline -0.003 -17"><span class='ocrx_word' id='word_1_23' title='bbox 96 684 187 737; x_wconf 90' lang='lat' dir='ltr'><strong>illa</strong></span> <span class='ocrx_word' id='word_1_24' title='bbox 231 684 548 753; x_wconf 90' lang='lat' dir='ltr'><strong>conjunctio</strong></span> <span class='ocrx_word' id='word_1_25' title='bbox 592 686 677 737; x_wconf 89' lang='lat' dir='ltr'><strong>est</strong></span> <span class='ocrx_word' id='word_1_26' title='bbox 708 685 957 752; x_wconf 86' lang='lat' dir='ltr'><strong>quatuor</strong></span> <span class='ocrx_word' id='word_1_27' title='bbox 995 685 1051 734; x_wconf 92' lang='lat' dir='ltr'><strong>et</strong></span> <span class='ocrx_word' id='word_1_28' title='bbox 1087 683 1356 750; x_wconf 83' lang='lat' dir='ltr'><strong>quatuor,</strong></span> <span class='ocrx_word' id='word_1_29' title='bbox 1390 679 1494 733; x_wconf 90' lang='lat' dir='ltr'><strong>ista</strong></span> <span class='ocrx_word' id='word_1_30' title='bbox 1525 679 1780 750; x_wconf 90' lang='lat' dir='ltr'><strong>quinque</strong></span> 
     </span>
    </p>
   </div>
   <div class='ocr_carea' id='block_1_6' title="bbox 94 767 1778 841">
    <p class='ocr_par' dir='ltr' id='par_1_6' title="bbox 94 767 1778 841">
     <span class='ocr_line' id='line_1_6' title="bbox 94 767 1778 841; baseline -0.003 -17"><span class='ocrx_word' id='word_1_31' title='bbox 94 777 147 824; x_wconf 89' lang='lat' dir='ltr'><strong>et</strong></span> <span class='ocrx_word' id='word_1_32' title='bbox 173 775 279 825; x_wconf 88' lang='lat' dir='ltr'><strong>tres</strong></span> <span class='ocrx_word' id='word_1_33' title='bbox 304 770 644 841; x_wconf 86' lang='lat' dir='ltr'><strong>semipedes.</strong></span> <span class='ocrx_word' id='word_1_34' title='bbox 678 771 795 824; x_wconf 87' lang='lat' dir='ltr'><strong>Huc</strong></span> <span class='ocrx_word' id='word_1_35' title='bbox 826 768 1057 835; x_wconf 86' lang='lat' dir='ltr'><strong>accedit,</strong></span> <span class='ocrx_word' id='word_1_36' title='bbox 1092 768 1247 838; x_wconf 90' lang='lat' dir='ltr'><strong>quod</strong></span> <span class='ocrx_word' id='word_1_37' title='bbox 1280 767 1534 838; x_wconf 91' lang='lat' dir='ltr'><strong>quinque</strong></span> <span class='ocrx_word' id='word_1_38' title='bbox 1574 767 1635 820; x_wconf 91' lang='lat' dir='ltr'><strong>in</strong></span> <span class='ocrx_word' id='word_1_39' title='bbox 1665 767 1778 820; x_wconf 92' lang='lat' dir='ltr'><strong>duo</strong></span> 
     </span>
    </p>
   </div>
   <div class='ocr_carea' id='block_1_7' title="bbox 98 854 1782 929">
    <p class='ocr_par' dir='ltr' id='par_1_7' title="bbox 98 854 1782 929">
     <span class='ocr_line' id='line_1_7' title="bbox 98 854 1782 929; baseline -0.002 -18"><span class='ocrx_word' id='word_1_40' title='bbox 98 863 148 912; x_wconf 87' lang='lat' dir='ltr'><strong>et</strong></span> <span class='ocrx_word' id='word_1_41' title='bbox 170 864 277 914; x_wconf 91' lang='lat' dir='ltr'><strong>tres</strong></span> <span class='ocrx_word' id='word_1_42' title='bbox 307 859 642 929; x_wconf 86' lang='lat' dir='ltr'><strong>semipedes,</strong></span> <span class='ocrx_word' id='word_1_43' title='bbox 674 863 788 912; x_wconf 90' lang='lat' dir='ltr'><strong>tres</strong></span> <span class='ocrx_word' id='word_1_44' title='bbox 820 863 1013 911; x_wconf 88' lang='lat' dir='ltr'><strong>autem</strong></span> <span class='ocrx_word' id='word_1_45' title='bbox 1043 856 1104 909; x_wconf 91' lang='lat' dir='ltr'><strong>in</strong></span> <span class='ocrx_word' id='word_1_46' title='bbox 1135 857 1248 910; x_wconf 92' lang='lat' dir='ltr'><strong>duo</strong></span> <span class='ocrx_word' id='word_1_47' title='bbox 1275 861 1333 910; x_wconf 91' lang='lat' dir='ltr'><strong>et</strong></span> <span class='ocrx_word' id='word_1_48' title='bbox 1361 872 1543 910; x_wconf 90' lang='lat' dir='ltr'><strong>unum</strong></span> <span class='ocrx_word' id='word_1_49' title='bbox 1567 855 1613 908; x_wconf 90' lang='lat' dir='ltr'><strong>si</strong></span> <span class='ocrx_word' id='word_1_50' title='bbox 1643 854 1782 909; x_wconf 90' lang='lat' dir='ltr'><strong>divi-</strong></span> 
     </span>
    </p>
   </div>
   <div class='ocr_carea' id='block_1_8' title="bbox 96 943 1776 1019">
    <p class='ocr_par' dir='ltr' id='par_1_8' title="bbox 96 943 1776 1019">
     <span class='ocr_line' id='line_1_8' title="bbox 96 943 1776 1019; baseline -0.002 -19"><span class='ocrx_word' id='word_1_51' title='bbox 96 948 225 1000; x_wconf 87' lang='lat' dir='ltr'><strong>seris</strong></span> <span class='ocrx_word' id='word_1_52' title='bbox 251 952 486 1019; x_wconf 88' lang='lat' dir='ltr'><strong>apparet</strong></span> <span class='ocrx_word' id='word_1_53' title='bbox 521 946 634 1001; x_wconf 87' lang='lat' dir='ltr'><strong>alia</strong></span> <span class='ocrx_word' id='word_1_54' title='bbox 671 945 1063 1000; x_wconf 89' lang='lat' dir='ltr'><strong>convenientia</strong></span> <span class='ocrx_word' id='word_1_55' title='bbox 1093 944 1341 998; x_wconf 91' lang='lat' dir='ltr'><strong>duorum</strong></span> <span class='ocrx_word' id='word_1_56' title='bbox 1369 960 1497 998; x_wconf 90' lang='lat' dir='ltr'><strong>cum</strong></span> <span class='ocrx_word' id='word_1_57' title='bbox 1537 943 1776 1010; x_wconf 90' lang='lat' dir='ltr'><strong>duobus,</strong></span> 
     </span>
    </p>
   </div>
   <div class='ocr_carea' id='block_1_9' title="bbox 99 1030 1780 1105">
    <p class='ocr_par' dir='ltr' id='par_1_9' title="bbox 99 1030 1780 1105">
     <span class='ocr_line' id='line_1_9' title="bbox 99 1030 1780 1105; baseline -0.002 -16"><span class='ocrx_word' id='word_1_58' title='bbox 99 1040 151 1090; x_wconf 92' lang='lat' dir='ltr'><strong>et</strong></span> <span class='ocrx_word' id='word_1_59' title='bbox 170 1037 330 1090; x_wconf 91' lang='lat' dir='ltr'><strong>unius</strong></span> <span class='ocrx_word' id='word_1_60' title='bbox 353 1053 482 1090; x_wconf 90' lang='lat' dir='ltr'><strong>cum</strong></span> <span class='ocrx_word' id='word_1_61' title='bbox 501 1035 703 1104; x_wconf 86' lang='lat' dir='ltr'><strong>tribus,</strong></span> <span class='ocrx_word' id='word_1_62' title='bbox 727 1034 863 1105; x_wconf 87' lang='lat' dir='ltr'><strong>quia</strong></span> <span class='ocrx_word' id='word_1_63' title='bbox 892 1049 1068 1087; x_wconf 91' lang='lat' dir='ltr'><strong>unum</strong></span> <span class='ocrx_word' id='word_1_64' title='bbox 1087 1049 1217 1086; x_wconf 91' lang='lat' dir='ltr'><strong>cum</strong></span> <span class='ocrx_word' id='word_1_65' title='bbox 1238 1033 1505 1086; x_wconf 89' lang='lat' dir='ltr'><strong>omnibus</strong></span> <span class='ocrx_word' id='word_1_66' title='bbox 1525 1030 1780 1085; x_wconf 89' lang='lat' dir='ltr'><strong>numeris</strong></span> 
     </span>
    </p>
   </div>
   <div class='ocr_carea' id='block_1_10' title="bbox 97 1120 1779 1195">
    <p class='ocr_par' dir='ltr' id='par_1_10' title="bbox 97 1120 1779 1195">
     <span class='ocr_line' id='line_1_10' title="bbox 97 1120 1779 1195; baseline -0.002 -19"><span class='ocrx_word' id='word_1_67' title='bbox 97 1123 345 1195; x_wconf 87' lang='lat' dir='ltr'><strong>superius</strong></span> <span class='ocrx_word' id='word_1_68' title='bbox 373 1129 822 1178; x_wconf 90' lang='lat' dir='ltr'><strong>commemorata</strong></span> <span class='ocrx_word' id='word_1_69' title='bbox 862 1123 985 1192; x_wconf 88' lang='lat' dir='ltr'><strong>lege</strong></span> <span class='ocrx_word' id='word_1_70' title='bbox 1032 1121 1338 1176; x_wconf 87' lang='lat' dir='ltr'><strong>confertur.</strong></span> <span class='ocrx_word' id='word_1_71' title='bbox 1373 1121 1484 1176; x_wconf 89' lang='lat' dir='ltr'><strong>Sed</strong></span> <span class='ocrx_word' id='word_1_72' title='bbox 1533 1120 1642 1173; x_wconf 92' lang='lat' dir='ltr'><strong>nisi</strong></span> <span class='ocrx_word' id='word_1_73' title='bbox 1689 1136 1779 1173; x_wconf 91' lang='lat' dir='ltr'><strong>me</strong></span> 
     </span>
    </p>
   </div>
   <div class='ocr_carea' id='block_1_11' title="bbox 97 1209 1780 1280">
    <p class='ocr_par' dir='ltr' id='par_1_11' title="bbox 97 1209 1780 1280">
     <span class='ocr_line' id='line_1_11' title="bbox 97 1209 1780 1280; baseline -0.004 -13"><span class='ocrx_word' id='word_1_74' title='bbox 97 1213 234 1267; x_wconf 84' lang='lat' dir='ltr'><strong>ratio</strong></span> <span class='ocrx_word' id='word_1_75' title='bbox 262 1212 423 1277; x_wconf 88' lang='lat' dir='ltr'><strong>fallit,</strong></span> <span class='ocrx_word' id='word_1_76' title='bbox 451 1212 596 1266; x_wconf 85' lang='lat' dir='ltr'><strong>nihil</strong></span> <span class='ocrx_word' id='word_1_77' title='bbox 627 1215 801 1266; x_wconf 86' lang='lat' dir='ltr'><strong>restat</strong></span> <span class='ocrx_word' id='word_1_78' title='bbox 839 1211 1078 1265; x_wconf 88' lang='lat' dir='ltr'><strong>ulterius</strong></span> <span class='ocrx_word' id='word_1_79' title='bbox 1108 1211 1261 1280; x_wconf 91' lang='lat' dir='ltr'><strong>quod</strong></span> <span class='ocrx_word' id='word_1_80' title='bbox 1290 1210 1358 1264; x_wconf 91' lang='lat' dir='ltr'><strong>de</strong></span> <span class='ocrx_word' id='word_1_81' title='bbox 1389 1209 1780 1263; x_wconf 88' lang='lat' dir='ltr'><strong>membrorum</strong></span> 
     </span>
    </p>
   </div>
   <div class='ocr_carea' id='block_1_12' title="bbox 97 1297 1778 1371">
    <p class='ocr_par' dir='ltr' id='par_1_12' title="bbox 97 1297 1778 1371">
     <span class='ocr_line' id='line_1_12' title="bbox 97 1297 1778 1371; baseline -0.003 -17"><span class='ocrx_word' id='word_1_82' title='bbox 97 1300 448 1370; x_wconf 86' lang='lat' dir='ltr'><strong>copulatione</strong></span> <span class='ocrx_word' id='word_1_83' title='bbox 485 1299 881 1371; x_wconf 89' lang='lat' dir='ltr'><strong>requiramus:</strong></span> <span class='ocrx_word' id='word_1_84' title='bbox 923 1298 1046 1369; x_wconf 88' lang='lat' dir='ltr'><strong>jam</strong></span> <span class='ocrx_word' id='word_1_85' title='bbox 1094 1298 1248 1352; x_wconf 91' lang='lat' dir='ltr'><strong>enim</strong></span> <span class='ocrx_word' id='word_1_86' title='bbox 1279 1297 1348 1351; x_wconf 89' lang='lat' dir='ltr'><strong>ad</strong></span> <span class='ocrx_word' id='word_1_87' title='bbox 1387 1303 1511 1351; x_wconf 91' lang='lat' dir='ltr'><strong>octo</strong></span> <span class='ocrx_word' id='word_1_88' title='bbox 1542 1312 1778 1367; x_wconf 86' lang='lat' dir='ltr'><strong>perven-</strong></span> 
     </span>
    </p>
   </div>
   <div class='ocr_carea' id='block_1_13' title="bbox 97 1385 1780 1459">
    <p class='ocr_par' dir='ltr' id='par_1_13' title="bbox 97 1385 1780 1459">
     <span class='ocr_line' id='line_1_13' title="bbox 97 1385 1780 1459; baseline -0.004 -16"><span class='ocrx_word' id='word_1_89' title='bbox 97 1394 213 1443; x_wconf 85' lang='lat' dir='ltr'><strong>tum</strong></span> <span class='ocrx_word' id='word_1_90' title='bbox 243 1393 324 1442; x_wconf 88' lang='lat' dir='ltr'><strong>est</strong></span> <span class='ocrx_word' id='word_1_91' title='bbox 347 1388 538 1458; x_wconf 88' lang='lat' dir='ltr'><strong>pedes,</strong></span> <span class='ocrx_word' id='word_1_92' title='bbox 576 1404 747 1459; x_wconf 90' lang='lat' dir='ltr'><strong>quem</strong></span> <span class='ocrx_word' id='word_1_93' title='bbox 777 1402 1082 1440; x_wconf 91' lang='lat' dir='ltr'><strong>numerum</strong></span> <span class='ocrx_word' id='word_1_94' title='bbox 1112 1386 1320 1453; x_wconf 86' lang='lat' dir='ltr'><strong>versui,</strong></span> <span class='ocrx_word' id='word_1_95' title='bbox 1350 1386 1496 1440; x_wconf 89' lang='lat' dir='ltr'><strong>sicut</strong></span> <span class='ocrx_word' id='word_1_96' title='bbox 1521 1385 1656 1438; x_wconf 86' lang='lat' dir='ltr'><strong>satis</strong></span> <span class='ocrx_word' id='word_1_97' title='bbox 1686 1401 1780 1436; x_wconf 93' lang='lat' dir='ltr'><strong>co-</strong></span> 
     </span>
    </p>
   </div>
   <div class='ocr_carea' id='block_1_14' title="bbox 97 1472 1782 1550">
    <p class='ocr_par' dir='ltr' id='par_1_14' title="bbox 97 1472 1782 1550">
     <span class='ocr_line' id='line_1_14' title="bbox 97 1472 1782 1550; baseline -0.003 -20"><span class='ocrx_word' id='word_1_98' title='bbox 97 1477 409 1550; x_wconf 85' lang='lat' dir='ltr'><strong>gnovimus,</strong></span> <span class='ocrx_word' id='word_1_99' title='bbox 437 1493 556 1531; x_wconf 92' lang='lat' dir='ltr'><strong>non</strong></span> <span class='ocrx_word' id='word_1_100' title='bbox 593 1476 674 1530; x_wconf 86' lang='lat' dir='ltr'><strong>fas</strong></span> <span class='ocrx_word' id='word_1_101' title='bbox 712 1481 797 1530; x_wconf 89' lang='lat' dir='ltr'><strong>est</strong></span> <span class='ocrx_word' id='word_1_102' title='bbox 835 1475 1125 1529; x_wconf 86' lang='lat' dir='ltr'><strong>excedere.</strong></span> <span class='ocrx_word' id='word_1_103' title='bbox 1157 1475 1341 1539; x_wconf 87' lang='lat' dir='ltr'><strong>Quare</strong></span> <span class='ocrx_word' id='word_1_104' title='bbox 1373 1478 1493 1545; x_wconf 88' lang='lat' dir='ltr'><strong>jam</strong></span> <span class='ocrx_word' id='word_1_105' title='bbox 1525 1490 1650 1543; x_wconf 90' lang='lat' dir='ltr'><strong>age,</strong></span> <span class='ocrx_word' id='word_1_106' title='bbox 1682 1472 1782 1526; x_wconf 90' lang='lat' dir='ltr'><strong>illa</strong></span> 
     </span>
    </p>
   </div>
   <div class='ocr_carea' id='block_1_15' title="bbox 98 1560 1776 1627">
    <p class='ocr_par' dir='ltr' id='par_1_15' title="bbox 98 1560 1776 1627">
     <span class='ocr_line' id='line_1_15' title="bbox 98 1560 1776 1627; baseline -0.005 -6"><span class='ocrx_word' id='word_1_107' title='bbox 98 1565 447 1621; x_wconf 87' lang='lat' dir='ltr'><strong>senariorum</strong></span> <span class='ocrx_word' id='word_1_108' title='bbox 477 1581 746 1620; x_wconf 86' lang='lat' dir='ltr'><strong>versuum</strong></span> <span class='ocrx_word' id='word_1_109' title='bbox 780 1563 992 1618; x_wconf 83' lang='lat' dir='ltr'><strong>heroici</strong></span> <span class='ocrx_word' id='word_1_110' title='bbox 1024 1567 1081 1618; x_wconf 92' lang='lat' dir='ltr'><strong>et</strong></span> <span class='ocrx_word' id='word_1_111' title='bbox 1109 1562 1340 1618; x_wconf 90' lang='lat' dir='ltr'><strong>iambici</strong></span> <span class='ocrx_word' id='word_1_112' title='bbox 1368 1564 1456 1617; x_wconf 86' lang='lat' dir='ltr'><strong>vel</strong></span> <span class='ocrx_word' id='word_1_113' title='bbox 1483 1560 1776 1627; x_wconf 88' lang='lat' dir='ltr'><strong>trochaici,</strong></span> 
     </span>
    </p>
   </div>
   <div class='ocr_carea' id='block_1_16' title="bbox 99 1650 1780 1727">
    <p class='ocr_par' dir='ltr' id='par_1_16' title="bbox 99 1650 1780 1727">
     <span class='ocr_line' id='line_1_16' title="bbox 99 1650 1780 1727; baseline -0.004 -18"><span class='ocrx_word' id='word_1_114' title='bbox 99 1672 204 1727; x_wconf 93' lang='lat' dir='ltr'><strong>quo</strong></span> <span class='ocrx_word' id='word_1_115' title='bbox 235 1655 611 1709; x_wconf 85' lang='lat' dir='ltr'><strong>intentionem</strong></span> <span class='ocrx_word' id='word_1_116' title='bbox 631 1670 820 1708; x_wconf 89' lang='lat' dir='ltr'><strong>meam</strong></span> <span class='ocrx_word' id='word_1_117' title='bbox 846 1658 903 1707; x_wconf 91' lang='lat' dir='ltr'><strong>et</strong></span> <span class='ocrx_word' id='word_1_118' title='bbox 923 1652 1180 1707; x_wconf 86' lang='lat' dir='ltr'><strong>excitasti</strong></span> <span class='ocrx_word' id='word_1_119' title='bbox 1201 1657 1258 1706; x_wconf 91' lang='lat' dir='ltr'><strong>et</strong></span> <span class='ocrx_word' id='word_1_120' title='bbox 1280 1650 1572 1718; x_wconf 88' lang='lat' dir='ltr'><strong>distulisti,</strong></span> <span class='ocrx_word' id='word_1_121' title='bbox 1595 1650 1780 1721; x_wconf 89' lang='lat' dir='ltr'><strong>pande</strong></span> 
     </span>
    </p>
   </div>
   <div class='ocr_carea' id='block_1_17' title="bbox 99 1748 321 1798">
    <p class='ocr_par' dir='ltr' id='par_1_17' title="bbox 99 1748 321 1798">
     <span class='ocr_line' id='line_1_17' title="bbox 99 1748 321 1798; baseline 0 -1"><span class='ocrx_word' id='word_1_122' title='bbox 99 1748 321 1798; x_wconf 90' lang='lat' dir='ltr'><strong>secreta.</strong></span> 
     </span>
    </p>
   </div>
   <div class='ocr_carea' id='block_1_18' title="bbox 97 1827 1778 1887">
    <p class='ocr_par' dir='ltr' id='par_1_18' title="bbox 97 1827 1778 1887">
     <span class='ocr_line' id='line_1_18' title="bbox 97 1827 1778 1887; baseline -0.005 0"><span class='ocrx_word' id='word_1_123' title='bbox 97 1833 314 1887; x_wconf 77' lang='lat' dir='ltr'><strong>CAPUT</strong></span> <span class='ocrx_word' id='word_1_124' title='bbox 367 1833 428 1886; x_wconf 84' lang='lat' dir='ltr'><strong>X.</strong></span> <span class='ocrx_word' id='word_1_125' title='bbox 497 1859 563 1871; x_wconf 93' lang='lat'><strong>—</strong></span> <span class='ocrx_word' id='word_1_126' title='bbox 604 1831 689 1884; x_wconf 89' lang='lat' dir='ltr'><strong>De</strong></span> <span class='ocrx_word' id='word_1_127' title='bbox 733 1831 1072 1884; x_wconf 86' lang='lat' dir='ltr'><strong>senariorum</strong></span> <span class='ocrx_word' id='word_1_128' title='bbox 1125 1843 1377 1883; x_wconf 81' lang='lat' dir='ltr'><strong>versuum</strong></span> <span class='ocrx_word' id='word_1_129' title='bbox 1425 1827 1778 1881; x_wconf 67' lang='lat' dir='ltr'><strong>excellentia:</strong></span> 
     </span>
    </p>
   </div>
   <div class='ocr_carea' id='block_1_19' title="bbox 163 1915 1783 1987">
    <p class='ocr_par' dir='ltr' id='par_1_19' title="bbox 163 1915 1783 1987">
     <span class='ocr_line' id='line_1_19' title="bbox 163 1915 1783 1987; baseline -0.004 -12"><span class='ocrx_word' id='word_1_130' title='bbox 163 1937 243 1975; x_wconf 86' lang='lat' dir='ltr'><strong>eos</strong></span> <span class='ocrx_word' id='word_1_131' title='bbox 274 1921 668 1974; x_wconf 81' lang='lat' dir='ltr'><strong>decentissimos</strong></span> <span class='ocrx_word' id='word_1_132' title='bbox 715 1934 822 1973; x_wconf 78' lang='lat' dir='ltr'><strong>non</strong></span> <span class='ocrx_word' id='word_1_133' title='bbox 849 1933 980 1987; x_wconf 87' lang='lat' dir='ltr'><strong>esse,</strong></span> <span class='ocrx_word' id='word_1_134' title='bbox 1020 1919 1133 1972; x_wconf 86' lang='lat' dir='ltr'><strong>nisi</strong></span> <span class='ocrx_word' id='word_1_135' title='bbox 1181 1918 1265 1971; x_wconf 81' lang='lat' dir='ltr'><strong>vel</strong></span> <span class='ocrx_word' id='word_1_136' title='bbox 1310 1917 1510 1971; x_wconf 86' lang='lat' dir='ltr'><strong>heroici</strong></span> <span class='ocrx_word' id='word_1_137' title='bbox 1551 1917 1661 1970; x_wconf 84' lang='lat' dir='ltr'><strong>sint</strong></span> <span class='ocrx_word' id='word_1_138' title='bbox 1690 1915 1783 1984; x_wconf 55' lang='lat' dir='ltr'><strong>uel</strong></span> 
     </span>
    </p>
   </div>
   <div class='ocr_carea' id='block_1_20' title="bbox 163 2010 403 2064">
    <p class='ocr_par' dir='ltr' id='par_1_20' title="bbox 163 2010 403 2064">
     <span class='ocr_line' id='line_1_20' title="bbox 163 2010 403 2064; baseline 0 -1"><span class='ocrx_word' id='word_1_139' title='bbox 163 2010 403 2064; x_wconf 83' lang='lat' dir='ltr'><strong>iambici.</strong></span> 
     </span>
    </p>
   </div>
   <div class='ocr_carea' id='block_1_21' title="bbox 163 2089 1783 2164">
    <p class='ocr_par' dir='ltr' id='par_1_21' title="bbox 163 2089 1783 2164">
     <span class='ocr_line' id='line_1_21' title="bbox 163 2089 1783 2164; baseline -0.004 -13"><span class='ocrx_word' id='word_1_140' title='bbox 163 2099 248 2151; x_wconf 89' lang='lat'><strong>20.</strong></span> <span class='ocrx_word' id='word_1_141' title='bbox 289 2097 364 2150; x_wconf 87' lang='grc' dir='ltr'><strong>Μ.</strong></span> <span class='ocrx_word' id='word_1_142' title='bbox 398 2094 644 2163; x_wconf 87' lang='lat' dir='ltr'><strong>Faciam,</strong></span> <span class='ocrx_word' id='word_1_143' title='bbox 686 2092 804 2147; x_wconf 93' lang='lat' dir='ltr'><strong>imo</strong></span> <span class='ocrx_word' id='word_1_144' title='bbox 853 2093 1020 2148; x_wconf 87' lang='lat' dir='ltr'><strong>faciet</strong></span> <span class='ocrx_word' id='word_1_145' title='bbox 1067 2093 1190 2164; x_wconf 90' lang='lat' dir='ltr'><strong>ipsa</strong></span> <span class='ocrx_word' id='word_1_146' title='bbox 1245 2091 1410 2159; x_wconf 87' lang='lat' dir='ltr'><strong>ratio,</strong></span> <span class='ocrx_word' id='word_1_147' title='bbox 1460 2107 1590 2161; x_wconf 68' lang='lat' dir='ltr'><strong>qua:</strong></span> <span class='ocrx_word' id='word_1_148' title='bbox 1639 2089 1783 2145; x_wconf 91' lang='lat' dir='ltr'><strong>mihi</strong></span> 
     </span>
    </p>
   </div>
   <div class='ocr_carea' id='block_1_22' title="bbox 95 2179 1784 2255">
    <p class='ocr_par' dir='ltr' id='par_1_22' title="bbox 95 2179 1784 2255">
     <span class='ocr_line' id='line_1_22' title="bbox 95 2179 1784 2255; baseline -0.005 -16"><span class='ocrx_word' id='word_1_149' title='bbox 95 2183 309 2255; x_wconf 89' lang='lat' dir='ltr'><strong>tibique</strong></span> <span class='ocrx_word' id='word_1_150' title='bbox 337 2181 655 2236; x_wconf 85' lang='lat' dir='ltr'><strong>communis</strong></span> <span class='ocrx_word' id='word_1_151' title='bbox 677 2186 780 2236; x_wconf 91' lang='lat' dir='ltr'><strong>est.</strong></span> <span class='ocrx_word' id='word_1_152' title='bbox 812 2181 920 2235; x_wconf 91' lang='lat' dir='ltr'><strong>Sed</strong></span> <span class='ocrx_word' id='word_1_153' title='bbox 949 2179 1356 2247; x_wconf 87' lang='lat' dir='ltr'><strong>meministine,</strong></span> <span class='ocrx_word' id='word_1_154' title='bbox 1390 2195 1606 2250; x_wconf 71' lang='lat' dir='ltr'><strong>quaeso,</strong></span> <span class='ocrx_word' id='word_1_155' title='bbox 1652 2195 1784 2232; x_wconf 92' lang='lat' dir='ltr'><strong>cum</strong></span> 
     </span>
    </p>
   </div>
   <div class='ocr_carea' id='block_1_23' title="bbox 95 2266 1784 2343">
    <p class='ocr_par' dir='ltr' id='par_1_23' title="bbox 95 2266 1784 2343">
     <span class='ocr_line' id='line_1_23' title="bbox 95 2266 1784 2343; baseline -0.004 -16"><span class='ocrx_word' id='word_1_156' title='bbox 95 2287 390 2343; x_wconf 84' lang='lat' dir='ltr'><strong>ageremus</strong></span> <span class='ocrx_word' id='word_1_157' title='bbox 417 2269 486 2323; x_wconf 92' lang='lat' dir='ltr'><strong>de</strong></span> <span class='ocrx_word' id='word_1_158' title='bbox 521 2268 740 2334; x_wconf 88' lang='lat' dir='ltr'><strong>metris,</strong></span> <span class='ocrx_word' id='word_1_159' title='bbox 773 2267 978 2322; x_wconf 83' lang='lat' dir='ltr'><strong>dixisse</strong></span> <span class='ocrx_word' id='word_1_160' title='bbox 1008 2284 1113 2322; x_wconf 90' lang='lat' dir='ltr'><strong>nos</strong></span> <span class='ocrx_word' id='word_1_161' title='bbox 1144 2273 1202 2322; x_wconf 90' lang='lat' dir='ltr'><strong>et</strong></span> <span class='ocrx_word' id='word_1_162' title='bbox 1230 2267 1355 2338; x_wconf 92' lang='lat' dir='ltr'><strong>ipso</strong></span> <span class='ocrx_word' id='word_1_163' title='bbox 1386 2283 1556 2321; x_wconf 90' lang='lat' dir='ltr'><strong>sensu</strong></span> <span class='ocrx_word' id='word_1_164' title='bbox 1585 2266 1784 2320; x_wconf 90' lang='lat' dir='ltr'><strong>admo-</strong></span> 
     </span>
    </p>
   </div>
   <div class='ocr_carea' id='block_1_24' title="bbox 97 2355 1785 2431">
    <p class='ocr_par' dir='ltr' id='par_1_24' title="bbox 97 2355 1785 2431">
     <span class='ocr_line' id='line_1_24' title="bbox 97 2355 1785 2431; baseline -0.005 -15"><span class='ocrx_word' id='word_1_165' title='bbox 97 2361 231 2416; x_wconf 91' lang='lat' dir='ltr'><strong>dum</strong></span> <span class='ocrx_word' id='word_1_166' title='bbox 278 2359 566 2431; x_wconf 87' lang='lat' dir='ltr'><strong>probasse,</strong></span> <span class='ocrx_word' id='word_1_167' title='bbox 599 2357 727 2411; x_wconf 91' lang='lat' dir='ltr'><strong>illos</strong></span> <span class='ocrx_word' id='word_1_168' title='bbox 770 2356 944 2427; x_wconf 89' lang='lat' dir='ltr'><strong>pedes</strong></span> <span class='ocrx_word' id='word_1_169' title='bbox 974 2373 1218 2427; x_wconf 88' lang='lat' dir='ltr'><strong>quorum</strong></span> <span class='ocrx_word' id='word_1_170' title='bbox 1257 2361 1449 2426; x_wconf 91' lang='lat' dir='ltr'><strong>partes</strong></span> <span class='ocrx_word' id='word_1_171' title='bbox 1479 2355 1546 2409; x_wconf 90' lang='lat' dir='ltr'><strong>ad</strong></span> <span class='ocrx_word' id='word_1_172' title='bbox 1578 2370 1785 2425; x_wconf 90' lang='lat' dir='ltr'><strong>sesqua</strong></span> 
     </span>
    </p>
   </div>
   <div class='ocr_carea' id='block_1_25' title="bbox 95 2445 1785 2514">
    <p class='ocr_par' dir='ltr' id='par_1_25' title="bbox 95 2445 1785 2514">
     <span class='ocr_line' id='line_1_25' title="bbox 95 2445 1785 2514; baseline -0.003 -12"><span class='ocrx_word' id='word_1_173' title='bbox 95 2448 454 2514; x_wconf 90' lang='lat' dir='ltr'><strong>conveniunt,</strong></span> <span class='ocrx_word' id='word_1_174' title='bbox 486 2447 600 2500; x_wconf 85' lang='lat' dir='ltr'><strong>sive</strong></span> <span class='ocrx_word' id='word_1_175' title='bbox 644 2446 704 2499; x_wconf 90' lang='lat' dir='ltr'><strong>in</strong></span> <span class='ocrx_word' id='word_1_176' title='bbox 737 2445 957 2500; x_wconf 89' lang='lat' dir='ltr'><strong>duobus</strong></span> <span class='ocrx_word' id='word_1_177' title='bbox 992 2451 1046 2500; x_wconf 88' lang='lat' dir='ltr'><strong>et</strong></span> <span class='ocrx_word' id='word_1_178' title='bbox 1078 2445 1278 2512; x_wconf 90' lang='lat' dir='ltr'><strong>tribus,</strong></span> <span class='ocrx_word' id='word_1_179' title='bbox 1319 2449 1384 2500; x_wconf 92' lang='lat' dir='ltr'><strong>ut</strong></span> <span class='ocrx_word' id='word_1_180' title='bbox 1421 2449 1507 2499; x_wconf 90' lang='lat' dir='ltr'><strong>est</strong></span> <span class='ocrx_word' id='word_1_181' title='bbox 1546 2445 1785 2498; x_wconf 84' lang='lat' dir='ltr'><strong>creticus</strong></span> 
     </span>
    </p>
   </div>
   <div class='ocr_carea' id='block_1_26' title="bbox 93 2532 1784 2608">
    <p class='ocr_par' dir='ltr' id='par_1_26' title="bbox 93 2532 1784 2608">
     <span class='ocr_line' id='line_1_26' title="bbox 93 2532 1784 2608; baseline -0.004 -16"><span class='ocrx_word' id='word_1_182' title='bbox 93 2539 178 2592; x_wconf 86' lang='lat' dir='ltr'><strong>vel</strong></span> <span class='ocrx_word' id='word_1_183' title='bbox 199 2553 448 2608; x_wconf 65' lang='lat' dir='ltr'><strong>paeones,</strong></span> <span class='ocrx_word' id='word_1_184' title='bbox 472 2535 589 2589; x_wconf 85' lang='lat' dir='ltr'><strong>sive</strong></span> <span class='ocrx_word' id='word_1_185' title='bbox 613 2535 673 2588; x_wconf 91' lang='lat' dir='ltr'><strong>in</strong></span> <span class='ocrx_word' id='word_1_186' title='bbox 694 2533 876 2588; x_wconf 90' lang='lat' dir='ltr'><strong>tribus</strong></span> <span class='ocrx_word' id='word_1_187' title='bbox 896 2539 951 2587; x_wconf 91' lang='lat' dir='ltr'><strong>et</strong></span> <span class='ocrx_word' id='word_1_188' title='bbox 972 2538 1236 2605; x_wconf 87' lang='lat' dir='ltr'><strong>quatuor,</strong></span> <span class='ocrx_word' id='word_1_189' title='bbox 1260 2538 1322 2587; x_wconf 92' lang='lat' dir='ltr'><strong>ut</strong></span> <span class='ocrx_word' id='word_1_190' title='bbox 1343 2532 1580 2603; x_wconf 90' lang='lat' dir='ltr'><strong>epitriti,</strong></span> <span class='ocrx_word' id='word_1_191' title='bbox 1603 2533 1784 2586; x_wconf 85' lang='lat' dir='ltr'><strong>exclu-</strong></span> 
     </span>
    </p>
   </div>
   <div class='ocr_carea' id='block_1_27' title="bbox 95 2621 1786 2695">
    <p class='ocr_par' dir='ltr' id='par_1_27' title="bbox 95 2621 1786 2695">
     <span class='ocr_line' id='line_1_27' title="bbox 95 2621 1786 2695; baseline -0.004 -16"><span class='ocrx_word' id='word_1_192' title='bbox 95 2642 184 2679; x_wconf 87' lang='lat' dir='ltr'><strong>sos</strong></span> <span class='ocrx_word' id='word_1_193' title='bbox 204 2642 238 2678; x_wconf 91' lang='lat' dir='ltr'><strong>a</strong></span> <span class='ocrx_word' id='word_1_194' title='bbox 261 2623 447 2695; x_wconf 89' lang='lat' dir='ltr'><strong>poetis</strong></span> <span class='ocrx_word' id='word_1_195' title='bbox 468 2627 707 2694; x_wconf 90' lang='lat' dir='ltr'><strong>propter</strong></span> <span class='ocrx_word' id='word_1_196' title='bbox 735 2621 974 2676; x_wconf 90' lang='lat' dir='ltr'><strong>minoris</strong></span> <span class='ocrx_word' id='word_1_197' title='bbox 1005 2621 1314 2675; x_wconf 87' lang='lat' dir='ltr'><strong>venustatis</strong></span> <span class='ocrx_word' id='word_1_198' title='bbox 1335 2637 1562 2687; x_wconf 89' lang='lat' dir='ltr'><strong>sonum,</strong></span> <span class='ocrx_word' id='word_1_199' title='bbox 1587 2621 1786 2674; x_wconf 77' lang='lat' dir='ltr'><strong>solutae</strong></span> 
     </span>
    </p>
   </div>
   <div class='ocr_carea' id='block_1_28' title="bbox 96 2709 1787 2779">
    <p class='ocr_par' dir='ltr' id='par_1_28' title="bbox 96 2709 1787 2779">
     <span class='ocr_line' id='line_1_28' title="bbox 96 2709 1787 2779; baseline -0.002 -14"><span class='ocrx_word' id='word_1_200' title='bbox 96 2711 367 2766; x_wconf 89' lang='lat' dir='ltr'><strong>orationis</strong></span> <span class='ocrx_word' id='word_1_201' title='bbox 395 2711 752 2765; x_wconf 86' lang='lat' dir='ltr'><strong>severitatem</strong></span> <span class='ocrx_word' id='word_1_202' title='bbox 785 2710 1050 2764; x_wconf 88' lang='lat' dir='ltr'><strong>decorare</strong></span> <span class='ocrx_word' id='word_1_203' title='bbox 1081 2709 1510 2779; x_wconf 89' lang='lat' dir='ltr'><strong>congruentius,</strong></span> <span class='ocrx_word' id='word_1_204' title='bbox 1539 2725 1669 2762; x_wconf 92' lang='lat' dir='ltr'><strong>cum</strong></span> <span class='ocrx_word' id='word_1_205' title='bbox 1699 2709 1787 2762; x_wconf 89' lang='lat' dir='ltr'><strong>his</strong></span> 
     </span>
    </p>
   </div>
   <div class='ocr_carea' id='block_1_29' title="bbox 95 2797 1788 2870">
    <p class='ocr_par' dir='ltr' id='par_1_29' title="bbox 95 2797 1788 2870">
     <span class='ocr_line' id='line_1_29' title="bbox 95 2797 1788 2870; baseline -0.002 -17"><span class='ocrx_word' id='word_1_206' title='bbox 95 2800 360 2854; x_wconf 76' lang='lat' dir='ltr'><strong>clausulae</strong></span> <span class='ocrx_word' id='word_1_207' title='bbox 389 2799 777 2870; x_wconf 79' lang='lat' dir='ltr'><strong>colligantur?</strong></span> <span class='ocrx_word' id='word_1_208' title='bbox 806 2800 879 2854; x_wconf 91' lang='lat' dir='ltr'><strong>D.</strong></span> <span class='ocrx_word' id='word_1_209' title='bbox 919 2798 1150 2854; x_wconf 85' lang='lat' dir='ltr'><strong>Memini</strong></span> <span class='ocrx_word' id='word_1_210' title='bbox 1175 2798 1328 2854; x_wconf 92' lang='lat' dir='ltr'><strong>:_sed</strong></span> <span class='ocrx_word' id='word_1_211' title='bbox 1357 2813 1630 2868; x_wconf 88' lang='lat' dir='ltr'><strong>quorsum</strong></span> <span class='ocrx_word' id='word_1_212' title='bbox 1670 2797 1788 2850; x_wconf 64' lang='lat' dir='ltr'><strong>haec</strong></span> 
     </span>
    </p>
   </div>
   <div class='ocr_carea' id='block_1_30' title="bbox 92 2885 1782 2959">
    <p class='ocr_par' dir='ltr' id='par_1_30' title="bbox 92 2885 1782 2959">
     <span class='ocr_line' id='line_1_30' title="bbox 92 2885 1782 2959; baseline -0.002 -18"><span class='ocrx_word' id='word_1_213' title='bbox 92 2888 390 2959; x_wconf 83' lang='lat' dir='ltr'><strong>spectant?</strong></span> <span class='ocrx_word' id='word_1_214' title='bbox 418 2892 488 2944; x_wconf 79' lang='grc' dir='ltr'><strong>Μ.</strong></span> <span class='ocrx_word' id='word_1_215' title='bbox 533 2887 815 2952; x_wconf 89' lang='lat' dir='ltr'><strong>Quoniam</strong></span> <span class='ocrx_word' id='word_1_216' title='bbox 851 2887 994 2942; x_wconf 91' lang='lat' dir='ltr'><strong>illud</strong></span> <span class='ocrx_word' id='word_1_217' title='bbox 1024 2887 1152 2941; x_wconf 92' lang='lat' dir='ltr'><strong>volo</strong></span> <span class='ocrx_word' id='word_1_218' title='bbox 1181 2885 1342 2956; x_wconf 89' lang='lat' dir='ltr'><strong>prius</strong></span> <span class='ocrx_word' id='word_1_219' title='bbox 1373 2885 1782 2956; x_wconf 87' lang='lat' dir='ltr'><strong>intelligamus,</strong></span> 
     </span>
    </p>
   </div>
   <div class='ocr_carea' id='block_1_31' title="bbox 92 2974 1784 3048">
    <p class='ocr_par' dir='ltr' id='par_1_31' title="bbox 92 2974 1784 3048">
     <span class='ocr_line' id='line_1_31' title="bbox 92 2974 1784 3048; baseline -0.001 -18"><span class='ocrx_word' id='word_1_220' title='bbox 92 2975 480 3048; x_wconf 82' lang='lat' dir='ltr'><strong>hujuscemodi</strong></span> <span class='ocrx_word' id='word_1_221' title='bbox 499 2976 740 3047; x_wconf 86' lang='lat' dir='ltr'><strong>pedibus</strong></span> <span class='ocrx_word' id='word_1_222' title='bbox 762 2993 794 3029; x_wconf 90' lang='lat' dir='ltr'><strong>a</strong></span> <span class='ocrx_word' id='word_1_223' title='bbox 812 2979 1112 3045; x_wconf 89' lang='lat' dir='ltr'><strong>poetarum</strong></span> <span class='ocrx_word' id='word_1_224' title='bbox 1132 2974 1472 3028; x_wconf 89' lang='lat' dir='ltr'><strong>tractatione</strong></span> <span class='ocrx_word' id='word_1_225' title='bbox 1495 2974 1784 3044; x_wconf 88' lang='lat' dir='ltr'><strong>sejunctis,</strong></span> 
     </span>
    </p>
   </div>
   <div class='ocr_carea' id='block_1_32' title="bbox 94 3063 1790 3135">
    <p class='ocr_par' dir='ltr' id='par_1_32' title="bbox 94 3063 1790 3135">
     <span class='ocr_line' id='line_1_32' title="bbox 94 3063 1790 3135; baseline -0.001 -16"><span class='ocrx_word' id='word_1_226' title='bbox 94 3081 210 3119; x_wconf 91' lang='lat' dir='ltr'><strong>non</strong></span> <span class='ocrx_word' id='word_1_227' title='bbox 232 3080 550 3132; x_wconf 90' lang='lat' dir='ltr'><strong>remanere,</strong></span> <span class='ocrx_word' id='word_1_228' title='bbox 573 3064 680 3118; x_wconf 89' lang='lat' dir='ltr'><strong>nisi</strong></span> <span class='ocrx_word' id='word_1_229' title='bbox 704 3080 801 3118; x_wconf 90' lang='lat' dir='ltr'><strong>eos</strong></span> <span class='ocrx_word' id='word_1_230' title='bbox 821 3063 1029 3135; x_wconf 88' lang='lat' dir='ltr'><strong>quibus</strong></span> <span class='ocrx_word' id='word_1_231' title='bbox 1046 3063 1114 3116; x_wconf 91' lang='lat' dir='ltr'><strong>ad</strong></span> <span class='ocrx_word' id='word_1_232' title='bbox 1135 3063 1516 3129; x_wconf 88' lang='lat' dir='ltr'><strong>tantumdem,</strong></span> <span class='ocrx_word' id='word_1_233' title='bbox 1538 3067 1603 3117; x_wconf 88' lang='lat' dir='ltr'><strong>ut</strong></span> <span class='ocrx_word' id='word_1_234' title='bbox 1623 3078 1790 3133; x_wconf 90' lang='lat' dir='ltr'><strong>spon-</strong></span> 
     </span>
    </p>
   </div>
   <div class='ocr_carea' id='block_1_33' title="bbox 92 3151 1788 3223">
    <p class='ocr_par' dir='ltr' id='par_1_33' title="bbox 92 3151 1788 3223">
     <span class='ocr_line' id='line_1_33' title="bbox 92 3151 1788 3223; baseline -0.002 -14"><span class='ocrx_word' id='word_1_235' title='bbox 92 3154 230 3209; x_wconf 90' lang='lat' dir='ltr'><strong>deus</strong></span> <span class='ocrx_word' id='word_1_236' title='bbox 257 3158 382 3222; x_wconf 89' lang='lat' dir='ltr'><strong>est;</strong></span> <span class='ocrx_word' id='word_1_237' title='bbox 413 3156 512 3208; x_wconf 90' lang='lat' dir='ltr'><strong>aut</strong></span> <span class='ocrx_word' id='word_1_238' title='bbox 541 3168 638 3206; x_wconf 92' lang='lat' dir='ltr'><strong>eos</strong></span> <span class='ocrx_word' id='word_1_239' title='bbox 669 3152 878 3223; x_wconf 90' lang='lat' dir='ltr'><strong>quibus</strong></span> <span class='ocrx_word' id='word_1_240' title='bbox 908 3152 978 3208; x_wconf 91' lang='lat' dir='ltr'><strong>ad</strong></span> <span class='ocrx_word' id='word_1_241' title='bbox 1007 3152 1269 3222; x_wconf 81' lang='lat' dir='ltr'><strong>doplum,</strong></span> <span class='ocrx_word' id='word_1_242' title='bbox 1300 3156 1364 3205; x_wconf 91' lang='lat' dir='ltr'><strong>ut</strong></span> <span class='ocrx_word' id='word_1_243' title='bbox 1391 3151 1653 3217; x_wconf 90' lang='lat' dir='ltr'><strong>iambus;</strong></span> <span class='ocrx_word' id='word_1_244' title='bbox 1687 3155 1788 3205; x_wconf 91' lang='lat' dir='ltr'><strong>aut</strong></span> 
     </span>
    </p>
   </div>
   <div class='ocr_carea' id='block_1_34' title="bbox 93 3239 1788 3313">
    <p class='ocr_par' dir='ltr' id='par_1_34' title="bbox 93 3239 1788 3313">
     <span class='ocr_line' id='line_1_34' title="bbox 93 3239 1788 3313; baseline -0.002 -17"><span class='ocrx_word' id='word_1_245' title='bbox 93 3259 188 3296; x_wconf 90' lang='lat' dir='ltr'><strong>eos</strong></span> <span class='ocrx_word' id='word_1_246' title='bbox 230 3242 443 3313; x_wconf 87' lang='lat' dir='ltr'><strong>quibus</strong></span> <span class='ocrx_word' id='word_1_247' title='bbox 483 3241 552 3295; x_wconf 92' lang='lat' dir='ltr'><strong>ad</strong></span> <span class='ocrx_word' id='word_1_248' title='bbox 582 3245 892 3312; x_wconf 90' lang='lat' dir='ltr'><strong>utrumque</strong></span> <span class='ocrx_word' id='word_1_249' title='bbox 917 3245 1109 3311; x_wconf 89' lang='lat' dir='ltr'><strong>partes</strong></span> <span class='ocrx_word' id='word_1_250' title='bbox 1134 3240 1498 3306; x_wconf 89' lang='lat' dir='ltr'><strong>conveniunt,</strong></span> <span class='ocrx_word' id='word_1_251' title='bbox 1528 3243 1593 3294; x_wconf 90' lang='lat' dir='ltr'><strong>ut</strong></span> <span class='ocrx_word' id='word_1_252' title='bbox 1621 3239 1788 3293; x_wconf 87' lang='lat' dir='ltr'><strong>chor-</strong></span> 
     </span>
    </p>
   </div>
   <div class='ocr_carea' id='block_1_35' title="bbox 88 3329 1789 3398">
    <p class='ocr_par' dir='ltr' id='par_1_35' title="bbox 88 3329 1789 3398">
     <span class='ocr_line' id='line_1_35' title="bbox 88 3329 1789 3398; baseline -0.002 -14"><span class='ocrx_word' id='word_1_253' title='bbox 88 3331 338 3385; x_wconf 90' lang='lat' dir='ltr'><strong>iambus.</strong></span> <span class='ocrx_word' id='word_1_254' title='bbox 371 3333 434 3384; x_wconf 92' lang='lat' dir='ltr'><strong>D.</strong></span> <span class='ocrx_word' id='word_1_255' title='bbox 482 3331 565 3384; x_wconf 89' lang='lat' dir='ltr'><strong>Ita</strong></span> <span class='ocrx_word' id='word_1_256' title='bbox 596 3334 698 3384; x_wconf 88' lang='lat' dir='ltr'><strong>est.</strong></span> <span class='ocrx_word' id='word_1_257' title='bbox 730 3333 800 3384; x_wconf 82' lang='grc' dir='ltr'><strong>Μ.</strong></span> <span class='ocrx_word' id='word_1_258' title='bbox 833 3331 905 3383; x_wconf 87' lang='lat' dir='ltr'><strong>At</strong></span> <span class='ocrx_word' id='word_1_259' title='bbox 933 3329 980 3382; x_wconf 89' lang='lat' dir='ltr'><strong>si</strong></span> <span class='ocrx_word' id='word_1_260' title='bbox 1008 3329 1130 3383; x_wconf 61' lang='lat' dir='ltr'><strong>haec</strong></span> <span class='ocrx_word' id='word_1_261' title='bbox 1159 3333 1246 3382; x_wconf 91' lang='lat' dir='ltr'><strong>est</strong></span> <span class='ocrx_word' id='word_1_262' title='bbox 1273 3333 1579 3398; x_wconf 90' lang='lat' dir='ltr'><strong>poetarum</strong></span> <span class='ocrx_word' id='word_1_263' title='bbox 1609 3332 1789 3382; x_wconf 90' lang='lat' dir='ltr'><strong>mate-</strong></span> 
     </span>
    </p>
   </div>
   <div class='ocr_carea' id='block_1_36' title="bbox 88 3416 1791 3485">
    <p class='ocr_par' dir='ltr' id='par_1_36' title="bbox 88 3416 1791 3485">
     <span class='ocr_line' id='line_1_36' title="bbox 88 3416 1791 3485; baseline -0.001 -14"><span class='ocrx_word' id='word_1_264' title='bbox 88 3419 223 3485; x_wconf 91' lang='lat' dir='ltr'><strong>ries,</strong></span> <span class='ocrx_word' id='word_1_265' title='bbox 256 3423 312 3472; x_wconf 90' lang='lat' dir='ltr'><strong>et</strong></span> <span class='ocrx_word' id='word_1_266' title='bbox 344 3418 528 3471; x_wconf 90' lang='lat' dir='ltr'><strong>soluta</strong></span> <span class='ocrx_word' id='word_1_267' title='bbox 556 3417 739 3471; x_wconf 88' lang='lat' dir='ltr'><strong>oratio</strong></span> <span class='ocrx_word' id='word_1_268' title='bbox 765 3416 1022 3470; x_wconf 87' lang='lat' dir='ltr'><strong>versibus</strong></span> <span class='ocrx_word' id='word_1_269' title='bbox 1049 3416 1281 3470; x_wconf 91' lang='lat' dir='ltr'><strong>inimica</strong></span> <span class='ocrx_word' id='word_1_270' title='bbox 1313 3421 1418 3483; x_wconf 91' lang='lat' dir='ltr'><strong>est,</strong></span> <span class='ocrx_word' id='word_1_271' title='bbox 1452 3433 1569 3471; x_wconf 92' lang='lat' dir='ltr'><strong>non</strong></span> <span class='ocrx_word' id='word_1_272' title='bbox 1597 3432 1791 3470; x_wconf 89' lang='lat' dir='ltr'><strong>versus</strong></span> 
     </span>
    </p>
   </div>
   <div class='ocr_carea' id='block_1_37' title="bbox 88 3505 1790 3576">
    <p class='ocr_par' dir='ltr' id='par_1_37' title="bbox 88 3505 1790 3576">
     <span class='ocr_line' id='line_1_37' title="bbox 88 3505 1790 3576; baseline -0.002 -14"><span class='ocrx_word' id='word_1_273' title='bbox 88 3509 245 3562; x_wconf 89' lang='lat' dir='ltr'><strong>ullus</strong></span> <span class='ocrx_word' id='word_1_274' title='bbox 275 3506 386 3560; x_wconf 92' lang='lat' dir='ltr'><strong>nisi</strong></span> <span class='ocrx_word' id='word_1_275' title='bbox 415 3523 484 3560; x_wconf 89' lang='lat' dir='ltr'><strong>ex</strong></span> <span class='ocrx_word' id='word_1_276' title='bbox 508 3506 615 3560; x_wconf 92' lang='lat' dir='ltr'><strong>hoc</strong></span> <span class='ocrx_word' id='word_1_277' title='bbox 645 3521 855 3576; x_wconf 83' lang='lat' dir='ltr'><strong>genere</strong></span> <span class='ocrx_word' id='word_1_278' title='bbox 884 3505 1096 3576; x_wconf 89' lang='lat' dir='ltr'><strong>pedum</strong></span> <span class='ocrx_word' id='word_1_279' title='bbox 1125 3506 1420 3561; x_wconf 89' lang='lat' dir='ltr'><strong>faciendus</strong></span> <span class='ocrx_word' id='word_1_280' title='bbox 1449 3510 1554 3560; x_wconf 90' lang='lat' dir='ltr'><strong>est.</strong></span> <span class='ocrx_word' id='word_1_281' title='bbox 1583 3507 1659 3559; x_wconf 91' lang='lat' dir='ltr'><strong>D.</strong></span> <span class='ocrx_word' id='word_1_282' title='bbox 1689 3506 1790 3560; x_wconf 80' lang='lat' dir='ltr'><strong>As-</strong></span> 
     </span>
    </p>
   </div>
   <div class='ocr_carea' id='block_1_38' title="bbox 89 3593 1791 3666">
    <p class='ocr_par' dir='ltr' id='par_1_38' title="bbox 89 3593 1791 3666">
     <span class='ocr_line' id='line_1_38' title="bbox 89 3593 1791 3666; baseline -0.002 -16"><span class='ocrx_word' id='word_1_283' title='bbox 89 3597 326 3652; x_wconf 90' lang='lat' dir='ltr'><strong>sentior.</strong></span> <span class='ocrx_word' id='word_1_284' title='bbox 360 3595 535 3649; x_wconf 89' lang='lat' dir='ltr'><strong>Video</strong></span> <span class='ocrx_word' id='word_1_285' title='bbox 566 3595 721 3649; x_wconf 90' lang='lat' dir='ltr'><strong>enim</strong></span> <span class='ocrx_word' id='word_1_286' title='bbox 751 3599 1014 3665; x_wconf 87' lang='lat' dir='ltr'><strong>poemata</strong></span> <span class='ocrx_word' id='word_1_287' title='bbox 1042 3595 1298 3650; x_wconf 89' lang='lat' dir='ltr'><strong>versibus</strong></span> <span class='ocrx_word' id='word_1_288' title='bbox 1325 3611 1498 3666; x_wconf 91' lang='lat' dir='ltr'><strong>quam</strong></span> <span class='ocrx_word' id='word_1_289' title='bbox 1537 3593 1664 3648; x_wconf 90' lang='lat' dir='ltr'><strong>aliis</strong></span> <span class='ocrx_word' id='word_1_290' title='bbox 1703 3595 1791 3664; x_wconf 82' lang='lat' dir='ltr'><strong>ly-</strong></span> 
     </span>
    </p>
   </div>
   <div class='ocr_carea' id='block_1_39' title="bbox 90 3680 1794 3753">
    <p class='ocr_par' dir='ltr' id='par_1_39' title="bbox 90 3680 1794 3753">
     <span class='ocr_line' id='line_1_39' title="bbox 90 3680 1794 3753; baseline -0.002 -15"><span class='ocrx_word' id='word_1_291' title='bbox 90 3685 348 3738; x_wconf 90' lang='lat' dir='ltr'><strong>ricorum</strong></span> <span class='ocrx_word' id='word_1_292' title='bbox 385 3687 688 3753; x_wconf 89' lang='lat' dir='ltr'><strong>poetarum</strong></span> <span class='ocrx_word' id='word_1_293' title='bbox 731 3682 929 3736; x_wconf 88' lang='lat' dir='ltr'><strong>metris</strong></span> <span class='ocrx_word' id='word_1_294' title='bbox 967 3682 1092 3736; x_wconf 83' lang='lat' dir='ltr'><strong>ﬁeri</strong></span> <span class='ocrx_word' id='word_1_295' title='bbox 1121 3682 1450 3753; x_wconf 86' lang='lat' dir='ltr'><strong>grandiora,</strong></span> <span class='ocrx_word' id='word_1_296' title='bbox 1481 3681 1581 3736; x_wconf 91' lang='lat' dir='ltr'><strong>sed</strong></span> <span class='ocrx_word' id='word_1_297' title='bbox 1607 3680 1794 3736; x_wconf 85' lang='lat' dir='ltr'><strong>adhuc</strong></span> 
     </span>
    </p>
   </div>
   <div class='ocr_carea' id='block_1_40' title="bbox 89 3770 1004 3845">
    <p class='ocr_par' dir='ltr' id='par_1_40' title="bbox 89 3770 1004 3845">
     <span class='ocr_line' id='line_1_40' title="bbox 89 3770 1004 3845; baseline -0.003 -18"><span class='ocrx_word' id='word_1_298' title='bbox 89 3789 206 3845; x_wconf 89' lang='lat' dir='ltr'><strong>qua</strong></span> <span class='ocrx_word' id='word_1_299' title='bbox 236 3771 384 3826; x_wconf 89' lang='lat' dir='ltr'><strong>ratio</strong></span> <span class='ocrx_word' id='word_1_300' title='bbox 411 3770 520 3825; x_wconf 87' lang='lat' dir='ltr'><strong>ista</strong></span> <span class='ocrx_word' id='word_1_301' title='bbox 541 3770 754 3836; x_wconf 90' lang='lat' dir='ltr'><strong>tendat,</strong></span> <span class='ocrx_word' id='word_1_302' title='bbox 780 3770 1004 3841; x_wconf 87' lang='lat' dir='ltr'><strong>ignoro.</strong></span> 
     </span>
    </p>
   </div>
   <div class='ocr_carea' id='block_1_41' title="bbox 157 3857 1792 3930">
    <p class='ocr_par' dir='ltr' id='par_1_41' title="bbox 157 3857 1792 3930">
     <span class='ocr_line' id='line_1_41' title="bbox 157 3857 1792 3930; baseline -0.003 -14"><span class='ocrx_word' id='word_1_303' title='bbox 157 3864 251 3916; x_wconf 84' lang='lat'><strong>21.</strong></span> <span class='ocrx_word' id='word_1_304' title='bbox 281 3862 358 3916; x_wconf 82' lang='grc' dir='ltr'><strong>Μ.</strong></span> <span class='ocrx_word' id='word_1_305' title='bbox 395 3861 474 3914; x_wconf 89' lang='lat' dir='ltr'><strong>Ne</strong></span> <span class='ocrx_word' id='word_1_306' title='bbox 505 3875 786 3930; x_wconf 90' lang='lat' dir='ltr'><strong>propera:</strong></span> <span class='ocrx_word' id='word_1_307' title='bbox 821 3858 1180 3930; x_wconf 87' lang='lat' dir='ltr'><strong>disputamus</strong></span> <span class='ocrx_word' id='word_1_308' title='bbox 1205 3857 1361 3912; x_wconf 89' lang='lat' dir='ltr'><strong>enim</strong></span> <span class='ocrx_word' id='word_1_309' title='bbox 1390 3857 1507 3928; x_wconf 85' lang='lat' dir='ltr'><strong>jam</strong></span> <span class='ocrx_word' id='word_1_310' title='bbox 1528 3857 1596 3912; x_wconf 91' lang='lat' dir='ltr'><strong>de</strong></span> <span class='ocrx_word' id='word_1_311' title='bbox 1627 3873 1792 3911; x_wconf 91' lang='lat' dir='ltr'><strong>sena-</strong></span> 
     </span>
    </p>
   </div>
   <div class='ocr_carea' id='block_1_42' title="bbox 87 3945 1792 4017">
    <p class='ocr_par' dir='ltr' id='par_1_42' title="bbox 87 3945 1792 4017">
     <span class='ocr_line' id='line_1_42' title="bbox 87 3945 1792 4017; baseline -0.002 -15"><span class='ocrx_word' id='word_1_312' title='bbox 87 3950 312 4004; x_wconf 87' lang='lat' dir='ltr'><strong>riorum</strong></span> <span class='ocrx_word' id='word_1_313' title='bbox 349 3963 621 4004; x_wconf 88' lang='lat' dir='ltr'><strong>versuum</strong></span> <span class='ocrx_word' id='word_1_314' title='bbox 653 3946 1006 4014; x_wconf 86' lang='lat' dir='ltr'><strong>excellentia,</strong></span> <span class='ocrx_word' id='word_1_315' title='bbox 1050 3951 1105 4001; x_wconf 92' lang='lat' dir='ltr'><strong>et</strong></span> <span class='ocrx_word' id='word_1_316' title='bbox 1150 3946 1310 4017; x_wconf 90' lang='lat' dir='ltr'><strong>prius</strong></span> <span class='ocrx_word' id='word_1_317' title='bbox 1354 3945 1456 4000; x_wconf 86' lang='lat' dir='ltr'><strong>tibi</strong></span> <span class='ocrx_word' id='word_1_318' title='bbox 1491 3946 1659 4016; x_wconf 92' lang='lat' dir='ltr'><strong>cupio</strong></span> <span class='ocrx_word' id='word_1_319' title='bbox 1690 3947 1792 4000; x_wconf 90' lang='lat' dir='ltr'><strong>de-</strong></span> 
     </span>
    </p>
   </div>
   <div class='ocr_carea' id='block_1_43' title="bbox 85 4032 1794 4106">
    <p class='ocr_par' dir='ltr' id='par_1_43' title="bbox 85 4032 1794 4106">
     <span class='ocr_line' id='line_1_43' title="bbox 85 4032 1794 4106; baseline -0.004 -13"><span class='ocrx_word' id='word_1_320' title='bbox 85 4041 437 4105; x_wconf 90' lang='lat' dir='ltr'><strong>monstrare,</strong></span> <span class='ocrx_word' id='word_1_321' title='bbox 492 4035 540 4090; x_wconf 92' lang='lat' dir='ltr'><strong>si</strong></span> <span class='ocrx_word' id='word_1_322' title='bbox 594 4041 810 4106; x_wconf 89' lang='lat' dir='ltr'><strong>potero,</strong></span> <span class='ocrx_word' id='word_1_323' title='bbox 863 4035 1292 4090; x_wconf 90' lang='lat' dir='ltr'><strong>decentissimos</strong></span> <span class='ocrx_word' id='word_1_324' title='bbox 1351 4034 1623 4102; x_wconf 90' lang='lat' dir='ltr'><strong>senarios,</strong></span> <span class='ocrx_word' id='word_1_325' title='bbox 1685 4032 1794 4088; x_wconf 91' lang='lat' dir='ltr'><strong>nisi</strong></span> 
     </span>
    </p>
   </div>
   <div class='ocr_carea' id='block_1_44' title="bbox 87 4122 1795 4196">
    <p class='ocr_par' dir='ltr' id='par_1_44' title="bbox 87 4122 1795 4196">
     <span class='ocr_line' id='line_1_44' title="bbox 87 4122 1795 4196; baseline -0.004 -13"><span class='ocrx_word' id='word_1_326' title='bbox 87 4129 346 4183; x_wconf 92' lang='lat' dir='ltr'><strong>duorum</strong></span> <span class='ocrx_word' id='word_1_327' title='bbox 366 4126 544 4181; x_wconf 92' lang='lat' dir='ltr'><strong>istoru</strong></span> <span class='ocrx_word' id='word_1_328' title='bbox 555 4141 610 4179; x_wconf 93' lang='lat' dir='ltr'><strong>m</strong></span> <span class='ocrx_word' id='word_1_329' title='bbox 625 4141 902 4196; x_wconf 88' lang='lat' dir='ltr'><strong>generum</strong></span> <span class='ocrx_word' id='word_1_330' title='bbox 918 4141 1039 4180; x_wconf 89' lang='lat' dir='ltr'><strong>esse</strong></span> <span class='ocrx_word' id='word_1_331' title='bbox 1057 4141 1174 4179; x_wconf 91' lang='lat' dir='ltr'><strong>non</strong></span> <span class='ocrx_word' id='word_1_332' title='bbox 1189 4140 1377 4196; x_wconf 89' lang='lat' dir='ltr'><strong>posse,</strong></span> <span class='ocrx_word' id='word_1_333' title='bbox 1390 4140 1520 4195; x_wconf 66' lang='lat' dir='ltr'><strong>qua:</strong></span> <span class='ocrx_word' id='word_1_334' title='bbox 1533 4122 1795 4177; x_wconf 91' lang='lat' dir='ltr'><strong>omnium</strong></span> 
     </span>
    </p>
   </div>
   <div class='ocr_carea' id='block_1_45' title="bbox 86 4209 1792 4284">
    <p class='ocr_par' dir='ltr' id='par_1_45' title="bbox 86 4209 1792 4284">
     <span class='ocr_line' id='line_1_45' title="bbox 86 4209 1792 4284; baseline -0.004 -13"><span class='ocrx_word' id='word_1_335' title='bbox 86 4217 271 4271; x_wconf 90' lang='lat' dir='ltr'><strong>etiam</strong></span> <span class='ocrx_word' id='word_1_336' title='bbox 297 4219 432 4270; x_wconf 91' lang='lat' dir='ltr'><strong>sunt</strong></span> <span class='ocrx_word' id='word_1_337' title='bbox 460 4212 853 4280; x_wconf 88' lang='lat' dir='ltr'><strong>celeberrima,</strong></span> <span class='ocrx_word' id='word_1_338' title='bbox 878 4228 1124 4284; x_wconf 91' lang='lat' dir='ltr'><strong>quorum</strong></span> <span class='ocrx_word' id='word_1_339' title='bbox 1158 4228 1341 4266; x_wconf 90' lang='lat' dir='ltr'><strong>unum</strong></span> <span class='ocrx_word' id='word_1_340' title='bbox 1365 4216 1450 4266; x_wconf 92' lang='lat' dir='ltr'><strong>est</strong></span> <span class='ocrx_word' id='word_1_341' title='bbox 1477 4209 1792 4276; x_wconf 88' lang='lat' dir='ltr'><strong>heroicum,</strong></span> 
     </span>
    </p>
   </div>
   <div class='ocr_carea' id='block_1_46' title="bbox 88 4301 1792 4374">
    <p class='ocr_par' dir='ltr' id='par_1_46' title="bbox 88 4301 1792 4374">
     <span class='ocr_line' id='line_1_46' title="bbox 88 4301 1792 4374; baseline -0.003 -14"><span class='ocrx_word' id='word_1_342' title='bbox 88 4310 174 4374; x_wconf 92' lang='lat' dir='ltr'><strong>ut,</strong></span> <span class='ocrx_word' id='word_1_343' title='bbox 208 4308 396 4359; x_wconf 77' lang='lat' dir='ltr'><strong>Arma</strong></span> <span class='ocrx_word' id='word_1_344' title='bbox 444 4305 731 4373; x_wconf 82' lang='lat' dir='ltr'><strong>virumque</strong></span> <span class='ocrx_word' id='word_1_345' title='bbox 759 4317 914 4371; x_wconf 88' lang='lat' dir='ltr'><strong>cano,</strong></span> <span class='ocrx_word' id='word_1_346' title='bbox 959 4302 1130 4370; x_wconf 63' lang='lat' dir='ltr'><strong>Trojw</strong></span> <span class='ocrx_word' id='word_1_347' title='bbox 1173 4303 1270 4370; x_wconf 89' lang='lat' dir='ltr'><strong>qui</strong></span> <span class='ocrx_word' id='word_1_348' title='bbox 1306 4302 1520 4370; x_wconf 82' lang='lat' dir='ltr'><strong>primus</strong></span> <span class='ocrx_word' id='word_1_349' title='bbox 1562 4301 1631 4355; x_wconf 87' lang='lat' dir='ltr'><strong>ab</strong></span> <span class='ocrx_word' id='word_1_350' title='bbox 1663 4302 1792 4368; x_wconf 81' lang='lat' dir='ltr'><strong>oris,</strong></span> 
     </span>
    </p>
   </div>
   <div class='ocr_carea' id='block_1_47' title="bbox 86 4389 1795 4465">
    <p class='ocr_par' dir='ltr' id='par_1_47' title="bbox 86 4389 1795 4465">
     <span class='ocr_line' id='line_1_47' title="bbox 86 4389 1795 4465; baseline -0.002 -18"><span class='ocrx_word' id='word_1_351' title='bbox 86 4393 253 4465; x_wconf 91' lang='lat' dir='ltr'><strong>quod</strong></span> <span class='ocrx_word' id='word_1_352' title='bbox 286 4408 422 4446; x_wconf 90' lang='lat' dir='ltr'><strong>usus</strong></span> <span class='ocrx_word' id='word_1_353' title='bbox 453 4392 690 4446; x_wconf 90' lang='lat' dir='ltr'><strong>metitur</strong></span> <span class='ocrx_word' id='word_1_354' title='bbox 719 4391 974 4462; x_wconf 88' lang='lat' dir='ltr'><strong>spondeo</strong></span> <span class='ocrx_word' id='word_1_355' title='bbox 1005 4394 1062 4444; x_wconf 92' lang='lat' dir='ltr'><strong>et</strong></span> <span class='ocrx_word' id='word_1_356' title='bbox 1088 4390 1332 4461; x_wconf 88' lang='lat' dir='ltr'><strong>dactylo,</strong></span> <span class='ocrx_word' id='word_1_357' title='bbox 1361 4389 1624 4444; x_wconf 89' lang='lat' dir='ltr'><strong>subtilior</strong></span> <span class='ocrx_word' id='word_1_358' title='bbox 1651 4389 1795 4444; x_wconf 90' lang='lat' dir='ltr'><strong>ratio</strong></span> 
     </span>
    </p>
   </div>
   <div class='ocr_carea' id='block_1_48' title="bbox 86 4477 1795 4552">
    <p class='ocr_par' dir='ltr' id='par_1_48' title="bbox 86 4477 1795 4552">
     <span class='ocr_line' id='line_1_48' title="bbox 86 4477 1795 4552; baseline -0.003 -17"><span class='ocrx_word' id='word_1_359' title='bbox 86 4478 357 4552; x_wconf 86' lang='lat' dir='ltr'><strong>spondeo</strong></span> <span class='ocrx_word' id='word_1_360' title='bbox 387 4482 443 4533; x_wconf 92' lang='lat' dir='ltr'><strong>et</strong></span> <span class='ocrx_word' id='word_1_361' title='bbox 487 4482 779 4549; x_wconf 62' lang='lat' dir='ltr'><strong>anapesto</strong></span> <span class='ocrx_word' id='word_1_362' title='bbox 807 4494 820 4533; x_wconf 92' lang='lat'><strong>:</strong></span> <span class='ocrx_word' id='word_1_363' title='bbox 857 4479 1104 4533; x_wconf 91' lang='lat' dir='ltr'><strong>alterum</strong></span> <span class='ocrx_word' id='word_1_364' title='bbox 1133 4478 1291 4549; x_wconf 90' lang='lat' dir='ltr'><strong>quod</strong></span> <span class='ocrx_word' id='word_1_365' title='bbox 1318 4477 1628 4532; x_wconf 90' lang='lat' dir='ltr'><strong>iambicum</strong></span> <span class='ocrx_word' id='word_1_366' title='bbox 1659 4477 1795 4532; x_wconf 89' lang='lat' dir='ltr'><strong>dici-</strong></span> 
     </span>
    </p>
   </div>
   <div class='ocr_carea' id='block_1_49' title="bbox 89 4565 1797 4636">
    <p class='ocr_par' dir='ltr' id='par_1_49' title="bbox 89 4565 1797 4636">
     <span class='ocr_line' id='line_1_49' title="bbox 89 4565 1797 4636; baseline -0.002 -14"><span class='ocrx_word' id='word_1_367' title='bbox 89 4575 209 4636; x_wconf 89' lang='lat' dir='ltr'><strong>tur,</strong></span> <span class='ocrx_word' id='word_1_368' title='bbox 235 4567 511 4622; x_wconf 88' lang='lat' dir='ltr'><strong>eteadem</strong></span> <span class='ocrx_word' id='word_1_369' title='bbox 529 4567 747 4622; x_wconf 87' lang='lat' dir='ltr'><strong>ratione</strong></span> <span class='ocrx_word' id='word_1_370' title='bbox 767 4566 1059 4621; x_wconf 90' lang='lat' dir='ltr'><strong>invenitur</strong></span> <span class='ocrx_word' id='word_1_371' title='bbox 1076 4565 1448 4620; x_wconf 89' lang='lat' dir='ltr'><strong>trochaicum.</strong></span> <span class='ocrx_word' id='word_1_372' title='bbox 1470 4566 1612 4620; x_wconf 88' lang='lat' dir='ltr'><strong>Nam</strong></span> <span class='ocrx_word' id='word_1_373' title='bbox 1630 4565 1797 4619; x_wconf 92' lang='lat' dir='ltr'><strong>credo</strong></span> 
     </span>
    </p>
   </div>
   <div class='ocr_carea' id='block_1_50' title="bbox 74 4642 1798 4726">
    <p class='ocr_par' dir='ltr' id='par_1_50' title="bbox 74 4642 1798 4726">
     <span class='ocr_line' id='line_1_50' title="bbox 74 4642 1798 4726; baseline -0.003 -14"><span class='ocrx_word' id='word_1_374' title='bbox 74 4642 199 4712; x_wconf 44' lang='lat' dir='ltr'><strong>&#39;tibi</strong></span> <span class='ocrx_word' id='word_1_375' title='bbox 233 4655 607 4710; x_wconf 88' lang='lat' dir='ltr'><strong>manifestum</strong></span> <span class='ocrx_word' id='word_1_376' title='bbox 653 4672 775 4710; x_wconf 90' lang='lat' dir='ltr'><strong>esse</strong></span> <span class='ocrx_word' id='word_1_377' title='bbox 815 4654 1000 4725; x_wconf 90' lang='lat' dir='ltr'><strong>longis</strong></span> <span class='ocrx_word' id='word_1_378' title='bbox 1038 4654 1288 4726; x_wconf 84' lang='lat' dir='ltr'><strong>syllabis,</strong></span> <span class='ocrx_word' id='word_1_379' title='bbox 1329 4653 1441 4707; x_wconf 91' lang='lat' dir='ltr'><strong>nisi</strong></span> <span class='ocrx_word' id='word_1_380' title='bbox 1469 4653 1669 4708; x_wconf 86' lang='lat' dir='ltr'><strong>breves</strong></span> <span class='ocrx_word' id='word_1_381' title='bbox 1707 4654 1798 4708; x_wconf 90' lang='lat' dir='ltr'><strong>in-</strong></span> 
     </span>
    </p>
   </div>
   <div class='ocr_carea' id='block_1_51' title="bbox 85 4742 1792 4818">
    <p class='ocr_par' dir='ltr' id='par_1_51' title="bbox 85 4742 1792 4818">
     <span class='ocr_line' id='line_1_51' title="bbox 85 4742 1792 4818; baseline -0.003 -17"><span class='ocrx_word' id='word_1_382' title='bbox 85 4751 500 4818; x_wconf 86' lang='lat' dir='ltr'><strong>terponantur,</strong></span> <span class='ocrx_word' id='word_1_383' title='bbox 530 4745 771 4800; x_wconf 91' lang='lat' dir='ltr'><strong>obtundi</strong></span> <span class='ocrx_word' id='word_1_384' title='bbox 800 4745 1050 4816; x_wconf 89' lang='lat' dir='ltr'><strong>quodam</strong></span> <span class='ocrx_word' id='word_1_385' title='bbox 1077 4743 1249 4798; x_wconf 92' lang='lat' dir='ltr'><strong>modo</strong></span> <span class='ocrx_word' id='word_1_386' title='bbox 1271 4742 1455 4814; x_wconf 86' lang='lat' dir='ltr'><strong>spatia</strong></span> <span class='ocrx_word' id='word_1_387' title='bbox 1483 4758 1792 4797; x_wconf 89' lang='lat' dir='ltr'><strong>sonorum:</strong></span> 
     </span>
    </p>
   </div>
   <div class='ocr_carea' id='block_1_52' title="bbox 86 4831 1801 4905">
    <p class='ocr_par' dir='ltr' id='par_1_52' title="bbox 86 4831 1801 4905">
     <span class='ocr_line' id='line_1_52' title="bbox 86 4831 1801 4905; baseline -0.002 -15"><span class='ocrx_word' id='word_1_388' title='bbox 86 4837 236 4890; x_wconf 88' lang='lat' dir='ltr'><strong>item</strong></span> <span class='ocrx_word' id='word_1_389' title='bbox 284 4833 397 4888; x_wconf 90' lang='lat' dir='ltr'><strong>nisi</strong></span> <span class='ocrx_word' id='word_1_390' title='bbox 424 4833 689 4889; x_wconf 88' lang='lat' dir='ltr'><strong>brevibus</strong></span> <span class='ocrx_word' id='word_1_391' title='bbox 720 4835 928 4905; x_wconf 71' lang='lat' dir='ltr'><strong>longae,</strong></span> <span class='ocrx_word' id='word_1_392' title='bbox 961 4831 1134 4887; x_wconf 88' lang='lat' dir='ltr'><strong>nimis</strong></span> <span class='ocrx_word' id='word_1_393' title='bbox 1162 4831 1387 4886; x_wconf 91' lang='lat' dir='ltr'><strong>concisa</strong></span> <span class='ocrx_word' id='word_1_394' title='bbox 1415 4836 1470 4886; x_wconf 90' lang='lat' dir='ltr'><strong>et</strong></span> <span class='ocrx_word' id='word_1_395' title='bbox 1499 4831 1664 4902; x_wconf 88' lang='lat' dir='ltr'><strong>quasi</strong></span> <span class='ocrx_word' id='word_1_396' title='bbox 1692 4835 1801 4886; x_wconf 88' lang='lat' dir='ltr'><strong>tre-</strong></span> 
     </span>
    </p>
   </div>
   <div class='ocr_carea' id='block_1_53' title="bbox 86 4919 1799 4993">
    <p class='ocr_par' dir='ltr' id='par_1_53' title="bbox 86 4919 1799 4993">
     <span class='ocr_line' id='line_1_53' title="bbox 86 4919 1799 4993; baseline -0.002 -15"><span class='ocrx_word' id='word_1_397' title='bbox 86 4924 256 4978; x_wconf 86' lang='lat' dir='ltr'><strong>mula</strong></span> <span class='ocrx_word' id='word_1_398' title='bbox 275 4923 403 4977; x_wconf 82' lang='lat' dir='ltr'><strong>ﬁeri</strong></span> <span class='ocrx_word' id='word_1_399' title='bbox 425 4939 439 4989; x_wconf 92' lang='lat'><strong>;</strong></span> <span class='ocrx_word' id='word_1_400' title='bbox 464 4926 668 4977; x_wconf 90' lang='lat' dir='ltr'><strong>neutra</strong></span> <span class='ocrx_word' id='word_1_401' title='bbox 691 4938 811 4976; x_wconf 91' lang='lat' dir='ltr'><strong>esse</strong></span> <span class='ocrx_word' id='word_1_402' title='bbox 833 4925 1172 4993; x_wconf 87' lang='lat' dir='ltr'><strong>temperata,</strong></span> <span class='ocrx_word' id='word_1_403' title='bbox 1194 4919 1454 4991; x_wconf 89' lang='lat' dir='ltr'><strong>quamvis</strong></span> <span class='ocrx_word' id='word_1_404' title='bbox 1473 4924 1799 4990; x_wconf 87' lang='lat' dir='ltr'><strong>temporum</strong></span> 
     </span>
    </p>
   </div>
   <div class='ocr_carea' id='block_1_54' title="bbox 89 5007 1800 5083">
    <p class='ocr_par' dir='ltr' id='par_1_54' title="bbox 89 5007 1800 5083">
     <span class='ocr_line' id='line_1_54' title="bbox 89 5007 1800 5083; baseline -0.003 -17"><span class='ocrx_word' id='word_1_405' title='bbox 89 5010 429 5083; x_wconf 58' lang='lat' dir='ltr'><strong>aequalitate</strong></span> <span class='ocrx_word' id='word_1_406' title='bbox 457 5025 625 5065; x_wconf 89' lang='lat' dir='ltr'><strong>aures</strong></span> <span class='ocrx_word' id='word_1_407' title='bbox 652 5009 931 5080; x_wconf 87' lang='lat' dir='ltr'><strong>impleant</strong></span> <span class='ocrx_word' id='word_1_408' title='bbox 958 5008 997 5064; x_wconf 75' lang='lat'><strong>‘.</strong></span> <span class='ocrx_word' id='word_1_409' title='bbox 1024 5009 1407 5074; x_wconf 88' lang='lat' dir='ltr'><strong>Quamobrem</strong></span> <span class='ocrx_word' id='word_1_410' title='bbox 1434 5025 1539 5062; x_wconf 92' lang='lat' dir='ltr'><strong>nec</strong></span> <span class='ocrx_word' id='word_1_411' title='bbox 1566 5007 1652 5062; x_wconf 91' lang='lat' dir='ltr'><strong>illi</strong></span> <span class='ocrx_word' id='word_1_412' title='bbox 1681 5024 1800 5062; x_wconf 90' lang='lat' dir='ltr'><strong>ver-</strong></span> 
     </span>
    </p>
   </div>
   <div class='ocr_carea' id='block_1_55' title="bbox 88 5095 1799 5171">
    <p class='ocr_par' dir='ltr' id='par_1_55' title="bbox 88 5095 1799 5171">
     <span class='ocr_line' id='line_1_55' title="bbox 88 5095 1799 5171; baseline -0.004 -17"><span class='ocrx_word' id='word_1_413' title='bbox 88 5116 190 5156; x_wconf 88' lang='lat' dir='ltr'><strong>sus</strong></span> <span class='ocrx_word' id='word_1_414' title='bbox 233 5098 336 5171; x_wconf 87' lang='lat' dir='ltr'><strong>qui</strong></span> <span class='ocrx_word' id='word_1_415' title='bbox 386 5114 486 5153; x_wconf 87' lang='lat' dir='ltr'><strong>sex</strong></span> <span class='ocrx_word' id='word_1_416' title='bbox 531 5097 908 5169; x_wconf 86' lang='lat' dir='ltr'><strong>pyrrhichios,</strong></span> <span class='ocrx_word' id='word_1_417' title='bbox 939 5101 996 5151; x_wconf 91' lang='lat' dir='ltr'><strong>et</strong></span> <span class='ocrx_word' id='word_1_418' title='bbox 1031 5114 1126 5152; x_wconf 85' lang='lat' dir='ltr'><strong>sex</strong></span> <span class='ocrx_word' id='word_1_419' title='bbox 1160 5095 1670 5169; x_wconf 91' lang='lat' dir='ltr'><strong>proceleumaticos</strong></span> <span class='ocrx_word' id='word_1_420' title='bbox 1697 5095 1799 5149; x_wconf 86' lang='lat' dir='ltr'><strong>ha-</strong></span> 
     </span>
    </p>
   </div>
   <div class='ocr_carea' id='block_1_56' title="bbox 86 5185 1801 5259">
    <p class='ocr_par' dir='ltr' id='par_1_56' title="bbox 86 5185 1801 5259">
     <span class='ocr_line' id='line_1_56' title="bbox 86 5185 1801 5259; baseline -0.003 -15"><span class='ocrx_word' id='word_1_421' title='bbox 86 5190 256 5257; x_wconf 89' lang='lat' dir='ltr'><strong>bent,</strong></span> <span class='ocrx_word' id='word_1_422' title='bbox 303 5188 558 5259; x_wconf 89' lang='lat' dir='ltr'><strong>aspirant</strong></span> <span class='ocrx_word' id='word_1_423' title='bbox 586 5188 658 5242; x_wconf 92' lang='lat' dir='ltr'><strong>ad</strong></span> <span class='ocrx_word' id='word_1_424' title='bbox 693 5185 908 5241; x_wconf 90' lang='lat' dir='ltr'><strong>heroici</strong></span> <span class='ocrx_word' id='word_1_425' title='bbox 935 5185 1298 5257; x_wconf 89' lang='lat' dir='ltr'><strong>dignitatem,</strong></span> <span class='ocrx_word' id='word_1_426' title='bbox 1330 5201 1435 5240; x_wconf 91' lang='lat' dir='ltr'><strong>nec</strong></span> <span class='ocrx_word' id='word_1_427' title='bbox 1465 5185 1551 5240; x_wconf 92' lang='lat' dir='ltr'><strong>illi</strong></span> <span class='ocrx_word' id='word_1_428' title='bbox 1581 5185 1649 5240; x_wconf 88' lang='lat' dir='ltr'><strong>ad</strong></span> <span class='ocrx_word' id='word_1_429' title='bbox 1679 5189 1801 5239; x_wconf 90' lang='lat' dir='ltr'><strong>tro-</strong></span> 
     </span>
    </p>
   </div>
   <div class='ocr_carea' id='block_1_57' title="bbox 86 5275 1802 5349">
    <p class='ocr_par' dir='ltr' id='par_1_57' title="bbox 86 5275 1802 5349">
     <span class='ocr_line' id='line_1_57' title="bbox 86 5275 1802 5349; baseline -0.003 -16"><span class='ocrx_word' id='word_1_430' title='bbox 86 5277 282 5333; x_wconf 87' lang='lat' dir='ltr'><strong>chaici</strong></span> <span class='ocrx_word' id='word_1_431' title='bbox 312 5277 412 5349; x_wconf 90' lang='lat' dir='ltr'><strong>qui</strong></span> <span class='ocrx_word' id='word_1_432' title='bbox 455 5292 551 5331; x_wconf 85' lang='lat' dir='ltr'><strong>sex</strong></span> <span class='ocrx_word' id='word_1_433' title='bbox 597 5276 918 5332; x_wconf 90' lang='lat' dir='ltr'><strong>tribrachos</strong></span> <span class='ocrx_word' id='word_1_434' title='bbox 946 5276 1178 5331; x_wconf 87' lang='lat' dir='ltr'><strong>habent.</strong></span> <span class='ocrx_word' id='word_1_435' title='bbox 1227 5277 1346 5330; x_wconf 87' lang='lat' dir='ltr'><strong>Huc</strong></span> <span class='ocrx_word' id='word_1_436' title='bbox 1383 5275 1615 5339; x_wconf 87' lang='lat' dir='ltr'><strong>accedit,</strong></span> <span class='ocrx_word' id='word_1_437' title='bbox 1667 5275 1802 5346; x_wconf 90' lang='lat' dir='ltr'><strong>quia</strong></span> 
     </span>
    </p>
   </div>
   <div class='ocr_carea' id='block_1_58' title="bbox 83 5363 1802 5436">
    <p class='ocr_par' dir='ltr' id='par_1_58' title="bbox 83 5363 1802 5436">
     <span class='ocr_line' id='line_1_58' title="bbox 83 5363 1802 5436; baseline -0.001 -16"><span class='ocrx_word' id='word_1_438' title='bbox 83 5365 151 5420; x_wconf 90' lang='lat' dir='ltr'><strong>in</strong></span> <span class='ocrx_word' id='word_1_439' title='bbox 183 5365 314 5420; x_wconf 90' lang='lat' dir='ltr'><strong>istis</strong></span> <span class='ocrx_word' id='word_1_440' title='bbox 347 5381 494 5436; x_wconf 91' lang='lat' dir='ltr'><strong>quos</strong></span> <span class='ocrx_word' id='word_1_441' title='bbox 525 5364 744 5419; x_wconf 63' lang='lat' dir='ltr'><strong>ceteris</strong></span> <span class='ocrx_word' id='word_1_442' title='bbox 787 5363 913 5435; x_wconf 90' lang='lat' dir='ltr'><strong>ipsa</strong></span> <span class='ocrx_word' id='word_1_443' title='bbox 938 5363 1084 5417; x_wconf 87' lang='lat' dir='ltr'><strong>ratio</strong></span> <span class='ocrx_word' id='word_1_444' title='bbox 1114 5364 1425 5435; x_wconf 68' lang='lat' dir='ltr'><strong>praeponit,</strong></span> <span class='ocrx_word' id='word_1_445' title='bbox 1466 5364 1514 5418; x_wconf 90' lang='lat' dir='ltr'><strong>si</strong></span> <span class='ocrx_word' id='word_1_446' title='bbox 1543 5364 1802 5418; x_wconf 91' lang='lat' dir='ltr'><strong>membra</strong></span> 
     </span>
    </p>
   </div>
   <div class='ocr_carea' id='block_1_59' title="bbox 85 5452 1799 5526">
    <p class='ocr_par' dir='ltr' id='par_1_59' title="bbox 85 5452 1799 5526">
     <span class='ocr_line' id='line_1_59' title="bbox 85 5452 1799 5526; baseline -0.001 -17"><span class='ocrx_word' id='word_1_447' title='bbox 85 5458 504 5526; x_wconf 66' lang='lat' dir='ltr'><strong>praeposteres,</strong></span> <span class='ocrx_word' id='word_1_448' title='bbox 539 5457 725 5507; x_wconf 90' lang='lat' dir='ltr'><strong>totum</strong></span> <span class='ocrx_word' id='word_1_449' title='bbox 755 5452 838 5507; x_wconf 90' lang='lat' dir='ltr'><strong>ita</strong></span> <span class='ocrx_word' id='word_1_450' title='bbox 861 5453 1328 5520; x_wconf 89' lang='lat' dir='ltr'><strong>commutabitur,</strong></span> <span class='ocrx_word' id='word_1_451' title='bbox 1360 5458 1424 5508; x_wconf 93' lang='lat' dir='ltr'><strong>ut</strong></span> <span class='ocrx_word' id='word_1_452' title='bbox 1450 5452 1593 5508; x_wconf 88' lang='lat' dir='ltr'><strong>alios</strong></span> <span class='ocrx_word' id='word_1_453' title='bbox 1622 5453 1799 5509; x_wconf 89' lang='lat' dir='ltr'><strong>etiam</strong></span> 
     </span>
    </p>
   </div>
   <div class='ocr_carea' id='block_1_60' title="bbox 158 5573 1059 5641">
    <p class='ocr_par' dir='ltr' id='par_1_60' title="bbox 158 5573 1059 5641">
     <span class='ocr_line' id='line_1_60' title="bbox 158 5573 1059 5641; baseline -0.008 -11"><span class='ocrx_word' id='word_1_454' title='bbox 158 5581 171 5614; x_wconf 79' lang='grc' dir='ltr'><strong>ι</strong></span> <span class='ocrx_word' id='word_1_455' title='bbox 201 5576 558 5641; x_wconf 81' lang='lat' dir='ltr'><strong>Impleantur,</strong></span> <span class='ocrx_word' id='word_1_456' title='bbox 583 5573 738 5637; x_wconf 87' lang='lat' dir='ltr'><strong>juxta</strong></span> <span class='ocrx_word' id='word_1_457' title='bbox 762 5573 924 5625; x_wconf 83' lang='lat' dir='ltr'><strong>Vatic.</strong></span> <span class='ocrx_word' id='word_1_458' title='bbox 992 5573 1059 5623; x_wconf 88' lang='grc' dir='ltr'><strong>Μ.</strong></span> 
     </span>
    </p>
   </div>
   <div class='ocr_carea' id='block_1_61' title="bbox 1543 286 2120 356">
    <p class='ocr_par' dir='ltr' id='par_1_61' title="bbox 1543 286 2120 356">
     <span class='ocr_line' id='line_1_61' title="bbox 1543 286 2120 356; baseline -0.003 -11"><span class='ocrx_word' id='word_1_459' title='bbox 1543 289 1758 345; x_wconf 81' lang='lat' dir='ltr'><strong>LIBER</strong></span> <span class='ocrx_word' id='word_1_460' title='bbox 1794 286 2120 356; x_wconf 81' lang='lat' dir='ltr'><strong>QUINTUS.</strong></span> 
     </span>
    </p>
   </div>
   <div class='ocr_carea' id='block_1_62' title="bbox 3448 298 3585 350">
    <p class='ocr_par' dir='ltr' id='par_1_62' title="bbox 3448 298 3585 350">
     <span class='ocr_line' id='line_1_62' title="bbox 3448 298 3585 350; baseline 0.022 -3"><span class='ocrx_word' id='word_1_461' title='bbox 3448 298 3585 350; x_wconf 81' lang='lat' dir='ltr'><strong>H58</strong></span> 
     </span>
    </p>
   </div>
   <div class='ocr_carea' id='block_1_63' title="bbox 1888 410 3587 489">
    <p class='ocr_par' dir='ltr' id='par_1_63' title="bbox 1888 410 3587 489">
     <span class='ocr_line' id='line_1_63' title="bbox 1888 410 3587 489; baseline 0.005 -25"><span class='ocrx_word' id='word_1_462' title='bbox 1888 410 2060 482; x_wconf 89' lang='lat' dir='ltr'><strong>pedes</strong></span> <span class='ocrx_word' id='word_1_463' title='bbox 2086 413 2398 466; x_wconf 88' lang='lat' dir='ltr'><strong>necessario</strong></span> <span class='ocrx_word' id='word_1_464' title='bbox 2429 413 2756 468; x_wconf 89' lang='lat' dir='ltr'><strong>metiamur.</strong></span> <span class='ocrx_word' id='word_1_465' title='bbox 2784 416 2980 485; x_wconf 90' lang='lat' dir='ltr'><strong>Itaque</strong></span> <span class='ocrx_word' id='word_1_466' title='bbox 3005 415 3587 489; x_wconf 87' lang='lat' dir='ltr'><strong>inconversibiliores,</strong></span> 
     </span>
    </p>
   </div>
   <div class='ocr_carea' id='block_1_64' title="bbox 1890 500 3586 576">
    <p class='ocr_par' dir='ltr' id='par_1_64' title="bbox 1890 500 3586 576">
     <span class='ocr_line' id='line_1_64' title="bbox 1890 500 3586 576; baseline 0.005 -22"><span class='ocrx_word' id='word_1_467' title='bbox 1890 506 1954 555; x_wconf 93' lang='lat' dir='ltr'><strong>ut</strong></span> <span class='ocrx_word' id='word_1_468' title='bbox 1981 500 2062 554; x_wconf 91' lang='lat' dir='ltr'><strong>ita</strong></span> <span class='ocrx_word' id='word_1_469' title='bbox 2091 500 2296 567; x_wconf 91' lang='lat' dir='ltr'><strong>dicam,</strong></span> <span class='ocrx_word' id='word_1_470' title='bbox 2339 508 2472 557; x_wconf 90' lang='lat' dir='ltr'><strong>sunt</strong></span> <span class='ocrx_word' id='word_1_471' title='bbox 2507 519 2681 574; x_wconf 90' lang='lat' dir='ltr'><strong>quam</strong></span> <span class='ocrx_word' id='word_1_472' title='bbox 2730 504 2812 558; x_wconf 91' lang='lat' dir='ltr'><strong>illi</strong></span> <span class='ocrx_word' id='word_1_473' title='bbox 2855 505 2954 576; x_wconf 90' lang='lat' dir='ltr'><strong>qui</strong></span> <span class='ocrx_word' id='word_1_474' title='bbox 2999 509 3097 559; x_wconf 92' lang='lat' dir='ltr'><strong>aut</strong></span> <span class='ocrx_word' id='word_1_475' title='bbox 3145 507 3410 560; x_wconf 89' lang='lat' dir='ltr'><strong>omnibus</strong></span> <span class='ocrx_word' id='word_1_476' title='bbox 3456 509 3586 563; x_wconf 91' lang='lat' dir='ltr'><strong>bre-</strong></span> 
     </span>
    </p>
   </div>
   <div class='ocr_carea' id='block_1_65' title="bbox 1891 589 3590 666">
    <p class='ocr_par' dir='ltr' id='par_1_65' title="bbox 1891 589 3590 666">
     <span class='ocr_line' id='line_1_65' title="bbox 1891 589 3590 666; baseline 0.005 -24"><span class='ocrx_word' id='word_1_477' title='bbox 1891 589 2072 652; x_wconf 91' lang='lat' dir='ltr'><strong>vibus,</strong></span> <span class='ocrx_word' id='word_1_478' title='bbox 2106 595 2206 644; x_wconf 87' lang='lat' dir='ltr'><strong>aut</strong></span> <span class='ocrx_word' id='word_1_479' title='bbox 2229 590 2416 660; x_wconf 89' lang='lat' dir='ltr'><strong>longis</strong></span> <span class='ocrx_word' id='word_1_480' title='bbox 2436 593 2702 647; x_wconf 91' lang='lat' dir='ltr'><strong>omnibus</strong></span> <span class='ocrx_word' id='word_1_481' title='bbox 2732 598 3012 648; x_wconf 88' lang='lat' dir='ltr'><strong>constant.</strong></span> <span class='ocrx_word' id='word_1_482' title='bbox 3039 595 3103 648; x_wconf 90' lang='lat' dir='ltr'><strong>Et</strong></span> <span class='ocrx_word' id='word_1_483' title='bbox 3125 594 3252 649; x_wconf 91' lang='lat' dir='ltr'><strong>ideo</strong></span> <span class='ocrx_word' id='word_1_484' title='bbox 3278 595 3394 650; x_wconf 91' lang='lat' dir='ltr'><strong>sive</strong></span> <span class='ocrx_word' id='word_1_485' title='bbox 3423 596 3590 666; x_wconf 91' lang='lat' dir='ltr'><strong>quin-</strong></span> 
     </span>
    </p>
   </div>
   <div class='ocr_carea' id='block_1_66' title="bbox 1891 679 3590 754">
    <p class='ocr_par' dir='ltr' id='par_1_66' title="bbox 1891 679 3590 754">
     <span class='ocr_line' id='line_1_66' title="bbox 1891 679 3590 754; baseline 0.004 -23"><span class='ocrx_word' id='word_1_486' title='bbox 1891 693 2002 747; x_wconf 90' lang='lat' dir='ltr'><strong>que</strong></span> <span class='ocrx_word' id='word_1_487' title='bbox 2042 682 2097 731; x_wconf 92' lang='lat' dir='ltr'><strong>et</strong></span> <span class='ocrx_word' id='word_1_488' title='bbox 2137 683 2376 748; x_wconf 88' lang='lat' dir='ltr'><strong>septem,</strong></span> <span class='ocrx_word' id='word_1_489' title='bbox 2412 679 2527 732; x_wconf 90' lang='lat' dir='ltr'><strong>sive</strong></span> <span class='ocrx_word' id='word_1_490' title='bbox 2567 686 2783 750; x_wconf 89' lang='lat' dir='ltr'><strong>septem</strong></span> <span class='ocrx_word' id='word_1_491' title='bbox 2812 687 2866 736; x_wconf 87' lang='lat' dir='ltr'><strong>et</strong></span> <span class='ocrx_word' id='word_1_492' title='bbox 2907 681 3162 753; x_wconf 91' lang='lat' dir='ltr'><strong>quinque</strong></span> <span class='ocrx_word' id='word_1_493' title='bbox 3202 683 3590 754; x_wconf 88' lang='lat' dir='ltr'><strong>semipedibus</strong></span> 
     </span>
    </p>
   </div>
   <div class='ocr_carea' id='block_1_67' title="bbox 1890 765 3654 839">
    <p class='ocr_par' dir='ltr' id='par_1_67' title="bbox 1890 765 3654 839">
     <span class='ocr_line' id='line_1_67' title="bbox 1890 765 3654 839; baseline 0.004 -20"><span class='ocrx_word' id='word_1_494' title='bbox 1890 766 2154 820; x_wconf 91' lang='lat' dir='ltr'><strong>membra</strong></span> <span class='ocrx_word' id='word_1_495' title='bbox 2203 765 2267 819; x_wconf 93' lang='lat' dir='ltr'><strong>in</strong></span> <span class='ocrx_word' id='word_1_496' title='bbox 2312 765 2402 820; x_wconf 87' lang='lat' dir='ltr'><strong>his</strong></span> <span class='ocrx_word' id='word_1_497' title='bbox 2447 770 2944 838; x_wconf 87' lang='lat' dir='ltr'><strong>temperatioribus</strong></span> <span class='ocrx_word' id='word_1_498' title='bbox 2991 771 3388 839; x_wconf 69' lang='lat' dir='ltr'><strong>ordinentur‘,</strong></span> <span class='ocrx_word' id='word_1_499' title='bbox 3444 773 3586 826; x_wconf 91' lang='lat' dir='ltr'><strong>nihil</strong></span> <span class='ocrx_word' id='word_1_500' title='bbox 3652 829 3654 834; x_wconf 62' lang='grc'>,</span> 
     </span>
    </p>
   </div>
   <div class='ocr_carea' id='block_1_68' title="bbox 1893 852 3589 924">
    <p class='ocr_par' dir='ltr' id='par_1_68' title="bbox 1893 852 3589 924">
     <span class='ocr_line' id='line_1_68' title="bbox 1893 852 3589 924; baseline 0.005 -18"><span class='ocrx_word' id='word_1_501' title='bbox 1893 852 2163 908; x_wconf 87' lang='lat' dir='ltr'><strong>interest:</strong></span> <span class='ocrx_word' id='word_1_502' title='bbox 2204 859 2408 908; x_wconf 90' lang='lat' dir='ltr'><strong>neutro</strong></span> <span class='ocrx_word' id='word_1_503' title='bbox 2439 854 2595 908; x_wconf 90' lang='lat' dir='ltr'><strong>enim</strong></span> <span class='ocrx_word' id='word_1_504' title='bbox 2633 856 2841 910; x_wconf 88' lang='lat' dir='ltr'><strong>horum</strong></span> <span class='ocrx_word' id='word_1_505' title='bbox 2882 859 3083 913; x_wconf 88' lang='lat' dir='ltr'><strong>ordine</strong></span> <span class='ocrx_word' id='word_1_506' title='bbox 3112 859 3366 913; x_wconf 88' lang='lat' dir='ltr'><strong>converti</strong></span> <span class='ocrx_word' id='word_1_507' title='bbox 3393 876 3589 924; x_wconf 83' lang='lat' dir='ltr'><strong>versus</strong></span> 
     </span>
    </p>
   </div>
   <div class='ocr_carea' id='block_1_69' title="bbox 1889 942 3586 1017">
    <p class='ocr_par' dir='ltr' id='par_1_69' title="bbox 1889 942 3586 1017">
     <span class='ocr_line' id='line_1_69' title="bbox 1889 942 3586 1017; baseline 0.005 -23"><span class='ocrx_word' id='word_1_508' title='bbox 1889 945 2076 1011; x_wconf 87' lang='lat' dir='ltr'><strong>potest</strong></span> <span class='ocrx_word' id='word_1_509' title='bbox 2106 942 2228 996; x_wconf 91' lang='lat' dir='ltr'><strong>sine</strong></span> <span class='ocrx_word' id='word_1_510' title='bbox 2257 947 2415 996; x_wconf 89' lang='lat' dir='ltr'><strong>tanta</strong></span> <span class='ocrx_word' id='word_1_511' title='bbox 2445 944 2914 1012; x_wconf 89' lang='lat' dir='ltr'><strong>commutatione,</strong></span> <span class='ocrx_word' id='word_1_512' title='bbox 2947 951 3010 1000; x_wconf 90' lang='lat' dir='ltr'><strong>ut</strong></span> <span class='ocrx_word' id='word_1_513' title='bbox 3037 946 3161 1000; x_wconf 86' lang='lat' dir='ltr'><strong>aliis</strong></span> <span class='ocrx_word' id='word_1_514' title='bbox 3191 948 3430 1017; x_wconf 90' lang='lat' dir='ltr'><strong>pedibus</strong></span> <span class='ocrx_word' id='word_1_515' title='bbox 3459 964 3586 1002; x_wconf 92' lang='lat' dir='ltr'><strong>cur-</strong></span> 
     </span>
    </p>
   </div>
   <div class='ocr_carea' id='block_1_70' title="bbox 1889 1031 3590 1107">
    <p class='ocr_par' dir='ltr' id='par_1_70' title="bbox 1889 1031 3590 1107">
     <span class='ocr_line' id='line_1_70' title="bbox 1889 1031 3590 1107; baseline 0.005 -23"><span class='ocrx_word' id='word_1_516' title='bbox 1889 1045 2015 1084; x_wconf 91' lang='lat' dir='ltr'><strong>rere</strong></span> <span class='ocrx_word' id='word_1_517' title='bbox 2054 1031 2331 1086; x_wconf 89' lang='lat' dir='ltr'><strong>videatur.</strong></span> <span class='ocrx_word' id='word_1_518' title='bbox 2367 1033 2430 1085; x_wconf 92' lang='lat' dir='ltr'><strong>In</strong></span> <span class='ocrx_word' id='word_1_519' title='bbox 2458 1031 2570 1085; x_wconf 86' lang='lat' dir='ltr'><strong>illis</strong></span> <span class='ocrx_word' id='word_1_520' title='bbox 2611 1037 2800 1086; x_wconf 91' lang='lat' dir='ltr'><strong>autem</strong></span> <span class='ocrx_word' id='word_1_521' title='bbox 2830 1033 2878 1086; x_wconf 87' lang='lat' dir='ltr'><strong>si</strong></span> <span class='ocrx_word' id='word_1_522' title='bbox 2907 1049 3136 1088; x_wconf 91' lang='lat' dir='ltr'><strong>carmen</strong></span> <span class='ocrx_word' id='word_1_523' title='bbox 3183 1041 3432 1107; x_wconf 68' lang='lat' dir='ltr'><strong>cos-ptum</strong></span> <span class='ocrx_word' id='word_1_524' title='bbox 3481 1038 3590 1092; x_wconf 92' lang='lat' dir='ltr'><strong>erit</strong></span> 
     </span>
    </p>
   </div>
   <div class='ocr_carea' id='block_1_71' title="bbox 1892 1118 3587 1194">
    <p class='ocr_par' dir='ltr' id='par_1_71' title="bbox 1892 1118 3587 1194">
     <span class='ocr_line' id='line_1_71' title="bbox 1892 1118 3587 1194; baseline 0.005 -23"><span class='ocrx_word' id='word_1_525' title='bbox 1892 1118 2096 1172; x_wconf 87' lang='lat' dir='ltr'><strong>talibus</strong></span> <span class='ocrx_word' id='word_1_526' title='bbox 2120 1119 2396 1187; x_wconf 88' lang='lat' dir='ltr'><strong>versibus,</strong></span> <span class='ocrx_word' id='word_1_527' title='bbox 2418 1136 2665 1191; x_wconf 89' lang='lat' dir='ltr'><strong>quorum</strong></span> <span class='ocrx_word' id='word_1_528' title='bbox 2693 1121 2884 1190; x_wconf 88' lang='lat' dir='ltr'><strong>priora</strong></span> <span class='ocrx_word' id='word_1_529' title='bbox 2906 1123 3162 1177; x_wconf 89' lang='lat' dir='ltr'><strong>membra</strong></span> <span class='ocrx_word' id='word_1_530' title='bbox 3189 1124 3397 1194; x_wconf 92' lang='lat' dir='ltr'><strong>quinos</strong></span> <span class='ocrx_word' id='word_1_531' title='bbox 3417 1127 3587 1180; x_wconf 87' lang='lat' dir='ltr'><strong>semi-</strong></span> 
     </span>
    </p>
   </div>
   <div class='ocr_carea' id='block_1_72' title="bbox 1891 1207 3588 1284">
    <p class='ocr_par' dir='ltr' id='par_1_72' title="bbox 1891 1207 3588 1284">
     <span class='ocr_line' id='line_1_72' title="bbox 1891 1207 3588 1284; baseline 0.005 -24"><span class='ocrx_word' id='word_1_532' title='bbox 1891 1207 2063 1277; x_wconf 90' lang='lat' dir='ltr'><strong>pedes</strong></span> <span class='ocrx_word' id='word_1_533' title='bbox 2101 1208 2368 1274; x_wconf 90' lang='lat' dir='ltr'><strong>habeant,</strong></span> <span class='ocrx_word' id='word_1_534' title='bbox 2415 1225 2534 1262; x_wconf 92' lang='lat' dir='ltr'><strong>non</strong></span> <span class='ocrx_word' id='word_1_535' title='bbox 2565 1214 2826 1279; x_wconf 89' lang='lat' dir='ltr'><strong>oporteat</strong></span> <span class='ocrx_word' id='word_1_536' title='bbox 2854 1226 2948 1264; x_wconf 92' lang='lat' dir='ltr'><strong>eos</strong></span> <span class='ocrx_word' id='word_1_537' title='bbox 2997 1210 3231 1266; x_wconf 89' lang='lat' dir='ltr'><strong>miscere</strong></span> <span class='ocrx_word' id='word_1_538' title='bbox 3274 1213 3332 1266; x_wconf 92' lang='lat' dir='ltr'><strong>in</strong></span> <span class='ocrx_word' id='word_1_539' title='bbox 3379 1215 3588 1284; x_wconf 90' lang='lat' dir='ltr'><strong>quibus</strong></span> 
     </span>
    </p>
   </div>
   <div class='ocr_carea' id='block_1_73' title="bbox 1891 1295 3584 1368">
    <p class='ocr_par' dir='ltr' id='par_1_73' title="bbox 1891 1295 3584 1368">
     <span class='ocr_line' id='line_1_73' title="bbox 1891 1295 3584 1368; baseline 0.005 -21"><span class='ocrx_word' id='word_1_540' title='bbox 1891 1295 2113 1365; x_wconf 91' lang='lat' dir='ltr'><strong>septeni</strong></span> <span class='ocrx_word' id='word_1_541' title='bbox 2132 1296 2351 1366; x_wconf 89' lang='lat' dir='ltr'><strong>priores</strong></span> <span class='ocrx_word' id='word_1_542' title='bbox 2374 1302 2525 1364; x_wconf 89' lang='lat' dir='ltr'><strong>sunt,</strong></span> <span class='ocrx_word' id='word_1_543' title='bbox 2560 1314 2630 1352; x_wconf 90' lang='lat' dir='ltr'><strong>ne</strong></span> <span class='ocrx_word' id='word_1_544' title='bbox 2652 1299 2774 1368; x_wconf 88' lang='lat' dir='ltr'><strong>jam</strong></span> <span class='ocrx_word' id='word_1_545' title='bbox 2804 1299 2972 1352; x_wconf 90' lang='lat' dir='ltr'><strong>liceat</strong></span> <span class='ocrx_word' id='word_1_546' title='bbox 2998 1315 3195 1353; x_wconf 91' lang='lat' dir='ltr'><strong>omnes</strong></span> <span class='ocrx_word' id='word_1_547' title='bbox 3223 1307 3584 1357; x_wconf 89' lang='lat' dir='ltr'><strong>convertere:</strong></span> 
     </span>
    </p>
   </div>
   <div class='ocr_carea' id='block_1_74' title="bbox 1890 1384 3589 1458">
    <p class='ocr_par' dir='ltr' id='par_1_74' title="bbox 1890 1384 3589 1458">
     <span class='ocr_line' id='line_1_74' title="bbox 1890 1384 3589 1458; baseline 0.004 -21"><span class='ocrx_word' id='word_1_548' title='bbox 1890 1400 2004 1437; x_wconf 92' lang='lat' dir='ltr'><strong>non</strong></span> <span class='ocrx_word' id='word_1_549' title='bbox 2035 1384 2190 1438; x_wconf 91' lang='lat' dir='ltr'><strong>enim</strong></span> <span class='ocrx_word' id='word_1_550' title='bbox 2217 1401 2248 1438; x_wconf 90' lang='lat' dir='ltr'><strong>a</strong></span> <span class='ocrx_word' id='word_1_551' title='bbox 2278 1385 2644 1440; x_wconf 90' lang='lat' dir='ltr'><strong>conversione</strong></span> <span class='ocrx_word' id='word_1_552' title='bbox 2679 1391 2904 1441; x_wconf 89' lang='lat' dir='ltr'><strong>revocat</strong></span> <span class='ocrx_word' id='word_1_553' title='bbox 2932 1388 3046 1441; x_wconf 92' lang='lat' dir='ltr'><strong>ulla</strong></span> <span class='ocrx_word' id='word_1_554' title='bbox 3081 1388 3294 1458; x_wconf 81' lang='lat' dir='ltr'><strong>pedum</strong></span> <span class='ocrx_word' id='word_1_555' title='bbox 3331 1405 3589 1444; x_wconf 91' lang='lat' dir='ltr'><strong>commu-</strong></span> 
     </span>
    </p>
   </div>
   <div class='ocr_carea' id='block_1_75' title="bbox 1891 1471 3593 1545">
    <p class='ocr_par' dir='ltr' id='par_1_75' title="bbox 1891 1471 3593 1545">
     <span class='ocr_line' id='line_1_75' title="bbox 1891 1471 3593 1545; baseline 0.005 -21"><span class='ocrx_word' id='word_1_556' title='bbox 1891 1471 2052 1525; x_wconf 89' lang='lat' dir='ltr'><strong>tatio.</strong></span> <span class='ocrx_word' id='word_1_557' title='bbox 2085 1473 2192 1527; x_wconf 90' lang='lat' dir='ltr'><strong>Sed</strong></span> <span class='ocrx_word' id='word_1_558' title='bbox 2223 1477 2415 1527; x_wconf 87' lang='lat' dir='ltr'><strong>tamen</strong></span> <span class='ocrx_word' id='word_1_559' title='bbox 2457 1473 2701 1527; x_wconf 87' lang='lat' dir='ltr'><strong>heroicis</strong></span> <span class='ocrx_word' id='word_1_560' title='bbox 2729 1475 3056 1528; x_wconf 88' lang='lat' dir='ltr'><strong>conceditur</strong></span> <span class='ocrx_word' id='word_1_561' title='bbox 3082 1476 3366 1545; x_wconf 90' lang='lat' dir='ltr'><strong>spondeos</strong></span> <span class='ocrx_word' id='word_1_562' title='bbox 3395 1494 3593 1532; x_wconf 91' lang='lat' dir='ltr'><strong>omnes</strong></span> 
     </span>
    </p>
   </div>
   <div class='ocr_carea' id='block_1_76' title="bbox 1890 1558 3592 1632">
    <p class='ocr_par' dir='ltr' id='par_1_76' title="bbox 1890 1558 3592 1632">
     <span class='ocr_line' id='line_1_76' title="bbox 1890 1558 3592 1632; baseline 0.003 -21"><span class='ocrx_word' id='word_1_563' title='bbox 1890 1558 2180 1612; x_wconf 89' lang='lat' dir='ltr'><strong>rarissime</strong></span> <span class='ocrx_word' id='word_1_564' title='bbox 2226 1559 2610 1629; x_wconf 90' lang='lat' dir='ltr'><strong>interponere,</strong></span> <span class='ocrx_word' id='word_1_565' title='bbox 2654 1561 2808 1631; x_wconf 92' lang='lat' dir='ltr'><strong>quod</strong></span> <span class='ocrx_word' id='word_1_566' title='bbox 2851 1561 3086 1632; x_wconf 90' lang='lat' dir='ltr'><strong>quidem</strong></span> <span class='ocrx_word' id='word_1_567' title='bbox 3128 1563 3410 1632; x_wconf 89' lang='lat' dir='ltr'><strong>posterior</strong></span> <span class='ocrx_word' id='word_1_568' title='bbox 3454 1570 3592 1618; x_wconf 72' lang='lat' dir='ltr'><strong>mtas</strong></span> 
     </span>
    </p>
   </div>
   <div class='ocr_carea' id='block_1_77' title="bbox 1890 1647 3593 1719">
    <p class='ocr_par' dir='ltr' id='par_1_77' title="bbox 1890 1647 3593 1719">
     <span class='ocr_line' id='line_1_77' title="bbox 1890 1647 3593 1719; baseline 0.004 -19"><span class='ocrx_word' id='word_1_569' title='bbox 1890 1647 2012 1701; x_wconf 65' lang='lat' dir='ltr'><strong>haec</strong></span> <span class='ocrx_word' id='word_1_570' title='bbox 2051 1651 2246 1701; x_wconf 90' lang='lat' dir='ltr'><strong>nostra</strong></span> <span class='ocrx_word' id='word_1_571' title='bbox 2282 1648 2522 1702; x_wconf 90' lang='lat' dir='ltr'><strong>minime</strong></span> <span class='ocrx_word' id='word_1_572' title='bbox 2564 1649 2842 1719; x_wconf 88' lang='lat' dir='ltr'><strong>probavit.</strong></span> <span class='ocrx_word' id='word_1_573' title='bbox 2893 1650 3214 1704; x_wconf 88' lang='lat' dir='ltr'><strong>Trochaicis</strong></span> <span class='ocrx_word' id='word_1_574' title='bbox 3250 1660 3440 1706; x_wconf 88' lang='lat' dir='ltr'><strong>autem</strong></span> <span class='ocrx_word' id='word_1_575' title='bbox 3477 1651 3593 1706; x_wconf 82' lang='lat' dir='ltr'><strong>sive</strong></span> 
     </span>
    </p>
   </div>
   <div class='ocr_carea' id='block_1_78' title="bbox 1891 1735 3592 1809">
    <p class='ocr_par' dir='ltr' id='par_1_78' title="bbox 1891 1735 3592 1809">
     <span class='ocr_line' id='line_1_78' title="bbox 1891 1735 3592 1809; baseline 0.004 -21"><span class='ocrx_word' id='word_1_576' title='bbox 1891 1735 2173 1805; x_wconf 88' lang='lat' dir='ltr'><strong>iambicis,</strong></span> <span class='ocrx_word' id='word_1_577' title='bbox 2200 1753 2330 1790; x_wconf 92' lang='lat' dir='ltr'><strong>cum</strong></span> <span class='ocrx_word' id='word_1_578' title='bbox 2356 1737 2562 1807; x_wconf 91' lang='lat' dir='ltr'><strong>pedem</strong></span> <span class='ocrx_word' id='word_1_579' title='bbox 2589 1737 2940 1792; x_wconf 90' lang='lat' dir='ltr'><strong>tribrachum</strong></span> <span class='ocrx_word' id='word_1_580' title='bbox 2970 1738 3228 1809; x_wconf 88' lang='lat' dir='ltr'><strong>quolibet</strong></span> <span class='ocrx_word' id='word_1_581' title='bbox 3255 1741 3376 1794; x_wconf 91' lang='lat' dir='ltr'><strong>loco</strong></span> <span class='ocrx_word' id='word_1_582' title='bbox 3407 1741 3592 1794; x_wconf 88' lang='lat' dir='ltr'><strong>inter-</strong></span> 
     </span>
    </p>
   </div>
   <div class='ocr_carea' id='block_1_79' title="bbox 1891 1824 3592 1896">
    <p class='ocr_par' dir='ltr' id='par_1_79' title="bbox 1891 1824 3592 1896">
     <span class='ocr_line' id='line_1_79' title="bbox 1891 1824 3592 1896; baseline 0.004 -19"><span class='ocrx_word' id='word_1_583' title='bbox 1891 1839 2106 1894; x_wconf 89' lang='lat' dir='ltr'><strong>ponere</strong></span> <span class='ocrx_word' id='word_1_584' title='bbox 2129 1824 2314 1892; x_wconf 90' lang='lat' dir='ltr'><strong>liceat,</strong></span> <span class='ocrx_word' id='word_1_585' title='bbox 2343 1825 2553 1880; x_wconf 89' lang='lat' dir='ltr'><strong>habere</strong></span> <span class='ocrx_word' id='word_1_586' title='bbox 2583 1829 2777 1880; x_wconf 89' lang='lat' dir='ltr'><strong>tamen</strong></span> <span class='ocrx_word' id='word_1_587' title='bbox 2807 1827 2867 1880; x_wconf 92' lang='lat' dir='ltr'><strong>in</strong></span> <span class='ocrx_word' id='word_1_588' title='bbox 2894 1827 3294 1896; x_wconf 89' lang='lat' dir='ltr'><strong>hujuscemodi</strong></span> <span class='ocrx_word' id='word_1_589' title='bbox 3321 1829 3592 1883; x_wconf 84' lang='lat' dir='ltr'><strong>carmini-</strong></span> 
     </span>
    </p>
   </div>
   <div class='ocr_carea' id='block_1_80' title="bbox 1891 1911 3593 1987">
    <p class='ocr_par' dir='ltr' id='par_1_80' title="bbox 1891 1911 3593 1987">
     <span class='ocr_line' id='line_1_80' title="bbox 1891 1911 3593 1987; baseline 0.005 -23"><span class='ocrx_word' id='word_1_590' title='bbox 1891 1911 1998 1965; x_wconf 90' lang='lat' dir='ltr'><strong>bus</strong></span> <span class='ocrx_word' id='word_1_591' title='bbox 2029 1928 2254 1966; x_wconf 89' lang='lat' dir='ltr'><strong>versum</strong></span> <span class='ocrx_word' id='word_1_592' title='bbox 2297 1913 2549 1966; x_wconf 92' lang='lat' dir='ltr'><strong>solutum</strong></span> <span class='ocrx_word' id='word_1_593' title='bbox 2593 1913 2653 1967; x_wconf 92' lang='lat' dir='ltr'><strong>in</strong></span> <span class='ocrx_word' id='word_1_594' title='bbox 2692 1930 2891 1968; x_wconf 91' lang='lat' dir='ltr'><strong>omnes</strong></span> <span class='ocrx_word' id='word_1_595' title='bbox 2930 1914 3146 1983; x_wconf 87' lang='lat' dir='ltr'><strong>breves,</strong></span> <span class='ocrx_word' id='word_1_596' title='bbox 3194 1917 3593 1987; x_wconf 89' lang='lat' dir='ltr'><strong>turpissimum</strong></span> 
     </span>
    </p>
   </div>
   <div class='ocr_carea' id='block_1_81' title="bbox 1884 1999 2338 2070">
    <p class='ocr_par' dir='ltr' id='par_1_81' title="bbox 1884 1999 2338 2070">
     <span class='ocr_line' id='line_1_81' title="bbox 1884 1999 2338 2070; baseline 0.004 -17"><span class='ocrx_word' id='word_1_597' title='bbox 1884 1999 2206 2070; x_wconf 88' lang='lat' dir='ltr'><strong>judicatum</strong></span> <span class='ocrx_word' id='word_1_598' title='bbox 2233 2005 2338 2056; x_wconf 89' lang='lat' dir='ltr'><strong>est.</strong></span> 
     </span>
    </p>
   </div>
   <div class='ocr_carea' id='block_1_82' title="bbox 1963 2088 3592 2163">
    <p class='ocr_par' dir='ltr' id='par_1_82' title="bbox 1963 2088 3592 2163">
     <span class='ocr_line' id='line_1_82' title="bbox 1963 2088 3592 2163; baseline 0.004 -21"><span class='ocrx_word' id='word_1_599' title='bbox 1963 2091 2052 2143; x_wconf 90' lang='lat'><strong>22.</strong></span> <span class='ocrx_word' id='word_1_600' title='bbox 2085 2089 2339 2144; x_wconf 81' lang='lat' dir='ltr'><strong>Remotis</strong></span> <span class='ocrx_word' id='word_1_601' title='bbox 2365 2088 2543 2159; x_wconf 89' lang='lat' dir='ltr'><strong>igitur</strong></span> <span class='ocrx_word' id='word_1_602' title='bbox 2571 2089 2813 2160; x_wconf 90' lang='lat' dir='ltr'><strong>epitritis</strong></span> <span class='ocrx_word' id='word_1_603' title='bbox 2842 2091 3085 2161; x_wconf 88' lang='lat' dir='ltr'><strong>pedibus</strong></span> <span class='ocrx_word' id='word_1_604' title='bbox 3110 2108 3144 2146; x_wconf 91' lang='lat' dir='ltr'><strong>a</strong></span> <span class='ocrx_word' id='word_1_605' title='bbox 3170 2092 3295 2163; x_wconf 89' lang='lat' dir='ltr'><strong>lege</strong></span> <span class='ocrx_word' id='word_1_606' title='bbox 3324 2109 3592 2149; x_wconf 90' lang='lat' dir='ltr'><strong>versuum</strong></span> 
     </span>
    </p>
   </div>
   <div class='ocr_carea' id='block_1_83' title="bbox 1894 2177 3593 2254">
    <p class='ocr_par' dir='ltr' id='par_1_83' title="bbox 1894 2177 3593 2254">
     <span class='ocr_line' id='line_1_83' title="bbox 1894 2177 3593 2254; baseline 0.004 -23"><span class='ocrx_word' id='word_1_607' title='bbox 1894 2177 2134 2245; x_wconf 89' lang='lat' dir='ltr'><strong>senaria,</strong></span> <span class='ocrx_word' id='word_1_608' title='bbox 2167 2194 2282 2232; x_wconf 91' lang='lat' dir='ltr'><strong>non</strong></span> <span class='ocrx_word' id='word_1_609' title='bbox 2314 2178 2500 2232; x_wconf 90' lang='lat' dir='ltr'><strong>solum</strong></span> <span class='ocrx_word' id='word_1_610' title='bbox 2535 2178 2691 2248; x_wconf 90' lang='lat' dir='ltr'><strong>quod</strong></span> <span class='ocrx_word' id='word_1_611' title='bbox 2722 2179 2923 2233; x_wconf 68' lang='lat' dir='ltr'><strong>solutae</strong></span> <span class='ocrx_word' id='word_1_612' title='bbox 2952 2179 3197 2234; x_wconf 88' lang='lat' dir='ltr'><strong>orationi</strong></span> <span class='ocrx_word' id='word_1_613' title='bbox 3233 2186 3369 2236; x_wconf 91' lang='lat' dir='ltr'><strong>sunt</strong></span> <span class='ocrx_word' id='word_1_614' title='bbox 3397 2182 3593 2254; x_wconf 83' lang='lat' dir='ltr'><strong>aptio-</strong></span> 
     </span>
    </p>
   </div>
   <div class='ocr_carea' id='block_1_84' title="bbox 1891 2265 3598 2339">
    <p class='ocr_par' dir='ltr' id='par_1_84' title="bbox 1891 2265 3598 2339">
     <span class='ocr_line' id='line_1_84' title="bbox 1891 2265 3598 2339; baseline 0.002 -17"><span class='ocrx_word' id='word_1_615' title='bbox 1891 2281 1983 2322; x_wconf 89' lang='lat' dir='ltr'><strong>res</strong></span> <span class='ocrx_word' id='word_1_616' title='bbox 2014 2282 2213 2321; x_wconf 90' lang='lat' dir='ltr'><strong>verum</strong></span> <span class='ocrx_word' id='word_1_617' title='bbox 2259 2265 2433 2321; x_wconf 88' lang='lat' dir='ltr'><strong>etiam</strong></span> <span class='ocrx_word' id='word_1_618' title='bbox 2465 2266 2621 2338; x_wconf 87' lang='lat' dir='ltr'><strong>quod</strong></span> <span class='ocrx_word' id='word_1_619' title='bbox 2655 2265 2703 2320; x_wconf 90' lang='lat' dir='ltr'><strong>si</strong></span> <span class='ocrx_word' id='word_1_620' title='bbox 2735 2283 2828 2321; x_wconf 89' lang='lat' dir='ltr'><strong>sex</strong></span> <span class='ocrx_word' id='word_1_621' title='bbox 2861 2266 3092 2334; x_wconf 85' lang='lat' dir='ltr'><strong>fuerint,</strong></span> <span class='ocrx_word' id='word_1_622' title='bbox 3127 2268 3364 2339; x_wconf 89' lang='lat' dir='ltr'><strong>triginta</strong></span> <span class='ocrx_word' id='word_1_623' title='bbox 3387 2275 3444 2324; x_wconf 90' lang='lat' dir='ltr'><strong>et</strong></span> <span class='ocrx_word' id='word_1_624' title='bbox 3482 2271 3598 2326; x_wconf 92' lang='lat' dir='ltr'><strong>duo</strong></span> 
     </span>
    </p>
   </div>
   <div class='ocr_carea' id='block_1_85' title="bbox 1895 2354 3596 2426">
    <p class='ocr_par' dir='ltr' id='par_1_85' title="bbox 1895 2354 3596 2426">
     <span class='ocr_line' id='line_1_85' title="bbox 1895 2354 3596 2426; baseline 0.002 -16"><span class='ocrx_word' id='word_1_625' title='bbox 1895 2361 2158 2425; x_wconf 83' lang='lat' dir='ltr'><strong>tempora</strong></span> <span class='ocrx_word' id='word_1_626' title='bbox 2203 2354 2507 2422; x_wconf 88' lang='lat' dir='ltr'><strong>excedunt,</strong></span> <span class='ocrx_word' id='word_1_627' title='bbox 2555 2354 2702 2409; x_wconf 91' lang='lat' dir='ltr'><strong>sicut</strong></span> <span class='ocrx_word' id='word_1_628' title='bbox 2750 2355 3084 2426; x_wconf 90' lang='lat' dir='ltr'><strong>dispondei;</strong></span> <span class='ocrx_word' id='word_1_629' title='bbox 3135 2356 3366 2412; x_wconf 90' lang='lat' dir='ltr'><strong>remotis</strong></span> <span class='ocrx_word' id='word_1_630' title='bbox 3423 2358 3596 2413; x_wconf 89' lang='lat' dir='ltr'><strong>etiam</strong></span> 
     </span>
    </p>
   </div>
   <div class='ocr_carea' id='block_1_86' title="bbox 1895 2444 3592 2514">
    <p class='ocr_par' dir='ltr' id='par_1_86' title="bbox 1895 2444 3592 2514">
     <span class='ocr_line' id='line_1_86' title="bbox 1895 2444 3592 2514; baseline 0.003 -18"><span class='ocrx_word' id='word_1_631' title='bbox 1895 2444 2137 2514; x_wconf 90' lang='lat' dir='ltr'><strong>quinum</strong></span> <span class='ocrx_word' id='word_1_632' title='bbox 2157 2448 2478 2514; x_wconf 87' lang='lat' dir='ltr'><strong>temporum</strong></span> <span class='ocrx_word' id='word_1_633' title='bbox 2505 2444 2770 2514; x_wconf 91' lang='lat' dir='ltr'><strong>pedibus,</strong></span> <span class='ocrx_word' id='word_1_634' title='bbox 2800 2444 2952 2514; x_wconf 87' lang='lat' dir='ltr'><strong>quod</strong></span> <span class='ocrx_word' id='word_1_635' title='bbox 2978 2444 3087 2498; x_wconf 89' lang='lat' dir='ltr'><strong>sibi</strong></span> <span class='ocrx_word' id='word_1_636' title='bbox 3116 2461 3214 2499; x_wconf 90' lang='lat' dir='ltr'><strong>eos</strong></span> <span class='ocrx_word' id='word_1_637' title='bbox 3239 2446 3504 2501; x_wconf 89' lang='lat' dir='ltr'><strong>libentius</strong></span> <span class='ocrx_word' id='word_1_638' title='bbox 3527 2447 3592 2502; x_wconf 89' lang='lat' dir='ltr'><strong>ad</strong></span> 
     </span>
    </p>
   </div>
   <div class='ocr_carea' id='block_1_87' title="bbox 1895 2532 3601 2599">
    <p class='ocr_par' dir='ltr' id='par_1_87' title="bbox 1895 2532 3601 2599">
     <span class='ocr_line' id='line_1_87' title="bbox 1895 2532 3601 2599; baseline 0.002 -14"><span class='ocrx_word' id='word_1_639' title='bbox 1895 2532 2176 2586; x_wconf 89' lang='lat' dir='ltr'><strong>clausulas</strong></span> <span class='ocrx_word' id='word_1_640' title='bbox 2203 2532 2508 2586; x_wconf 87' lang='lat' dir='ltr'><strong>vindicavit</strong></span> <span class='ocrx_word' id='word_1_641' title='bbox 2537 2533 2749 2599; x_wconf 88' lang='lat' dir='ltr'><strong>oratio;</strong></span> <span class='ocrx_word' id='word_1_642' title='bbox 2773 2532 3034 2587; x_wconf 88' lang='lat' dir='ltr'><strong>molossis</strong></span> <span class='ocrx_word' id='word_1_643' title='bbox 3054 2533 3192 2587; x_wconf 90' lang='lat' dir='ltr'><strong>item</strong></span> <span class='ocrx_word' id='word_1_644' title='bbox 3219 2538 3275 2587; x_wconf 91' lang='lat' dir='ltr'><strong>et</strong></span> <span class='ocrx_word' id='word_1_645' title='bbox 3303 2534 3427 2588; x_wconf 90' lang='lat' dir='ltr'><strong>aliis</strong></span> <span class='ocrx_word' id='word_1_646' title='bbox 3457 2541 3601 2589; x_wconf 88' lang='lat' dir='ltr'><strong>tem-</strong></span> 
     </span>
    </p>
   </div>
   <div class='ocr_carea' id='block_1_88' title="bbox 1895 2621 3598 2691">
    <p class='ocr_par' dir='ltr' id='par_1_88' title="bbox 1895 2621 3598 2691">
     <span class='ocr_line' id='line_1_88' title="bbox 1895 2621 3598 2691; baseline 0.003 -18"><span class='ocrx_word' id='word_1_647' title='bbox 1895 2636 2104 2691; x_wconf 90' lang='lat' dir='ltr'><strong>porum</strong></span> <span class='ocrx_word' id='word_1_648' title='bbox 2133 2637 2354 2686; x_wconf 91' lang='lat' dir='ltr'><strong>senum,</strong></span> <span class='ocrx_word' id='word_1_649' title='bbox 2389 2621 2648 2691; x_wconf 90' lang='lat' dir='ltr'><strong>quamvis</strong></span> <span class='ocrx_word' id='word_1_650' title='bbox 2676 2621 2737 2675; x_wconf 92' lang='lat' dir='ltr'><strong>in</strong></span> <span class='ocrx_word' id='word_1_651' title='bbox 2764 2621 3047 2691; x_wconf 88' lang='lat' dir='ltr'><strong>poematis</strong></span> <span class='ocrx_word' id='word_1_652' title='bbox 3087 2622 3485 2678; x_wconf 87' lang='lat' dir='ltr'><strong>venustissime</strong></span> <span class='ocrx_word' id='word_1_653' title='bbox 3515 2623 3598 2678; x_wconf 85' lang='lat' dir='ltr'><strong>vi-</strong></span> 
     </span>
    </p>
   </div>
   <div class='ocr_carea' id='block_1_89' title="bbox 1897 2709 3599 2783">
    <p class='ocr_par' dir='ltr' id='par_1_89' title="bbox 1897 2709 3599 2783">
     <span class='ocr_line' id='line_1_89' title="bbox 1897 2709 3599 2783; baseline 0.003 -21"><span class='ocrx_word' id='word_1_654' title='bbox 1897 2714 2089 2780; x_wconf 85' lang='lat' dir='ltr'><strong>geant,</strong></span> <span class='ocrx_word' id='word_1_655' title='bbox 2120 2709 2190 2763; x_wconf 91' lang='lat' dir='ltr'><strong>ab</strong></span> <span class='ocrx_word' id='word_1_656' title='bbox 2221 2711 2328 2763; x_wconf 88' lang='lat' dir='ltr'><strong>hoc</strong></span> <span class='ocrx_word' id='word_1_657' title='bbox 2349 2709 2416 2764; x_wconf 91' lang='lat' dir='ltr'><strong>de</strong></span> <span class='ocrx_word' id='word_1_658' title='bbox 2445 2726 2558 2780; x_wconf 91' lang='lat' dir='ltr'><strong>quo</strong></span> <span class='ocrx_word' id='word_1_659' title='bbox 2589 2726 2740 2764; x_wconf 92' lang='lat' dir='ltr'><strong>nunc</strong></span> <span class='ocrx_word' id='word_1_660' title='bbox 2769 2710 2992 2781; x_wconf 89' lang='lat' dir='ltr'><strong>agimus</strong></span> <span class='ocrx_word' id='word_1_661' title='bbox 3014 2727 3254 2766; x_wconf 87' lang='lat' dir='ltr'><strong>numero</strong></span> <span class='ocrx_word' id='word_1_662' title='bbox 3275 2717 3599 2783; x_wconf 89' lang='lat' dir='ltr'><strong>temporum</strong></span> 
     </span>
    </p>
   </div>
   <div class='ocr_carea' id='block_1_90' title="bbox 1899 2797 3599 2870">
    <p class='ocr_par' dir='ltr' id='par_1_90' title="bbox 1899 2797 3599 2870">
     <span class='ocr_line' id='line_1_90' title="bbox 1899 2797 3599 2870; baseline 0.003 -19"><span class='ocrx_word' id='word_1_663' title='bbox 1899 2797 2173 2864; x_wconf 82' lang='lat' dir='ltr'><strong>exclusis;</strong></span> <span class='ocrx_word' id='word_1_664' title='bbox 2202 2802 2422 2852; x_wconf 87' lang='lat' dir='ltr'><strong>restant</strong></span> <span class='ocrx_word' id='word_1_665' title='bbox 2446 2814 2642 2852; x_wconf 89' lang='lat' dir='ltr'><strong>versus</strong></span> <span class='ocrx_word' id='word_1_666' title='bbox 2663 2798 2923 2853; x_wconf 90' lang='lat' dir='ltr'><strong>omnium</strong></span> <span class='ocrx_word' id='word_1_667' title='bbox 2947 2799 3205 2854; x_wconf 89' lang='lat' dir='ltr'><strong>brevium</strong></span> <span class='ocrx_word' id='word_1_668' title='bbox 3227 2802 3599 2870; x_wconf 90' lang='lat' dir='ltr'><strong>syllabarum,</strong></span> 
     </span>
    </p>
   </div>
   <div class='ocr_carea' id='block_1_91' title="bbox 1899 2886 3601 2957">
    <p class='ocr_par' dir='ltr' id='par_1_91' title="bbox 1899 2886 3601 2957">
     <span class='ocr_line' id='line_1_91' title="bbox 1899 2886 3601 2957; baseline 0.002 -17"><span class='ocrx_word' id='word_1_669' title='bbox 1899 2886 2000 2957; x_wconf 90' lang='lat' dir='ltr'><strong>qui</strong></span> <span class='ocrx_word' id='word_1_670' title='bbox 2029 2886 2117 2941; x_wconf 90' lang='lat' dir='ltr'><strong>vel</strong></span> <span class='ocrx_word' id='word_1_671' title='bbox 2146 2886 2504 2957; x_wconf 89' lang='lat' dir='ltr'><strong>pyrrhichios</strong></span> <span class='ocrx_word' id='word_1_672' title='bbox 2523 2888 2610 2940; x_wconf 91' lang='lat' dir='ltr'><strong>vel</strong></span> <span class='ocrx_word' id='word_1_673' title='bbox 2632 2887 3141 2956; x_wconf 89' lang='lat' dir='ltr'><strong>proceleumaticos</strong></span> <span class='ocrx_word' id='word_1_674' title='bbox 3171 2888 3257 2942; x_wconf 91' lang='lat' dir='ltr'><strong>vel</strong></span> <span class='ocrx_word' id='word_1_675' title='bbox 3284 2889 3601 2943; x_wconf 88' lang='lat' dir='ltr'><strong>tribrachos</strong></span> 
     </span>
    </p>
   </div>
   <div class='ocr_carea' id='block_1_92' title="bbox 1897 2975 3600 3048">
    <p class='ocr_par' dir='ltr' id='par_1_92' title="bbox 1897 2975 3600 3048">
     <span class='ocr_line' id='line_1_92' title="bbox 1897 2975 3600 3048; baseline 0.001 -20"><span class='ocrx_word' id='word_1_676' title='bbox 1897 2975 2131 3042; x_wconf 91' lang='lat' dir='ltr'><strong>habent,</strong></span> <span class='ocrx_word' id='word_1_677' title='bbox 2154 2978 2211 3028; x_wconf 90' lang='lat' dir='ltr'><strong>et</strong></span> <span class='ocrx_word' id='word_1_678' title='bbox 2237 2975 2497 3029; x_wconf 90' lang='lat' dir='ltr'><strong>omnium</strong></span> <span class='ocrx_word' id='word_1_679' title='bbox 2514 2976 2820 3046; x_wconf 85' lang='lat' dir='ltr'><strong>longarum</strong></span> <span class='ocrx_word' id='word_1_680' title='bbox 2837 2975 2937 3046; x_wconf 92' lang='lat' dir='ltr'><strong>qui</strong></span> <span class='ocrx_word' id='word_1_681' title='bbox 2957 2976 3264 3046; x_wconf 89' lang='lat' dir='ltr'><strong>spondeos.</strong></span> <span class='ocrx_word' id='word_1_682' title='bbox 3293 2976 3399 3040; x_wconf 92' lang='lat' dir='ltr'><strong>Qui</strong></span> <span class='ocrx_word' id='word_1_683' title='bbox 3419 2994 3600 3048; x_wconf 89' lang='lat' dir='ltr'><strong>quan-</strong></span> 
     </span>
    </p>
   </div>
   <div class='ocr_carea' id='block_1_93' title="bbox 1899 3062 3604 3135">
    <p class='ocr_par' dir='ltr' id='par_1_93' title="bbox 1899 3062 3604 3135">
     <span class='ocr_line' id='line_1_93' title="bbox 1899 3062 3604 3135; baseline 0.002 -19"><span class='ocrx_word' id='word_1_684' title='bbox 1899 3079 2074 3134; x_wconf 87' lang='lat' dir='ltr'><strong>quam</strong></span> <span class='ocrx_word' id='word_1_685' title='bbox 2105 3063 2478 3118; x_wconf 89' lang='lat' dir='ltr'><strong>admittantur</strong></span> <span class='ocrx_word' id='word_1_686' title='bbox 2501 3064 2572 3118; x_wconf 90' lang='lat' dir='ltr'><strong>ad</strong></span> <span class='ocrx_word' id='word_1_687' title='bbox 2599 3062 2889 3118; x_wconf 90' lang='lat' dir='ltr'><strong>senarium</strong></span> <span class='ocrx_word' id='word_1_688' title='bbox 2914 3064 3170 3131; x_wconf 90' lang='lat' dir='ltr'><strong>modum,</strong></span> <span class='ocrx_word' id='word_1_689' title='bbox 3223 3064 3488 3135; x_wconf 90' lang='lat' dir='ltr'><strong>dignitati</strong></span> <span class='ocrx_word' id='word_1_690' title='bbox 3519 3071 3604 3119; x_wconf 86' lang='lat' dir='ltr'><strong>ta-</strong></span> 
     </span>
    </p>
   </div>
   <div class='ocr_carea' id='block_1_94' title="bbox 1899 3151 3602 3226">
    <p class='ocr_par' dir='ltr' id='par_1_94' title="bbox 1899 3151 3602 3226">
     <span class='ocr_line' id='line_1_94' title="bbox 1899 3151 3602 3226; baseline 0.002 -22"><span class='ocrx_word' id='word_1_691' title='bbox 1899 3167 2030 3205; x_wconf 90' lang='lat' dir='ltr'><strong>men</strong></span> <span class='ocrx_word' id='word_1_692' title='bbox 2060 3155 2119 3205; x_wconf 90' lang='lat' dir='ltr'><strong>et</strong></span> <span class='ocrx_word' id='word_1_693' title='bbox 2143 3151 2548 3222; x_wconf 88' lang='lat' dir='ltr'><strong>temperationi</strong></span> <span class='ocrx_word' id='word_1_694' title='bbox 2587 3153 2799 3206; x_wconf 90' lang='lat' dir='ltr'><strong>horum</strong></span> <span class='ocrx_word' id='word_1_695' title='bbox 2830 3151 2930 3223; x_wconf 88' lang='lat' dir='ltr'><strong>qui</strong></span> <span class='ocrx_word' id='word_1_696' title='bbox 2972 3152 3245 3206; x_wconf 90' lang='lat' dir='ltr'><strong>brevibus</strong></span> <span class='ocrx_word' id='word_1_697' title='bbox 3302 3153 3602 3226; x_wconf 90' lang='lat' dir='ltr'><strong>longisque</strong></span> 
     </span>
    </p>
   </div>
   <div class='ocr_carea' id='block_1_95' title="bbox 1900 3239 3600 3313">
    <p class='ocr_par' dir='ltr' id='par_1_95' title="bbox 1900 3239 3600 3313">
     <span class='ocr_line' id='line_1_95' title="bbox 1900 3239 3600 3313; baseline 0.003 -21"><span class='ocrx_word' id='word_1_698' title='bbox 1900 3239 2230 3307; x_wconf 84' lang='lat' dir='ltr'><strong>variantur;</strong></span> <span class='ocrx_word' id='word_1_699' title='bbox 2262 3244 2318 3295; x_wconf 93' lang='lat' dir='ltr'><strong>et</strong></span> <span class='ocrx_word' id='word_1_700' title='bbox 2343 3239 2413 3294; x_wconf 88' lang='lat' dir='ltr'><strong>ob</strong></span> <span class='ocrx_word' id='word_1_701' title='bbox 2445 3241 2553 3295; x_wconf 89' lang='lat' dir='ltr'><strong>hoc</strong></span> <span class='ocrx_word' id='word_1_702' title='bbox 2584 3241 2768 3296; x_wconf 89' lang='lat' dir='ltr'><strong>multo</strong></span> <span class='ocrx_word' id='word_1_703' title='bbox 2811 3239 3003 3295; x_wconf 90' lang='lat' dir='ltr'><strong>minus</strong></span> <span class='ocrx_word' id='word_1_704' title='bbox 3050 3242 3302 3296; x_wconf 89' lang='lat' dir='ltr'><strong>converti</strong></span> <span class='ocrx_word' id='word_1_705' title='bbox 3342 3247 3600 3313; x_wconf 90' lang='lat' dir='ltr'><strong>possunt,</strong></span> 
     </span>
    </p>
   </div>
   <div class='ocr_carea' id='block_1_96' title="bbox 1901 3328 2486 3383">
    <p class='ocr_par' dir='ltr' id='par_1_96' title="bbox 1901 3328 2486 3383">
     <span class='ocr_line' id='line_1_96' title="bbox 1901 3328 2486 3383; baseline 0.002 -1"><span class='ocrx_word' id='word_1_706' title='bbox 1901 3328 2106 3382; x_wconf 89' lang='lat' dir='ltr'><strong>cedant</strong></span> <span class='ocrx_word' id='word_1_707' title='bbox 2133 3344 2362 3383; x_wconf 91' lang='lat' dir='ltr'><strong>necesse</strong></span> <span class='ocrx_word' id='word_1_708' title='bbox 2385 3333 2486 3383; x_wconf 91' lang='lat' dir='ltr'><strong>est.</strong></span> 
     </span>
    </p>
   </div>
   <div class='ocr_carea' id='block_1_97' title="bbox 1939 3410 3565 3485">
    <p class='ocr_par' dir='ltr' id='par_1_97' title="bbox 1939 3410 3565 3485">
     <span class='ocr_line' id='line_1_97' title="bbox 1939 3410 3565 3485; baseline 0.001 -14"><span class='ocrx_word' id='word_1_709' title='bbox 1939 3418 2163 3472; x_wconf 86' lang='lat' dir='ltr'><strong>CAPUT</strong></span> <span class='ocrx_word' id='word_1_710' title='bbox 2188 3418 2279 3472; x_wconf 82' lang='lat' dir='ltr'><strong>XI.</strong></span> <span class='ocrx_word' id='word_1_711' title='bbox 2303 3447 2371 3456; x_wconf 93' lang='lat'><em>—</em></span> <span class='ocrx_word' id='word_1_712' title='bbox 2400 3418 2620 3473; x_wconf 81' lang='lat' dir='ltr'><strong>Senarii</strong></span> <span class='ocrx_word' id='word_1_713' title='bbox 2639 3418 2903 3485; x_wconf 88' lang='lat' dir='ltr'><strong>quomodo</strong></span> <span class='ocrx_word' id='word_1_714' title='bbox 2938 3419 3265 3474; x_wconf 83' lang='lat' dir='ltr'><strong>commodius</strong></span> <span class='ocrx_word' id='word_1_715' title='bbox 3288 3410 3565 3475; x_wconf 66' lang='lat' dir='ltr'><strong>metiendi.</strong></span> 
     </span>
    </p>
   </div>
   <div class='ocr_carea' id='block_1_98' title="bbox 1973 3505 3606 3578">
    <p class='ocr_par' dir='ltr' id='par_1_98' title="bbox 1973 3505 3606 3578">
     <span class='ocr_line' id='line_1_98' title="bbox 1973 3505 3606 3578; baseline 0 -18"><span class='ocrx_word' id='word_1_716' title='bbox 1973 3508 2062 3560; x_wconf 88' lang='lat'><strong>23.</strong></span> <span class='ocrx_word' id='word_1_717' title='bbox 2096 3505 2206 3559; x_wconf 91' lang='lat' dir='ltr'><strong>Sed</strong></span> <span class='ocrx_word' id='word_1_718' title='bbox 2235 3505 2416 3575; x_wconf 54' lang='lat' dir='ltr'><strong>quaeri</strong></span> <span class='ocrx_word' id='word_1_719' title='bbox 2454 3509 2644 3575; x_wconf 89' lang='lat' dir='ltr'><strong>potest</strong></span> <span class='ocrx_word' id='word_1_720' title='bbox 2696 3521 2798 3559; x_wconf 90' lang='lat' dir='ltr'><strong>cur</strong></span> <span class='ocrx_word' id='word_1_721' title='bbox 2828 3505 3092 3560; x_wconf 90' lang='lat' dir='ltr'><strong>meliores</strong></span> <span class='ocrx_word' id='word_1_722' title='bbox 3125 3523 3320 3561; x_wconf 88' lang='lat' dir='ltr'><strong>versus</strong></span> <span class='ocrx_word' id='word_1_723' title='bbox 3369 3507 3606 3578; x_wconf 90' lang='lat' dir='ltr'><strong>judicati</strong></span> 
     </span>
    </p>
   </div>
   <div class='ocr_carea' id='block_1_99' title="bbox 1904 3592 3604 3664">
    <p class='ocr_par' dir='ltr' id='par_1_99' title="bbox 1904 3592 3604 3664">
     <span class='ocr_line' id='line_1_99' title="bbox 1904 3592 3604 3664; baseline 0.002 -18"><span class='ocrx_word' id='word_1_724' title='bbox 1904 3592 2018 3648; x_wconf 90' lang='lat' dir='ltr'><strong>sint</strong></span> <span class='ocrx_word' id='word_1_725' title='bbox 2049 3593 2282 3662; x_wconf 88' lang='lat' dir='ltr'><strong>senarii,</strong></span> <span class='ocrx_word' id='word_1_726' title='bbox 2308 3593 2370 3647; x_wconf 90' lang='lat' dir='ltr'><strong>in</strong></span> <span class='ocrx_word' id='word_1_727' title='bbox 2400 3593 2608 3664; x_wconf 88' lang='lat' dir='ltr'><strong>quibus</strong></span> <span class='ocrx_word' id='word_1_728' title='bbox 2659 3599 3016 3664; x_wconf 72' lang='lat' dir='ltr'><strong>anapaestum</strong></span> <span class='ocrx_word' id='word_1_729' title='bbox 3068 3595 3292 3649; x_wconf 88' lang='lat' dir='ltr'><strong>subtilis</strong></span> <span class='ocrx_word' id='word_1_730' title='bbox 3334 3596 3433 3650; x_wconf 91' lang='lat' dir='ltr'><strong>illa</strong></span> <span class='ocrx_word' id='word_1_731' title='bbox 3459 3595 3604 3650; x_wconf 90' lang='lat' dir='ltr'><strong>ratio</strong></span> 
     </span>
    </p>
   </div>
   <div class='ocr_carea' id='block_1_100' title="bbox 1903 3680 3602 3754">
    <p class='ocr_par' dir='ltr' id='par_1_100' title="bbox 1903 3680 3602 3754">
     <span class='ocr_line' id='line_1_100' title="bbox 1903 3680 3602 3754; baseline 0.002 -20"><span class='ocrx_word' id='word_1_732' title='bbox 1903 3681 2159 3746; x_wconf 90' lang='lat' dir='ltr'><strong>metitur,</strong></span> <span class='ocrx_word' id='word_1_733' title='bbox 2201 3685 2256 3734; x_wconf 91' lang='lat' dir='ltr'><strong>et</strong></span> <span class='ocrx_word' id='word_1_734' title='bbox 2274 3681 2315 3733; x_wconf 92' lang='lat' dir='ltr'><strong>ii</strong></span> <span class='ocrx_word' id='word_1_735' title='bbox 2335 3680 2396 3733; x_wconf 91' lang='lat' dir='ltr'><strong>in</strong></span> <span class='ocrx_word' id='word_1_736' title='bbox 2425 3681 2632 3750; x_wconf 89' lang='lat' dir='ltr'><strong>quibus</strong></span> <span class='ocrx_word' id='word_1_737' title='bbox 2659 3681 2972 3735; x_wconf 64' lang='lat' dir='ltr'><strong>trochaeum</strong></span> <span class='ocrx_word' id='word_1_738' title='bbox 3003 3701 3018 3747; x_wconf 90' lang='lat'><strong>;</strong></span> <span class='ocrx_word' id='word_1_739' title='bbox 3049 3699 3220 3752; x_wconf 87' lang='lat' dir='ltr'><strong>quam</strong></span> <span class='ocrx_word' id='word_1_740' title='bbox 3245 3682 3291 3736; x_wconf 90' lang='lat' dir='ltr'><strong>si</strong></span> <span class='ocrx_word' id='word_1_741' title='bbox 3313 3683 3602 3754; x_wconf 84' lang='lat' dir='ltr'><strong>dactylum</strong></span> 
     </span>
    </p>
   </div>
   <div class='ocr_carea' id='block_1_101' title="bbox 1906 3767 3602 3840">
    <p class='ocr_par' dir='ltr' id='par_1_101' title="bbox 1906 3767 3602 3840">
     <span class='ocr_line' id='line_1_101' title="bbox 1906 3767 3602 3840; baseline 0.002 -18"><span class='ocrx_word' id='word_1_742' title='bbox 1906 3769 2004 3837; x_wconf 91' lang='lat' dir='ltr'><strong>ibi,</strong></span> <span class='ocrx_word' id='word_1_743' title='bbox 2033 3773 2088 3822; x_wconf 89' lang='lat' dir='ltr'><strong>et</strong></span> <span class='ocrx_word' id='word_1_744' title='bbox 2114 3768 2206 3822; x_wconf 90' lang='lat' dir='ltr'><strong>hic</strong></span> <span class='ocrx_word' id='word_1_745' title='bbox 2235 3767 2490 3822; x_wconf 92' lang='lat' dir='ltr'><strong>iambum</strong></span> <span class='ocrx_word' id='word_1_746' title='bbox 2521 3768 2841 3823; x_wconf 90' lang='lat' dir='ltr'><strong>metiretur.</strong></span> <span class='ocrx_word' id='word_1_747' title='bbox 2895 3769 3026 3824; x_wconf 91' lang='lat' dir='ltr'><strong>Sine</strong></span> <span class='ocrx_word' id='word_1_748' title='bbox 3083 3770 3416 3840; x_wconf 76' lang='lat' dir='ltr'><strong>przejudicio</strong></span> <span class='ocrx_word' id='word_1_749' title='bbox 3448 3771 3602 3826; x_wconf 89' lang='lat' dir='ltr'><strong>enim</strong></span> 
     </span>
    </p>
   </div>
   <div class='ocr_carea' id='block_1_102' title="bbox 1904 3857 3601 3929">
    <p class='ocr_par' dir='ltr' id='par_1_102' title="bbox 1904 3857 3601 3929">
     <span class='ocr_line' id='line_1_102' title="bbox 1904 3857 3601 3929; baseline 0 -16"><span class='ocrx_word' id='word_1_750' title='bbox 1904 3857 2221 3925; x_wconf 65' lang='lat' dir='ltr'><strong>sententias,</strong></span> <span class='ocrx_word' id='word_1_751' title='bbox 2253 3857 2524 3928; x_wconf 90' lang='lat' dir='ltr'><strong>quoniam</strong></span> <span class='ocrx_word' id='word_1_752' title='bbox 2553 3872 2706 3910; x_wconf 91' lang='lat' dir='ltr'><strong>nunc</strong></span> <span class='ocrx_word' id='word_1_753' title='bbox 2733 3858 2801 3911; x_wconf 90' lang='lat' dir='ltr'><strong>de</strong></span> <span class='ocrx_word' id='word_1_754' title='bbox 2840 3858 3096 3913; x_wconf 84' lang='lat' dir='ltr'><strong>numeris</strong></span> <span class='ocrx_word' id='word_1_755' title='bbox 3124 3858 3368 3929; x_wconf 91' lang='lat' dir='ltr'><strong>agimus,</strong></span> <span class='ocrx_word' id='word_1_756' title='bbox 3401 3859 3449 3913; x_wconf 92' lang='lat' dir='ltr'><strong>si</strong></span> <span class='ocrx_word' id='word_1_757' title='bbox 3478 3876 3601 3913; x_wconf 90' lang='lat' dir='ltr'><strong>ver-</strong></span> 
     </span>
    </p>
   </div>
   <div class='ocr_carea' id='block_1_103' title="bbox 1905 3946 3604 4017">
    <p class='ocr_par' dir='ltr' id='par_1_103' title="bbox 1905 3946 3604 4017">
     <span class='ocr_line' id='line_1_103' title="bbox 1905 3946 3604 4017; baseline 0 -16"><span class='ocrx_word' id='word_1_758' title='bbox 1905 3963 2000 4001; x_wconf 90' lang='lat' dir='ltr'><strong>sus</strong></span> <span class='ocrx_word' id='word_1_759' title='bbox 2030 3946 2108 4000; x_wconf 90' lang='lat' dir='ltr'><strong>ita</strong></span> <span class='ocrx_word' id='word_1_760' title='bbox 2137 3954 2284 4000; x_wconf 88' lang='lat' dir='ltr'><strong>esset</strong></span> <span class='ocrx_word' id='word_1_761' title='bbox 2310 3961 2323 3999; x_wconf 93' lang='lat'><strong>:</strong></span> <span class='ocrx_word' id='word_1_762' title='bbox 2361 3946 2534 4014; x_wconf 73' lang='lat' dir='ltr'><strong>Trojae</strong></span> <span class='ocrx_word' id='word_1_763' title='bbox 2563 3947 2659 4015; x_wconf 86' lang='lat' dir='ltr'><strong>qui</strong></span> <span class='ocrx_word' id='word_1_764' title='bbox 2677 3947 2890 4015; x_wconf 81' lang='lat' dir='ltr'><strong>pri-mus</strong></span> <span class='ocrx_word' id='word_1_765' title='bbox 2913 3946 2979 3999; x_wconf 90' lang='lat' dir='ltr'><strong>ab</strong></span> <span class='ocrx_word' id='word_1_766' title='bbox 3009 3949 3120 4001; x_wconf 88' lang='lat' dir='ltr'><strong>o-ris</strong></span> <span class='ocrx_word' id='word_1_767' title='bbox 3141 3963 3297 4001; x_wconf 86' lang='lat' dir='ltr'><strong>arma</strong></span> <span class='ocrx_word' id='word_1_768' title='bbox 3320 3951 3604 4017; x_wconf 82' lang='lat' dir='ltr'><strong>virumque</strong></span> 
     </span>
    </p>
   </div>
   <div class='ocr_carea' id='block_1_104' title="bbox 1903 4033 3604 4106">
    <p class='ocr_par' dir='ltr' id='par_1_104' title="bbox 1903 4033 3604 4106">
     <span class='ocr_line' id='line_1_104' title="bbox 1903 4033 3604 4106; baseline 0.001 -17"><span class='ocrx_word' id='word_1_769' title='bbox 1903 4051 2056 4101; x_wconf 85' lang='lat' dir='ltr'><strong>cano,</strong></span> <span class='ocrx_word' id='word_1_770' title='bbox 2085 4035 2174 4089; x_wconf 86' lang='lat' dir='ltr'><strong>vel</strong></span> <span class='ocrx_word' id='word_1_771' title='bbox 2202 4034 2271 4089; x_wconf 90' lang='lat' dir='ltr'><strong>de</strong></span> <span class='ocrx_word' id='word_1_772' title='bbox 2301 4033 2400 4088; x_wconf 91' lang='lat' dir='ltr'><strong>illo</strong></span> <span class='ocrx_word' id='word_1_773' title='bbox 2445 4049 2690 4104; x_wconf 89' lang='lat' dir='ltr'><strong>genere:</strong></span> <span class='ocrx_word' id='word_1_774' title='bbox 2728 4035 2832 4100; x_wconf 83' lang='lat' dir='ltr'><strong>Qui</strong></span> <span class='ocrx_word' id='word_1_775' title='bbox 2852 4037 3046 4104; x_wconf 80' lang='lat' dir='ltr'><strong>procul</strong></span> <span class='ocrx_word' id='word_1_776' title='bbox 3069 4037 3210 4090; x_wconf 89' lang='lat' dir='ltr'><strong>malo</strong></span> <span class='ocrx_word' id='word_1_777' title='bbox 3250 4039 3380 4106; x_wconf 81' lang='lat' dir='ltr'><strong>pius</strong></span> <span class='ocrx_word' id='word_1_778' title='bbox 3420 4037 3604 4092; x_wconf 87' lang='lat' dir='ltr'><strong>beatus</strong></span> 
     </span>
    </p>
   </div>
   <div class='ocr_carea' id='block_1_105' title="bbox 1905 4122 3604 4194">
    <p class='ocr_par' dir='ltr' id='par_1_105' title="bbox 1905 4122 3604 4194">
     <span class='ocr_line' id='line_1_105' title="bbox 1905 4122 3604 4194; baseline -0.001 -15"><span class='ocrx_word' id='word_1_779' title='bbox 1905 4125 2032 4189; x_wconf 86' lang='lat' dir='ltr'><strong>ille;</strong></span> <span class='ocrx_word' id='word_1_780' title='bbox 2063 4128 2306 4194; x_wconf 90' lang='lat' dir='ltr'><strong>uterque</strong></span> <span class='ocrx_word' id='word_1_781' title='bbox 2337 4122 2546 4176; x_wconf 91' lang='lat' dir='ltr'><strong>horum</strong></span> <span class='ocrx_word' id='word_1_782' title='bbox 2585 4138 2690 4176; x_wconf 92' lang='lat' dir='ltr'><strong>nec</strong></span> <span class='ocrx_word' id='word_1_783' title='bbox 2717 4122 2910 4176; x_wconf 89' lang='lat' dir='ltr'><strong>minus</strong></span> <span class='ocrx_word' id='word_1_784' title='bbox 2961 4123 3220 4177; x_wconf 88' lang='lat' dir='ltr'><strong>senarius</strong></span> <span class='ocrx_word' id='word_1_785' title='bbox 3274 4128 3438 4185; x_wconf 89' lang='lat' dir='ltr'><strong>esset,</strong></span> <span class='ocrx_word' id='word_1_786' title='bbox 3501 4141 3604 4179; x_wconf 90' lang='lat' dir='ltr'><strong>nec</strong></span> 
     </span>
    </p>
   </div>
   <div class='ocr_carea' id='block_1_106' title="bbox 1905 4211 3603 4282">
    <p class='ocr_par' dir='ltr' id='par_1_106' title="bbox 1905 4211 3603 4282">
     <span class='ocr_line' id='line_1_106' title="bbox 1905 4211 3603 4282; baseline 0.001 -15"><span class='ocrx_word' id='word_1_787' title='bbox 1905 4213 2096 4267; x_wconf 90' lang='lat' dir='ltr'><strong>minus</strong></span> <span class='ocrx_word' id='word_1_788' title='bbox 2109 4211 2367 4266; x_wconf 91' lang='lat' dir='ltr'><strong>brevium</strong></span> <span class='ocrx_word' id='word_1_789' title='bbox 2384 4212 2799 4282; x_wconf 90' lang='lat' dir='ltr'><strong>longarumque</strong></span> <span class='ocrx_word' id='word_1_790' title='bbox 2823 4211 3169 4282; x_wconf 87' lang='lat' dir='ltr'><strong>syllabarum</strong></span> <span class='ocrx_word' id='word_1_791' title='bbox 3191 4212 3603 4282; x_wconf 87' lang='lat' dir='ltr'><strong>temperatione</strong></span> 
     </span>
    </p>
   </div>
   <div class='ocr_carea' id='block_1_107' title="bbox 1906 4298 3603 4372">
    <p class='ocr_par' dir='ltr' id='par_1_107' title="bbox 1906 4298 3603 4372">
     <span class='ocr_line' id='line_1_107' title="bbox 1906 4298 3603 4372; baseline -0.001 -15"><span class='ocrx_word' id='word_1_792' title='bbox 1906 4302 2260 4364; x_wconf 87' lang='lat' dir='ltr'><strong>moderatus,</strong></span> <span class='ocrx_word' id='word_1_793' title='bbox 2286 4316 2391 4354; x_wconf 90' lang='lat' dir='ltr'><strong>nec</strong></span> <span class='ocrx_word' id='word_1_794' title='bbox 2420 4298 2603 4370; x_wconf 88' lang='lat' dir='ltr'><strong>magis</strong></span> <span class='ocrx_word' id='word_1_795' title='bbox 2624 4299 2878 4354; x_wconf 89' lang='lat' dir='ltr'><strong>converti</strong></span> <span class='ocrx_word' id='word_1_796' title='bbox 2899 4304 3161 4370; x_wconf 88' lang='lat' dir='ltr'><strong>poterat;</strong></span> <span class='ocrx_word' id='word_1_797' title='bbox 3198 4308 3253 4354; x_wconf 92' lang='lat' dir='ltr'><strong>et</strong></span> <span class='ocrx_word' id='word_1_798' title='bbox 3280 4301 3340 4354; x_wconf 90' lang='lat' dir='ltr'><strong>in</strong></span> <span class='ocrx_word' id='word_1_799' title='bbox 3362 4305 3603 4372; x_wconf 86' lang='lat' dir='ltr'><strong>utroque</strong></span> 
     </span>
    </p>
   </div>
   <div class='ocr_carea' id='block_1_108' title="bbox 1907 4388 3604 4461">
    <p class='ocr_par' dir='ltr' id='par_1_108' title="bbox 1907 4388 3604 4461">
     <span class='ocr_line' id='line_1_108' title="bbox 1907 4388 3604 4461; baseline 0.001 -17"><span class='ocrx_word' id='word_1_800' title='bbox 1907 4389 2165 4444; x_wconf 91' lang='lat' dir='ltr'><strong>membra</strong></span> <span class='ocrx_word' id='word_1_801' title='bbox 2187 4389 2266 4444; x_wconf 90' lang='lat' dir='ltr'><strong>ita</strong></span> <span class='ocrx_word' id='word_1_802' title='bbox 2296 4388 2558 4444; x_wconf 88' lang='lat' dir='ltr'><strong>ordinata</strong></span> <span class='ocrx_word' id='word_1_803' title='bbox 2586 4393 2738 4453; x_wconf 89' lang='lat' dir='ltr'><strong>sunt,</strong></span> <span class='ocrx_word' id='word_1_804' title='bbox 2773 4394 2836 4443; x_wconf 87' lang='lat' dir='ltr'><strong>ut</strong></span> <span class='ocrx_word' id='word_1_805' title='bbox 2863 4394 2917 4443; x_wconf 92' lang='lat' dir='ltr'><strong>et</strong></span> <span class='ocrx_word' id='word_1_806' title='bbox 2945 4389 3004 4443; x_wconf 92' lang='lat' dir='ltr'><strong>in</strong></span> <span class='ocrx_word' id='word_1_807' title='bbox 3036 4389 3238 4460; x_wconf 91' lang='lat' dir='ltr'><strong>quinto</strong></span> <span class='ocrx_word' id='word_1_808' title='bbox 3265 4395 3320 4444; x_wconf 91' lang='lat' dir='ltr'><strong>et</strong></span> <span class='ocrx_word' id='word_1_809' title='bbox 3348 4390 3408 4444; x_wconf 92' lang='lat' dir='ltr'><strong>in</strong></span> <span class='ocrx_word' id='word_1_810' title='bbox 3429 4390 3604 4461; x_wconf 86' lang='lat' dir='ltr'><strong>septi-</strong></span> 
     </span>
    </p>
   </div>
   <div class='ocr_carea' id='block_1_109' title="bbox 1907 4477 3603 4549">
    <p class='ocr_par' dir='ltr' id='par_1_109' title="bbox 1907 4477 3603 4549">
     <span class='ocr_line' id='line_1_109' title="bbox 1907 4477 3603 4549; baseline 0.001 -17"><span class='ocrx_word' id='word_1_811' title='bbox 1907 4493 2002 4532; x_wconf 91' lang='lat' dir='ltr'><strong>mo</strong></span> <span class='ocrx_word' id='word_1_812' title='bbox 2059 4477 2349 4548; x_wconf 91' lang='lat' dir='ltr'><strong>semipede</strong></span> <span class='ocrx_word' id='word_1_813' title='bbox 2400 4494 2532 4548; x_wconf 90' lang='lat' dir='ltr'><strong>pars</strong></span> <span class='ocrx_word' id='word_1_814' title='bbox 2587 4478 2864 4532; x_wconf 86' lang='lat' dir='ltr'><strong>orationis</strong></span> <span class='ocrx_word' id='word_1_815' title='bbox 2913 4478 3286 4533; x_wconf 79' lang='lat' dir='ltr'><strong>terminatur:</strong></span> <span class='ocrx_word' id='word_1_816' title='bbox 3337 4495 3437 4533; x_wconf 91' lang='lat' dir='ltr'><strong>cur</strong></span> <span class='ocrx_word' id='word_1_817' title='bbox 3469 4495 3603 4549; x_wconf 83' lang='lat' dir='ltr'><strong>ergo</strong></span> 
     </span>
    </p>
   </div>
   <div class='ocr_carea' id='block_1_110' title="bbox 1907 4565 3603 4637">
    <p class='ocr_par' dir='ltr' id='par_1_110' title="bbox 1907 4565 3603 4637">
     <span class='ocr_line' id='line_1_110' title="bbox 1907 4565 3603 4637; baseline 0.002 -17"><span class='ocrx_word' id='word_1_818' title='bbox 1907 4565 2177 4620; x_wconf 85' lang='lat' dir='ltr'><strong>meliores</strong></span> <span class='ocrx_word' id='word_1_819' title='bbox 2206 4565 2329 4621; x_wconf 89' lang='lat' dir='ltr'><strong>istis</strong></span> <span class='ocrx_word' id='word_1_820' title='bbox 2359 4570 2655 4636; x_wconf 91' lang='lat' dir='ltr'><strong>putentur,</strong></span> <span class='ocrx_word' id='word_1_821' title='bbox 2691 4566 2738 4620; x_wconf 92' lang='lat' dir='ltr'><strong>si</strong></span> <span class='ocrx_word' id='word_1_822' title='bbox 2763 4566 2952 4637; x_wconf 91' lang='lat' dir='ltr'><strong>potius</strong></span> <span class='ocrx_word' id='word_1_823' title='bbox 3008 4567 3086 4620; x_wconf 90' lang='lat' dir='ltr'><strong>ita</strong></span> <span class='ocrx_word' id='word_1_824' title='bbox 3140 4567 3272 4636; x_wconf 93' lang='lat' dir='ltr'><strong>sint,</strong></span> <span class='ocrx_word' id='word_1_825' title='bbox 3304 4569 3478 4623; x_wconf 83' lang='lat' dir='ltr'><strong>Arma</strong></span> <span class='ocrx_word' id='word_1_826' title='bbox 3518 4572 3603 4623; x_wconf 85' lang='lat' dir='ltr'><strong>vi-</strong></span> 
     </span>
    </p>
   </div>
   <div class='ocr_carea' id='block_1_111' title="bbox 1905 4655 3608 4727">
    <p class='ocr_par' dir='ltr' id='par_1_111' title="bbox 1905 4655 3608 4727">
     <span class='ocr_line' id='line_1_111' title="bbox 1905 4655 3608 4727; baseline 0.002 -19"><span class='ocrx_word' id='word_1_827' title='bbox 1905 4671 2132 4723; x_wconf 86' lang='lat' dir='ltr'><strong>rumque</strong></span> <span class='ocrx_word' id='word_1_828' title='bbox 2154 4670 2304 4722; x_wconf 87' lang='lat' dir='ltr'><strong>cano,</strong></span> <span class='ocrx_word' id='word_1_829' title='bbox 2333 4655 2511 4724; x_wconf 73' lang='lat' dir='ltr'><strong>Trojav</strong></span> <span class='ocrx_word' id='word_1_830' title='bbox 2537 4657 2635 4725; x_wconf 88' lang='lat' dir='ltr'><strong>qui</strong></span> <span class='ocrx_word' id='word_1_831' title='bbox 2657 4657 2870 4724; x_wconf 84' lang='lat' dir='ltr'><strong>primus</strong></span> <span class='ocrx_word' id='word_1_832' title='bbox 2914 4656 2982 4709; x_wconf 88' lang='lat' dir='ltr'><strong>ab</strong></span> <span class='ocrx_word' id='word_1_833' title='bbox 3015 4658 3147 4710; x_wconf 88' lang='lat' dir='ltr'><strong>oris.</strong></span> <span class='ocrx_word' id='word_1_834' title='bbox 3185 4659 3382 4712; x_wconf 88' lang='lat' dir='ltr'><strong>Beatus</strong></span> <span class='ocrx_word' id='word_1_835' title='bbox 3401 4659 3491 4712; x_wconf 86' lang='lat' dir='ltr'><strong>ille</strong></span> <span class='ocrx_word' id='word_1_836' title='bbox 3511 4661 3608 4727; x_wconf 85' lang='lat' dir='ltr'><strong>qui</strong></span> 
     </span>
    </p>
   </div>
   <div class='ocr_carea' id='block_1_112' title="bbox 1901 4743 3605 4816">
    <p class='ocr_par' dir='ltr' id='par_1_112' title="bbox 1901 4743 3605 4816">
     <span class='ocr_line' id='line_1_112' title="bbox 1901 4743 3605 4816; baseline 0.002 -19"><span class='ocrx_word' id='word_1_837' title='bbox 1901 4745 2094 4813; x_wconf 79' lang='lat' dir='ltr'><strong>procul</strong></span> <span class='ocrx_word' id='word_1_838' title='bbox 2114 4746 2241 4812; x_wconf 84' lang='lat' dir='ltr'><strong>pius</strong></span> <span class='ocrx_word' id='word_1_839' title='bbox 2264 4744 2402 4797; x_wconf 89' lang='lat' dir='ltr'><strong>malo</strong></span> <span class='ocrx_word' id='word_1_840' title='bbox 2428 4743 2456 4798; x_wconf 80' lang='lat'><strong><em>?</em></strong></span> <span class='ocrx_word' id='word_1_841' title='bbox 2486 4745 2553 4798; x_wconf 93' lang='lat' dir='ltr'><strong>In</strong></span> <span class='ocrx_word' id='word_1_842' title='bbox 2575 4759 2688 4815; x_wconf 90' lang='lat' dir='ltr'><strong>qua</strong></span> <span class='ocrx_word' id='word_1_843' title='bbox 2710 4744 3031 4815; x_wconf 86' lang='lat' dir='ltr'><strong>quaestione</strong></span> <span class='ocrx_word' id='word_1_844' title='bbox 3059 4744 3282 4799; x_wconf 86' lang='lat' dir='ltr'><strong>facilius</strong></span> <span class='ocrx_word' id='word_1_845' title='bbox 3311 4750 3368 4800; x_wconf 91' lang='lat' dir='ltr'><strong>et</strong></span> <span class='ocrx_word' id='word_1_846' title='bbox 3397 4747 3605 4816; x_wconf 86' lang='lat' dir='ltr'><strong>procli-</strong></span> 
     </span>
    </p>
   </div>
   <div class='ocr_carea' id='block_1_113' title="bbox 1905 4819 3603 4903">
    <p class='ocr_par' dir='ltr' id='par_1_113' title="bbox 1905 4819 3603 4903">
     <span class='ocr_line' id='line_1_113' title="bbox 1905 4819 3603 4903; baseline 0.002 -18"><span class='ocrx_word' id='word_1_847' title='bbox 1905 4832 2031 4886; x_wconf 89' lang='lat' dir='ltr'><strong>vius</strong></span> <span class='ocrx_word' id='word_1_848' title='bbox 2061 4831 2301 4886; x_wconf 84' lang='lat' dir='ltr'><strong>dixerim</strong></span> <span class='ocrx_word' id='word_1_849' title='bbox 2331 4832 2476 4886; x_wconf 88' lang='lat' dir='ltr'><strong>forte</strong></span> <span class='ocrx_word' id='word_1_850' title='bbox 2508 4831 2784 4899; x_wconf 89' lang='lat' dir='ltr'><strong>evenisse,</strong></span> <span class='ocrx_word' id='word_1_851' title='bbox 2812 4836 2877 4886; x_wconf 92' lang='lat' dir='ltr'><strong>ut</strong></span> <span class='ocrx_word' id='word_1_852' title='bbox 2903 4831 2998 4886; x_wconf 91' lang='lat' dir='ltr'><strong>isti</strong></span> <span class='ocrx_word' id='word_1_853' title='bbox 3027 4832 3190 4903; x_wconf 89' lang='lat' dir='ltr'><strong>prius</strong></span> <span class='ocrx_word' id='word_1_854' title='bbox 3244 4819 3603 4890; x_wconf 84' lang='lat' dir='ltr'><strong>animadver-</strong></span> 
     </span>
    </p>
   </div>
   <div class='ocr_carea' id='block_1_114' title="bbox 1908 4919 3606 4990">
    <p class='ocr_par' dir='ltr' id='par_1_114' title="bbox 1908 4919 3606 4990">
     <span class='ocr_line' id='line_1_114' title="bbox 1908 4919 3606 4990; baseline 0.001 -15"><span class='ocrx_word' id='word_1_855' title='bbox 1908 4925 2169 4975; x_wconf 90' lang='lat' dir='ltr'><strong>terentur</strong></span> <span class='ocrx_word' id='word_1_856' title='bbox 2199 4923 2254 4974; x_wconf 93' lang='lat' dir='ltr'><strong>et</strong></span> <span class='ocrx_word' id='word_1_857' title='bbox 2285 4919 2840 4990; x_wconf 64' lang='lat' dir='ltr'><strong>frequentarentur’;</strong></span> <span class='ocrx_word' id='word_1_858' title='bbox 2875 4924 2972 4975; x_wconf 89' lang='lat' dir='ltr'><strong>aut</strong></span> <span class='ocrx_word' id='word_1_859' title='bbox 3002 4921 3046 4974; x_wconf 90' lang='lat' dir='ltr'><strong>si</strong></span> <span class='ocrx_word' id='word_1_860' title='bbox 3083 4921 3138 4976; x_wconf 93' lang='lat' dir='ltr'><strong>id</strong></span> <span class='ocrx_word' id='word_1_861' title='bbox 3167 4938 3286 4976; x_wconf 92' lang='lat' dir='ltr'><strong>non</strong></span> <span class='ocrx_word' id='word_1_862' title='bbox 3315 4923 3606 4978; x_wconf 88' lang='lat' dir='ltr'><strong>estfortui-</strong></span> 
     </span>
    </p>
   </div>
   <div class='ocr_carea' id='block_1_115' title="bbox 1909 5007 3606 5078">
    <p class='ocr_par' dir='ltr' id='par_1_115' title="bbox 1909 5007 3606 5078">
     <span class='ocr_line' id='line_1_115' title="bbox 1909 5007 3606 5078; baseline 0.001 -16"><span class='ocrx_word' id='word_1_863' title='bbox 1909 5012 2055 5078; x_wconf 91' lang='lat' dir='ltr'><strong>tum,</strong></span> <span class='ocrx_word' id='word_1_864' title='bbox 2085 5007 2290 5062; x_wconf 90' lang='lat' dir='ltr'><strong>melius</strong></span> <span class='ocrx_word' id='word_1_865' title='bbox 2320 5007 2489 5063; x_wconf 91' lang='lat' dir='ltr'><strong>credo</strong></span> <span class='ocrx_word' id='word_1_866' title='bbox 2519 5007 2706 5062; x_wconf 92' lang='lat' dir='ltr'><strong>visum</strong></span> <span class='ocrx_word' id='word_1_867' title='bbox 2735 5007 2928 5076; x_wconf 88' lang='lat' dir='ltr'><strong>fuisse,</strong></span> <span class='ocrx_word' id='word_1_868' title='bbox 2986 5013 3047 5064; x_wconf 92' lang='lat' dir='ltr'><strong>ut</strong></span> <span class='ocrx_word' id='word_1_869' title='bbox 3093 5009 3354 5066; x_wconf 90' lang='lat' dir='ltr'><strong>heroicus</strong></span> <span class='ocrx_word' id='word_1_870' title='bbox 3385 5011 3606 5066; x_wconf 89' lang='lat' dir='ltr'><strong>duabus</strong></span> 
     </span>
    </p>
   </div>
   <div class='ocr_carea' id='block_1_116' title="bbox 1913 5097 3603 5170">
    <p class='ocr_par' dir='ltr' id='par_1_116' title="bbox 1913 5097 3603 5170">
     <span class='ocr_line' id='line_1_116' title="bbox 1913 5097 3603 5170; baseline 0 -18"><span class='ocrx_word' id='word_1_871' title='bbox 1913 5097 2128 5168; x_wconf 88' lang='lat' dir='ltr'><strong>longis,</strong></span> <span class='ocrx_word' id='word_1_872' title='bbox 2162 5113 2336 5168; x_wconf 88' lang='lat' dir='ltr'><strong>quam</strong></span> <span class='ocrx_word' id='word_1_873' title='bbox 2394 5097 2616 5151; x_wconf 88' lang='lat' dir='ltr'><strong>duabus</strong></span> <span class='ocrx_word' id='word_1_874' title='bbox 2645 5097 2914 5152; x_wconf 90' lang='lat' dir='ltr'><strong>brevibus</strong></span> <span class='ocrx_word' id='word_1_875' title='bbox 2944 5103 3001 5152; x_wconf 90' lang='lat' dir='ltr'><strong>et</strong></span> <span class='ocrx_word' id='word_1_876' title='bbox 3031 5099 3202 5170; x_wconf 87' lang='lat' dir='ltr'><strong>longa</strong></span> <span class='ocrx_word' id='word_1_877' title='bbox 3222 5099 3603 5167; x_wconf 87' lang='lat' dir='ltr'><strong>clauderetur,</strong></span> 
     </span>
    </p>
   </div>
   <div class='ocr_carea' id='block_1_117' title="bbox 1911 5184 3605 5258">
    <p class='ocr_par' dir='ltr' id='par_1_117' title="bbox 1911 5184 3605 5258">
     <span class='ocr_line' id='line_1_117' title="bbox 1911 5184 3605 5258; baseline 0.001 -19"><span class='ocrx_word' id='word_1_878' title='bbox 1911 5185 2065 5257; x_wconf 89' lang='lat' dir='ltr'><strong>quod</strong></span> <span class='ocrx_word' id='word_1_879' title='bbox 2097 5185 2159 5238; x_wconf 91' lang='lat' dir='ltr'><strong>in</strong></span> <span class='ocrx_word' id='word_1_880' title='bbox 2189 5184 2375 5255; x_wconf 89' lang='lat' dir='ltr'><strong>longis</strong></span> <span class='ocrx_word' id='word_1_881' title='bbox 2410 5201 2576 5240; x_wconf 88' lang='lat' dir='ltr'><strong>aures</strong></span> <span class='ocrx_word' id='word_1_882' title='bbox 2591 5185 3328 5258; x_wconf 89' lang='lat' dir='ltr'><strong>commodiusacquiescunt</strong></span> <span class='ocrx_word' id='word_1_883' title='bbox 3351 5187 3479 5241; x_wconf 89' lang='lat' dir='ltr'><strong>:ille</strong></span> <span class='ocrx_word' id='word_1_884' title='bbox 3503 5203 3605 5240; x_wconf 87' lang='lat' dir='ltr'><strong>au-</strong></span> 
     </span>
    </p>
   </div>
   <div class='ocr_carea' id='block_1_118' title="bbox 1911 5272 3606 5346">
    <p class='ocr_par' dir='ltr' id='par_1_118' title="bbox 1911 5272 3606 5346">
     <span class='ocr_line' id='line_1_118' title="bbox 1911 5272 3606 5346; baseline 0 -18"><span class='ocrx_word' id='word_1_885' title='bbox 1911 5280 2025 5328; x_wconf 92' lang='lat' dir='ltr'><strong>tem</strong></span> <span class='ocrx_word' id='word_1_886' title='bbox 2050 5273 2194 5327; x_wconf 89' lang='lat' dir='ltr'><strong>alter</strong></span> <span class='ocrx_word' id='word_1_887' title='bbox 2217 5273 2277 5327; x_wconf 92' lang='lat' dir='ltr'><strong>in</strong></span> <span class='ocrx_word' id='word_1_888' title='bbox 2310 5272 2469 5327; x_wconf 87' lang='lat' dir='ltr'><strong>ﬁnali</strong></span> <span class='ocrx_word' id='word_1_889' title='bbox 2499 5273 2788 5345; x_wconf 91' lang='lat' dir='ltr'><strong>semipede</strong></span> <span class='ocrx_word' id='word_1_890' title='bbox 2843 5275 3072 5345; x_wconf 88' lang='lat' dir='ltr'><strong>longam</strong></span> <span class='ocrx_word' id='word_1_891' title='bbox 3105 5275 3376 5346; x_wconf 86' lang='lat' dir='ltr'><strong>syllabam</strong></span> <span class='ocrx_word' id='word_1_892' title='bbox 3413 5274 3606 5345; x_wconf 91' lang='lat' dir='ltr'><strong>potius</strong></span> 
     </span>
    </p>
   </div>
   <div class='ocr_carea' id='block_1_119' title="bbox 1910 5362 3609 5433">
    <p class='ocr_par' dir='ltr' id='par_1_119' title="bbox 1910 5362 3609 5433">
     <span class='ocr_line' id='line_1_119' title="bbox 1910 5362 3609 5433; baseline -0.001 -16"><span class='ocrx_word' id='word_1_893' title='bbox 1910 5362 2148 5417; x_wconf 89' lang='lat' dir='ltr'><strong>haberet</strong></span> <span class='ocrx_word' id='word_1_894' title='bbox 2176 5377 2349 5432; x_wconf 90' lang='lat' dir='ltr'><strong>quam</strong></span> <span class='ocrx_word' id='word_1_895' title='bbox 2377 5362 2629 5417; x_wconf 90' lang='lat' dir='ltr'><strong>brevem.</strong></span> <span class='ocrx_word' id='word_1_896' title='bbox 2690 5363 2798 5417; x_wconf 80' lang='lat' dir='ltr'><strong>Res</strong></span> <span class='ocrx_word' id='word_1_897' title='bbox 2827 5362 3066 5433; x_wconf 81' lang='lat' dir='ltr'><strong>quidem</strong></span> <span class='ocrx_word' id='word_1_898' title='bbox 3100 5363 3178 5416; x_wconf 90' lang='lat' dir='ltr'><strong>sic</strong></span> <span class='ocrx_word' id='word_1_899' title='bbox 3208 5379 3266 5416; x_wconf 89' lang='lat' dir='ltr'><strong>se</strong></span> <span class='ocrx_word' id='word_1_900' title='bbox 3301 5363 3491 5429; x_wconf 87' lang='lat' dir='ltr'><strong>habet,</strong></span> <span class='ocrx_word' id='word_1_901' title='bbox 3546 5369 3609 5417; x_wconf 86' lang='lat' dir='ltr'><strong>ut</strong></span> 
     </span>
    </p>
   </div>
   <div class='ocr_carea' id='block_1_120' title="bbox 1975 5451 3385 5514">
    <p class='ocr_par' dir='ltr' id='par_1_120' title="bbox 1975 5451 3385 5514">
     <span class='ocr_line' id='line_1_120' title="bbox 1975 5451 3385 5514; baseline -0.001 -15"><span class='ocrx_word' id='word_1_902' title='bbox 1975 5453 1989 5486; x_wconf 80' lang='grc'><strong>1</strong></span> <span class='ocrx_word' id='word_1_903' title='bbox 2025 5452 2515 5514; x_wconf 71' lang='grc' dir='ltr'><strong>Ιεηῳεναίίοηεὸιιδ</strong></span> <span class='ocrx_word' id='word_1_904' title='bbox 2539 5452 2876 5514; x_wconf 74' lang='lat' dir='ltr'><strong>ordinentur,</strong></span> <span class='ocrx_word' id='word_1_905' title='bbox 2891 5451 3057 5514; x_wconf 76' lang='lat' dir='ltr'><strong>juxta</strong></span> <span class='ocrx_word' id='word_1_906' title='bbox 3085 5451 3249 5514; x_wconf 75' lang='lat' dir='ltr'><strong>Vatia.</strong></span> <span class='ocrx_word' id='word_1_907' title='bbox 3317 5451 3385 5505; x_wconf 82' lang='lat' dir='ltr'><strong>M.</strong></span> 
     </span>
    </p>
   </div>
   <div class='ocr_carea' id='block_1_121' title="bbox 1915 5512 3602 5626">
    <p class='ocr_par' dir='ltr' id='par_1_121' title="bbox 1915 5512 3602 5626">
     <span class='ocr_line' id='line_1_121' title="bbox 1915 5512 3602 5626; baseline 0.002 -63"><span class='ocrx_word' id='word_1_908' title='bbox 1915 5513 2187 5626; x_wconf 32' lang='lat' dir='ltr'><strong>micioni};</strong></span> <span class='ocrx_word' id='word_1_909' title='bbox 2209 5517 2311 5625; x_wconf 52' lang='lat' dir='ltr'><strong>agit</strong></span> <span class='ocrx_word' id='word_1_910' title='bbox 2335 5515 2832 5579; x_wconf 77' lang='lat' dir='ltr'><strong>frequentarentur.</strong></span> <span class='ocrx_word' id='word_1_911' title='bbox 2860 5512 3024 5563; x_wconf 75' lang='lat' dir='ltr'><strong>vatio.</strong></span> <span class='ocrx_word' id='word_1_912' title='bbox 3043 5513 3200 5561; x_wconf 86' lang='lat' dir='ltr'><strong>etMs.</strong></span> <span class='ocrx_word' id='word_1_913' title='bbox 3226 5513 3344 5570; x_wconf 80' lang='lat' dir='ltr'><strong>A,et</strong></span> <span class='ocrx_word' id='word_1_914' title='bbox 3363 5512 3602 5578; x_wconf 66' lang='lat' dir='ltr'><strong>frequen-</strong></span> 
     </span>
    </p>
   </div>
  </div>
