4064 6350
440 303 570 353 1150

431 419 777 490 quicumque
805 416 1009 469 horum
1031 413 1252 484 priores
1272 413 1637 480 eligerentur,
1661 413 1976 466 necessario
1999 412 2123 466 aliis

432 506 721 558 auferrent
757 505 964 568 locum,
1007 501 1105 572 qui
1148 499 1420 554 membris
1459 498 1663 553 iisdem
1704 500 2124 572 praeposteratis

431 593 553 647 fieri
585 595 831 662 possent.
881 589 1151 654 Quocirca
1175 588 1221 641 si
1259 587 1465 642 melior
1496 587 1786 657 judicatus
1833 593 1934 654 est,
1963 589 2124 658 cujus

431 680 758 748 exemplum
781 683 882 744 est,
915 679 1086 730 Arma
1108 677 1390 744 virumque
1413 691 1564 742 cano,
1595 677 1764 744 Trojw
1794 679 1890 743 qm‘
1909 679 2122 744 primus

429 767 498 820 ab
530 770 668 832 oris;
691 765 881 834 inepte
895 756 1012 833 jam
1036 762 1198 816 ﬁeret
1222 762 1329 815 isto
1357 778 1625 816 converso
1650 763 1805 816 aliud
1828 779 2028 832 genus,
2052 762 2124 815 si-

431 854 549 908 cuti
578 859 680 918 est,
713 854 881 920 Trajan:
909 853 1005 919 qui
1020 853 1232 918 primus
1257 851 1324 903 ab
1345 852 1475 916 oris,
1498 867 1653 904 arma
1667 853 1948 919 virumque
1968 866 2118 904 cano.

430 941 592 1006 Quod
604 940 774 993 etiam
792 939 859 993 de
872 938 1153 991 trochaico
1167 954 1374 1008 genere
1388 937 1828 1007 intelligendum
1851 942 1953 992 est.
1980 939 2122 991 Nam

429 1029 476 1082 si
507 1034 590 1082 est
619 1026 926 1090 honestior,
960 1028 1153 1080 Beatus
1184 1027 1274 1078 ille
1321 1028 1418 1093 qui
1456 1027 1646 1094 procul
1689 1028 1934 1092 negotio:
1967 1025 2122 1095 quod

429 1129 610 1183 genus
624 1113 730 1166 isto
751 1117 1158 1183 praeposterato
1175 1113 1353 1179 ﬁeret,
1380 1117 1442 1166 ut
1462 1117 1565 1178 est,
1589 1113 1694 1177 Qui
1710 1114 1896 1181 procul
1915 1116 2122 1180 negotio

431 1202 612 1255 beatus
644 1203 733 1254 ille
776 1201 899 1254 fieri
922 1201 1173 1271 profecto
1205 1217 1320 1253 non
1351 1205 1577 1268 oportet
1597 1201 1644 1252 ¹;
1677 1205 1868 1253 tamen
1899 1200 1946 1252 si
1973 1201 2118 1270 quis,

429 1290 635 1343 audeat
664 1294 720 1342 et
747 1289 913 1342 faciat
937 1289 1076 1341 tales
1106 1303 1318 1353 versus,
1350 1286 1712 1341 manifestum
1739 1292 1823 1341 est
1849 1303 1980 1342 eum
2013 1288 2123 1342 alia

426 1393 638 1447 genera
685 1376 1039 1430 senariorum
1087 1391 1206 1429 esse
1251 1375 1555 1444 facturum,
1603 1375 1810 1446 quibus
1857 1375 1970 1430 sint
2014 1375 2122 1430 ista

428 1466 687 1520 meliora.

497 1563 585 1615 24.
620 1562 688 1614 Hi
717 1577 851 1631 ergo
896 1559 1252 1614 senariorum
1284 1559 1542 1612 omnium
1582 1558 1971 1627 pulcherrimi,
2005 1575 2121 1613 non

425 1652 735 1718 potuerunt
764 1648 930 1702 ambo
963 1647 1218 1701 obtinere
1245 1648 1628 1702 sinceritatem
1661 1663 1822 1704 suam
1854 1647 2121 1702 adversus

424 1737 722 1792 hominum
775 1735 1077 1791 licentiam.
1122 1736 1262 1789 Nam
1305 1736 1363 1789 in
1393 1736 1680 1790 trochaico
1727 1752 1951 1806 genere,
2002 1752 2122 1789 non

425 1825 648 1880 senario
678 1825 818 1891 solo,
849 1824 947 1878 sed
978 1824 1130 1878 unde
1154 1823 1344 1877 minus
1363 1823 1565 1893 incipit
1585 1840 1764 1894 usque
1795 1824 1866 1877 ad
1897 1824 2118 1893 magni-

425 1913 686 1968 tudinem
716 1917 1026 1966 extremam
1053 1928 1181 1983 quaa
1213 1916 1339 1966 octo
1370 1912 1545 1982 pedes
1574 1911 1765 1978 habet,
1799 1911 2121 1965 miscendos

422 2006 609 2072 poetae
648 2005 988 2071 putaverunt
1034 2005 1280 2070 quatuor
1315 2004 1640 2070 temporum
1686 2000 1858 2069 pedes
1901 2016 2118 2061 omnes,

426 2088 524 2159 qui
555 2088 901 2142 adhibentur
929 2088 998 2142 ad
1021 2103 1320 2142 numeros:
1344 2092 1401 2141 et
1427 2087 1604 2141 Graeci
1625 2087 1860 2158 quidem
1889 2087 2120 2141 alternis

424 2176 560 2230 locis
603 2177 788 2247 primo
819 2181 873 2230 et
901 2176 1090 2242 tertio,
1141 2182 1196 2229 et
1243 2176 1321 2230 ita
1369 2175 1657 2245 deinceps,
1689 2175 1737 2228 si
1764 2191 1798 2228 a
1829 2175 2120 2246 semipede

427 2281 620 2318 versus
665 2263 902 2334 incipit:
947 2264 1033 2318 sin
1087 2264 1154 2317 ab
1202 2263 1426 2334 integro
1475 2263 1744 2327 trochzeo,
1786 2264 2034 2317 secundo
2065 2267 2122 2316 et

426 2357 628 2423 quarto
670 2353 812 2417 loco,
861 2356 1031 2422 atque
1061 2351 1141 2405 ita
1189 2351 1457 2421 deinceps
1501 2352 1736 2404 servatis
1785 2351 2119 2418 intervallis,

427 2439 726 2493 memorati
757 2439 1045 2512 longiores
1074 2439 1422 2492 collocantur
1440 2439 1627 2508 pedes.
1662 2439 1799 2502 Quae
1829 2439 2119 2508 corruptio

426 2533 490 2582 ut
515 2527 822 2582 tolerabilis
853 2527 1033 2593 ﬁeret,
1066 2543 1184 2580 non
1229 2526 1484 2596 singulos
1523 2527 1696 2596 pedes
1725 2525 1785 2579 in
1814 2526 1954 2580 duas
1985 2543 2118 2598 par-

427 2620 529 2681 tes,
586 2631 828 2685 quarum
882 2631 997 2668 una
1053 2615 1371 2679 levationis,
1429 2614 1606 2667 altera
1663 2614 1962 2683 positionis
2013 2619 2115 2680 est,

427 2703 747 2774 plaudendo
777 2702 1119 2769 diviserunt;
1152 2703 1249 2756 sed
1287 2717 1464 2755 unum
1494 2702 1698 2771 pedem
1729 2703 1993 2765 levantes,
2031 2703 2118 2756 al-

431 2796 612 2844 terum
641 2795 934 2861 ponentes,
965 2790 1118 2844 unde
1147 2791 1337 2860 ipsum
1363 2790 1650 2843 senarium
1673 2790 1998 2844 trimetrum
2027 2807 2122 2845 vo-

427 2884 576 2944 cant,
608 2878 680 2932 ad
707 2877 1440 2948 epitritorum;divisionem
1480 2878 1747 2948 plausum
1781 2879 2119 2933 retulerunt.

430 2967 539 3021 Sed
571 2966 619 3020 si
665 2965 772 3020 hoc
803 2968 1001 3019 saltem
1026 2972 1355 3020 constanter
1383 2971 1691 3029 teneretur,
1727 2967 1987 3037 quamvis
2013 2983 2119 3036 pe-

429 3052 527 3105 des
556 3051 771 3122 epitriti
802 3052 985 3123 magis
1013 3054 1285 3107 orationis
1323 3053 1438 3108 sint
1476 3070 1646 3124 quam
1677 3055 1975 3124 poematis,
2020 3071 2122 3108 nec

424 3139 546 3210 jam
571 3140 845 3206 senarius,
876 3140 975 3194 sed
1023 3142 1305 3195 ternarius
1347 3158 1542 3195 versus
1589 3141 1972 3208 inveniretur;
2004 3157 2121 3195 non

426 3232 620 3282 tamen
641 3229 973 3283 omnimodo
987 3229 1084 3283 illa
1094 3246 1468 3284 numerorum
1481 3231 1914 3284 Iabefactaretur
1929 3247 2122 3300 aequa-

427 3314 770 3369 litas..Nunc
802 3333 934 3370 vero
961 3321 1204 3387 quatuor
1235 3322 1560 3386 temporum
1582 3315 1777 3383 pedes,
1809 3315 2119 3370 dummodo

425 3402 486 3455 in
515 3403 652 3456 locis
683 3404 1014 3458 memoratis
1046 3409 1358 3474 ponantur,
1390 3403 1522 3456 licet
1556 3419 1674 3456 non
1699 3403 1882 3456 solum
1909 3402 1968 3456 in
1996 3396 2119 3457 οωὲ

429 3491 601 3545 nibus
631 3507 868 3561 ponere,
899 3491 994 3546 sed
1028 3491 1124 3545 ubi
1153 3491 1295 3544 libet
1344 3505 1563 3557 eorum,
1614 3493 1671 3543 et
1699 3490 1918 3560 quoties
1962 3490 2117 3545 libet.

427 3579 617 3634 Nostri
655 3596 787 3635 vero
817 3586 1052 3646 veteres,
1085 3596 1190 3632 nec
1240 3579 1364 3647 ipsa
1395 3575 1652 3631 locorum
1683 3577 1980 3632 intervalla
2030 3579 2122 3633 in-

424 3667 816 3722 termiscendis
845 3665 1244 3738 hujuscemodi
1267 3665 1757 3735 pedibus,servare
1781 3672 2118 3736 potuerunt.

426 3755 611 3819 Quare
640 3755 700 3808 in
728 3756 836 3809 hoc
865 3770 1072 3826 genere
1101 3757 1284 3824 poetae
1327 3753 1434 3806 ista
1462 3752 1828 3824 corruptione
1857 3759 2028 3825 atque
2056 3754 2120 3809 Ii-

426 3841 612 3896 centia
640 3842 807 3912 plane
837 3840 1078 3894 assecuti
1097 3844 1250 3906 sunt,
1284 3840 1434 3911 quod
1457 3857 1553 3894 eos
1573 3841 1815 3895 voluisse
1845 3843 2122 3897 arbitran-

426 3930 563 3984 dum
587 3935 690 3997 est,
732 3935 796 3984 ut
825 3935 1010 3984 essent
1045 3928 1103 3982 in
1133 3928 1338 3982 fabulis
1367 3934 1631 4000 poemata
1647 3931 1844 3984 soluta:
1874 3931 2120 3985 orationi

428 4019 737 4072 simillima.
766 4017 873 4071 Sed
898 4016 1173 4088 quoniam
1199 4017 1334 4070 satis
1361 4017 1575 4072 dictum
1608 4023 1690 4070 est
1716 4035 1818 4072 cur
1859 4019 2010 4072 inter
2039 4035 2121 4073 se-

433 4109 620 4161 uarios
641 4107 735 4160 isti
765 4122 956 4159 versus
983 4105 1163 4175 magis
1207 4105 1494 4159 nobilitati
1551 4106 1685 4170 sint,
1737 4122 1893 4160 nunc
1923 4107 2118 4161 videa-

427 4213 555 4251 mus
585 4213 685 4250 cur
712 4196 822 4266 ipsi
850 4195 1060 4248 senarii
1089 4194 1355 4248 meliores
1381 4195 1496 4248 sint
1525 4211 1719 4249 versus
1740 4212 1913 4266 quam
1931 4197 2122 4250 czeteri

427 4284 487 4340 in
517 4283 774 4354 quolibet
805 4283 916 4336 alio
942 4283 1149 4353 pedum
1194 4298 1435 4336 numero
1468 4283 1778 4338 constituti.
1834 4286 1949 4339 Nisi
1981 4286 2120 4356 quid

426 4372 602 4426 habes
630 4372 897 4425 adversus
920 4371 1029 4424 ista
1058 4386 1187 4441 quae
1216 4370 1475 4426 disseras.
1531 4373 1604 4424 Ι).
1639 4373 1876 4426 Prorsus
1927 4390 2120 4428 assen-

425 4459 536 4513 tior
561 4475 573 4512 :
596 4463 652 4512 et
705 4458 824 4528 jam
867 4457 1024 4512 illam
1049 4458 1440 4512 membrorum
1468 4459 1874 4528 aequalitatem,
1909 4463 1998 4515 cui
2029 4479 2120 4516 me

424 4546 868 4602 attentissimum
898 4547 1069 4617 paulo
1102 4551 1232 4600 ante
1263 4547 1578 4612 reddidisti,
1609 4549 1656 4601 si
1704 4550 1791 4603 vel
1851 4567 2004 4605 nunc
2036 4552 2120 4606 fas

427 4641 532 4702 est,
567 4651 907 4706 cognoscere
939 4636 1308 4690 vehementer
1333 4641 1620 4705 exspecto.

429 4742 652 4796 CAPUT
706 4742 819 4796 XII.
849 4773 914 4782 —
945 4742 1163 4796 δίηται·ίί
1191 4755 1374 4796 versus
1422 4757 1521 4796 cur
1547 4743 1674 4796 aliis
1694 4748 2114 4813 praestantiora.

495 4849 588 4901 ‘25.
619 4851 690 4902 Μ.
724 4848 894 4900 Totus
925 4862 1062 4916 ergo
1109 4847 1327 4916 adesto,
1357 4851 1529 4918 atque
1568 4849 1871 4920 responde,
1923 4855 2117 4905 utrum

428 4935 533 4990 tibi
561 4935 786 4989 videtur
815 4936 1084 5006 quaslibet
1113 4936 1405 5006 longitudo
1418 4953 1582 5007 posse
1604 4937 1664 4992 in
1694 4939 1973 5009 quotlibet
1993 4957 2121 5010 par-

425 5027 510 5077 tes
543 5021 737 5076 secari.
771 5025 836 5076 D.
869 5021 1011 5076 Satis
1051 5021 1191 5075 mihi
1221 5022 1328 5076 ista
1371 5039 1642 5092 persuasa
1683 5030 1815 5077 sunt
1838 5041 1850 5078 :
1872 5041 1974 5078 nec
2008 5027 2118 5080 du-

426 5109 595 5165 bitari
625 5126 788 5180 posse
820 5109 1078 5176 arbitror,
1117 5110 1257 5181 quin
1279 5111 1462 5164 omnis
1492 5111 1788 5181 longitudo
1819 5128 1947 5182 quae
1969 5115 2119 5169 linea

428 5199 654 5265 dicitur,
685 5199 888 5252 haheat
931 5199 1225 5253 dimidiam
1256 5200 1343 5253 sui
1386 5205 1607 5270 partem
1635 5199 1677 5267 ’,
1700 5216 1764 5253 ac
1790 5218 1892 5271 per
1921 5203 2027 5257 hoc
2057 5203 2119 5257 in

424 5288 566 5341 duas
596 5287 775 5342 lineas
793 5287 1130 5341 decussatim
1145 5287 1321 5341 secari
1342 5293 1514 5358 queat
1548 5305 1559 5342 :
1591 5293 1647 5341 et
1669 5288 1805 5360 quia
1831 5289 1970 5361 ipsae
1992 5294 2118 5347 duae

495 5452 508 5483 ι
539 5450 598 5497 In
635 5449 710 5506 13.,
743 5453 1020 5512 oporteret.
1046 5449 1232 5506 νεώς..
1263 5452 1490 5509 oportet.
1526 5450 1592 5497 Μ.

491 5520 510 5552 ⁵
535 5518 736 5568 Habeat
757 5519 1048 5568 dimensam
1072 5523 1301 5582 partem,
1324 5518 1478 5581 juxta
1502 5519 1667 5570 \‘atic.
1695 5521 1761 5570 M.

1730 291 1822 346 DE
1861 290 2144 356 MUSICA,
2189 291 2240 346 S.
2286 290 2670 348 AUGUSTINI

3799 299 3936 350 1160

2233 413 2400 468 lineae
2430 430 2558 484 qua:
2606 413 2714 467 ista
2762 413 3007 467 sectione
3055 413 3202 467 ﬁunt
3243 416 3286 481 ί,
3318 415 3513 484 procul
3543 413 3719 468 dubio
3759 413 3934 468 linea:

2232 508 2384 570 sunt,
2412 503 2581 556 etiam
2621 502 2682 556 in
2723 501 2859 572 ipsis
2907 502 3016 555 hoc
3061 501 3380 571 fieriposse
3413 503 3782 556 manifestum
3820 507 3929 556 est.

2231 591 2424 662 Itaque
2454 595 2510 644 et
2533 591 3054 661 quantulacumque
3086 591 3384 661 longitudo
3415 589 3475 644 in
3500 591 3758 660 quolibet
3789 607 3925 660 par-

2230 683 2314 732 tes
2359 680 2537 733 secari
2576 684 2780 749 potest.
2822 681 2894 733 Μ.
2942 679 3372 748 Expeditissime
3405 684 3576 748 atque
3605 679 3926 733 verissime.

2229 766 2412 830 Quare
2442 781 2592 820 nunc
2622 766 2762 820 illud
2805 767 2954 830 vide,
2986 771 3179 820 utrum
3208 757 3358 819 reete
3389 773 3766 835 asseveretur,
3798 783 3927 821 om-

2227 870 2361 908 nem
2391 855 2813 924 longitudinem
2841 855 2908 908 ad
2940 855 3298 908 latitudinem
3329 855 3758 924 porrigendam,
3793 871 3928 925 qua:

2230 943 2299 996 ab
2319 943 2442 1012 ipsa
2463 943 2666 1009 oritur,
2687 947 2911 996 tantum
2933 944 3118 997 valere
3137 948 3415 1014 quantum
3440 943 3761 997 latitudinis
3778 959 3923 1013 qua-

2227 1031 2456 1084 dratum
2486 1036 2741 1102 occupat.
2773 1031 2830 1086 Si
2856 1031 3008 1084 enim
3037 1031 3226 1084 minus
3260 1036 3358 1084 aut
3379 1031 3625 1101 amplius
3651 1031 3709 1084 in
3741 1032 3928 1084 latum

2227 1119 2474 1188 spatium
2495 1118 2822 1188 proceditur
2848 1135 3022 1188 quam
3053 1120 3223 1189 longa
3245 1123 3326 1172 est
3357 1118 3509 1172 linea
3538 1119 3691 1173 unde
3721 1135 3928 1188 proce-

2229 1206 2401 1271 ditur,
2425 1206 2768 1276 quadratum
2791 1222 2904 1260 non
2924 1206 3015 1272 tit;
3038 1205 3122 1258 sin
3143 1211 3386 1271 tantum,
3404 1206 3543 1260 nihil
3567 1207 3719 1260 aliud
3746 1223 3929 1277 quam

2229 1295 2568 1364 quadratum
2612 1294 2689 1347 tit.
2726 1295 2800 1347 D.
2844 1294 3102 1364 Intelligo
3143 1299 3198 1347 et
3237 1293 3551 1348 assentior:
3588 1294 3724 1365 quid
3765 1294 3928 1348 enim

2227 1381 2413 1434 verius
2434 1383 2463 1435 ?
2492 1384 2564 1436 Μ.
2598 1382 2743 1435 Illud
2774 1383 3058 1452 ergo'jam
3088 1381 3271 1452 sequi,
3305 1387 3367 1436 ut
3395 1382 3615 1453 opinor,
3651 1381 3823 1446 vides,
3867 1387 3934 1436 ut

2227 1469 2274 1522 si
2299 1486 2402 1539 pro
2423 1470 2571 1524 linea
2592 1470 2651 1523 in
2673 1471 2909 1540 longum
2932 1470 3174 1524 ordinati
3197 1471 3397 1524 calculi
3418 1486 3582 1540 pares
3604 1476 3926 1540 ponantur,

2228 1574 2346 1612 non
2384 1558 2678 1627 perveniat
2713 1559 2809 1612 illa
2851 1558 3148 1628 longitudo
3181 1558 3252 1612 ad
3282 1559 3620 1629 quadratam
3650 1558 3926 1624 formam,

2226 1646 2337 1700 nisi
2357 1662 2458 1717 per
2477 1647 2742 1700 eumdem
2757 1662 3062 1700 numerum
3082 1646 3442 1717 multiplicati
3459 1647 3661 1700 calculi
3679 1647 3927 1700 fuerint:

2226 1737 2290 1787 ut
2310 1735 2356 1788 si
2379 1734 2534 1787 verbi
2556 1734 2740 1805 gratia
2763 1734 2902 1788 duos
2927 1735 3168 1788 calculos
3199 1751 3397 1805 ponas,
3425 1735 3768 1805 quadratum
3807 1750 3930 1787 non

2226 1822 2418 1889 facias,
2454 1822 2560 1876 nisi
2589 1823 2717 1876 aliis
2747 1823 2966 1877 duobus
2993 1823 3062 1877 ad
3084 1822 3445 1877 latitudinem
3487 1821 3772 1892 adjunctis
3795 1838 3810 1875 :
3835 1822 3930 1875 sin

2226 1914 2359 1975 tres,
2392 1926 2484 1964 sex
2513 1911 2863 1981 adjungendi
2889 1916 3038 1977 sunt,
3072 1911 3167 1965 sed
3188 1910 3336 1965 terni
3357 1910 3646 1964 distributi
3674 1910 3742 1964 ad
3781 1909 3933 1963 duos

2229 1998 2455 2052 ordines
2482 1998 2746 2052 similiter
2769 1998 2828 2052 in
2855 1999 3212 2053 latitudinem
3239 1997 3295 2053 ἐ
3331 1998 3376 2051 si
3399 1998 3551 2052 enim
3577 1997 3648 2051 ad
3679 1991 3935 2067 longitu-

2228 2084 2420 2138 dinem
2441 2085 2618 2139 additi
2646 2084 2878 2152 fuerint,
2912 2086 3066 2140 nulla
3096 2086 3280 2155 ﬁgura
3308 2086 3392 2140 tit.
3427 2083 3742 2155 Longitudo
3764 2083 3928 2137 enim

2227 2173 2347 2226 sine
2367 2173 2667 2227 latitudine
2685 2173 2930 2245 ﬁgurata
2951 2189 3067 2226 non
3083 2178 3165 2227 est
3185 2177 3224 2227 ³.
3243 2176 3428 2244 Atque
3450 2171 3528 2226 ita
3551 2172 3929 2242 proportione

2229 2261 2358 2315 licet
2385 2261 2744 2316 considerare
2770 2261 2909 2315 alios
2942 2277 3209 2315 numeros
3239 2277 3251 2315 :
3285 2266 3349 2314 ut
3371 2260 3524 2314 enim
3556 2260 3642 2314 bis
3672 2259 3834 2326 bina,
3869 2265 3932 2313 et

2229 2352 2316 2402 ter
2330 2353 2491 2402 terna
2514 2350 2815 2420 quadratas
2832 2350 3044 2419 figuras
3063 2348 3122 2402 in
3143 2348 3395 2402 numeris
3422 2348 3656 2414 faciunt,
3682 2347 3764 2401 ita
3785 2364 3933 2418 qua-

2228 2441 2315 2490 ter
2345 2441 2640 2507 quaterna,
2675 2436 2982 2507 quinquies
3013 2436 3209 2507 quina,
3243 2436 3421 2490 sexies
3452 2452 3606 2501 sena,
3639 2442 3816 2506 atque
3847 2435 3932 2488 ita

2228 2540 2332 2594 per
2359 2525 2650 2578 inﬁnitum
2681 2525 2739 2577 in
2766 2525 3002 2577 caeteris.
3053 2527 3112 2577 D.
3151 2524 3332 2577 Etiam
3362 2524 3468 2578 ista
3498 2529 3622 2577 rata
3651 2528 3706 2576 et
3735 2525 3929 2577 mani-

2228 2614 2367 2665 festa
2397 2617 2545 2665 sunt.
2571 2616 2640 2666 Μ.
2673 2612 2915 2665 Attende
2941 2628 3091 2664 nunc
3115 2618 3304 2664 utrum
3333 2612 3405 2664 sit
3425 2612 3618 2682 aliqua
3646 2612 3932 2681 temporis

2226 2698 2547 2768 longitudo.
2582 2701 2660 2752 D.
2717 2699 2853 2763 Quis
2891 2699 3236 2752 dubitaverit
3282 2699 3504 2752 nullum
3545 2715 3664 2752 esse
3695 2703 3933 2768 tempus

2229 2786 2553 2857 sinealiqua
2575 2787 2967 2857 longitudine?
2991 2789 3064 2841 Μ.
3089 2787 3235 2850 Quid
3255 2788 3283 2839 ?
3304 2803 3496 2840 versus
3518 2791 3780 2857 potestne
3805 2803 3927 2840 non

2227 2875 2480 2929 obtinere
2503 2874 2751 2945 aliquam
2774 2874 3045 2944 temporis
3070 2874 3492 2944 longitudinem
3511 2876 3540 2928 ?
3567 2875 3646 2928 D.
3676 2875 3798 2929 Imo
3821 2893 3932 2929 ne-

2227 2978 2380 3016 cesse
2404 2967 2490 3036 est
2516 2963 2788 3017 obtineat.
2815 2964 2896 3016 Μ.
2927 2962 3072 3026 Quid
3097 2963 3155 3014 in
3186 2979 3250 3016 ea
3281 2963 3640 3031 longitudine
3669 2979 3774 3032 pro
3807 2965 3927 3016 cal-

2228 3051 2370 3104 culis
2395 3051 2599 3104 melius
2624 3051 3007 3105 collocamus?
3037 3051 3299 3120 pedesne,
3324 3051 3423 3120 qui
3449 3050 3590 3104 duas
3618 3049 3678 3104 in
3710 3057 3932 3121 partes,

2227 3137 2289 3192 id
2308 3143 2391 3192 est
2418 3139 2758 3193 levationem
2787 3143 2842 3193 et
2870 3138 3212 3208 positionem
3237 3139 3552 3192 necessario
3575 3138 3937 3192 distribuun-

2228 3231 2323 3279 tur
2340 3226 2363 3260 ¹³
2389 3243 2401 3292 ;
2431 3243 2503 3280 an
2529 3227 2683 3296 ipsos
2699 3227 3028 3296 -semipedes
3055 3227 3262 3296 potius,
3294 3227 3394 3296 qui
3415 3227 3667 3296 singulas
3693 3227 3937 3280 levatio-

2228 3329 2328 3367 nes
2366 3314 2789 3385 positionesque
2819 3315 3122 3368 obtinent?
3158 3317 3217 3369 ll.
3251 3314 3580 3384 Semipedes
3611 3331 3938 3386 congruen-

2227 3401 2342 3455 tius
2365 3401 2558 3470 judico
2591 3419 2694 3472 pro
2726 3402 2834 3455 illis
2863 3402 3090 3455 calculis
3121 3402 3278 3471 poni.

2297 3492 2386 3543 26.
2425 3492 2494 3544 Μ.
2547 3493 2686 3559 Age,
2737 3505 2888 3544 nunc
2931 3505 3320 3543 commemora
3361 3491 3683 3545 membrum
3722 3507 3930 3544 versus

2229 3577 2445 3631 heroici
2474 3577 2719 3642 brevius,
2753 3582 2894 3646 quot
2921 3578 3240 3646 semipedes
3269 3578 3495 3633 habeat.
3541 3583 3597 3633 ι).
3633 3579 3927 3649 Quinque.

2227 3666 2313 3719 Μ.
2346 3665 2445 3718 Dic
2474 3665 2814 3736 exemplum.
2849 3667 2922 3720 D.
2956 3669 3134 3720 Arma
3161 3669 3442 3734 virumque
3473 3683 3624 3721 cano.
3667 3669 3739 3721 Μ.
3776 3667 3934 3722 Num

2228 3752 2407 3822 igitur
2431 3753 2585 3807 aliud
2616 3753 2921 3819 desideras,
2955 3754 3065 3808 nisi
3111 3760 3177 3809 ut
3214 3755 3313 3808 alii
3347 3760 3565 3826 septem
3606 3755 3937 3825 semipedes

2228 3857 2359 3894 cum
2389 3841 2510 3894 istis
2557 3842 2810 3912 quinque
2855 3843 3046 3914 aliqua
3075 3844 3396 3914 aequalitate
3435 3842 3824 3898 conveniant?
3857 3847 3928 3899 D.

2231 3927 2381 3982 Nihil
2412 3945 2644 3999 prorsus
2672 3930 2848 3985 aliud.
2882 3933 2956 3985 Μ.
2990 3931 3183 3995 Quid?
3206 3937 3423 4002 septem
3453 3931 3768 4002 semipedes
3801 3948 3932 4002 pos-

2229 4022 2435 4070 suntne
2463 4017 2714 4088 aliquem
2744 4034 2970 4072 versum
3001 4021 3285 4090 complere
3314 4035 3416 4090 per
3444 4036 3502 4072 se
3521 4020 3550 4073 ?
3578 4023 3641 4073 D.
3675 4020 3932 4074 Possunt

2229 4121 2398 4159 vero:
2432 4121 2566 4159 nam
2608 4110 2693 4159 tot
2735 4107 3052 4177 semipedes
3083 4107 3258 4162 habet
3296 4107 3514 4178 primus
3555 4123 3619 4160 ac
3648 4106 3937 4160 minimus

2227 4209 2439 4259 versus,
2472 4201 2847 4249 annumerato
2895 4195 2954 4249 in
2987 4197 3099 4249 line
3139 4197 3386 4250 silentio.
3419 4198 3494 4250 Μ.
3536 4197 3704 4250 Recte
3749 4195 3932 4250 dicis:

2229 4282 2327 4336 sed
2374 4287 2436 4335 ut
2486 4299 2680 4336 versus
2723 4301 2843 4338 esse
2875 4285 3070 4355 possit,
3101 4285 3391 4355 quomodo
3422 4283 3480 4336 in
3519 4284 3633 4338 duo
3666 4284 3938 4339 membra

2229 4370 2544 4424 dividitur?
2581 4374 2638 4426 ι).
2671 4372 2736 4424 In
2766 4378 3032 4443 quatuor,
3065 4373 3299 4438 scilicet,
3342 4376 3397 4425 et
3422 4376 3537 4424 tres
3567 4371 3923 4441 semipedes.

2227 4459 2301 4511 Μ.
2338 4459 2454 4511 Duc
2483 4474 2620 4529 ergo
2645 4461 2706 4513 in
2734 4461 2920 4530 legem
2946 4461 3208 4531 quadrati
3232 4461 3335 4514 has
3353 4463 3540 4529 partes
3570 4458 3849 4526 singulas,
3875 4470 3940 4515 et

2231 4546 2354 4600 vide
2386 4547 2520 4618 quid
2552 4549 2763 4602 faciant
2799 4554 3042 4619 quatuor
3089 4553 3307 4618 quater.
3363 4550 3426 4600 D.
3473 4545 3790 4599 Sexdecim.
3850 4551 3932 4603 M.

2228 4635 2374 4699 Quid
2401 4636 2511 4690 tria
2539 4641 2624 4690 ter
2643 4639 2672 4691 ‘?
2710 4640 2771 4691 D.
2820 4639 3046 4691 Novem.
3089 4638 3163 4690 Μ.
3199 4635 3344 4698 Quid
3373 4637 3561 4686 totum
3587 4632 3812 4687 simul?
3850 4640 3924 4690 D.

2226 4723 2437 4794 Viginti
2462 4725 2736 4796 quinque.
2766 4727 2840 4780 Μ.
2872 4726 3099 4794 Septem
3129 4738 3264 4792 ergo
3293 4720 3610 4791 semipedes
3639 4723 3931 4791 quoniam

2225 4817 2462 4882 possunt
2487 4813 2698 4867 habere
2737 4813 2850 4867 duo
2893 4812 3171 4876 membra,
3213 4809 3456 4880 singulis
3497 4810 3774 4863 membris
3805 4813 3928 4866 suis

2227 4901 2296 4954 ad
2316 4900 2723 4971 quadratorum
2747 4899 3023 4953 rationem
3049 4897 3262 4961 relatis,
3282 4897 3624 4968 vigesimum
3646 4899 3925 4968 quintum

2227 5005 2529 5043 numerum
2561 4989 2621 5042 in
2659 5003 2884 5042 summa
2919 4986 3169 5053 faciunt;
3203 4991 3260 5042 et
3303 4993 3386 5041 est
3418 5004 3533 5041 una
3563 5004 3696 5057 pars
3725 5005 3928 5043 versus

2227 5077 2458 5131 heroici.
2488 5080 2550 5132 Β.
2598 5078 2679 5130 Ita
2726 5081 2829 5130 est.
2881 5080 2951 5131 Μ.
2996 5076 3189 5130 Altera
3237 5076 3416 5146 igitur
3445 5093 3574 5147 pars
3604 5092 3732 5146 quin
3753 5077 3929 5131 habet

2227 5165 2480 5236 quinque
2511 5164 2847 5234 semipedes,
2872 5165 3146 5235 quoniam
3165 5181 3282 5219 non
3309 5170 3496 5236 potest
3514 5165 3574 5218 in
3600 5164 3714 5219 duo
3744 5181 3925 5220 mem-

2293 5344 2307 5376 ¹
2335 5340 2618 5404 ,ςεςαιίοηεγ
2635 5338 2784 5401 ﬁunt,
2807 5341 2957 5404 juxta
2987 5343 3154 5391 Vatic.
3190 5343 3235 5391 Μ

2289 5405 2310 5437 2
2337 5403 2412 5453 Ad
2432 5403 2786 5459 (ali'udiuem,
2809 5403 3150 5467 juxtaVatic.
3187 5406 3254 5453 Μ.

2290 5467 2310 5500 3
2335 5468 2609 5527 Figu'ralio
2637 5470 2731 5526 est,
2758 5466 2912 5528 juxta
2941 5466 3105 5515 Vatic.
3139 5467 3204 5517 M.

2292 5530 2312 5562 ⁵
2345 5528 2689 5586 Tribunutur,
2715 5528 2870 5591 juxta
2894 5529 2987 5578 Ms.
3014 5529 3057 5578 Α
3085 5529 3152 5578 Μ.
