4064 6348
121 289 263 339 1161

117 405 236 459 bra
276 404 484 472 dividi,
502 410 559 460 et
585 405 955 478 debetaliqua
971 407 1294 478 aequalitate
1307 409 1625 473 concinere,
1648 424 1839 462 nonne

116 497 258 548 tota
301 495 362 548 in
393 494 737 564 quadratum
766 495 1020 550 ducenda
1038 496 1166 550 est?
1180 497 1251 551 D.
1270 497 1421 551 Nihil
1433 497 1588 552 aliud
1605 496 1840 551 omnino

121 599 380 648 censeo,
422 586 476 636 et
497 583 620 653 jam
649 584 874 638 tandem
908 601 1152 655 agnosco
1191 587 1573 657 mqualitatem
1607 585 1837 640 mirabi-

133 673 286 728 lem.
321 671 585 742 Quinque
643 671 796 725 enim
844 674 1148 744 quinquies
1197 675 1364 729 ducta
1391 675 1589 730 eadem
1637 674 1838 744 viginti

127 759 406 830 quinque
428 766 853 814 consummant.
890 762 999 816 Nec
1021 779 1154 831 ergo
1179 762 1463 818 immerito
1484 763 1693 817 senarii
1707 778 1835 816 ver-

135 863 239 899 sus
272 847 493 901 caeteris
550 848 948 903 celebratiores
998 851 1417 922 nobilioresque
1469 851 1600 904 facti
1656 854 1835 904 sunt:

128 935 252 988 dici
285 935 440 989 enim
469 935 560 989 vix
589 941 774 1005 potest
819 941 1095 1008 quantum
1147 938 1298 993 inter
1351 939 1578 993 illorum
1608 937 1835 1009 aequali-

119 1026 312 1076 tatem
359 1023 420 1077 in
466 1023 738 1078 membris
784 1023 1118 1096 imparibus,
1170 1030 1226 1080 et
1280 1026 1521 1081 aliorum
1579 1025 1836 1080 omnium

124 1110 384 1165 intersit.

581 1201 807 1256 CAPUT
836 1202 976 1256 Xlll.
1009 1233 1077 1242 —
1105 1205 1386 1272 Epilogus.

198 1290 298 1340 2'7.
333 1289 406 1342 M.
453 1289 578 1342 Non
633 1293 688 1342 te
748 1305 882 1360 ergo
930 1289 1128 1344 fefellit
1174 1290 1510 1360 pollicitatio
1541 1306 1689 1355 mea,
1747 1291 1835 1343 vel

126 1374 327 1444 potius
356 1375 478 1445 ipsa
507 1391 632 1442 nos,
668 1393 842 1447 quam
870 1381 1111 1448 uterque
1142 1384 1401 1433 nostrum
1433 1378 1712 1449 sequitur,
1743 1394 1833 1431 ra-

123 1463 232 1516 tio.
271 1463 458 1526 Quare
491 1468 554 1518 ut
601 1465 775 1518 istum
793 1465 917 1535 jam
949 1483 1269 1521 sermonem
1299 1467 1704 1521 concludamus
1733 1467 1834 1519 ali-

123 1553 392 1620 quando,
426 1553 612 1607 cernis
637 1559 789 1608 certe
820 1571 950 1608 cum
983 1557 1097 1608 sint
1127 1562 1306 1609 metra
1333 1572 1480 1626 pene
1513 1555 1837 1609 innumera-

130 1639 296 1706 bilia,
328 1657 554 1696 versum
589 1647 784 1696 tamen
803 1659 921 1697 esse
949 1660 1060 1698 non
1078 1660 1266 1714 posse,
1293 1644 1401 1697 nisi
1421 1645 1640 1698 duobus
1663 1659 1836 1697 mem-

122 1727 249 1780 bris
280 1727 508 1782 sibimet
537 1730 907 1796 concinnatis,
931 1735 1030 1784 aut
1050 1731 1284 1786 totidem
1307 1731 1712 1802 semipedibus,
1738 1730 1835 1785 sed

126 1831 248 1868 non
279 1817 753 1872 eonversibilibus
779 1819 1120 1885 terminatis,
1151 1825 1214 1874 ut
1235 1824 1340 1886 est,
1371 1824 1625 1875 Maenas
1657 1820 1837 1874 atavis

129 1905 282 1958 edite
311 1906 564 1973 regibus;
595 1911 690 1961 aut
723 1907 938 1978 dispari
968 1925 1209 1962 numero
1241 1910 1412 1962 etiam
1456 1908 1834 1979 semipedum,

129 1992 230 2047 sed
262 1996 458 2048 tamen
481 1995 674 2066 aliqua
702 1995 1027 2066 aequalitate
1077 1997 1415 2067 conjunctis,
1448 2001 1510 2051 ut
1538 2002 1669 2050 sunt
1695 2013 1835 2068 qua-

130 2085 268 2135 tuor
298 2088 357 2136 et
389 2087 524 2149 tres,
553 2087 651 2137 aut
679 2083 936 2155 quinque
993 2088 1049 2139 et
1077 2089 1211 2151 tres,
1244 2085 1329 2140 vel
1379 2085 1634 2156 quinque
1665 2089 1720 2140 et
1749 2101 1834 2138 se-

130 2174 312 2239 ptem,
350 2177 448 2225 aut
479 2188 573 2226 sex
599 2176 654 2226 et
683 2176 925 2242 septem,
956 2178 1053 2228 aut
1081 2178 1206 2228 octo
1248 2178 1304 2228 et
1349 2178 1589 2244 septem,
1635 2174 1721 2227 vel
1748 2189 1834 2228 se-

133 2264 297 2328 ptem
327 2264 384 2314 et
415 2276 638 2315 novem.
673 2264 720 2315 Α
748 2261 917 2332 pleno
947 2262 1100 2315 enim
1123 2262 1264 2332 pede
1277 2261 1615 2329 trochaicus,
1639 2265 1703 2316 ut
1731 2265 1834 2327 est,

135 2349 391 2416 Optimus
423 2350 608 2404 beatus
645 2352 735 2404 ille
761 2353 858 2418 qui
880 2351 1072 2419 procul
1100 2354 1339 2417 negotio;
1373 2355 1428 2404 et
1457 2367 1489 2404 a
1520 2367 1633 2405 non
1665 2351 1836 2421 pleno

135 2441 334 2506 potest
359 2453 556 2492 versus
587 2438 852 2505 exordiri,
883 2443 946 2492 ut
975 2443 1080 2507 est,
1115 2441 1214 2493 Vir
1257 2441 1490 2508 optimus
1523 2440 1705 2494 beatus
1748 2439 1838 2493 ille

133 2527 234 2594 qui
256 2528 450 2595 procul
476 2529 723 2594 negotio:
765 2527 1061 2581 terminari
1107 2531 1300 2582 autem
1351 2526 1462 2580 nisi
1511 2543 1621 2581 non
1668 2527 1837 2597 pleno

132 2631 376 2684 prorsus
405 2631 521 2668 non
550 2619 754 2686 potest.
789 2616 896 2670 Sed
927 2615 1018 2669 isti
1051 2631 1164 2670 non
1209 2614 1362 2686 pleni
1384 2615 1576 2686 pedes,
1605 2615 1719 2669 sive
1750 2615 1836 2669 in-

134 2708 333 2772 tegros
363 2703 682 2774 semipedes
712 2704 983 2770 habeant,
1017 2703 1179 2757 sicuti
1209 2709 1294 2758 est
1317 2704 1424 2758 iste
1469 2720 1641 2774 quem
1687 2719 1838 2757 nunc

132 2792 340 2862 posui;
373 2791 489 2846 sive
517 2791 705 2847 minus
735 2808 907 2863 quam
939 2791 1239 2848 dimidium
1260 2792 1491 2862 pedem,
1505 2791 1723 2846 sicutin
1738 2792 1837 2846 illo

134 2881 524 2935 choriambico
554 2881 680 2935 duae
705 2881 924 2936 ultimae
948 2882 1166 2946 breves,
1198 2883 1455 2935 Maecenas
1497 2883 1675 2934 atavis
1700 2881 1840 2935 edite

134 2969 400 3034 regibus;
432 2969 548 3022 sive
578 2969 704 3039 plus
735 2985 907 3040 quam
937 2968 1264 3034 dimidium,
1323 2971 1385 3022 ut
1409 2967 1470 3021 in
1501 2969 1624 3037 ejus
1653 2967 1837 3038 capite

139 3057 274 3110 dum
303 3056 505 3126 primae
535 3058 743 3127 longua,
775 3061 873 3111 aut
929 3057 988 3111 in
1017 3057 1132 3111 fine
1187 3055 1420 3110 alterius
1470 3056 1836 3110 choriambici

137 3146 433 3212 bacchius,
466 3146 627 3215 cujus
655 3147 983 3216 exemplum
1018 3149 1123 3214 est,
1161 3147 1229 3199 Tc
1261 3145 1449 3200 domus
1470 3145 1772 3211 Euandrii,
1792 3150 1839 3199 te

134 3235 289 3288 sedes
310 3235 450 3288 celsa
479 3235 671 3288 Latini
701 3233 798 3304 (α).
833 3235 1041 3289 Omnes
1063 3250 1199 3304 ergo
1230 3232 1322 3288 isti
1353 3249 1469 3287 non
1500 3233 1839 3304 plenipedes

144 3322 466 3393 semipedes
495 3327 922 3393 nuncupantur.

203 3429 218 3490 1
256 3430 325 3476 Te
345 3427 528 3476 domus
547 3427 855 3486 Erandrea,
877 3427 1029 3490 juxta
1047 3427 1132 3478 Er.
1159 3427 1446 3485 Evandria,
1468 3427 1774 3490 juxtaLov.

200 3489 275 3553 (α)
304 3490 455 3538 Hunc
478 3503 689 3539 versum
720 3489 1064 3539 Terentianus
1095 3490 1252 3540 refert
1277 3491 1414 3539 inter
1441 3489 1726 3553 phalecios.

1621 287 1829 341 LIBER
1882 285 2175 341 SEXTUS.

3516 294 3649 346 H62

2027 411 2116 462 28.
2141 409 2406 462 Jainvero
2422 425 2540 464 non
2561 409 2747 463 solum
2768 409 2902 462 talia
2923 414 3188 480 poemata
3208 413 3456 466 versibus
3479 413 3645 482 ﬁunt,

1955 496 2103 550 utin
2137 512 2313 550 unum
2359 512 2540 567 genus
2587 502 2868 562 teneatur,
2922 499 3113 568 qualia
3161 499 3458 568 Epicorum
3505 519 3648 571 poe-

1949 589 2136 638 tarum
2172 588 2322 649 sunt,
2358 585 2444 638 vel
2477 585 2652 640 etiam
2698 585 3096 652 Comicorum;
3132 588 3228 641 sed
3261 588 3383 641 illos
3418 606 3647 659 quoque

1949 672 2200 726 ambitus
2225 689 2367 742 quos
2390 681 2640 744 περιὸδους
2673 675 2850 729 Grazci
2874 679 3096 738 vocant,
3127 690 3244 729 non
3275 679 3495 728 tantum
3543 675 3650 728 illis

1950 760 2146 814 metris
2179 776 2309 832 quas
2337 761 2462 830 lege
2493 777 2757 816 versuum
2789 779 2902 816 non
2926 766 3216 827 tenentur,
3252 763 3433 832 Lyrici
3463 769 3647 833 poclm

1946 847 2180 916 faciunt,
2214 849 2310 903 sed
2344 849 2516 904 etiam
2548 849 2827 904 versibus.
2864 850 3003 904 Nam
3034 850 3128 903 ille
3162 850 3361 916 Flacci,

2197 973 2310 1019 Nox
2341 975 2469 1029 erat,
2497 975 2549 1020 et
2573 971 2706 1020 caelo
2733 971 2969 1034 fulgebat
2997 973 3124 1021 luna
3152 987 3334 1023 sereno

2197 1051 2338 1099 Inter
2361 1051 2572 1099 minora
2602 1051 2796 1099 sidera.

2765 1131 2962 1191 (Horat.
2990 1131 3152 1194 Epod.
3178 1133 3274 1182 ode
3302 1137 3376 1188 t5)

1946 1259 2280 1314 bimembris
2312 1263 2554 1316 ambitus
2584 1269 2687 1330 est,
2724 1267 2778 1317 et
2808 1264 3062 1317 versibus
3094 1269 3373 1320 constans.
3402 1266 3508 1330 Qui
3534 1267 3646 1320 duo

1947 1364 2140 1402 versus
2170 1349 2399 1404 sibimet
2422 1351 2723 1404 convenire
2749 1367 2862 1404 non
2894 1357 3150 1422 possunt,
3175 1353 3283 1406 nisi
3311 1358 3549 1424 uterque
3577 1356 3647 1408 ad

1947 1453 2216 1492 senorum
2238 1444 2563 1509 temporum
2597 1440 2880 1494 referatur
2904 1441 3095 1510 pedes.
3131 1442 3271 1494 Nam
3319 1443 3524 1496 modus
3555 1443 3649 1496 lie-

1945 1525 2133 1579 roicus
2163 1544 2290 1581 cum
2323 1529 2496 1581 modo
2532 1528 2779 1581 iambico
2812 1529 2898 1582 vel
2921 1530 3204 1583 trochaico
3233 1547 3348 1584 non
3379 1531 3644 1594 concinit,

1948 1613 2085 1684 quia
2115 1614 2197 1668 illi
2223 1616 2398 1684 pedes
2427 1616 2493 1669 ad
2529 1617 2908 1675 tantumdem,
2941 1617 2998 1670 hi
3031 1619 3097 1671 ad
3129 1619 3366 1688 duplum
3400 1621 3650 1690 partiun-

1944 1705 2058 1756 tur.
2092 1703 2258 1758 Fiunt
2289 1719 2424 1774 ergo
2457 1703 2708 1757 ambitus
2742 1709 2837 1757 aut
2865 1705 3130 1759 omnibus
3152 1707 3349 1760 metris
3376 1723 3489 1760 non
3519 1723 3648 1760 cum

1945 1790 2213 1851 versibus,
2238 1795 2301 1844 ut
2326 1791 2408 1844 illi
2439 1795 2578 1844 sunt
2611 1792 2677 1845 de
2709 1792 2916 1861 quibus
2970 1794 3026 1845 in
3066 1793 3345 1862 superiori
3386 1811 3647 1848 sermone

1943 1878 2293 1948 disputatum
2328 1883 2434 1944 est,
2471 1895 2599 1932 cum
2636 1879 2706 1932 dc
2740 1879 2877 1950 ipsis
2933 1880 3129 1934 metris
3183 1897 3518 1950 ageremus;
3551 1886 3649 1935 aut

1944 1970 2167 2021 tantum
2196 1967 2476 2033 versibus,
2521 1971 2586 2020 ut
2643 1965 2683 2019 ii
2715 1966 2784 2020 de
2842 1967 3047 2036 quibus
3077 1984 3228 2021 nunc
3277 1968 3492 2022 dictum
3523 1973 3642 2033 est;

1945 2059 2044 2108 aut
2075 2059 2138 2108 ut
2162 2058 2218 2108 et
2235 2053 2511 2121 versibus,
2547 2059 2601 2108 et
2631 2053 2777 2108 alliis
2799 2055 2994 2108 metris
3015 2057 3453 2126 temperentur‘,
3481 2056 3647 2126 quale

1906 2149 1908 2152 '
1945 2142 2089 2197 illud
2118 2147 2202 2198 est
2227 2160 2238 2196 :

2132 2266 2394 2329 Diffugere
2429 2267 2596 2326 nives,
2625 2267 2848 2316 redeunt
2867 2266 2976 2330 jam
3007 2269 3246 2331 gramina
3275 2269 3491 2330 campis.

2128 2349 2520 2412 Arhoribusque
2548 2363 2736 2398 comm.

2502 2429 2602 2489 (Id.
2631 2429 2720 2480 lib.
2759 2431 2784 2478 4
2811 2429 3140 2489 Carminum,
3169 2431 3266 2480 ode
3297 2433 3365 2490 7.)

1945 2554 2067 2617 Quo
2098 2558 2290 2608 autem
2315 2553 2515 2607 ordine
2543 2555 2825 2620 locentur,
2859 2555 2946 2608 vel
2975 2571 3171 2609 versus
3197 2571 3325 2609 cum
3375 2555 3501 2608 aliis
3524 2572 3642 2609 me-

1946 2642 2066 2706 tris,
2098 2643 2184 2695 vel
2217 2641 2435 2711 majora
2458 2643 2714 2696 membra
2741 2659 2871 2696 cum
2914 2643 3254 2708 minoribus,
3289 2644 3432 2697 nihil
3465 2644 3643 2698 inter-

1948 2731 2131 2784 estad
2175 2731 2401 2784 aurium
2459 2731 2835 2800 voluptatem,
2899 2732 3211 2786 dummodo
3262 2748 3380 2785 non
3420 2732 3647 2785 brevior

1948 2833 2122 2887 quam
2149 2817 2502 2884 bimembris,
2533 2834 2644 2871 non
2673 2819 2922 2887 amplior
2947 2835 3117 2889 quam
3165 2819 3645 2888 quadrimembris

1948 2905 2021 2958 sit
2049 2906 2316 2959 ambitus.
2351 2906 2457 2960 Sed
2488 2907 2607 2975 jam
2640 2906 2685 2959 si
2710 2907 2853 2959 nihil
2876 2907 3051 2960 habes
3083 2907 3237 2976 quod
3268 2907 3642 2972 contradicas,

1947 2994 2077 3048 ﬁnis
2107 2995 2178 3048 sit
2206 2995 2378 3064 hujus
2409 2994 2832 3064 disputationis,
2859 2999 2924 3047 ut
2951 2995 3215 3063 deinceps
3233 2995 3385 3065 quod
3409 2995 3476 3049 ad
3497 2995 3642 3049 hanc

1946 3086 2167 3152 partem
2201 3082 2431 3136 musicae
2463 3081 2884 3153 attinetquaain
2910 3083 3168 3136 numeris
3189 3087 3512 3153 temporum
3535 3088 3638 3149 est,

1947 3171 2016 3224 ab
2043 3171 2131 3225 his
2159 3170 2411 3242 vestigiis
2443 3171 2566 3241 ejus
2593 3171 2976 3237 sensibilibus,
3014 3173 3082 3226 ad
3112 3173 3236 3242 ipsa
3271 3172 3502 3240 cubilia,
3542 3171 3640 3225 ubi

1947 3259 2018 3313 ab
2047 3258 2205 3312 omni
2235 3274 2474 3330 corpore
2504 3259 2805 3325 alienaest,
2831 3265 3046 3329 quanta
3068 3260 3322 3314 valemus
3339 3260 3640 3329 sagacitate

1947 3363 2258 3401 veniamus.

2012 3494 2023 3524 ¹
2060 3491 2145 3540 Sic
2173 3491 2266 3540 Ms.
2291 3489 2470 3540 AzAut
2495 3493 2542 3540 el
2565 3489 2792 3540 versibus
2818 3489 2942 3542 aliis
2965 3489 3144 3541 metris
3171 3492 3542 3554 temperantur.
3575 3493 3640 3540 M.

2116 3622 2458 3630 —————-——

2461 3623 2640 3630 ..ο-ς’.

2643 3623 2826 3630 ..ρ-..φ

2979 3623 3264 3630 Μ

1181 3718 1762 3840 LIBER
1858 3717 2580 3882 SEXTUS.

145 3903 203 3950 In
232 3915 333 3963 quo
357 3915 419 3948 ex
446 3899 770 3949 mutabilium
793 3913 1123 3950 numerorum
1158 3900 1208 3948 in
1242 3899 1578 3972 inferioribus
1603 3900 2198 4012 rebusconsidgratione
2229 3901 2463 3950 evehitur
2487 3901 2691 3951 animus
2717 3903 2781 3950 ad
2809 3902 3154 3951 immutabiles
3186 3917 3444 3954 numeros.
3476 3906 3559 3966 qui
3592 3905 3641 3952 in

1464 3977 1576 4012 ipsa
1605 3970 1724 4011 sunt
1751 3971 1966 4012 immuta
2007 3981 2018 4011 ι
2046 3981 2060 4011 ι
2088 3971 2324 4012 veritate.

1464 3970 1576 4024 ipsa
1605 3970 1724 4011 sunt
1751 3970 2060 4012 immutabili
2088 3970 2324 4012 veritate.

149 4179 372 4235 CAPUT
418 4178 712 4233 PRIMUM.
767 4206 830 4217 —
879 4177 1194 4246 Superiores
1247 4176 1380 4230 libri
1406 4175 1599 4246 quibus
1654 4179 1850 4247 scripti

696 4267 828 4332 sint,
861 4281 1028 4335 quove
1053 4264 1297 4320 consilio.

227 4362 277 4412 1.
305 4361 376 4412 Μ.
406 4355 560 4411 Satis
586 4355 682 4409 diu
717 4355 886 4425 pene‘
933 4357 1104 4425 atque
1161 4354 1302 4409 adeo
1354 4353 1524 4424 plane
1553 4353 1852 4424 pueriliter

153 4459 256 4514 per
287 4442 541 4515 quinque
577 4442 754 4496 libros
784 4441 845 4495 in
873 4441 1129 4511 vestigiis
1157 4457 1530 4497 numerorum
1561 4443 1630 4497 ad
1663 4459 1853 4497 moras

154 4538 477 4602 temporum
496 4531 906 4602 pertinentium
947 4530 1155 4585 morati
1167 4546 1392 4584 sumus:
1413 4547 1584 4602 quam
1599 4535 1852 4585 nostram

158 4619 542 4691 nugacitatem
575 4619 724 4690 apud
757 4619 1063 4674 benevolos
1094 4618 1358 4673 homines
1397 4618 1559 4673 facile
1603 4619 1856 4672 fortassis

163 4713 389 4763 excuset
419 4707 704 4762 ofﬁciosus
735 4707 925 4774 labor;
950 4723 1119 4778 quem
1143 4723 1256 4761 non
1279 4707 1351 4761 ob
1375 4706 1529 4762 aliud
1543 4707 1856 4777 suscipien-

165 4797 298 4850 dum
329 4795 680 4865 putavimus,
739 4795 852 4848 nisi
881 4801 948 4849 ut
1004 4795 1408 4861 adolescentes,
1444 4796 1528 4849 vel
1559 4795 1860 4865 cujuslibet

166 4883 346 4940 aetatis
366 4883 652 4947 homines,
678 4899 822 4954 quos
850 4883 1001 4938 bono
1025 4883 1259 4954 ingenio
1282 4883 1514 4937 donavit
1542 4884 1709 4949 Deus,
1741 4899 1857 4936 non

164 4987 550 5043 praepropere,
581 4972 678 5026 sed
711 4972 1052 5042 quibusdam
1084 4971 1356 5042 gradibus
1376 4988 1409 5025 a
1435 4971 1694 5026 sensibus
1731 4986 1861 5023 car-

166 5061 253 5115 nis
283 5065 457 5131 atquo
487 5076 520 5113 a
547 5061 870 5114 carnalibus
900 5059 1126 5127 litteris,
1151 5059 1357 5132 quibus
1379 5075 1472 5114 eos
1503 5075 1614 5113 non
1643 5059 1861 5114 haerere

164 5148 392 5204 difﬁcile
423 5153 526 5215 est,
559 5149 701 5202 duce
733 5147 956 5203 ratione
992 5149 1387 5213 avellerentur,
1416 5151 1585 5218 atque
1615 5147 1717 5201 uni
1747 5148 1863 5200 Deo

165 5243 220 5292 et
251 5237 492 5291 Domino
521 5253 714 5292 rerum
762 5237 1043 5293 omnium.
1113 5237 1211 5308 qui
1266 5235 1530 5290 humanis
1577 5235 1865 5290 mentibus

165 5325 322 5382 nulla
350 5329 557 5380 natura
586 5325 924 5398 interposita
953 5325 1244 5396 praesidet,
1266 5325 1752 5380 incommutabilis
1771 5340 1864 5377 ve-

170 5415 349 5470 ritatis
404 5430 600 5468 amore
647 5415 1119 5470 adhaerescerent.
1175 5414 1306 5467 Illos
1336 5413 1510 5484 igitur
1547 5413 1724 5468 libros
1768 5412 1866 5484 qui

228 5514 242 5546 ³
277 5511 430 5563 Salis
451 5511 544 5561 diu
562 5522 725 5574 penes
757 5513 828 5569 te,
860 5510 1013 5574 juxta
1034 5509 1120 5558 Er.
1154 5509 1284 5560 Ven.
1317 5514 1368 5558 et
1401 5511 1494 5559 Ms.
1526 5509 1585 5558 A.
1617 5511 1682 5558 Μ.

480 5609 759 5674 PATROL.
812 5608 1057 5674 XXXII.

1953 4177 2122 4249 leget,
2152 4176 2400 4231 inveniet
2429 4194 2532 4231 nos
2558 4193 2686 4231 cum
2728 4177 3112 4247 grammaticis
3163 4182 3219 4231 et
3245 4176 3479 4247 poeticis
3527 4177 3646 4231 ani-

1956 4266 2083 4329 mis,
2115 4282 2232 4320 non
2260 4265 2558 4320 habitandi
2592 4265 2888 4331 electione,
2919 4265 3017 4319 sed
3055 4265 3360 4318 itinerandi
3404 4266 3648 4319 necessi-

1957 4359 2073 4409 tate
2104 4358 2376 4408 versatos.
2409 4353 2491 4408 Ad
2525 4354 2679 4408 hunc
2705 4358 2894 4408 autem
2928 4354 3138 4406 librum
3164 4369 3292 4406 cum
3315 4354 3550 4420 venerit,
3583 4354 3649 4412 si.

1961 4447 2026 4498 ut
2055 4459 2222 4514 spero
2255 4445 2312 4496 et
2340 4442 2582 4512 supplex
2600 4442 2890 4512 deprecor,
2915 4442 3062 4495 Deus
3077 4445 3132 4494 et
3162 4441 3436 4494 Dominus
3461 4445 3653 4494 noster

1959 4530 2314 4602 propositum
2345 4546 2540 4585 meum
2569 4531 3034 4600 voluntatemque
3066 4529 3556 4600 gubernaverit,et
3585 4545 3651 4582 eo

1960 4636 2075 4690 quo
2097 4623 2180 4673 est
2207 4618 2424 4672 intenta
2453 4618 2799 4689 perduxerit,
2835 4616 3117 4686 intelliget
3140 4631 3258 4670 non
3287 4617 3412 4670 vilis
3434 4633 3652 4687 posses-

1963 4706 2138 4762 sionis
2169 4723 2286 4760 esse
2316 4706 2485 4760 vilem
2515 4705 2684 4767 viam,
2718 4721 2820 4775 per
2846 4720 3016 4774 quam
3045 4719 3193 4756 nunc
3239 4720 3368 4757 cum
3400 4704 3654 4758 imbecil-

1963 4795 2218 4860 lioribus,
2246 4811 2350 4848 nec
2378 4810 2480 4847 nos
2526 4793 2634 4864 ipsi
2673 4793 2984 4847 admodum
3015 4791 3189 4846 fortes
3219 4793 3510 4846 ambulare
3543 4811 3657 4847 ma-

1965 4882 2199 4946 luimus,
2238 4898 2411 4952 quam
2456 4881 2647 4934 minus
2676 4885 2958 4950 pennatos
3002 4896 3106 4950 per
3151 4881 3447 4935 liberiores
3492 4898 3656 4935 auras

1967 4969 2345 5042 prmcipitare.
2378 4971 2463 5023 Ita
2490 4985 2615 5035 nos,
2644 4973 2922 5040 quantum
2955 4968 3221 5038 arbitror,
3252 4974 3348 5024 aut
3385 4969 3529 5023 nihil
3561 4974 3658 5022 aut

1967 5075 2085 5112 non
2113 5057 2358 5112 multum
2384 5072 2644 5127 peccasse
2668 5057 2968 5127 judicabit,
3019 5056 3064 5110 si
3098 5061 3289 5111 tamen
3321 5057 3389 5111 de
3419 5072 3657 5110 numero

1969 5145 2352 5218 spiritualium
2381 5145 2637 5200 virorum
2664 5145 2769 5200 iste
2800 5146 2995 5200 fuerit.
3029 5147 3166 5200 Nam
3181 5145 3345 5199 turba
3365 5149 3568 5197 caetera
3589 5144 3656 5197 de

1971 5234 2180 5290 scholis
2210 5235 2538 5306 linguarum
2571 5234 3063 5301 tumultuantium,
3088 5238 3144 5287 et
3175 5233 3242 5287 ad
3263 5231 3658 5302 plaudentium

1973 5323 2271 5394 strepitum
2301 5323 2523 5394 vulgari
2553 5323 2779 5378 levitate
2811 5323 3146 5387 lmtantium,
3179 5321 3223 5373 si
3253 5321 3394 5373 forte
3429 5319 3660 5374 irruerit

1974 5413 2035 5467 in
2060 5413 2162 5467 has
2201 5411 2441 5480 litteras,
2473 5416 2571 5467 aut
2598 5415 2923 5470 contemnet
2953 5424 3170 5474 omnes,
3201 5411 3300 5462 aut
3327 5406 3453 5461 illos
3488 5407 3657 5478 quin-

1979 5517 2088 5568 que
2120 5500 2293 5554 libros
2332 5499 2589 5555 sufﬁcere
2645 5501 2752 5555 sibi
2798 5496 3165 5553 arbitrabitur
3192 5512 3204 5549 :
3237 5495 3405 5550 istum
3438 5513 3572 5550 vero
3604 5498 3661 5551 in

2851 5606 3326 5688 (Troiae-sapt.)
