4064 6362
453 325 585 376 1163

450 456 564 512 quo
597 438 810 491 fructus
833 433 1066 486 illorum
1106 433 1207 496 est,
1240 428 1324 480 vel
1345 426 1572 497 abjiciet
1599 425 1763 497 quasi
1791 442 1909 479 non
1943 441 2132 478 neces-

451 527 687 591 sarium,
718 523 806 577 vel
837 521 1058 575 differet
1084 517 1245 588 quasi
1266 520 1393 586 post
1423 514 1824 569 necessarium.
1868 513 2138 584 Reliquos

449 632 582 669 vero
611 613 710 683 qui
741 611 809 665 ad
838 611 946 663 ista
979 605 1351 675 intelligenda
1380 603 1587 658 eruditi
1643 619 1760 656 non
1791 606 1939 668 sunt,
1972 602 2018 654 si
2057 618 2139 655 sa-

451 701 756 756 cramentis
785 697 1115 753 Christiana:
1154 693 1420 764 puritatis
1479 689 1749 755 imbuti‘,
1785 690 1842 742 in
1873 705 2050 742 unum
2082 695 2138 744 et

449 806 648 845 verum
682 789 860 841 Deum
887 799 1110 838 summa
1138 781 1409 835 charitate
1439 781 1705 847 nitentes,
1728 782 1926 832 cuncta
1946 775 2138 846 pueri-

453 879 529 932 lia
553 876 1058 936 transvolaverunt,
1092 871 1339 924 fraterne
1372 869 1652 924 admoneo
1680 883 1749 920 ne
1778 866 1850 919 ad
1881 865 1988 918 ista
2032 864 2136 917 de-

450 966 681 1020 scendat
705 967 761 1016 et
790 978 918 1015 cum
965 960 1056 1013 hic
1084 959 1342 1012 laborare
1398 956 1694 1026 coeperint,
1748 953 1816 1007 de
1872 950 2137 1005 tarditate

451 1069 551 1108 sua
580 1053 1022 1120 conquerantur,
1056 1047 1383 1116 ignorantes
1408 1046 1614 1098 itinera
1645 1041 1898 1096 difficilia
1930 1045 1986 1092 et
2012 1055 2137 1092 mo-

447 1142 589 1194 lesta
616 1137 854 1208 pedibus
885 1135 1019 1200 suis,
1046 1135 1290 1188 volando
1343 1148 1399 1186 se
1431 1147 1594 1202 posse
1651 1130 1822 1183 etiam
1876 1128 2138 1197 ignorata

444 1224 706 1281 transire.
739 1223 795 1278 Si
817 1226 1006 1276 autem
1032 1222 1071 1274 ii
1089 1223 1284 1292 legunt
1311 1220 1409 1290 qui
1439 1224 1494 1274 et
1523 1217 1767 1273 infirmis
1789 1221 1886 1270 aut
1915 1216 2138 1268 inexer-

443 1315 631 1370 citatis
661 1313 944 1384 gressibus
969 1313 1073 1365 hac
1103 1310 1397 1364 ambulare
1424 1325 1542 1362 non
1571 1312 1830 1378 possunt,
1868 1307 1922 1358 et
1954 1305 2136 1358 nullas

441 1403 671 1474 pietatis
699 1403 814 1455 alas
844 1400 1078 1464 habent,
1111 1397 1319 1469 quibus
1372 1397 1479 1450 ista
1523 1395 1778 1465 neglecta
1831 1395 2134 1464 prretervo-

443 1493 580 1557 lent,
611 1506 730 1544 non
761 1505 819 1542 se
847 1488 1100 1541 inserant
1124 1482 1546 1539 inconvenienti
1578 1481 1838 1552 negotio;
1871 1479 1964 1532 sed
1990 1495 2138 1546 prae-

442 1580 620 1650 ceptis
651 1576 1040 1632 saluberrimae
1073 1573 1389 1644 religionis,
1409 1575 1464 1625 et
1485 1568 1770 1625 nidofidei
1795 1566 2134 1622 Christiana":

440 1682 660 1738 pennas
688 1665 967 1730 nutriant,
999 1661 1207 1732 quibus
1237 1659 1486 1714 subvecti
1537 1658 1792 1712 laborem
1848 1671 1911 1708 ac
1935 1654 2136 1724 pulve-

440 1771 564 1809 rem
595 1754 763 1823 hujus
793 1751 1014 1806 itineris
1037 1750 1294 1810 evadant,
1322 1747 1503 1817 magis
1525 1746 1703 1817 ipsius
1732 1743 1932 1815 patrias
1965 1757 2136 1813 quam

440 1842 664 1897 viarum
689 1841 1070 1894 ﬂexuosarum
1102 1853 1292 1892 amore
1325 1837 1650 1906 flagrantes.
1686 1833 1780 1887 His
1825 1831 1978 1885 enim
2016 1830 2138 1884 haec

441 1931 647 2001 scripta
675 1933 829 1992 sunt,
863 1929 961 1999 qui
993 1927 1196 1980 litteris
1256 1923 1620 1978 saecularibus
1675 1920 1874 1986 dediti,
1915 1920 2136 1989 magnis

440 2018 807 2089 implicantur
836 2015 1149 2081 erroribus,
1175 2018 1231 2068 et
1272 2015 1423 2068 bona
1459 2011 1691 2083 ingenia
1718 2011 1780 2063 in
1804 2009 1974 2079 nugis
2003 2023 2134 2060 con-

442 2109 654 2172 terunt,
685 2104 1002 2158 nescientes
1033 2103 1169 2172 quid
1202 2101 1282 2155 ibi
1321 2101 1578 2155 delectet.
1611 2098 1771 2162 Quod
1801 2097 1847 2150 si
1877 2094 2136 2149 animad-

441 2193 1010 2262 verterent,vidercnt
1029 2207 1141 2261 qua
1162 2190 1478 2258 effugerent
1497 2188 1594 2242 illa
1617 2187 1841 2253 retia,et
1872 2184 2135 2255 quisnam

442 2287 588 2336 esset
612 2280 953 2336 beatissima:
983 2277 1297 2332 securitatis
1326 2278 1498 2330 locus.

443 2370 666 2422 CAPUT
700 2369 769 2421 II.
800 2397 868 2406 —
898 2369 1160 2421 Sonorum
1185 2367 1394 2419 numeri
1447 2363 1773 2432 quotuplicis
1819 2363 2047 2428 generis,
2087 2364 2138 2413 et

512 2474 583 2509 an
612 2455 860 2524 quodque
884 2470 1062 2508 eorum
1087 2469 1251 2521 genus
1269 2455 1384 2507 sine
1407 2454 1515 2506 alio
1541 2467 1651 2505 esse
1678 2452 1868 2518 possit.
1898 2451 2136 2502 Primum

510 2559 675 2611 genus
704 2558 1047 2596 numerorum
1092 2544 1149 2596 in
1206 2545 1324 2610 ipso
1379 2556 1526 2595 sono.
1561 2539 1854 2594 Secundem
1883 2553 2048 2605 genus
2078 2539 2134 2591 in

512 2633 631 2700 ipso
651 2645 838 2685 sensus
869 2631 1162 2684 audientis.

511 2722 563 2772 2.
595 2720 678 2773 Μ.
716 2717 1100 2782 Quamobrem
1123 2721 1182 2770 tu
1213 2732 1344 2770 cum
1363 2732 1474 2787 quo
1498 2715 1640 2769 mihi
1683 2730 1838 2769 nunc
1858 2714 2002 2768 ratio
2029 2717 2133 2781 est,

443 2807 744 2861 familiaris
773 2822 955 2874 meus,
983 2809 1044 2858 ut
1073 2823 1106 2858 a
1133 2803 1421 2874 corporeis
1452 2804 1522 2858 ad
1579 2803 1913 2874 incorporea
1950 2807 2134 2856 trans-

445 2911 661 2961 eamus,
694 2894 994 2964 responde,
1019 2893 1065 2946 si
1084 2892 1329 2958 videtur,
1363 2907 1492 2946 cum
1531 2891 1704 2945 istum
1747 2906 1973 2944 versum
2002 2906 2135 2960 pro-

444 2984 802 3052 nuntiamus,
821 2986 957 3037 Deus
978 2986 1188 3036 creator
1211 2982 1467 3048 omnium,
1492 2981 1629 3033 istos
1649 2983 1892 3050 quatuor
1918 2978 2136 3032 iambos

445 3071 653 3142 quibus
697 3074 937 3135 constat,
988 3074 1044 3123 et
1072 3073 1332 3138 tempora
1383 3068 1680 3122 duodecim
1723 3067 1962 3122 ubinam
2016 3081 2136 3120 esse

446 3159 757 3227 arbitreris,
809 3159 867 3213 id
899 3161 1003 3226 est,
1054 3157 1116 3211 in
1167 3173 1306 3211 sono
1358 3159 1581 3210 tantum
1611 3156 1710 3226 qui
1758 3155 2008 3220 auditur,
2061 3169 2134 3207 an

445 3247 618 3302 etiam
648 3248 709 3301 in
739 3257 906 3300 sensu
940 3246 1221 3300 audientis
1252 3245 1350 3316 qui
1382 3246 1449 3300 ad
1480 3261 1647 3299 aures
1676 3245 1945 3315 pertinet,
1973 3259 2048 3296 an
2073 3242 2134 3296 in

448 3340 576 3389 actu
605 3335 778 3390 etiam
808 3333 1249 3404 pronuntiantis,
1303 3350 1375 3387 an
1406 3333 1540 3404 quia
1592 3337 1759 3386 notus
1805 3327 2000 3384 versus
2031 3333 2132 3396 est,

447 3425 507 3478 in
537 3423 816 3478 memoria
846 3439 1076 3493 quoque
1105 3427 1299 3476 nostra
1327 3422 1432 3475 hos
1476 3436 1747 3474 numeros
1795 3433 1914 3472 esse
1961 3418 2136 3470 faten-

448 3513 584 3566 dum
611 3514 731 3565 est?
759 3515 823 3566 D.
859 3513 922 3564 In
975 3511 1063 3564 his
1121 3510 1388 3564 omnibus
1435 3513 1595 3579 puto.
1654 3509 1738 3561 M.
1772 3508 2134 3575 Nusquamne

449 3600 739 3670 amplius?
762 3603 830 3653 D.
863 3599 1009 3662 Quid
1044 3599 1197 3653 aliud
1247 3601 1419 3651 restet
1471 3613 1588 3650 non
1616 3594 1800 3660 video,
1831 3593 1942 3646 nisi
1988 3592 2135 3645 forte

446 3688 686 3743 interior
715 3692 771 3742 et
797 3687 1054 3759 superior
1081 3687 1272 3757 aliqua
1329 3685 1413 3739 vis
1468 3685 1539 3737 sit
1566 3681 1590 3716 ²
1619 3682 1768 3736 unde
1799 3681 1906 3734 ista
1935 3696 2134 3750 proce-

446 3779 608 3833 dunt.
661 3777 743 3832 Μ.
794 3778 919 3830 Non
975 3793 1080 3846 ego
1140 3790 1335 3845 quaaro
1384 3771 1523 3843 quid
1573 3770 1974 3840 suspicandum
2019 3769 2132 3823 sit:

445 3883 622 3938 quare
650 3865 697 3918 si
727 3865 848 3920 haec
870 3870 1118 3936 quatuor
1146 3862 1444 3933 generaita
1473 3860 1578 3914 tibi
1607 3863 1902 3928 apparent,
1935 3862 1997 3910 ut
2015 3859 2136 3910 nul-

443 3953 565 4006 lum
594 3952 748 4006 aliud
775 3952 965 4006 videas
999 3951 1151 4020 quod
1183 3965 1345 4019 atque
1377 3947 1744 4002 manifestum
1789 3947 1880 4006 sit,
1924 3946 2134 4000 discer-

443 4057 646 4094 namus
675 4057 762 4106 ea,
797 4041 843 4092 si
875 4041 1076 4109 placet,
1114 4038 1183 4092 ab
1211 4037 1473 4102 invicem,
1505 4040 1560 4089 et
1605 4035 1900 4088 videamus
1942 4039 2134 4087 utrum

443 4130 668 4200 singula
699 4146 818 4183 esse
845 4130 966 4182 sine
990 4127 1231 4180 invicem
1257 4126 1493 4195 possint.
1532 4126 1673 4178 Nam
1720 4125 1885 4177 credo
1932 4139 2050 4176 non
2081 4127 2134 4176 te

443 4234 562 4272 esse
592 4221 931 4283 negaturum
974 4215 1096 4268 fieri
1127 4231 1310 4283 posse,
1343 4217 1406 4266 ut
1462 4213 1519 4266 in
1549 4213 1738 4282 aliquo
1768 4213 1891 4265 loco
1930 4211 2135 4280 aliquis

442 4321 616 4357 sonus
649 4303 851 4356 existat
882 4301 1278 4371 hujuscemodi
1311 4300 1548 4354 morulis
1577 4306 1633 4353 et
1681 4299 2132 4353 dimensionibus

440 4391 746 4445 verberans
775 4405 966 4444 aerem
988 4374 1082 4442 vel
1130 4388 1414 4442 stillicidio
1452 4389 1539 4442 vel
1573 4388 1763 4458 aliquo
1820 4387 1932 4440 alio
1964 4387 2133 4456 pulsu

438 4495 761 4549 corporum,
795 4479 893 4532 ubi
944 4479 1138 4532 nullus
1187 4478 1330 4531 adsit
1360 4478 1605 4532 auditor.
1663 4476 1824 4540 Quod
1866 4492 1994 4529 cum
2041 4477 2124 4541 fit,

432 4583 579 4644 num
608 4571 816 4637 praeter
842 4565 983 4620 illud
1012 4565 1264 4636 primum
1291 4581 1488 4636 genus,
1523 4580 1653 4618 cum
1674 4564 1794 4634 ipse
1825 4581 1996 4618 sonus
2027 4565 2129 4618 hos

439 4671 708 4708 numeros
737 4655 926 4721 habet,
955 4655 1140 4709 ullum
1184 4655 1388 4708 horum
1423 4659 1671 4725 quatuor
1699 4653 1981 4724 reperitur
2002 4652 2029 4706 ?
2060 4657 2123 4708 D.

439 4743 671 4796 Nullum
709 4743 862 4797 aliud
885 4743 1070 4798 video.

507 4834 558 4886 3.
591 4832 675 4884 M.
718 4831 854 4894 Quis
883 4831 986 4884 iste
1017 4832 1180 4899 alter,
1212 4830 1311 4901 qui
1349 4836 1435 4884 est
1488 4829 1547 4883 in
1604 4846 1769 4883 sensu
1801 4828 2127 4883 audientis?

434 4922 692 4988 potestne
724 4935 844 4972 esse
874 4919 921 4971 si
952 4919 1093 4972 nihil
1127 4924 1286 4972 sonet
1305 4920 1332 4972 ?
1375 4920 1498 4972 Non
1528 4917 1681 4971 enim
1707 4934 1902 4988 quaero
1930 4923 2124 4971 utrum

433 5009 682 5062 habeant
705 5007 816 5061 illa:
848 5023 1011 5061 aures
1040 5007 1154 5062 vim
1192 5007 1545 5078 percipiendi
1597 5007 1644 5059 si
1673 5006 1989 5076 quidquam
2045 5023 2127 5059 so-

435 5099 650 5165 nuerit,
682 5114 796 5168 qua
847 5097 1047 5168 utique
1108 5114 1221 5150 non
1275 5102 1470 5151 carent
1513 5097 1559 5150 si
1591 5097 1735 5150 desit
1767 5114 1975 5151 sonus:
2009 5113 2124 5150 non

433 5185 590 5239 enim
635 5190 691 5239 et
718 5200 850 5238 cum
870 5184 1161 5238 silentium
1193 5189 1294 5252 est,
1325 5184 1471 5237 nihil
1505 5201 1534 5237 a
1567 5183 1753 5237 surdis
1812 5184 2118 5237 differunt:

433 5274 529 5327 sed
560 5289 755 5344 quaero
787 5277 978 5326 utrum
993 5272 1142 5343 ipsos
1173 5271 1958 5340 numeroshabeant,etiamsi
1979 5271 2120 5325 nihil

493 5425 506 5457 ¹
540 5423 633 5495 Enr,
644 5427 698 5495 et
719 5424 838 5472 Lov.
872 5421 1116 5472 raritatis
1148 5419 1340 5470 imbuti
1361 5437 1374 5481 ;
1395 5423 1448 5469 at
1473 5421 1596 5468 Mss.
1629 5419 1823 5470 habent
1842 5435 1962 5471 cum
1983 5421 2116 5482 Am.,

426 5487 693 5546 puritatis.

490 5546 511 5578 9
537 5549 647 5602 Esi,
670 5546 822 5607 juxta
854 5546 946 5595 Ms.
975 5546 1033 5595 A.
1101 5546 1168 5593 M.

1719 310 1812 364 DE
1857 307 2142 370 MUSICA,
2187 308 2239 364 S.
2283 307 2662 365 AUGUSTINI

3813 307 3956 358 1164

2249 431 2427 481 sonet.
2477 426 2768 496 Siquidem
2815 424 2969 479 aliud
3027 429 3112 478 est
3159 425 3367 479 habere
3428 441 3725 492 numeros,
3789 425 3954 480 aliud

2248 531 2413 585 posse
2443 515 2649 568 sentire
2681 529 3051 567 numerosum
3081 529 3303 568 sonum.
3342 515 3482 568 Nam
3510 518 3565 568 et
3609 514 3656 567 si
3685 515 3953 568 sentien-

2249 609 2362 657 tem
2394 603 2641 674 corporis
2671 603 2856 655 locum
2884 601 3064 671 digito
3095 607 3316 672 tangas,
3348 603 3717 672 quotieslibet
3757 602 3953 673 tangi-

2249 695 2361 758 tur,
2384 692 2550 745 toties
2582 692 2826 744 sentitur
2857 695 3007 744 tactu
3038 691 3131 744 ille
3162 707 3434 745 numerus
3469 707 3482 744 :
3516 696 3730 745 etcum
3771 691 3953 744 senti-

2248 783 2361 846 tur,
2389 796 2505 833 non
2531 796 2595 832 eo
2617 783 2769 833 caret
2796 779 3043 832 sentiens
3070 795 3083 832 :
3106 779 3203 832 sed
3234 784 3428 832 utrum
3453 778 3586 832 insit
3606 779 3785 832 etiam
3819 783 3953 831 tan-

2247 872 2414 938 gente
2442 868 2618 934 nullo,
2649 884 2767 921 non
2797 883 2993 920 sensus
3039 867 3156 933 ille,
3203 867 3298 921 sed
3341 883 3634 934 numerus,
3681 866 3957 920 similiter

2246 957 2540 1026 quaeritur.
2575 960 2638 1010 D.
2677 957 2801 1010 Non
2832 955 2994 1010 facile
3027 955 3286 1021 dixerim,
3319 972 3508 1010 carere
3560 972 3793 1010 sensum
3836 972 3952 1009 nu-

2247 1045 2420 1098 meris
2444 1045 2650 1098 talibus
2677 1045 2735 1098 in
2766 1061 2823 1098 se
2841 1044 3184 1112 constitutis,
3205 1044 3378 1097 etiam
3393 1049 3700 1114 antequam
3724 1043 3955 1114 aliquid

2247 1137 2408 1187 sonet
2438 1147 2450 1188 :
2482 1149 2596 1186 non
2619 1132 2770 1186 enim
2801 1133 2967 1186 aliter
2993 1135 3090 1185 aut
3114 1147 3312 1186 eorum
3345 1134 3690 1186 mulceretur
3711 1131 3955 1185 concin-

2248 1221 2443 1287 nitate,
2501 1225 2597 1274 aut
2639 1220 2983 1274 absurditate
3035 1219 3437 1274 offenderetur.
3485 1219 3744 1289 ldipsum
3805 1235 3954 1289 ergo

2247 1309 2524 1379 quidquid
2553 1313 2657 1374 est,
2686 1325 2798 1379 quo
2829 1313 2926 1362 aut
2955 1307 3262 1361 annuimus
3285 1311 3384 1360 aut
3415 1307 3794 1360 abhorremus
3827 1322 3954 1359 non

2246 1397 2464 1450 ratione
2494 1396 2591 1450 sed
2622 1401 2845 1462 natura,
2878 1411 3008 1449 cum
3064 1395 3281 1465 aliquid
3313 1397 3495 1457 sonat,
3529 1394 3710 1463 ipsius
3743 1409 3958 1447 sensus

2246 1500 2554 1538 numerum
2580 1500 2733 1538 voco.
2773 1485 2895 1537 Non
2925 1484 3076 1536 enim
3127 1487 3263 1536 tunc
3292 1481 3357 1536 fit
3401 1482 3462 1535 in
3509 1482 3746 1535 auribus
3779 1482 3955 1547 meis,

2247 1589 2376 1627 cum
2404 1588 2608 1626 sonum
2641 1572 3064 1639 audio,hzecvis
3077 1570 3431 1641 approbandi
3459 1573 3514 1624 et
3543 1569 3952 1640 improbandi.

2246 1664 2425 1715 Aures
2454 1661 2667 1731 quippe
2699 1676 2814 1714 non
2845 1660 3009 1714 aliter
3037 1659 3203 1713 bonis
3231 1658 3382 1712 sonis
3423 1674 3593 1729 quam
3642 1658 3813 1712 malis
3845 1674 3954 1728 pa-

2246 1753 2388 1803 tent.
2422 1751 2489 1803 Ill.
2527 1749 2660 1803 Vide
2682 1749 2874 1818 potius
2903 1763 2974 1801 ne
3003 1747 3110 1800 ista
3137 1747 3250 1801 duo
3277 1746 3390 1800 sint
3421 1745 3660 1800 minime
3702 1746 3953 1800 confun-

2249 1837 2455 1894 denda.
2485 1837 2625 1890 Nam
2656 1835 2702 1888 si
2729 1851 2922 1889 versus
2953 1834 3192 1905 quilibet
3215 1834 3387 1888 modo
3407 1834 3748 1904 correptius,
3773 1835 3954 1888 modo

2247 1925 2580 1995 productius
2607 1925 3031 1994 pronuntietur,
3063 1922 3307 1992 spatium
3341 1922 3617 1992 temporis
3640 1937 3758 1975 non
3792 1923 3952 1976 idem

2247 2017 2439 2068 teneat
2496 2029 2723 2067 necesse
2755 2017 2858 2079 est,
2895 2011 3152 2082 quamvis
3208 2010 3407 2065 eadem
3459 2011 3674 2080 pedum
3721 2012 3953 2064 ratione

2249 2107 2485 2157 servata.
2517 2104 2586 2155 Ut
2616 2118 2752 2172 ergo
2783 2101 2904 2172 ipso
2951 2117 3051 2154 suo
3081 2115 3290 2170 genere
3321 2115 3488 2153 aures
3541 2100 3812 2166 mulceat,
3848 2100 3953 2154 illa

2246 2190 2329 2243 vis
2378 2190 2510 2244 facit
2557 2206 2670 2262 qua
2706 2190 2982 2243 concinna
3023 2188 3409 2254 adsciscimus,
3463 2191 3519 2241 et
3561 2187 3810 2241 absurda
3870 2204 3954 2241 rc-

2247 2279 2522 2348 spuimus.
2558 2279 2628 2332 Ut
2654 2283 2842 2331 autem
2876 2277 3132 2331 breviore
3188 2281 3449 2346 tempore
3496 2276 3781 2330 sentiatur
3812 2293 3949 2330 cum

2246 2367 2508 2435 celerius,
2537 2382 2709 2436 quam
2737 2381 2868 2420 cum
2924 2365 3141 2420 tardius
3184 2365 3494 2435 promitur,
3534 2380 3648 2418 non
3706 2364 3953 2418 interest

2245 2454 2458 2524 aliquid
2501 2453 2610 2506 nisi
2649 2453 2924 2524 quamdiu
2966 2469 3132 2506 aures
3158 2455 3468 2522 tangantur
3516 2469 3678 2506 sono.
3704 2452 3954 2506 Affectio

2245 2557 2380 2611 ergo
2411 2543 2530 2595 haec
2555 2541 2779 2594 aurium
2833 2556 2963 2594 cum
3009 2544 3328 2611 tanguntur
3358 2555 3522 2607 sono,
3579 2540 3738 2593 nullo
3771 2541 3951 2594 modo

2244 2630 2373 2682 talis
2404 2634 2489 2684 est
2518 2645 2580 2683 ac
2608 2629 2655 2682 si
2699 2645 2815 2682 non
2868 2633 3160 2698 tangatur.
3222 2629 3290 2683 Ut
3321 2631 3476 2682 enim
3529 2627 3718 2682 differt
3747 2629 3955 2683 audire

2246 2719 2315 2771 ab
2346 2735 2411 2772 eo
2434 2719 2588 2789 quod
2615 2723 2700 2772 est
2724 2734 2840 2771 non
2871 2718 3091 2783 audire,
3123 2717 3200 2771 ita
3229 2717 3419 2771 differt
3447 2717 3592 2770 hanc
3621 2733 3823 2771 vocem
3854 2735 3954 2772 au-

2247 2807 2367 2862 dire
2395 2807 2463 2861 ab
2485 2824 2552 2860 eo
2583 2806 2737 2878 quod
2767 2810 2849 2860 est
2878 2806 3115 2860 alteram
3143 2806 3358 2859 audire.
3385 2807 3513 2859 Haec
3534 2805 3711 2876 igitur
3723 2806 3952 2861 affectio

2245 2909 2349 2947 nec
2378 2895 2527 2948 ultra
2554 2893 2889 2964 porrigitur,
2932 2910 3036 2947 nec
3089 2893 3238 2947 infra
3295 2893 3629 2960 cohibetur;
3663 2895 3949 2964 quoniam

2247 2987 2332 3036 est
2360 2998 2622 3036 mensura
2652 2983 2772 3052 ejus
2804 2981 2928 3035 soni
2959 2981 3059 3050 qui
3088 2981 3221 3035 facit
3249 2997 3393 3035 eam.
3450 2982 3645 3035 Altera
3687 2987 3774 3037 est
3803 3000 3948 3054 ergo

2243 3069 2305 3124 in
2334 3070 2545 3137 iambo,
2578 3071 2755 3124 altera
2802 3069 2860 3123 in
2892 3070 3214 3138 tribracho;
3263 3071 3597 3141 productior
3629 3071 3687 3125 in
3720 3073 3945 3142 produ-

2244 3159 2419 3213 ctiore
2444 3159 2656 3228 iambo,
2688 3158 3000 3228 correptior
3054 3159 3116 3212 in
3162 3159 3544 3230 correptiore;
3578 3160 3736 3214 nulla
3766 3161 3828 3214 in
3861 3161 3942 3215 si-

2244 3245 2447 3300 lentio.
2487 3247 2623 3309 Quas
2655 3246 2700 3298 si
2733 3261 3036 3299 numerosa
3068 3261 3200 3299 voce
3235 3246 3320 3312 fit,
3353 3245 3527 3299 etiam
3573 3246 3696 3317 ipsa
3727 3263 3946 3302 nume-

2244 3349 2376 3386 rosa
2407 3333 2478 3386 sit
2531 3348 2759 3386 necesse
2817 3335 2917 3386 est.
2971 3333 3165 3403 Neque
3223 3349 3345 3386 esse
3401 3338 3606 3404 potest,
3657 3334 3769 3388 nisi
3809 3353 3946 3389 cum

2245 3421 2405 3474 adest
2433 3421 2665 3474 effector
2695 3421 2816 3490 ejus
2844 3436 3014 3474 sonus
3037 3438 3048 3474 :
3073 3420 3274 3475 similis
3301 3427 3388 3474 est
3416 3422 3571 3476 enim
3610 3423 3853 3494 vestigio
3884 3425 3950 3478 in

2246 3523 2394 3578 aqua
2423 3508 2716 3578 impresso,
2750 3509 2902 3578 quod
2929 3524 3112 3577 neque
3145 3513 3275 3562 ante
3309 3509 3587 3564 formatur
3613 3527 3787 3581 quam
3814 3529 3945 3567 cor-

2245 3613 2350 3667 pus
2378 3597 2754 3666 impresseris,
2789 3612 2973 3666 neque
3004 3601 3262 3650 remanet
3291 3614 3421 3650 cum
3451 3599 3780 3654 detraxeris.
3830 3601 3948 3654 Na-

2246 3685 2446 3738 turalis
2475 3701 2608 3744 vero
2641 3685 2739 3738 illa
2785 3685 2867 3738 vis
2919 3685 3083 3755 quasi
3129 3684 3455 3754 judiciaria,
3515 3703 3644 3758 quas
3704 3687 3949 3741 auribus

2246 3774 2420 3839 adest,
2451 3789 2569 3827 non
2617 3773 2826 3828 desinit
2880 3789 3001 3826 esse
3057 3773 3118 3826 in
3166 3772 3413 3840 silentio,
3474 3791 3577 3828 nec
3611 3775 3774 3828 nobis
3810 3792 3949 3830 eam

2247 3877 2419 3914 sonus
2445 3861 2637 3925 infert,
2670 3861 2764 3915 sed
2802 3861 2872 3914 ab
2903 3877 2970 3914 ea
2998 3861 3210 3932 potius,
3267 3861 3380 3915 sive
3429 3863 3774 3932 probandus,
3821 3865 3947 3918 sive

2245 3949 2651 4019 improbandus
2681 3950 2975 4019 excipitur.
3007 3950 3191 4013 Quare
3247 3949 3357 4004 ista
3415 3951 3550 4017 duo,
3607 3951 3716 4004 nisi
3749 3953 3943 4020 fallor,

2246 4035 2648 4106 distinguenda
2679 4042 2814 4090 sunt
2841 4053 2855 4102 ;
2879 4041 2934 4090 et
2959 4037 3252 4091 fatendum
3283 4053 3573 4106 numeros,
3599 4040 3696 4111 qui
3727 4041 3947 4095 suntin

2244 4124 2368 4194 ipsa
2393 4126 2656 4195 passione
2686 4125 2930 4191 aurium,
2964 4141 3092 4178 cum
3119 4125 3334 4196 aliquid
3387 4126 3639 4195 auditur,
3674 4144 3812 4182 sono
3847 4129 3945 4183 in-

2243 4213 2396 4280 ferri,
2425 4213 2634 4266 auferri
2676 4213 2920 4267 silentio.
2953 4214 3029 4267 Ex
3060 4230 3172 4284 quo
3204 4213 3510 4285 colligitur,
3542 4231 3815 4270 numeros
3839 4219 3947 4288 qui

2243 4306 2377 4354 sunt
2398 4301 2457 4354 in
2489 4301 2611 4371 ipso
2638 4317 2794 4368 sono,
2825 4317 2987 4372 posse
3019 4318 3139 4355 esse
3169 4302 3287 4355 sine
3320 4301 3438 4354 istis
3473 4303 3573 4371 qui
3602 4308 3735 4356 sunt
3764 4304 3826 4358 in
3871 4322 3946 4360 eo

2243 4389 2396 4458 quod
2425 4393 2506 4443 est
2534 4389 2750 4456 audire,
2785 4405 2913 4442 cum
2941 4389 2999 4442 bi
3030 4391 3152 4443 sine
3182 4389 3294 4442 illis
3321 4404 3440 4442 esse
3472 4406 3586 4443 non
3617 4393 3865 4460 possint.

2243 4476 2468 4530 CAPUT
2508 4477 2602 4530 IIl.
2637 4506 2708 4517 —
2742 4480 2979 4531 Tertium
3002 4492 3165 4544 genus
3192 4491 3535 4530 numerorum
3571 4481 3627 4530 in
3659 4481 3778 4547 ipso
3813 4487 3949 4536 actu

2306 4567 2714 4632 pronuntiantis
2761 4570 3015 4633 quartum
3066 4578 3230 4630 genus
3292 4579 3632 4618 numerorum
3687 4568 3745 4619 in
3815 4571 3948 4638 ipsa

2310 4669 2585 4707 memorza.

2307 4743 2459 4796 4.1).
2509 4741 2816 4808 Assentior,
2873 4742 2958 4797 M.
3019 4740 3258 4794 Attende
3314 4739 3489 4809 igitur
3551 4740 3660 4795 hoc
3696 4744 3942 4801 tertium

2238 4845 2438 4899 genus,
2463 4831 2615 4900 quod
2655 4835 2737 4883 cst
2766 4830 2823 4882 in
2855 4829 2978 4898 ipso
3026 4844 3133 4881 usu
3161 4830 3178 4864 ¹
3211 4831 3268 4881 et
3297 4829 3628 4898 Operatione
3669 4847 3939 4901 pronun-

2235 4917 2464 4984 tiantis;
2499 4923 2555 4972 et
2583 4917 2707 4971 vide
2761 4921 2951 4969 utrum
3003 4916 3222 4985 possint
3273 4933 3391 4970 esse
3431 4917 3492 4970 hi
3549 4921 3776 4974 numeri
3805 4925 3934 4976 sine

2234 5004 2347 5058 illis
2379 5005 2476 5075 qui
2506 5010 2635 5058 sunt
2663 5005 2717 5056 in
2739 5002 3030 5057 memoria.
3068 5004 3209 5056 Nam
3241 5017 3298 5058 et
3325 5005 3481 5059 taciti
3508 5007 3657 5076 apud
3685 5016 3935 5064 nosmet-

2233 5089 2385 5162 ipsos
2414 5107 2714 5162 possumus
2752 5091 2972 5160 aliquos
3003 5107 3275 5146 numeros
3305 5093 3606 5164 cogitando
3649 5112 3930 5167 peragere

2232 5196 2296 5233 ea
2326 5197 2487 5233 mora
2515 5178 2808 5249 temporis,
2841 5196 2953 5250 qua
2983 5180 3155 5234 etiam
3183 5199 3317 5236 voce
3347 5189 3780 5252 peragerentur.
3811 5187 3925 5240 Hos

2232 5269 2291 5322 in
2321 5269 2566 5340 quadam
2617 5268 2946 5338 operatione
3004 5268 3182 5323 animi
3240 5287 3358 5324 esse
3415 5271 3785 5326 manifestum
3818 5280 3926 5344 est,

2230 5373 2358 5429 qua:
2383 5357 2654 5428 quoniam
2684 5357 2906 5411 nullum
2937 5358 3051 5412 edit
3081 5375 3305 5425 sonum,
3349 5359 3606 5430 nihilque
3641 5361 3926 5431 passionis

2228 5447 2400 5501 infert
2428 5446 2680 5514 auribus,
2715 5447 2958 5501 ostendit
3004 5447 3113 5502 hoc
3164 5464 3343 5519 genus
3401 5447 3521 5503 sine
3551 5447 3663 5502 illis
3693 5449 3922 5507 duobus

2292 5545 2306 5575 ¹
2340 5542 2492 5602 Nisa,
2519 5541 2669 5604 juxta
2696 5542 2788 5590 Ms.
2823 5543 2882 5591 A.
2983 5543 3052 5590 M.
