4064 6384
143 387 277 440 H65

138 521 260 559 esse
289 521 478 576 posse,
505 520 752 575 quorum
779 520 961 560 unum
991 504 1052 560 in
1082 522 1220 560 sono
1253 511 1357 574 est,
1382 507 1625 563 alterum
1654 509 1716 564 in
1746 526 1841 564 au-

142 593 357 661 diente,
391 594 621 664 quando
671 593 849 648 audit.
892 594 1001 648 Sed
1047 598 1239 649 utrum
1270 595 1553 664 existeret,
1595 597 1705 651 nisi
1739 599 1837 652 ad-

129 682 366 750 juvante
381 681 676 744 memoria,
709 681 1040 752 quaerimus.
1076 683 1411 754 Quanquam
1445 684 1490 738 si
1521 685 1713 740 anima
1735 687 1837 740 hos

136 787 412 825 numeros
447 770 582 841 agit,
636 786 782 841 quos
834 770 894 823 in
947 787 1219 825 venarum
1275 773 1445 842 pulsu
1489 773 1833 843 invenimus,

139 859 325 913 soluta
365 859 604 930 quiestio
654 862 765 912 est:
800 875 936 912 nam
984 863 1041 913 et
1082 859 1142 914 in
1193 861 1524 931 operatione
1567 863 1672 916 hos
1715 879 1834 917 esse

139 948 509 1002 manifestum
540 952 645 1016 est,
678 951 733 1001 et
757 947 900 1002 nihil
931 949 1001 1003 ad
1033 965 1128 1003 eos
1171 951 1504 1021 adjuvamur
1532 953 1830 1006 memoria.

137 1036 301 1100 Quod
332 1036 377 1090 si
409 1037 479 1091 de
510 1035 598 1090 his
624 1035 903 1091 incertum
944 1042 1047 1103 est,
1082 1041 1274 1094 utrum
1301 1039 1588 1111 operantis
1626 1040 1833 1094 animae

137 1125 290 1188 sint;
347 1125 418 1180 de
458 1125 580 1179 istis
618 1130 768 1179 certe
820 1142 963 1196 quos
1018 1125 1304 1197 reciproco
1352 1127 1557 1198 spiritu
1586 1128 1830 1198 agimus,

140 1213 285 1267 nulli
310 1213 548 1268 dubium
573 1218 677 1283 est,
693 1212 833 1284 quin
860 1217 915 1268 et
943 1214 1833 1285 temporumintervallisnumeri

135 1301 266 1369 sint,
315 1308 373 1358 et
420 1320 514 1357 eos
558 1303 638 1357 sic
679 1303 870 1357 anima
919 1309 1204 1373 operetur,
1247 1309 1310 1358 ut
1338 1305 1510 1358 etiam
1544 1306 1832 1360 voluntate

133 1391 388 1446 adhibita
421 1391 617 1445 multis
653 1391 834 1445 modis
882 1392 1090 1445 variari
1120 1397 1334 1462 queant
1361 1408 1372 1444 :
1423 1409 1527 1447 nec
1545 1397 1739 1447 tamen
1768 1399 1833 1448 ut

134 1484 398 1550 agantur,
429 1481 548 1534 ulla
576 1496 718 1550 opus
751 1483 834 1533 est
864 1480 1165 1535 memoria.
1205 1484 1270 1535 D.
1300 1481 1534 1535 Videtur
1552 1481 1694 1535 mihi
1722 1481 1833 1535 hoc

132 1585 313 1639 genus
352 1568 473 1623 sine
503 1567 686 1622 tribus
715 1567 932 1622 caeteris
963 1585 1083 1622 esse
1132 1585 1316 1638 posse.
1352 1568 1620 1632 Quamvis
1677 1569 1831 1624 enim

130 1674 234 1728 pro
265 1657 678 1727 temperatione
709 1672 1010 1726 corporum
1054 1656 1240 1711 varios
1285 1672 1561 1711 venarum
1610 1659 1828 1727 pulsus,

130 1750 186 1799 et
215 1745 613 1816 respirationis
643 1745 945 1799 intervalla
975 1744 1100 1800 ﬁeri
1131 1761 1244 1800 non
1275 1746 1566 1816 ambigam
1594 1762 1607 1813 ;
1635 1749 1828 1800 tamen

130 1838 404 1905 operante
436 1833 628 1888 anima
655 1833 802 1900 ﬁeri,
834 1849 1043 1904 negare
1072 1834 1201 1904 quis
1231 1835 1476 1888 audeat?
1498 1833 1604 1898 Qui
1634 1850 1830 1889 cursus

129 1926 184 1976 et
213 1922 261 1976 si
302 1939 400 1993 pro
431 1922 756 1976 diversitate
787 1938 1092 1992 corporum
1122 1921 1248 1976 aliis
1283 1922 1524 1977 celerior
1569 1926 1672 1988 est,
1705 1923 1830 1978 aliis

125 2010 344 2065 tardior
370 2027 383 2078 ;
406 2011 518 2065 nisi
547 2015 741 2065 tamen
771 2011 919 2065 adsit
969 2011 1162 2064 anima
1192 2027 1321 2082 quae
1354 2011 1410 2065 id
1457 2015 1603 2082 agat,
1635 2013 1828 2067 nullus

127 2103 233 2156 est.
285 2101 361 2154 M.
409 2099 714 2154 Considera
743 2098 920 2170 igitur
979 2103 1035 2153 et
1081 2105 1352 2170 quartum
1381 2115 1584 2171 genus,
1629 2115 1829 2155 eorum

128 2187 346 2243 scilicet
367 2204 743 2243 numerorum
773 2188 872 2258 qui
901 2193 1036 2242 sunt
1064 2189 1125 2242 in
1153 2188 1470 2242 memoria:
1499 2207 1632 2245 nam
1657 2191 1705 2245 si
1735 2206 1830 2245 eos

129 2277 524 2332 recordatione
554 2276 967 2349 depromimus,
997 2280 1053 2331 et
1081 2293 1209 2330 cum
1230 2277 1291 2330 in
1307 2276 1446 2332 alias
1459 2279 1830 2350 cogitationes

128 2365 462 2432 deferimur,
495 2365 597 2420 hos
627 2381 857 2420 rursum
887 2365 1264 2436 relinquimus
1301 2366 1458 2420 velut
1505 2367 1563 2420 in
1593 2368 1711 2422 suis
1749 2384 1830 2422 se-

127 2456 301 2510 cretis
330 2455 673 2522 reconditos,
706 2471 845 2520 non,
879 2454 1104 2525 opinor.
1148 2455 1428 2508 occultum
1471 2459 1556 2510 est
1583 2472 1680 2510 eos
1709 2473 1830 2511 esse

129 2560 297 2616 posse
327 2543 450 2597 sine
482 2544 721 2598 caeteris.
755 2547 820 2598 D.
855 2544 979 2597 Non
1010 2542 1210 2598 dubito
1240 2559 1338 2596 eos
1367 2559 1487 2598 esse
1514 2544 1634 2599 sine
1663 2549 1829 2599 caete-

128 2633 241 2701 ris;
278 2632 378 2687 sed
405 2637 598 2687 tamen
628 2631 739 2687 nisi
767 2631 971 2699 auditi,
1004 2632 1092 2686 vel
1141 2631 1397 2702 cogitati,
1451 2649 1566 2688 non
1593 2634 1832 2689 manda-

126 2725 333 2776 rentur
384 2720 716 2775 memorias:
773 2723 829 2774 et
877 2719 1005 2774 ideo
1064 2736 1394 2791 quanquam
1423 2721 1535 2774 illis
1565 2721 1829 2777 desinen-

132 2810 289 2864 tibus
340 2812 634 2876 maneant,
687 2808 892 2864 iisdem
927 2813 1120 2863 tamen
1145 2808 1600 2878 praecedentibus
1627 2809 1830 2881 impri-

134 2903 394 2953 muntur.

129 2988 362 3043 CAPUT
395 2987 482 3041 IV.
505 3016 574 3026 —
606 2988 863 3056 Quintum
889 2999 1055 3053 genus
1102 2999 1444 3039 numerorum
1487 2987 1546 3039 in
1579 2987 1697 3054 ipso
1723 3002 1832 3040 na—

204 3078 376 3131 turali
388 3076 604 3146 judicz'o
630 3075 916 3130 sentiendi.
949 3077 1038 3129 Ea:
1079 3075 1316 3144 quinque
1344 3076 1620 3128 recensitis
1647 3089 1831 3128 nume-

167 3181 388 3243 ;rorum
413 3164 694 3232 generibus
728 3163 1000 3232 quodnam
1029 3163 1332 3216 antecellat.

206 3258 257 3308 5.
291 3255 376 3307 Μ.
431 3255 556 3307 Non
603 3252 802 3306 resisto
852 3251 981 3314 tibi,
1026 3255 1082 3304 et
1125 3250 1332 3305 vellem
1372 3249 1494 3320 jam
1551 3266 1830 3321 quaerere,

133 3342 295 3414 quod
319 3343 549 3396 tandem
579 3342 786 3396 horum
839 3344 1084 3412 quatuor
1124 3354 1398 3410 generum
1431 3337 1833 3409 praestantissi-

135 3443 300 3482 mum
346 3428 612 3499 judices:
659 3428 770 3482 nisi
814 3427 1123 3482 arbitrarer
1163 3427 1301 3481 dum
1348 3425 1448 3481 illa
1502 3429 1831 3492 tractamus,

135 3517 331 3573 nescio
371 3519 523 3572 unde
553 3518 884 3589 apparuisse
913 3516 1079 3571 nobis
1119 3516 1382 3586 quintum
1429 3531 1629 3586 genus,
1681 3513 1837 3586 quod

136 3610 225 3662 est
253 3606 316 3661 in
345 3606 471 3677 ipso
499 3605 748 3660 naturali
761 3605 981 3675 judicio
995 3603 1296 3671 sentiendi,
1327 3620 1457 3658 cum
1488 3604 1838 3660 delectamur

136 3695 428 3766 parilitate
458 3711 856 3761 numerorum,
888 3694 976 3747 vel
1003 3709 1133 3747 cum
1163 3693 1222 3746 in
1251 3692 1332 3747 eis
1352 3697 1638 3762 peccatur,
1665 3691 1838 3745 offen-

137 3785 354 3840 dimur.
381 3785 504 3838 Non
533 3782 689 3838 enim
715 3787 1018 3836 contemno
1045 3780 1199 3851 quod
1230 3780 1336 3834 tibi
1366 3779 1553 3834 visum
1584 3784 1690 3847 est,
1715 3778 1837 3832 sine

138 3872 490 3945 quibusdam
520 3870 777 3925 numeris
822 3870 885 3923 in
929 3885 994 3923 eo
1059 3868 1387 3935 latentibus,
1443 3868 1553 3922 hoc
1608 3882 1835 3920 sensum

138 3965 404 4016 nostrum
451 3959 606 4012 nullo
653 3959 826 4012 modo
881 3972 1046 4028 agere
1111 3955 1384 4026 potuisse.
1441 3957 1530 4010 An
1575 3955 1722 4009 forte
1769 3954 1838 4009 ad

139 4051 386 4104 istorum
415 4052 663 4120 quatuor
690 4046 921 4118 aliquod
954 4061 1134 4120 genus
1161 4046 1309 4100 hanc
1322 4047 1542 4098 tantam
1570 4043 1686 4097 vim
1707 4058 1838 4114 per-

139 4140 328 4194 tinere
376 4134 670 4190 arbitraris
697 4136 727 4189 ?
757 4138 821 4189 D.
853 4136 968 4206 Ego
998 4150 1130 4188 vero
1183 4133 1253 4187 ab
1292 4132 1406 4186 illis
1435 4133 1703 4187 omnibus
1731 4132 1840 4186 hoc

142 4242 330 4298 genus
350 4223 827 4294 distinguendum
843 4226 1005 4294 puto.
1025 4221 1320 4292 Siquidem
1341 4220 1495 4275 aliud
1519 4224 1601 4274 est
1616 4235 1836 4285 sonare,

142 4315 304 4388 quod
331 4313 557 4384 corpori
580 4312 874 4378 tribuitur,
907 4310 1060 4366 aliud
1089 4310 1308 4377 audire,
1335 4309 1491 4380 quod
1518 4308 1579 4363 in
1605 4323 1840 4378 corpore

142 4403 344 4460 anima
389 4403 458 4457 de
511 4403 660 4456 sonis
697 4400 931 4473 patitur,
979 4399 1135 4454 aliud
1165 4397 1392 4470 operari
1439 4412 1708 4451 numeros
1752 4395 1842 4449 vel

145 4491 480 4565 productius
504 4491 593 4546 vel
623 4489 959 4561 correptius,
992 4488 1147 4543 aliud
1175 4487 1284 4541 ista
1311 4485 1662 4554 meminisse,
1688 4483 1842 4538 aliud

145 4583 219 4638 de
250 4580 340 4635 his
369 4579 634 4634 omnibus
663 4579 752 4633 vel
798 4577 1106 4632 annuendo
1156 4576 1246 4631 vel
1291 4575 1650 4630 abhorrendo
1681 4572 1845 4646 quasi

145 4667 402 4740 quodam
428 4664 675 4720 naturali
699 4665 828 4736 jure
857 4663 1007 4718 ferre
1039 4660 1403 4716 sententiam.

221 4760 276 4810 6.
306 4756 392 4809 Μ.
451 4755 592 4826 Age,
641 4770 796 4808 nunc
826 4752 916 4808 dic
956 4751 1096 4806 mihi
1140 4750 1394 4822 quinque
1442 4749 1649 4804 horum
1692 4748 1846 4820 quod

146 4843 397 4900 maxime
447 4843 698 4897 excellat.
757 4844 822 4896 D.
870 4842 985 4896 Hoc
1027 4839 1297 4912 quintum
1332 4841 1493 4909 puto.
1540 4837 1624 4895 M.
1673 4838 1841 4893 Recte

146 4937 353 5007 putas:
387 4949 505 4986 non
536 4930 692 4986 enim
720 4930 788 4985 de
817 4930 930 4984 illis
958 4932 1172 5001 posset,
1203 4927 1316 4982 nisi
1343 4926 1658 4992 excelleret,
1682 4925 1843 4996 judi-

150 5039 303 5078 care.
353 5022 460 5076 Sed
525 5036 723 5075 rursus
773 5035 991 5090 quaero,
1033 5021 1370 5072 caeterorum
1417 5017 1662 5086 quatuor
1695 5013 1848 5085 quod

149 5111 402 5168 maxime
430 5109 658 5181 probes.
695 5110 761 5162 D.
795 5107 943 5161 Illud
972 5106 1229 5176 profecto
1261 5104 1415 5175 quod
1445 5107 1534 5157 est
1560 5102 1619 5156 in
1646 5118 1851 5156 memo-

151 5201 241 5256 ria
266 5221 281 5268 ;
312 5197 450 5270 quia
478 5197 643 5252 video
673 5196 754 5250 ibi
783 5195 1168 5250 diuturniores
1197 5209 1317 5248 esse
1354 5208 1642 5259 numeros,
1676 5207 1849 5262 quam

153 5303 287 5342 cum
325 5288 554 5353 sonant,
584 5283 672 5338 vel
704 5298 835 5336 cum
866 5281 1194 5348 audiuntur,
1253 5281 1342 5335 vel
1397 5295 1528 5334 cum
1580 5283 1847 5350 aguntur.

152 5378 240 5432 M.
274 5373 571 5444 Praeponis
603 5387 741 5443 ergo
797 5371 972 5425 factos
1011 5368 1387 5424 facientibus:
1418 5384 1555 5423 nam
1585 5367 1724 5422 istos
1753 5366 1852 5438 qui

156 5467 291 5520 sunt
319 5463 381 5517 in
416 5459 715 5527 memoria,
770 5459 841 5514 ab
872 5458 984 5512 illis
1027 5456 1150 5511 aliis
1192 5455 1450 5527 imprimi
1507 5455 1678 5526 paulo
1724 5456 1852 5508 ante

155 5552 370 5609 dixisti.
401 5554 466 5606 D.
500 5550 724 5604 Nollem
753 5561 1116 5620 praeponere:
1176 5546 1274 5600 sed
1323 5561 1522 5600 rursus
1568 5541 1853 5616 quomodo

157 5658 274 5696 non
302 5654 642 5711 praeponam
670 5636 1033 5693 diuturniora
1060 5633 1253 5690 minus
1282 5632 1585 5700 diuturnis,
1619 5646 1735 5686 non
1771 5629 1855 5683 vi-

1617 387 1829 445 LIBEB
1869 388 2165 447 SEXTUS.

3505 401 3639 452 H66

1948 512 2075 566 deo.
2100 514 2183 566 Μ.
2212 514 2334 567 Non
2365 515 2420 567 te
2444 512 2587 568 istuc
2620 519 2861 569 moveat.
2897 515 3019 568 Non
3055 515 3206 570 enim
3257 516 3402 572 sicut
3429 521 3640 575 aeterna

1946 601 2382 671 temporalibus,
2414 599 2494 654 ita
2531 617 2596 655 ea
2637 619 2766 673 quae
2796 603 3010 658 diutius
3041 604 3361 672 abolentur,
3412 605 3480 659 iis
3511 623 3640 677 quae

1947 687 2208 743 breviore
2240 693 2496 759 tempore
2536 693 2854 758 transeunt,
2894 692 3252 762 praeferenda
3291 698 3440 747 sunt.
3497 696 3642 758 Quia

1947 779 2003 828 et
2026 775 2235 830 sanitas
2265 777 2436 830 unius
2481 777 2595 830 diei
2623 780 2875 848 profecto
2902 790 2986 834 est
3013 781 3234 850 melior,
3269 798 3442 853 quam
3490 783 3639 838 mul-

1946 867 2138 919 torum
2193 865 2416 919 dierum
2459 864 2837 924 imbecillitas.
2886 869 2953 922 Et
2995 870 3042 923 si
3089 871 3334 941 optanda
3376 872 3641 942 optandis

1944 967 2360 1024 comparemus,
2387 953 2592 1008 melior
2621 958 2707 1008 est
2749 957 2916 1010 unius
2943 957 3057 1011 diei
3085 958 3272 1026 lectio,
3305 975 3478 1030 quam
3507 961 3638 1030 plu-

1947 1040 2092 1095 rium
2143 1041 2395 1114 scriptio,
2438 1042 2485 1096 si
2537 1043 2738 1097 eadem
2789 1059 2881 1097 res
2927 1061 3043 1098 uno
3093 1046 3205 1101 diei
3231 1048 3474 1117 legatur,
3507 1065 3637 1119 quae

1942 1127 2205 1197 pluribus
2235 1128 2518 1183 scribitur.
2546 1130 2630 1183 Ita
2657 1130 2884 1183 numeri
2911 1131 3011 1201 qui
3053 1137 3182 1187 sunt
3230 1133 3292 1186 in
3335 1136 3636 1201 memoria,

1943 1217 2046 1271 etsi
2081 1218 2293 1272 diutius
2317 1222 2550 1272 manent
2581 1235 2756 1290 quam
2785 1219 2870 1273 illi
2901 1235 2934 1273 a
2960 1220 3166 1289 quibus
3203 1222 3634 1293 imprimuntur,

1944 1321 2059 1359 non
2092 1322 2188 1360 eos
2231 1312 2422 1361 tamen
2471 1313 2819 1377 anteponere
2850 1312 3078 1378 oportet
3108 1309 3188 1362 eis
3219 1327 3362 1380 quos
3395 1313 3634 1382 agimus.

1944 1410 2056 1447 non
2086 1393 2148 1448 in
2176 1411 2436 1466 corpore,
2471 1396 2568 1449 sed
2597 1395 2656 1448 in
2688 1396 2912 1450 anima:
2951 1397 3179 1467 utrique
3209 1398 3363 1452 enim
3399 1408 3636 1470 praeter-

1941 1485 2101 1547 eunt,
2151 1481 2245 1534 alii
2301 1481 2633 1548 cessatione,
2694 1482 2790 1536 alii
2836 1483 3306 1540 oblivione.»Sed
3363 1486 3446 1540 illi
3500 1505 3640 1559 quos

1941 1583 2268 1639 operamur,
2296 1569 2470 1624 etiam
2525 1570 2784 1624 nondum
2816 1572 3165 1626 cessantibus
3202 1574 3371 1628 nobis
3415 1592 3636 1631 succes—

1939 1656 2100 1711 sione
2132 1656 2495 1728 sequentium
2522 1657 2790 1712 videntur
2819 1659 3050 1727 auferri,
3085 1661 3220 1715 dum
3249 1663 3425 1733 primi
3446 1681 3641 1719 secun-

1940 1743 2045 1811 dis,
2081 1748 2136 1798 et
2162 1745 2396 1799 secundi
2433 1746 2634 1813 tertiis,
2668 1751 2840 1818 atque
2870 1748 2949 1801 ita
2979 1749 3250 1820 deinceps
3278 1751 3500 1820 priores
3531 1770 3637 1823 po-

1938 1832 2273 1888 sterioribus
2334 1835 2733 1904 praetereundo
2801 1836 3119 1890 concedunt
3178 1838 3388 1906 locum,
3460 1841 3639 1896 donec

1938 1921 2174 1976 ultimos
2199 1921 2448 1992 perimat
2485 1922 2608 1992 ipsa
2647 1923 2905 1977 cessatio.
2939 1924 3236 1979 Oblivione
3275 1943 3407 1981 vero
3442 1929 3638 1999 plures

1939 2009 2110 2064 simul
2139 2011 2390 2077 numeri,
2423 2010 2681 2082 quamvis
2700 2012 3000 2081 paulatim,
3027 2013 3432 2082 absterguntur
3463 2034 3476 2071 :
3500 2034 3636 2072 nam

1940 2115 2044 2153 nec
2072 2098 2182 2169 ipsi
2212 2099 2546 2170 aliquandiu
2592 2105 2828 2154 manent
2857 2101 3088 2172 integri.
3121 2102 3282 2166 Quod
3313 2106 3466 2160 enim
3508 2113 3640 2177 post

1941 2189 2352 2256 annum,verbi
2383 2189 2581 2260 gratia,
2609 2189 2669 2243 in
2690 2190 2968 2244 memoria
2987 2207 3106 2244 non
3127 2190 3439 2261 invenitur,
3464 2195 3636 2250 etiam

1939 2281 2070 2348 post
2096 2293 2277 2331 unum
2309 2277 2461 2332 diem
2482 2277 2604 2348 jam
2635 2277 2825 2332 minus
2857 2283 2975 2332 est:
3009 2279 3105 2332 sed
3137 2295 3252 2333 non
3269 2281 3512 2336 sentitur
3533 2283 3640 2338 ista

1939 2363 2283 2419 diminutio:
2317 2382 2434 2420 non
2464 2370 2654 2420 tamen
2685 2366 2824 2420 falso
2846 2382 2913 2420 ex
2945 2367 3340 2437 eoconjicitur,
3367 2369 3501 2440 quia
3521 2388 3635 2426 non

1939 2453 2142 2523 utique
2170 2453 2358 2524 pridie
2385 2469 2558 2523 quam
2589 2454 2943 2523 compleatur
2974 2470 3160 2508 annus
3192 2462 3424 2526 repente
3454 2463 3638 2514 totum

1943 2542 2163 2595 evolat:
2193 2542 2346 2596 unde
2372 2541 2618 2613 intelligi
2653 2543 2842 2611 datur,
2882 2542 2952 2596 ab
2985 2542 3083 2596 illo
3117 2547 3374 2614 tempore
3406 2563 3519 2617 quo
3550 2547 3640 2601 in-

1941 2630 2124 2684 hmret
2149 2630 2465 2697 memoriae,
2496 2631 2748 2702 incipere
2785 2630 2924 2686 labi.
2974 2630 3116 2685 Hinc
3164 2637 3248 2686 est
3294 2633 3437 2689 illud
3485 2637 3640 2706 quod

1942 2720 2282 2789 plerumque
2331 2718 2592 2785 dicimus,
2639 2719 2911 2773 Tenuiter
2938 2719 3200 2787 memini,
3247 2737 3378 2776 cum
3424 2724 3638 2794 aliquid

1941 2811 2070 2876 post
2095 2813 2323 2877 tempus
2352 2807 2706 2861 recordando
2736 2807 3064 2878 repetimus,
3116 2812 3425 2880 antequam
3470 2812 3640 2882 plane

1943 2899 2130 2950 totum
2154 2895 2390 2949 excidat.
2426 2895 2783 2966 Quapropter
2807 2899 3118 2965 utrumque
3138 2896 3245 2951 hoc
3265 2914 3641 2956 numerorum

1943 2999 2124 3055 genus
2153 2985 2393 3037 mortale
2425 2989 2528 3038 est.
2563 2986 2968 3038 Verumtamen
2997 2983 3268 3039 facientes
3305 2986 3465 3042 factis
3504 2989 3635 3059 jure

1943 3076 2387 3142 anteponuntur.
2417 3075 2482 3126 D.
2514 3071 2768 3142 Accipio,
2801 3075 2858 3126 et
2885 3073 3085 3143 probo.

2012 3165 2065 3214 7.
2098 3161 2189 3215 M.
2226 3161 2352 3214 Jam
2381 3176 2516 3230 ergo
2546 3159 2655 3214 tria
2682 3160 2906 3231 reliqua
2936 3161 3175 3233 intuere,
3207 3165 3474 3217 eteorum
3491 3180 3633 3234 quo-

1945 3264 2058 3320 que
2089 3248 2242 3319 quod
2273 3248 2345 3301 sit
2372 3248 2653 3319 optimum
2684 3252 2742 3302 et
2766 3250 2988 3303 caeteris
3015 3250 3463 3321 praeferendum,
3489 3253 3636 3306 edis-

1946 3353 2088 3390 sere.
2119 3340 2186 3392 D.
2221 3337 2346 3390 Non
2398 3340 2481 3390 est
2509 3337 2617 3391 hoc
2650 3336 2833 3391 facile.
2878 3339 3021 3392 Nam
3070 3353 3135 3392 ex
3164 3338 3263 3392 illa
3300 3341 3500 3411 regula
3527 3357 3641 3412 qua

1945 3426 2104 3480 factis
2155 3424 2425 3480 facientes
2455 3429 2682 3496 oportet
2726 3426 3030 3492 anteferre,
3081 3443 3257 3498 cogor
3299 3429 3639 3484 sonantibus

1946 3513 2201 3569 numeris
2228 3515 2480 3584 palmam
2503 3514 2638 3568 dare
2665 3513 2795 3568 :hos
2827 3514 2983 3568 enim
3014 3515 3290 3570 sentimus
3323 3517 3640 3584 audientes,

1947 3607 2002 3656 et
2031 3618 2160 3656 cum
2192 3602 2297 3655 hos
2348 3601 2644 3668 sentimus,
2677 3601 2782 3655 hos
2807 3602 3080 3672 patimur.
3118 3604 3185 3657 Ili
3231 3620 3368 3674 ergo
3425 3605 3644 3660 faciunt

1949 3706 2042 3744 eos
2072 3689 2171 3760 qui
2191 3693 2324 3742 sunt
2350 3689 2409 3742 in
2435 3689 2661 3742 aurium
2681 3689 2942 3759 passione
2964 3706 3093 3743 cum
3111 3691 3377 3746 audimus
3402 3708 3415 3745 :
3447 3693 3510 3747 hi
3531 3710 3632 3748 au-

1947 3781 2065 3831 tem
2093 3793 2291 3830 rursus
2338 3792 2483 3847 quos
2511 3776 2812 3831 sentiendo
2842 3777 3142 3844 habemus,
3174 3779 3392 3834 faciunt
3412 3781 3552 3835 alios
3581 3782 3642 3834 in

1948 3862 2250 3927 memoria,
2297 3863 2505 3934 quibus
2549 3881 2582 3918 a
2627 3881 2685 3918 se
2716 3864 2877 3918 factis
2906 3869 3056 3919 recte
3087 3867 3490 3936 praeferuntur.
3533 3869 3641 3923 Sed

1948 3951 2040 4005 hic
2078 3951 2213 4022 quia
2236 3955 2292 4005 et
2323 3952 2531 4006 sentire
2563 3957 2617 4007 et
2645 3952 2971 4007 meminisse
2997 3953 3204 4009 animas
3236 3960 3338 4022 est,
3371 3973 3488 4010 non
3517 3973 3642 4011 mo-

1947 4056 2101 4106 veor,
2127 4039 2175 4093 si
2203 4035 2415 4110 aliquid
2445 4041 2596 4111 quod
2621 4040 2679 4094 in
2698 4040 2885 4095 anima
2917 4043 3000 4109 ﬁt,
3033 4043 3204 4097 alicui
3233 4045 3386 4115 quod
3414 4045 3552 4099 item
3585 4045 3645 4100 in

1950 4145 2017 4183 ea
2044 4128 2110 4182 ﬁt
2139 4132 2500 4199 anteponam.
2535 4129 2680 4184 Illud
2725 4145 2819 4184 me
2849 4131 3174 4200 conturbat,
3218 4133 3507 4203 quomodo
3552 4151 3643 4189 so-

1950 4219 2150 4270 nantes
2179 4217 2422 4283 numeri,
2472 4217 2572 4288 qui
2602 4221 2752 4272 certe
2792 4219 3054 4289 corporei
3098 4224 3251 4288 sunt,
3293 4222 3378 4275 vel
3414 4238 3645 4294 quoquo

1951 4304 2121 4358 modo
2152 4303 2212 4357 in
2243 4320 2499 4375 corpore,
2528 4305 2709 4376 magis
2741 4306 3010 4361 laudandi
3041 4307 3156 4362 sint
3184 4325 3357 4378 quam
3386 4309 3491 4377 illi,
3522 4311 3645 4382 qui,

1951 4408 2082 4446 cum
2113 4393 2410 4460 sentimus,
2442 4393 2504 4446 in
2535 4394 2728 4448 anima
2748 4410 2869 4448 esse
2901 4397 3282 4466 reperiuntur.
3313 4398 3422 4453 Sed
3451 4415 3650 4454 rursus

1952 4481 2254 4536 conturbat
2279 4483 2570 4552 quomodo
2599 4499 2719 4537 non
2747 4483 2930 4554 magis
2959 4485 3233 4540 laudandi
3264 4485 3396 4551 sint,
3430 4503 3560 4542 cum
3588 4489 3648 4542 hi

1952 4570 2188 4636 faciant,
2224 4569 2309 4624 illi
2339 4571 2409 4625 ab
2431 4569 2521 4625 his
2542 4570 2701 4625 ﬁant.
2734 4573 2813 4626 Μ.
2837 4572 3040 4627 Mirare
3072 4573 3265 4644 potius
3294 4575 3444 4645 quod
3465 4575 3651 4631 facere

1955 4658 2170 4729 aliquid
2201 4657 2263 4712 in
2308 4657 2502 4713 anima
2542 4675 2747 4730 corpus
2793 4664 2998 4731 potest.
3050 4663 3166 4716 Hoc
3213 4662 3367 4716 enim
3413 4663 3652 4719 fortasse

1954 4761 2072 4801 non
2098 4748 2310 4816 posset,
2342 4745 2390 4798 si
2435 4761 2550 4799 non
2592 4750 2823 4816 peccato
2854 4746 3043 4816 primo
3089 4763 3294 4819 corpus
3325 4749 3464 4804 illud
3497 4752 3653 4822 quod

1955 4834 2114 4888 nulla
2140 4833 2401 4887 molestia
2430 4837 2486 4887 et
2509 4849 2735 4887 summa
2763 4834 3034 4889 facilitate
3064 4835 3356 4891 animabat
3377 4841 3432 4892 et
3446 4834 3652 4908 guber-

1955 4923 2148 4988 nabat,
2180 4921 2243 4975 in
2275 4921 2522 4976 deterius
2543 4926 2984 4990 commutatum,
3019 4928 3077 4978 et
3104 4926 3458 4996 corruptioni
3479 4926 3654 4997 subja-

1958 5014 2112 5065 ceret
2139 5013 2196 5064 et
2213 5009 2416 5064 morti:
2439 5009 2594 5079 quod
2622 5013 2815 5063 tamen
2843 5010 3017 5065 habet
3041 5011 3127 5066 sui
3149 5013 3375 5083 generis
3405 5013 3655 5084 pulchri-

1959 5098 2242 5164 tudinem,
2270 5101 2326 5152 et
2354 5113 2420 5151 eo
2449 5097 2573 5168 ipso
2601 5096 2939 5168 dignitatem
2971 5100 3178 5154 animae
3209 5102 3343 5155 satis
3365 5118 3653 5156 commen-

1961 5187 2074 5253 dat,
2109 5186 2268 5256 cujus
2296 5201 2404 5240 nec
2432 5186 2621 5256 plaga,
2654 5201 2758 5240 nec
2773 5187 3006 5241 morbus
3027 5188 3149 5243 sine
3175 5189 3392 5243 honore
3417 5189 3658 5260 alicujus

1962 5275 2178 5332 decoris
2192 5274 2405 5330 meruit
2420 5290 2560 5328 esse.
2595 5274 2778 5338 Quam
2800 5275 3033 5348 plagam
3063 5293 3283 5331 summa
3309 5277 3407 5330 Dei
3421 5277 3657 5348 Sapien-

1960 5364 2062 5431 tia,
2099 5363 2347 5418 mirabili
2377 5367 2433 5417 et
2461 5362 2738 5419 ineffabili
2772 5370 3124 5420 sacramento
3155 5365 3386 5436 dignata
3402 5369 3484 5419 est
3507 5383 3661 5421 assu-

1963 5469 2143 5521 mere,
2176 5469 2308 5509 cum
2335 5453 2631 5509 hominem
2644 5454 2766 5509 sine
2790 5460 3174 5526 peccato,non
3203 5454 3324 5509 sine
3347 5457 3662 5526 peccatoris

1966 5542 2292 5597 conditione
2344 5542 2613 5614 suscepit.
2655 5544 2797 5598 Nam
2828 5547 2882 5597 et
2912 5542 3066 5598 nasci
3093 5543 3440 5606 humanitus,
3469 5549 3528 5600 et
3544 5546 3664 5615 pati

1970 5632 2026 5682 et
2055 5629 2203 5683 mori
2232 5627 2433 5684 voluit.
2468 5629 2618 5684 Nihil
2649 5631 2852 5684 horum
2883 5628 3108 5697 merito,
3138 5630 3234 5684 sed
3265 5631 3665 5688 excellentissi-
