4064 6406
454 416 587 465 1167

448 551 543 589 ma
572 534 823 588 bonitate
847 552 860 601 ;
888 539 948 589 ut
968 550 1065 589 nos
1085 551 1411 589 caveremus
1443 535 1624 605 magis
1647 534 1994 605 superbiam,
2027 552 2140 606 qua

449 623 780 693 dignissime
812 622 870 676 in
902 623 1011 677 ista
1034 623 1360 690 cecidimus,
1394 641 1565 695 quam
1598 624 1969 678 contumelias
2001 641 2142 694 quas

451 711 721 782 indignus
748 713 992 782 excepit;
1013 712 1271 766 etanimo
1301 729 1465 783 aequo
1489 717 1735 767 mortem
1757 712 2007 767 debitam
2027 713 2141 765 sol-

447 802 790 869 veremus,si
818 805 1055 872 propter
1079 818 1182 855 nos
1202 802 1394 872 potuit
1424 801 1596 855 etiam
1625 801 1944 855 indebitam
1973 799 2140 855 susti-

448 906 621 955 nere;
655 894 710 943 et
738 889 1015 961 quidquid
1063 891 1330 944 secretius
1375 893 1546 960 atque
1596 889 1893 961 purgatius
1944 889 2005 943 in
2045 889 2143 943 tali

449 983 801 1032 sacramento
839 995 872 1031 a
928 978 1134 1032 sanctis
1186 982 1242 1031 et
1285 977 1617 1033 melioribus
1667 976 1910 1048 intelligi
1938 980 2140 1047 potest.

449 1069 592 1137 Ergo
622 1066 872 1120 animam
898 1066 957 1119 in
984 1083 1150 1120 carne
1179 1066 1406 1120 mortali
1434 1070 1788 1137 operantem,
1818 1064 2141 1136 passionem

447 1171 750 1225 corporum
774 1154 985 1208 sentire
1017 1170 1134 1207 non
1166 1154 1377 1208 mirum
1417 1160 1521 1210 est.
1556 1156 1667 1208 Nec
1710 1153 1847 1225 quia
1882 1152 2008 1224 ipsa
2061 1157 2144 1206 est

445 1259 681 1313 corpore
715 1241 936 1307 melior,
970 1241 1175 1295 melius
1205 1242 1522 1311 putandum
1553 1246 1638 1296 est
1671 1257 1840 1301 omne
1880 1241 2033 1311 quod
2081 1239 2143 1294 in

446 1349 512 1385 ea
541 1332 621 1399 ﬁt,
656 1346 829 1401 quam
862 1345 1031 1383 omne
1064 1330 1213 1401 quod
1250 1330 1316 1383 ﬁt
1343 1331 1403 1383 in
1447 1346 1702 1400 corpore.
1760 1329 1939 1383 Credo
1985 1327 2140 1382 enim

446 1418 549 1473 tibi
574 1418 751 1471 videri
796 1434 993 1471 verum
1023 1416 1161 1471 falso
1210 1434 1329 1472 esse
1374 1418 1847 1489 praeponendum.
1881 1421 1954 1473 D.
2005 1417 2140 1481 Quis

446 1506 831 1560 dubitaverit?
862 1507 942 1559 Μ.
981 1506 1129 1559 Num
1159 1521 1289 1559 vero
1317 1510 1400 1559 est
1446 1507 1618 1561 arbor
1661 1522 1833 1576 quam
1881 1506 2139 1560 videmus

445 1596 507 1648 in
536 1595 750 1648 somnis
769 1593 796 1646 ?
825 1597 886 1647 D.
906 1593 1072 1647 Nullo
1088 1595 1380 1648 modo.M.
1405 1597 1476 1649 At
1502 1595 1624 1661 ejus
1653 1595 1835 1648 forma
1855 1593 1916 1648 in
1946 1594 2140 1649 anima

442 1684 525 1749 ﬁt,
581 1683 750 1752 hujus
781 1686 990 1747 autem,
1043 1698 1215 1753 quam
1269 1698 1422 1736 nunc
1465 1681 1741 1748 videmus,
1790 1682 1852 1735 in
1902 1697 2138 1753 corpore

442 1773 586 1825 facta
616 1775 717 1825 est.
751 1770 933 1834 Quare
956 1786 1087 1824 cum
1118 1774 1174 1825 et
1203 1786 1401 1823 verum
1422 1769 1584 1837 falso,
1607 1774 1662 1824 et
1683 1770 1872 1824 anima
1901 1785 2137 1839 corpore

442 1859 644 1914 melior
674 1858 763 1925 sit,
797 1874 993 1912 verum
1024 1858 1085 1912 in
1115 1875 1350 1928 corpore
1392 1858 1593 1911 melius
1622 1864 1707 1912 est
1738 1874 1911 1928 quam
1931 1858 2137 1913 falsum

441 1948 499 2002 in
532 1947 742 2002 anima.
777 1947 885 2001 Sed
899 1946 1077 2001 utboc
1106 1946 1165 2000 in
1195 1950 1477 2017 quantum
1497 1961 1852 2012 verum,non
1866 1946 1926 2000 in
1954 1962 2135 2018 quan-

441 2043 564 2090 tum
595 2036 655 2089 in
683 2052 919 2107 corpore
942 2035 1025 2101 ﬁt,
1049 2035 1251 2089 melius
1269 2039 1350 2088 est
1378 2052 1391 2101 ;
1416 2034 1496 2088 ita
1513 2034 1653 2089 illud
1672 2035 1733 2088 in
1747 2039 2025 2106 quantum
2040 2035 2138 2089 fal-

445 2142 591 2193 sum,
625 2140 743 2178 non
771 2124 830 2178 in
860 2128 1141 2195 quantum
1169 2123 1231 2176 in
1260 2123 1453 2176 anima
1482 2123 1561 2185 ﬁt,
1592 2123 1830 2177 fortasse
1859 2128 1945 2177 est
1980 2124 2136 2178 dete-

441 2216 578 2268 rius.
616 2213 885 2283 Nisiquid
904 2212 1076 2266 habes
1092 2212 1162 2266 ad
1194 2211 1331 2265 haec.
1350 2215 1414 2268 D.
1441 2211 1897 2282 Nihilequidem.
1922 2213 2006 2266 Μ.
2024 2214 2136 2268 Λιι-

442 2303 497 2356 di
513 2301 667 2355 aliud
683 2301 833 2371 quod
848 2300 939 2366 sit,
959 2303 1019 2352 ut
1038 2304 1197 2369 puto,
1212 2298 1451 2352 vicinius
1470 2314 1642 2368 quam
1659 2299 1863 2353 melius
1884 2300 1921 2354 ί.
1940 2300 2133 2370 Neque

440 2390 593 2443 enim
624 2387 879 2457 negabis,
913 2388 1063 2457 quod
1097 2386 1258 2440 decet
1286 2403 1405 2440 esse
1437 2386 1661 2453 melius,
1693 2403 1866 2455 quam
1898 2387 1955 2442 id
1983 2389 2134 2458 quod

441 2494 558 2531 non
586 2478 765 2531 decet.
800 2479 865 2530 D.
901 2477 1021 2528 Imo
1065 2474 1268 2529 fateor.
1312 2476 1392 2529 Μ.
1426 2476 1497 2529 At
1523 2475 1586 2529 in
1607 2491 1720 2546 qua
1748 2479 1899 2529 veste
1930 2476 2133 2529 decens

442 2568 527 2618 est
556 2564 781 2629 mulier,
810 2562 1983 2633 ineademvirumindecentemesseposse,
2005 2564 2132 2633 quis

441 2652 741 2722 ambigat?
775 2654 836 2704 D.
870 2651 935 2704 Et
962 2650 1067 2703 hoc
1099 2650 1463 2704 manifestum
1486 2654 1586 2704 est.
1622 2652 1705 2705 M.
1740 2651 1887 2715 Quid
1916 2652 1963 2704 si
1994 2667 2130 2722 ergo

440 2741 620 2794 forma
649 2740 754 2793 ista
785 2755 1156 2792 numerorum
1190 2739 1350 2793 decet
1378 2738 1437 2792 in
1465 2740 1637 2807 sonis,
1669 2740 1767 2811 qui
1807 2740 2134 2794 allabuntur

439 2830 693 2894 auribus,
729 2832 784 2882 et
814 2827 1045 2881 dedecet
1076 2826 1136 2880 in
1169 2827 1379 2894 anima,
1412 2844 1540 2881 cum
1591 2845 1687 2881 eos
1726 2827 2019 2883 sentiendo
2068 2845 2131 2883 ac

438 2918 704 2988 patiendo
750 2917 938 2977 habet,
999 2932 1139 2969 num
1198 2933 1546 2987 magnopere
1611 2917 1939 2971 mirandum
1997 2919 2131 2971 est?

435 3011 499 3061 D.
536 3008 655 3060 Non
682 3006 904 3076 opinor.
937 3006 1023 3058 M.
1054 3005 1199 3068 Quid
1235 3022 1369 3075 ergo
1405 3005 1728 3059 dubitamus
1755 3012 2131 3060 sonantcsnu-

437 3112 622 3148 meros
653 3099 823 3165 atque
877 3110 1180 3163 corporeos
1222 3110 1561 3163 praeponere
1615 3094 1682 3146 iis
1731 3094 1830 3165 qui
1879 3094 1949 3149 ab
1994 3096 2129 3166 ipsis

437 3184 602 3247 fiunt,
635 3182 894 3251 quamvis
923 3180 984 3233 in
1034 3180 1225 3233 anima
1264 3180 1424 3247 ﬁant,
1463 3199 1591 3252 quin
1623 3199 1859 3252 corpore
1903 3187 1987 3236 est
2014 3200 2129 3237 me-

434 3270 590 3323 lior?
613 3269 748 3338 quia
775 3284 1046 3323 numeros
1077 3268 1353 3334 numeris,
1404 3269 1714 3323 efﬁcientes
1752 3270 1912 3323 factis
1938 3268 1980 3337 ³,
2015 3286 2128 3324 non

435 3372 638 3427 corpus
669 3355 874 3410 animm
914 3354 1320 3425 praeponimus.
1356 3356 1604 3425 Corpora
1636 3356 1789 3410 enim
1820 3362 1977 3411 tanto
2007 3374 2126 3412 mc-

434 3446 578 3499 liora
596 3449 745 3511 sunt,
776 3448 989 3513 quanto
1004 3443 1395 3496 numerosiora
1407 3442 1617 3497 talibus
1630 3445 1905 3500 numeris.
1923 3445 2127 3503 Anima

436 3551 566 3588 vero
598 3533 719 3586 istis
751 3548 877 3603 quze
908 3549 1012 3601 per
1040 3548 1244 3602 corpus
1270 3531 1464 3601 acipit,
1510 3532 1754 3586 carendo
1801 3532 1864 3587 ﬁt
1900 3534 2123 3602 melior,

435 3638 565 3675 cum
588 3637 709 3674 sese
735 3619 937 3674 avertit
966 3638 999 3672 a
1034 3620 1353 3673 carnalibus
1388 3620 1667 3683 sensibus,
1701 3624 1758 3674 et
1801 3620 2007 3674 divinis
2038 3638 2123 3675 sa-

434 3710 664 3780 picntim
678 3709 932 3763 numeris
954 3708 1296 3762 reformatur
1312 3706 1410 3780 (a).
1439 3709 1521 3762 Ita
1551 3708 1765 3779 quippe
1795 3707 1856 3762 in
1881 3709 2125 3780 Scriptu-

433 3802 510 3854 ris
540 3799 747 3854 sanctis
778 3798 1014 3853 dicitur:
1051 3800 1344 3855 Circumivi
1372 3813 1481 3865 ego,
1507 3802 1566 3851 ut
1591 3800 1780 3852 scirem
1808 3804 1857 3853 ct
1877 3800 2124 3854 conside-

404 3906 407 3911 '
433 3906 609 3943 mrem
640 3893 687 3942 et
719 3904 1007 3955 qzum-ercm
1036 3874 1362 3956 sapientiam
1383 3892 1432 3940 et
1475 3903 1754 3941 numerum
1792 3887 1985 3957 (Eccle.
2026 3907 2118 3957 vn,

431 3980 539 4045 ‘26).
571 3977 731 4040 Quod
754 3976 908 4029 nullo
942 3975 1108 4028 modo
1136 3974 1549 4029 arbitrandum‘
1564 3979 1647 4029 est
1688 3977 1757 4029 de
1783 3970 1872 4029 his
1927 3992 2123 4030 nume-

432 4065 507 4117 ris
537 4064 774 4129 dictum,
798 4063 1003 4134 quibus
1018 4062 1189 4115 etiam
1213 4062 1498 4132 flagitiosa
1526 4063 1745 4116 theatra
1772 4069 2084 4134 personant
2106 4082 2118 4118 ε

433 4153 528 4206 sed
557 4153 624 4206 dc
653 4152 784 4218 illis,
804 4152 993 4217 credo,
1018 4167 1159 4220 quos
1189 4167 1305 4203 non
1333 4167 1366 4203 a
1394 4166 1632 4220 corpore
1664 4151 1867 4221 accipit
1909 4153 2120 4218 anima,

433 4240 533 4293 sed
553 4244 809 4308 acceptos
845 4256 873 4290 ει
906 4253 1128 4290 summo
1168 4239 1281 4290 Deo
1309 4237 1431 4307 ipsa
1465 4238 1655 4307 potius
1698 4238 1978 4308 imprimit
1998 4256 2120 4294 cor-

430 4325 578 4395 pori.
612 4324 772 4387 Quod
796 4325 961 4394 quale
991 4323 1082 4393 sit,
1107 4340 1221 4377 non
1251 4325 1358 4378 hoc
1386 4326 1507 4378 loco
1521 4329 1604 4378 est
1621 4325 2117 4381 considerandum.

432 4448 654 4502 CAPUT
677 4448 736 4500 V.
760 4476 827 4485 —-
848 4446 1051 4500 Anima
1088 4462 1215 4501 ana
1232 4461 1448 4515 corpore
1481 4448 1752 4516 patiatur,
1778 4452 1829 4502 et
1861 4451 2120 4517 quomodo

1160 4538 1375 4589 sentiat.
2074 4532 2079 4543 ’

500 4665 552 4717 8.
586 4663 989 4716 Verumtamen
1035 4676 1104 4715 ne
1168 4660 1310 4714 illud
1356 4664 1635 4729 occurrat,
1681 4659 1897 4714 arboris
1944 4661 2116 4717 vitam

430 4751 724 4805 meliorem
757 4767 878 4804 esse
908 4766 1079 4821 quam
1121 4752 1400 4816 nostram,
1434 4747 1709 4818 quoniam
1759 4763 1872 4801 non
1915 4748 2120 4819 accipit

430 4839 772 4893 sentiendoa
799 4855 1031 4909 corpore
1081 4853 1352 4892 numeros
1402 4836 1609 4907 (nullus
1649 4835 1801 4891 enim
1834 4836 1888 4891 ei
1920 4851 2118 4891 sensus

426 4930 530 4998 est)
562 4945 575 4993 ;
609 4926 912 4996 diligenter
940 4926 1411 4980 considerandum
1426 4930 1512 4979 est
1533 4928 1728 4978 utrum
1756 4940 1954 4978 revera
1973 4924 2117 4978 nihil

424 5018 499 5070 sit
530 5016 684 5069 aliud
712 5014 860 5085 quod
885 5014 1090 5067 dicitur
1111 5014 1326 5082 audire,
1359 5013 1469 5067 nisi
1496 5012 1710 5084 aliquid
1741 5030 1773 5067 a
1793 5029 2029 5085 corpore
2058 5014 2117 5067 in

424 5105 613 5157 anima
645 5102 769 5156 ﬁeri
815 5101 919 5156 Sed
958 5101 1371 5171 perabsurdum
1398 5106 1481 5155 est
1533 5100 1858 5155 fabricatori
1890 5102 2117 5172 corpori

423 5192 718 5245 materiam
751 5205 980 5261 quoquo
1011 5190 1175 5243 modo
1211 5189 1462 5243 animam
1496 5189 1758 5243 subdere.
1810 5190 2115 5261 Nunquam

423 5280 574 5333 enim
609 5280 801 5333 anima
828 5284 911 5333 est
948 5294 1182 5348 corpore
1224 5278 1506 5345 deterior;
1553 5282 1609 5331 et
1642 5278 1830 5332 omnis
1876 5278 2119 5333 materia

421 5370 754 5423 fabricatore
785 5366 1048 5422 deterior.
1118 5367 1283 5420 Nullo
1341 5367 1508 5420 modo
1562 5366 1741 5435 igitur
1796 5367 1986 5422 anima
2032 5367 2113 5421 fa-

484 5525 496 5557 ¹
534 5522 700 5569 Editi:
736 5522 795 5569 (ἰ
822 5522 957 5583 pulo
982 5520 1225 5568 vicinius.
1249 5519 1431 5579 Neque
1462 5519 1604 5566 enim
1646 5517 1881 5579 negabis;
1920 5518 2114 5567 omisso

417 5605 571 5655 quam
595 5590 804 5647 melius,
831 5590 971 5652 quod
996 5603 1059 5638 ex
1091 5590 1207 5637 Mss.
1238 5589 1582 5637 restituimus.

476 5664 494 5696 9
514 5663 671 5725 Juxta
703 5662 795 5708 Ms.
827 5661 901 5708 A:
932 5663 998 5710 Et
1018 5658 1275 5722 facientes
1296 5657 1470 5720 factis.
1523 5660 1588 5706 Μ.

1682 466 1689 472 .
1758 412 1852 466 DE
1890 411 2172 477 MUSICA,
2215 411 2269 466 S.
2313 410 2692 467 AUGUSTINI

3832 416 3960 469 H68

2253 533 2522 590 bricatori
2584 533 2809 606 corpori
2856 538 2940 589 est
2995 535 3248 606 subjecta
3292 535 3580 591 materies.
3641 539 3809 592 Esset
3872 554 3961 592 au-

2254 626 2393 691 tem,
2427 624 2473 676 si
2510 623 2733 694 aliquos
2794 622 2857 676 in
2904 639 2970 677 ea
3025 640 3298 679 numeros
3348 641 3553 697 corpus
3592 630 3955 697 operaretur.

2254 712 2380 766 Non
2395 729 2554 783 ergo,
2582 728 2713 766 cum
2745 711 3029 778 audimus,
3061 711 3210 767 ﬁunt
3229 713 3289 788 in
3318 713 3510 767 anima
3537 713 3770 768 numeri
3794 715 3869 768 ab
3898 714 3961 767 iis

2253 815 2397 871 quos
2420 801 2481 854 in
2510 800 2665 854 sonis
2697 800 3107 871 cognoscimus.
3121 803 3210 855 An
3234 800 3447 872 aliquid
3468 802 3663 856 renuis
3683 802 3796 857 ‘ID.
3818 802 3958 867 Quid

2253 892 2338 942 est
2364 904 2500 960 ergo
2530 889 2682 959 quod
2707 889 2768 942 in
2797 889 3065 943 audiente
3091 889 3374 959 contingit
3399 891 3428 943 ?
3453 890 3541 943 Μ.
3571 889 3873 961 Quidquid
3905 890 3963 944 il-

2251 976 2349 1031 lud
2379 976 2453 1031 sit
2480 977 2635 1047 quod
2664 977 2900 1031 fortasse
2928 977 3187 1031 invenire
3226 983 3326 1031 aut
3357 978 3639 1049 explicare
3674 994 3799 1032 non
3827 995 3959 1049 pos-

2252 1080 2470 1134 sumus,
2500 1080 2639 1118 num
2671 1065 2739 1119 ad
2769 1065 2875 1119 hoc
2901 1065 3130 1132 valebit,
3162 1068 3226 1119 ut
3254 1065 3510 1120 animam
3549 1082 3791 1136 corpore
3840 1083 3959 1120 me-

2250 1152 2452 1206 liorem
2472 1169 2592 1207 esse
2623 1152 2993 1208 dubitemus?
3033 1158 3146 1208 Aut
3174 1170 3306 1207 cum
3352 1154 3460 1208 hoc
3489 1153 3759 1219 fatemur,
3797 1161 3960 1226 pote-

2250 1241 2505 1295 rimusne
2535 1240 2796 1311 operanti
2825 1241 3051 1311 corpori
3082 1244 3140 1295 et
3165 1257 3437 1296 numeros
3469 1241 3797 1312 imponenti
3828 1260 3959 1298 eam

2249 1328 2520 1396 subdere;
2554 1333 2617 1383 ut
2656 1329 2796 1383 illud
2846 1330 2919 1383 sit
2961 1329 3262 1397 fabricans,
3305 1330 3428 1384 haec
3458 1335 3652 1384 autem
3680 1331 3960 1384 materies

2250 1417 2320 1471 de
2341 1434 2456 1488 qua
2483 1423 2538 1471 et
2566 1417 2627 1471 in
2651 1434 2764 1488 qua
2792 1434 3165 1472 numerosum
3189 1417 3402 1489 aliquid
3427 1418 3773 1473 fabricetur?
3788 1418 3958 1483 Quod

2248 1505 2295 1558 si
2318 1505 2622 1572 credimus,
2665 1506 3007 1561 deteriorem
3037 1506 3198 1561 illam
3226 1507 3521 1561 credamus
3562 1523 3791 1561 necesse
3845 1514 3954 1562 est.

2247 1593 2368 1658 Quo
2407 1593 2547 1665 quid
2580 1594 2865 1650 miserius.
2896 1595 3033 1666 quid
3072 1594 3461 1650 detestabilius
3509 1594 3662 1650 credi
3709 1596 3960 1665 potest?

2247 1682 2383 1746 Quae
2420 1698 2551 1737 cum
2580 1683 2661 1737 ita
2689 1682 2825 1751 sint,
2856 1683 3108 1738 conabor
3135 1683 3458 1754 equidem‘,
3482 1687 3763 1755 quantum
3796 1685 3958 1738 Deus

2247 1766 2514 1837 adjuvare
2542 1768 2894 1839 dignabitur,
2918 1768 3190 1840 quidnam
3211 1768 3293 1824 ibi
3321 1769 3496 1824 lateat
3525 1769 3850 1839 conjectare
3873 1776 3955 1824 at-

2247 1871 2356 1926 que
2386 1855 2683 1910 disserere.
2716 1856 2824 1911 Sed
2853 1856 2901 1910 si
2925 1857 3033 1911 hoc
3059 1862 3294 1929 propter
3346 1857 3645 1928 utriusque
3676 1863 3777 1912 aut
3809 1859 3956 1913 alte—

2244 1943 2363 1997 rius
2392 1949 2654 1998 nostrum
2683 1943 3077 1999 inﬁrmitatem
3106 1948 3298 2000 minus
3342 1961 3448 2016 pro
3489 1947 3783 2001 voluntate
3817 1964 3954 2002 suc-

2244 2031 2496 2098 cesserit,
2524 2033 2611 2085 vel
2625 2047 2727 2086 nos
2739 2032 2858 2103 ipsi-
2869 2032 3008 2087 alias
3026 2033 3342 2088 sereniores
3362 2033 3418 2087 id
3441 2033 3954 2105 investigabimus,

2244 2118 2884 2191 velintelligentioribus
2903 2119 3297 2193 investiganda
3308 2121 3652 2187 deferemus,
3672 2123 3759 2175 vel
3774 2140 3955 2195 aequo

2243 2207 2436 2262 animo
2464 2209 2640 2263 latere
2668 2209 2954 2279 patiemur
2979 2225 2992 2262 :
3020 2226 3134 2264 non
3157 2213 3352 2265 tamen
3381 2209 3510 2265 ideo
3540 2209 3648 2263 ista
3692 2212 3954 2266 certiora

2245 2295 2314 2349 de
2343 2296 2607 2350 manibus
2636 2297 2909 2351 debemus
2938 2297 3216 2353 amittere'
3245 2300 3311 2353 D.
3358 2298 3586 2353 Tenebo
3638 2298 3793 2353 istud
3860 2301 3954 2355 in-

2246 2400 2582 2439 concussum
2636 2386 2683 2438 si
2710 2390 2938 2456 potero,
2968 2393 3025 2441 et
3053 2390 3247 2441 tamen
3281 2386 3558 2441 latebram
3606 2387 3775 2441 istam
3832 2406 3955 2444 non

2244 2488 2365 2527 esse
2391 2472 2888 2544 impenetrabilem
2918 2473 3083 2528 nobis
3106 2475 3299 2529 velim.

2313 2563 2364 2614 9.
2396 2563 2470 2614 Μ.
2496 2560 2615 2615 Cito
2641 2561 2825 2615 dicam
2855 2562 2989 2633 quid
3023 2562 3203 2617 sentio
3231 2580 3243 2618 :
3267 2569 3333 2617 tu
3377 2579 3509 2618 vero
3540 2569 3639 2619 aut
3679 2582 3952 2636 sequere.

2242 2651 2340 2701 aut
2371 2647 2543 2702 etiam
2567 2650 2846 2719 praecede,
2869 2649 2916 2703 si
2947 2651 3177 2721 valebis,
3212 2651 3311 2706 ubi
3332 2666 3423 2706 me
3453 2654 3710 2708 cunctari
3740 2658 3799 2708 et
3830 2655 3950 2710 has-

2241 2736 2410 2789 sitare
2440 2737 2925 2793 animadverteris.
2959 2739 3074 2809 Ego
3096 2738 3248 2794 enim
3271 2740 3340 2793 ab
3372 2740 3566 2794 anima
3598 2742 3705 2795 hoc
3726 2758 3949 2813 corpus

2241 2824 2484 2878 animari
2511 2842 2626 2879 non
2671 2830 2831 2896 puto,
2876 2827 2986 2880 nisi
3021 2827 3336 2882 intentione
3383 2829 3660 2883 facientis.
3716 2832 3835 2884 Nec
3877 2833 3951 2885 ab

2237 2912 2343 2967 isto
2365 2914 2678 2985 quidquam
2692 2915 2850 2968 illam
2882 2915 2999 2986 pati
3026 2916 3289 2983 arbitror,
3318 2919 3414 2970 sed
3442 2917 3625 2972 facere
3657 2919 3728 2973 de
3755 2918 3861 2974 illo
3895 2926 3954 2974 et
4030 2988 4033 2995 ι

2238 3000 2300 3055 in
2328 3001 2427 3056 illo
2453 3009 2728 3074 tanquam
2754 3004 3007 3074 subjecto
3055 3004 3324 3058 divinitus
3372 3005 3752 3060 dominationi
3781 3024 3908 3061 sua:
3932 3026 3945 3061 :

2238 3090 2544 3161 aliquando
2576 3096 2768 3146 tamen
2797 3109 2925 3145 cum
2958 3092 3245 3158 facilitate,
3281 3091 3590 3163 aliquando
3619 3110 3752 3148 cum
3783 3095 3947 3148 diffi-

2239 3180 2444 3232 cultate
2475 3180 2721 3250 operari,
2755 3185 2972 3250 quanto
2991 3198 3097 3251 pro
3128 3181 3251 3251 ejus
3277 3181 3494 3235 meritis
3512 3182 3696 3254 magis
3718 3183 3951 3239 minus-

2235 3282 2303 3319 ve
2329 3267 2411 3321 illi
2430 3268 2579 3322 cedit
2606 3272 2809 3322 natura
2839 3285 3133 3338 corporea.
3165 3269 3955 3342 Corporaliaergoqumcum-

2237 3370 2349 3425 que
2380 3356 2512 3409 huic
2537 3356 2761 3426 corpori
2792 3358 3134 3425 ingeruntur
3161 3362 3259 3412 aut
3285 3356 3637 3426 objiciuntur
3666 3361 3954 3417 extrinse-

2236 3458 2355 3509 cus,
2387 3460 2505 3497 non
2532 3443 2594 3497 in
2606 3445 2817 3512 anima,
2840 3446 2940 3499 sed
2965 3446 3025 3499 in
3052 3445 3177 3516 ipso
3201 3461 3437 3515 corpore
3468 3447 3684 3519 aliquid
3698 3448 3951 3517 faciunt,

2235 3531 2387 3602 quod
2414 3532 2575 3602 operi
2599 3532 2722 3602 ejus
2743 3537 2842 3586 aut
2870 3533 3216 3603 adversetur,
3266 3538 3364 3589 aut
3411 3540 3703 3606 congruat.
3770 3538 3955 3592 Ideo-

2236 3635 2347 3690 que
2374 3635 2503 3674 cum
2532 3620 2801 3674 renititur
2837 3622 3179 3687 adversanti,
3234 3627 3291 3676 et
3335 3624 3635 3678 materiam
3669 3625 3778 3679 sibi
3808 3629 3954 3682 sub—

2227 3708 2435 3777 jectam
2465 3708 2525 3762 in
2555 3708 2741 3780 operis
2784 3709 2871 3763 sui
2914 3710 3033 3763 vias
3064 3710 3370 3766 difﬁculter
3420 3711 3708 3783 impingit,
3753 3714 3823 3769 ﬁt
3860 3724 3953 3771 at-

2232 3792 2442 3846 tentior
2492 3809 2557 3847 ex
2591 3793 2922 3847 difﬁcultate
2956 3793 3014 3848 in
3062 3795 3390 3864 actionem;
3433 3814 3563 3868 qua:
3614 3798 3945 3855 difﬁcultas

2233 3886 2468 3951 propter
2504 3882 2895 3949 attentionem,
2928 3900 3058 3938 cum
3091 3900 3219 3939 eam
3248 3901 3367 3939 non
3395 3885 3557 3953 latet,
3607 3886 3823 3941 sentire
3859 3891 3948 3944 di-

2231 3968 2398 4036 citur,
2426 3974 2481 4023 et
2510 3970 2616 4023 hoc
2643 3975 2875 4025 vocatur
2903 3971 3069 4025 dolor
3085 3972 3376 4028 autlabor.
3407 3974 3549 4028 Cum
3573 3980 3768 4029 autem
3801 3993 3953 4032 con-

2231 4059 2387 4128 gruit
2414 4059 2566 4130 quod
2598 4059 2860 4128 infertur,
2918 4064 3017 4115 aut
3042 4061 3282 4132 adjacet,
3314 4061 3479 4116 facile
3518 4067 3705 4118 totum
3737 4064 3796 4119 id
3861 4070 3955 4122 vel

2232 4162 2301 4200 ex
2320 4162 2387 4201 eo
2414 4153 2695 4218 quantum
2711 4164 2854 4218 opus
2871 4153 2974 4216 est,
3005 4149 3063 4203 in
3094 4150 3183 4204 sui
3213 4150 3402 4220 operis
3422 4150 3629 4205 itinera
3658 4153 3953 4212 traducit.

2234 4236 2298 4288 Et
2329 4234 2436 4289 ista
2486 4236 2607 4306 ejus
2635 4237 2781 4291 actio
2812 4254 2923 4308 qua
2954 4254 3123 4293 suum
3172 4254 3380 4309 corpus
3425 4239 3795 4295 convenienti
3852 4260 3957 4298 ex-

2228 4323 2505 4378 trinsecus
2525 4326 2750 4389 corpori
2771 4326 3055 4397 adjungit,
3089 4326 3361 4397 quoniam
3391 4332 3629 4397 propter
3662 4329 3957 4399 quiddam

2230 4411 2608 4467 adventitium
2641 4414 2913 4468 attentius
2953 4415 3160 4485 agitur,
3191 4431 3308 4469 non
3340 4416 3517 4481 latet;
3569 4417 3669 4471 sed
3699 4425 3955 4491 propter

2228 4501 2684 4555 convenientiam
2698 4519 2847 4565 cum,
2886 4503 3175 4557 voluntate
3201 4501 3463 4555 sentitur.
3480 4503 3551 4556 At
3577 4518 3708 4557 cum
3723 4506 3957 4564 desunt

2229 4605 2296 4643 ea
2327 4590 2534 4661 quibus
2563 4592 2825 4661 corporis
2853 4590 3193 4645 detrimenta
3223 4588 3459 4651 reﬁciat.
3483 4594 3705 4659 egestas
3735 4610 3955 4652 conse-

2227 4678 2454 4749 quitur;
2484 4682 2540 4733 et
2570 4678 2675 4733 hac
2704 4678 2942 4733 actionis
2984 4677 3313 4732 difﬁcultate
3352 4693 3483 4731 cum
3524 4677 3590 4733 ﬁt
3630 4682 3950 4753 attentior,

2226 4770 2280 4820 et
2299 4766 2429 4819 talis
2478 4766 2599 4836 ejus
2638 4767 2895 4836 operatio
2925 4782 3041 4820 non
3071 4781 3197 4818 eam
3234 4766 3390 4831 latet,
3432 4766 3613 4821 fames
3650 4774 3753 4824 aut
3784 4773 3949 4841 sitis,

2226 4858 2324 4909 aut
2347 4857 2458 4909 tale
2491 4854 2710 4926 aliquid
2734 4854 3067 4924 appellatur.
3102 4853 3241 4907 Cum
3268 4858 3460 4908 autem
3484 4864 3798 4927 supersunt
3840 4860 3949 4915 in-

2226 4948 2401 5013 gesta,
2430 4948 2488 4997 et
2512 4960 2576 4997 ex
2605 4958 2794 4997 eorem
2813 4957 2982 4995 onere
3005 4941 3253 4996 nascitur
3279 4942 3583 4998 difﬁcultas
3612 4950 3938 5017 operandi,

2223 5047 2408 5102 neque
2436 5031 2544 5085 hoc
2573 5032 2693 5085 sine
2727 5029 3033 5084 attentione
3054 5030 3151 5098 ﬁt;
3198 5034 3255 5085 et
3284 5047 3417 5086 cum
3448 5033 3576 5087 talis
3606 5033 3753 5089 actio
3808 5053 3945 5093 non

2225 5119 2384 5187 latet,
2415 5119 2665 5173 cruditas
2690 5117 2961 5171 sentitur:
3002 5123 3214 5173 attente
3246 5120 3418 5175 etiam
3470 5127 3742 5193 Operatur
3788 5141 3939 5182 cum

2225 5206 2380 5276 ejicit
2407 5205 3225 5276 superﬂuum,sileniter,cum
3252 5210 3543 5278 voluptate
3569 5227 3583 5278 ;
3617 5210 3665 5264 si
3696 5228 3939 5282 aspere,

2224 5310 2353 5347 cum
2384 5293 2597 5348 dolore.
2634 5293 2945 5349 Morbidam
2994 5313 3220 5368 quoque
3265 5299 3766 5369 perturbationem
3796 5319 3942 5356 cor-

2221 5382 2379 5453 poris
2410 5386 2619 5455 attcnte
2650 5382 2787 5453 agit,
2838 5400 3165 5440 succurrere
3194 5390 3469 5457 appetens
3505 5387 3719 5442 labenti
3749 5393 3942 5460 atque

2222 5471 2539 5539 difﬂuenti;
2568 5476 2625 5525 et
2654 5471 2759 5526 hac
2788 5472 3010 5530 actione
3029 5475 3372 5530 nonlatcnte
3402 5475 3632 5531 morbos
3663 5480 3939 5549 διέξει-ο-

2225 5558 2465 5613 tationes
2487 5559 2696 5614 sentire
2726 5559 2956 5616 dicitur.

2286 5658 2301 5691 ¹
2336 5656 2495 5705 Juxta
2543 5658 2664 5707 Mss.
2693 5657 2753 5714 A,
2780 5657 3015 5709 conabor
3045 5661 3222 5710 etiam.
3320 5658 3389 5708 Μ.
