4064 6364
144 218 305 271 1169

232 341 323 394 10.
357 339 424 393 Et
447 354 518 393 ne
559 340 799 410 longum
822 338 1048 405 faciam,
1075 339 1300 393 videtur
1329 340 1474 395 mihi
1505 340 1697 395 anima
1726 356 1858 395 cum

139 427 340 482 sentit
362 426 423 481 in
449 443 707 497 corpore,
736 443 855 481 non
884 427 953 480 ab
982 427 1082 482 illo
1113 428 1327 498 aliquid
1349 429 1487 500 pati,
1517 430 1615 485 sed
1645 430 1706 484 in
1735 430 1858 501 ejus

138 515 526 586 passionibus
554 515 824 571 attentius
853 530 1042 587 agere,
1076 518 1131 570 et
1164 516 1266 570 has
1292 518 1545 574 actiones
1576 517 1689 573 sive
1719 516 1857 572 faci-

141 603 235 657 les
272 608 512 675 propter
550 603 1027 671 convenientiam,
1073 603 1189 658 sive
1221 604 1478 660 difﬁciles
1505 611 1741 677 propter
1768 606 1856 661 in-

137 692 636 759 convenientiam,
684 709 800 747 non
850 708 977 747 eam
1017 693 1193 747 latere
1243 709 1259 747 :
1307 698 1363 748 et
1409 694 1514 748 hoc
1558 699 1744 749 totum
1774 698 1860 749 est

142 782 323 852 quod
351 781 559 835 sentire
602 780 827 835 dicitur.
859 780 967 835 Sed
992 781 1094 835 iste
1123 798 1340 850 sensus,
1373 782 1473 855 qui
1514 783 1688 838 etiam
1720 783 1857 838 dum

143 870 307 924 nihil
336 870 636 939 sentimus,
659 868 807 924 inest
834 873 1046 937 tamen,
1067 869 1518 925 instrumentum
1542 876 1626 926 est
1653 888 1857 943 corpo-

138 958 252 1026 ris,
290 959 444 1029 quod
476 974 543 1012 ea
570 958 986 1029 temperatione
1036 959 1225 1029 agitur
1260 958 1331 1014 ab
1359 959 1570 1027 anima,
1603 964 1669 1015 ut
1696 960 1759 1015 in
1786 976 1854 1014 eo

138 1046 221 1099 sit
253 1048 330 1101 ad
362 1046 651 1118 passiones
680 1046 933 1117 corporis
961 1062 1091 1100 cum
1131 1048 1441 1103 attentione
1471 1048 1722 1119 agendas
1753 1063 1855 1118 pa-

138 1135 356 1198 ratior,
385 1135 594 1190 similia
614 1135 893 1190 similibus
921 1141 982 1190 ut
1001 1137 1295 1207 adjungat,
1317 1138 1670 1209 repellatque
1697 1136 1852 1208 quod

140 1224 396 1278 noxium
421 1229 522 1279 est.
547 1224 681 1295 Agit
703 1240 900 1294 porro,
920 1228 984 1280 ut
1006 1225 1230 1296 opinor,
1255 1226 1607 1281 luminosum
1639 1224 1857 1296 aliquid

140 1311 208 1366 in
258 1312 465 1380 oculis,
516 1312 735 1367 aerium
774 1304 1203 1368 serenissimum
1242 1319 1299 1369 et
1329 1313 1771 1369 mobilissimum
1799 1312 1857 1365 in

142 1401 414 1468 auribus,
446 1401 824 1473 caliginosum
852 1401 914 1455 in
945 1402 1201 1469 naribus,
1233 1402 1295 1456 in
1324 1419 1421 1457 ore
1449 1402 1772 1468 humidum,
1797 1400 1858 1455 in

140 1493 314 1544 tactu
344 1494 638 1545 terrenum
667 1494 725 1544 et
752 1490 914 1561 quasi
936 1491 1302 1546 lutulentum.
1328 1491 1435 1546 Sed
1461 1491 1575 1545 sive
1605 1490 1711 1547 hac
1740 1489 1856 1543 sive

141 1578 265 1632 alia
316 1578 719 1633 distributione
759 1565 869 1633 ista
912 1579 1316 1650 conjiciantur;
1354 1579 1475 1651 agit
1511 1580 1632 1634 haec
1664 1579 1858 1633 anima

139 1683 281 1722 cum
318 1668 533 1739 quiete,
567 1667 615 1723 si
645 1684 712 1722 ea
739 1684 869 1739 quae
898 1667 1094 1723 insunt
1134 1668 1195 1723 in
1239 1667 1457 1722 unitate
1487 1666 1852 1734 valetudinis,

142 1756 323 1827 quasi
353 1756 621 1811 familiari
644 1757 894 1829 quadam
922 1756 1295 1811 consensione
1323 1760 1614 1811 cesserunt
1644 1757 1684 1810 ί.
1714 1756 1856 1810 Cum

139 1849 350 1899 autem
381 1845 722 1915 adhibentur
750 1860 815 1899 ea
846 1860 975 1916 quae
1007 1845 1306 1912 nonnulla,
1338 1849 1401 1899 ut
1424 1845 1507 1899 ita
1538 1844 1746 1914 dicam,
1776 1844 1855 1898 al-

141 1933 381 1987 teritate
410 1949 615 2004 corpus
662 1933 945 2001 afﬁciunt;
978 1933 1186 1988 exserit
1213 1933 1549 1987 attentiores
1579 1932 1852 2003 actiones,

142 2022 269 2076 suis
302 2021 622 2094 quibusque
651 2021 790 2075 locis
820 2026 989 2093 atque
1028 2021 1423 2079 instrumentis
1451 2020 1853 2076 accommoda-

142 2114 233 2164 tas
270 2127 284 2165 :
322 2115 458 2165 tunc
482 2110 696 2177 videre,
723 2110 811 2164 vel
840 2109 1060 2177 audire,
1088 2110 1173 2163 vel
1197 2109 1460 2177 olfacere,
1491 2108 1577 2162 vel
1601 2113 1852 2179 gustare,

142 2200 235 2254 vel
268 2198 557 2270 tangendo
591 2197 801 2252 sentire
848 2197 1083 2264 dicitur;
1117 2197 1325 2268 quibus
1354 2196 1671 2251 actionibus
1721 2212 1854 2251 con-

144 2304 303 2359 grua
355 2287 600 2341 libenter
655 2285 910 2355 associat,
971 2289 1027 2340 et
1076 2286 1316 2339 moleste
1372 2284 1597 2339 obsistit
1652 2284 1856 2339 incon-

144 2375 334 2445 gruis.
370 2377 479 2429 Has
506 2374 860 2445 operationes
889 2373 1247 2445 passionibus
1273 2372 1528 2444 corporis
1558 2376 1699 2443 puto
1733 2372 1854 2426 aui-

144 2481 314 2519 mam
370 2463 636 2519 exhibere
687 2479 818 2517 cum
870 2463 1065 2530 sentit,
1124 2478 1241 2516 non
1298 2462 1526 2516 easdem
1561 2461 1855 2532 passiones

148 2553 432 2620 recipere.

222 2646 316 2696 11.
356 2641 713 2713 Quapropter
740 2656 872 2694 cum
921 2639 990 2694 de
1022 2655 1292 2694 sonorum
1330 2638 1586 2694 numeris
1616 2639 1675 2692 in
1705 2655 1854 2709 pra:-

147 2728 340 2783 sentia
364 2733 671 2800 quaeratur,
700 2732 757 2783 et
777 2744 974 2782 sensus
1004 2727 1230 2782 aurium
1254 2731 1483 2781 vocetur
1510 2726 1571 2780 in
1591 2726 1850 2791 dubium,

145 2835 267 2872 non
300 2821 523 2888 oportet
562 2833 668 2888 per
713 2823 920 2871 caetera
963 2814 1177 2871 diutius
1225 2814 1473 2885 evagari.
1522 2814 1853 2869 Referamns

147 2906 350 2977 itaque
399 2922 498 2959 nos
527 2905 598 2959 ad
652 2903 711 2959 id
754 2905 823 2959 de
854 2920 968 2976 quo
1001 2903 1209 2974 agitur,
1254 2907 1310 2957 et
1336 2903 1630 2957 videamus
1660 2906 1853 2957 utrum

149 3010 332 3048 sonus
378 2993 438 3047 in
469 2993 704 3048 auribus
751 2992 967 3064 aliquid
1013 2992 1200 3047 faciat.
1246 2994 1335 3045 An
1381 2996 1444 3045 tu
1484 2990 1539 3045 id
1572 2989 1854 3060 negabis?

150 3085 226 3137 D.
262 3081 417 3137 Nihil
459 3081 670 3136 minus.
721 3084 796 3136 M.
843 3080 1030 3146 Quid?
1077 3079 1304 3134 easdem
1336 3095 1501 3133 aures
1538 3078 1854 3133 animatum

150 3172 485 3226 membrum
510 3187 630 3225 esse
653 3186 846 3225 nonne
869 3167 1171 3224 concedis?
1196 3169 1266 3222 D.
1296 3168 1577 3223 Concedo.
1607 3169 1681 3223 M.
1713 3168 1854 3221 Cum

151 3276 293 3330 ergo
323 3259 380 3314 id
412 3260 565 3330 quod
592 3258 652 3313 in
681 3277 748 3314 eo
780 3258 1039 3313 membro
1066 3256 1249 3310 simile
1281 3261 1364 3310 est
1391 3257 1530 3323 aeri,
1559 3260 1855 3310 moveatur

149 3363 287 3402 aere
313 3364 608 3417 percusso;
656 3346 908 3401 animam
940 3346 1097 3400 illam
1128 3361 1257 3417 quae
1285 3350 1416 3399 ante
1445 3344 1617 3399 istum
1648 3360 1855 3399 sonum

147 3431 311 3486 vitali
340 3436 502 3486 motu
529 3432 588 3486 in
621 3431 859 3489 silentio,
875 3447 1077 3502 corpus
1109 3431 1335 3485 aurium
1362 3431 1680 3502 vegetabat,
1713 3445 1853 3483 num

150 3526 429 3594 putamus
460 3527 560 3576 aut
600 3538 817 3576 cessare
867 3537 1033 3592 posse
1065 3521 1135 3576 ab
1184 3537 1358 3592 opere
1396 3519 1670 3575 movendi
1698 3518 1853 3590 quod

149 3610 393 3677 animat,
428 3614 527 3664 aut
557 3611 757 3663 eodem
795 3609 964 3664 modo
997 3624 1223 3663 movere
1255 3612 1607 3663 commotum
1637 3606 1853 3661 extrin-

150 3716 314 3753 secus
353 3714 545 3753 aerem
591 3698 742 3752 auris
787 3714 927 3763 suae,
968 3712 1083 3768 quo
1130 3696 1395 3750 movebat
1424 3700 1729 3766 antequam
1760 3695 1855 3749 ille

150 3786 494 3843 illaberetur
523 3786 734 3841 sonus?
765 3787 839 3840 D.
874 3787 995 3839 Non
1029 3783 1254 3837 videtur
1281 3783 1391 3837 nisi
1421 3783 1603 3837 aliter.
1634 3784 1704 3838 M.
1740 3784 1856 3836 Hoc

152 3893 289 3948 ergo
316 3875 487 3931 aliter
507 3889 737 3928 movere
763 3877 807 3943 ³,
840 3888 1027 3927 nonne
1055 3871 1351 3926 fatendum
1383 3876 1466 3924 est
1495 3872 1679 3925 facere
1712 3887 1853 3937 esse,

153 3982 269 4020 non
299 3964 463 4037 pati?
486 3964 560 4020 D.
595 3964 681 4017 Ita
705 3966 809 4017 est.
841 3964 915 4017 M.
951 3961 1075 4015 Non
1099 3959 1276 4030 igitur
1300 3958 1540 4015 absurde
1569 3957 1855 4014 credimus

155 4058 346 4109 motus
378 4067 510 4106 suos
540 4049 814 4116 animam,
847 4049 933 4103 vel
963 4048 1233 4114 actiones,
1264 4048 1352 4101 vel
1383 4047 1856 4117 operationes,vel

153 4141 199 4196 si
246 4158 366 4213 quo
414 4139 526 4195 alio
575 4138 809 4194 nomine
857 4136 1213 4192 commodius
1254 4135 1564 4207 signiﬁcari
1594 4140 1853 4207 possunt,

164 4247 284 4285 non
314 4232 491 4285 latere
514 4244 645 4283 cum
673 4228 857 4282 sentit.

231 4322 317 4374 12.
354 4319 454 4372 Hae
500 4321 695 4371 autem
735 4314 1113 4386 operationes,
1146 4314 1230 4368 vel
1261 4311 1710 4385 praecedentibus
1737 4328 1857 4366 cor-

158 4422 366 4475 porum
388 4403 750 4476 passionibus
780 4403 1154 4470 adhibentur;
1175 4406 1235 4455 ut
1264 4406 1397 4455 sunt
1423 4416 1553 4454 cum
1583 4399 1697 4454 illas
1728 4416 1859 4454 ocu-

159 4496 350 4547 lorum
381 4497 708 4547 nostrorum
756 4493 944 4547 lucem
996 4492 1196 4546 forma:
1224 4490 1612 4561 interpellant,
1659 4492 1756 4543 aut
1798 4488 1859 4542 in

157 4598 326 4635 aures
356 4581 550 4636 influit
576 4598 769 4650 sonus,
801 4587 901 4635 aut
938 4580 1173 4635 naribus
1218 4578 1624 4643 exhalationes,
1668 4577 1856 4649 palato

161 4687 418 4741 sapores,
450 4674 658 4724 caetero
688 4668 913 4740 corpori
944 4667 1213 4739 quaelibet
1234 4664 1418 4721 solida
1444 4669 1499 4719 et
1522 4666 1861 4736 corpulenta
1886 4733 1891 4737 ρ

162 4758 542 4813 admoventur
568 4757 930 4820 extrinsecus,
965 4756 1054 4810 vel
1092 4756 1155 4809 in
1181 4755 1305 4826 ipso
1338 4767 1579 4825 corpore
1623 4754 1692 4808 de
1734 4754 1859 4807 loco

161 4844 221 4899 in
247 4847 441 4900 locum
463 4845 675 4916 migrat
693 4845 911 4917 aliquid
941 4844 1056 4898 sive
1084 4844 1310 4911 transit,
1340 4842 1426 4897 vel
1454 4846 1639 4897 totum
1670 4842 1861 4913 ipsum

162 4950 368 5007 corpus
388 4950 489 4988 suo
515 4933 768 4988 alienove
788 4934 1043 5004 pondere
1064 4935 1326 4986 movetur
1358 4946 1370 4984 :
1400 4930 1489 4984 ha:
1517 4935 1649 4985 sunt
1673 4946 1864 5001 opera-

166 5021 347 5077 tiones
380 5026 521 5094 quas
550 5021 783 5076 adhibet
801 5022 994 5075 anima
1014 5018 1467 5092 praecedentibus
1497 5017 1860 5089 passionibus

167 5112 451 5182 corporis;
484 5126 611 5183 qua:
643 5111 927 5165 delectant
971 5125 1098 5164 eam
1131 5108 1527 5173 associantem,
1563 5106 1862 5161 offendunt

175 5200 551 5255 resistentem.
598 5199 741 5255 Cum
773 5203 967 5253 autem
1007 5198 1077 5252 ab
1108 5197 1325 5252 eisdem
1370 5194 1488 5249 suis
1518 5194 1865 5267 operationi-

234 5309 247 5341 ¹
291 5306 394 5357 Sic.
436 5308 777 5368 Mss.romnes
805 5308 995 5368 praeter
1024 5303 1354 5361 Vaticanum,
1393 5302 1622 5368 quicum
1652 5300 1767 5351 Am.
1806 5300 1871 5349 Et

176 5367 259 5416 Er.
290 5369 465 5427 habet,
501 5366 831 5418 cohaeseriml
862 5367 928 5415 At
953 5366 1098 5427 Lov.,
1121 5367 1494 5415 concesserim.

233 5432 255 5465 ²
284 5432 339 5483 In
372 5431 525 5480 editis
559 5446 570 5479 :
604 5434 719 5480 Non
743 5428 958 5479 videtur
971 5425 1111 5477 mihi
1128 5427 1316 5477 aliter.
1337 5429 1404 5477 Μ.
1435 5427 1548 5477 Hoc
1568 5438 1687 5486 ergo
1704 5436 1869 5486 genus

177 5492 367 5545 taliter
380 5492 750 5545 movere.Atin
767 5490 1071 5540 melioribus
1084 5488 1363 5539 Mss.lectio
1383 5492 1564 5539 nostra
1574 5486 1869 5538 exhibetur.

1634 216 1845 272 LIBER
1902 214 2192 271 SEXTUS.

3534 218 3668 270 H70

1967 340 2072 394 bus
2100 339 2314 411 aliquid
2344 341 2580 411 patitur,
2626 358 2657 395 a
2695 342 2880 412 seipsa
2908 341 3143 413 patitur,
3174 359 3289 397 non
3323 360 3356 397 a
3394 358 3659 415 corpore;

1968 428 2066 483 sed
2091 428 2262 498 plane
2291 444 2423 483 cum
2451 446 2508 483 se
2554 430 2949 485 accommodat
2976 431 3200 500 corpori
3233 448 3245 484 :
3280 434 3333 485 et
3362 430 3487 484 ideo
3514 433 3664 503 apud

1969 516 2214 588 seipsam
2244 515 2434 571 minus
2464 522 2567 585 est,
2600 517 2736 589 quia
2775 534 2977 589 corpus
3008 534 3235 588 semper
3272 518 3462 572 minus
3490 536 3662 590 quam

1967 603 2090 675 ipsa
2117 609 2223 659 est.

2042 696 2123 748 13.
2159 693 2440 747 Conversa
2477 708 2610 764 ergo
2642 711 2673 747 a
2708 694 2946 748 Domino
2975 711 3078 749 suo
3119 694 3188 749 ad
3216 710 3441 749 servum
3472 712 3660 762 suum,

1967 780 2284 835 necessario
2317 780 2508 835 deﬁcit
2538 798 2551 834 :
2580 798 2846 836 conversa
2875 782 3013 838 item
3045 800 3075 837 a
3107 800 3266 837 servo
3297 800 3398 837 suo
3444 784 3515 838 ad
3548 785 3663 838 Do-

1968 869 2190 924 minum
2238 885 2427 936 suum,
2473 870 2791 924 necessario
2834 871 3082 940 proﬁcit,
3126 876 3181 927 et
3229 872 3445 942 prmbet
3476 873 3662 926 eidem

1967 974 2127 1014 servo
2175 957 2509 1013 facillimam
2537 957 2733 1026 vitam,
2771 963 2827 1012 et
2854 966 3156 1031 propterea
3185 960 3425 1015 minime
3452 977 3660 1032 opero-

1968 1062 2089 1101 sam
2120 1052 2174 1101 et
2204 1046 2577 1118 negotiosam,
2609 1048 2678 1102 ad
2711 1064 2886 1118 quam
2922 1054 3159 1118 propter
3188 1066 3472 1104 summam
3506 1049 3663 1120 quic-

1969 1139 2084 1189 tem
2131 1136 2289 1189 nulla
2334 1136 2745 1207 detorqueatur
2792 1136 3062 1202 attentio;
3114 1137 3257 1191 sicut
3298 1144 3399 1199 est,
3437 1138 3661 1192 affectio

1966 1223 2219 1294 corporis
2246 1240 2375 1295 qua:
2406 1223 2616 1279 sanitas
2646 1224 2854 1279 dicitur
2882 1241 2894 1277 :
2928 1216 3085 1278 nulla
3107 1225 3319 1296 quippe
3345 1226 3661 1280 attentione

1967 1317 2158 1367 nostra
2186 1328 2329 1383 opus
2359 1313 2548 1379 habet,
2587 1329 2701 1366 non
2744 1313 2879 1383 quia
2905 1311 3049 1366 nihil
3074 1317 3208 1366 tunc
3238 1313 3354 1383 agit
3381 1314 3573 1367 anima
3602 1315 3661 1368 iu

1965 1417 2224 1472 corpore,
2255 1402 2354 1457 sed
2380 1402 2517 1473 quia
2545 1401 2692 1456 nihil
2716 1402 2938 1457 facilius
2968 1402 3106 1474 agit.
3138 1404 3280 1457 Nam
3308 1404 3371 1457 in
3399 1406 3671 1461 omnibus

1967 1488 2237 1560 operibus
2282 1490 2489 1544 nostris
2537 1494 2695 1544 tanto
2748 1490 3062 1563 quidquam
3110 1490 3401 1557 attentius,
3449 1497 3662 1562 quanto

1965 1573 2251 1633 difﬁcilius
2297 1594 2620 1649 operamur.
2660 1579 2793 1632 Haec
2821 1585 3013 1633 autem
3052 1579 3260 1633 sanitas
3289 1582 3422 1633 tunc
3454 1580 3661 1634 ﬁrmis-

1965 1666 2112 1720 sima
2152 1667 2259 1721 erit
2287 1671 2456 1738 atque
2503 1666 2838 1736 certissima,
2870 1670 3014 1721 'cum
3058 1666 3315 1738 pristinas
3345 1667 3661 1737 stabilitati,

1964 1758 2117 1810 certo
2159 1771 2262 1809 suo
2302 1761 2561 1826 tempore
2611 1760 2780 1826 atque
2829 1755 3048 1819 ordine,
3091 1755 3198 1810 hoc
3243 1771 3449 1825 corpus
3491 1757 3665 1811 fuerit

1964 1842 2293 1897 restitutum
2322 1841 2421 1913 (a),
2447 1860 2574 1913 qua:
2606 1842 2945 1897 resurrectio
2968 1843 3088 1913 ejus
3120 1847 3425 1913 antequam
3454 1844 3663 1913 plenis-

1965 1930 2108 1986 sime
2147 1910 2522 2001 intelligatur,
2573 1929 2878 1986 salubritcr
2926 1910 3208 1985 creditum,
3239 1910 3473 2001 oportet
3506 1931 3663 1986 enim

1964 2019 2217 2075 animam
2265 2024 2323 2074 et
2360 2006 2558 2090 regia
2596 2019 2910 2090 superiore,
2962 2023 3017 2073 et
3058 2035 3257 2091 regere
3305 2019 3659 2075 inferiorem.

1963 2109 2236 2179 Superior
2268 2108 2364 2162 illa
2401 2110 2555 2163 solus
2599 2109 2744 2162 Deus
2774 2113 2877 2172 est,
2922 2107 3160 2161 inferius
3197 2108 3296 2161 illa
3318 2110 3503 2163 solum
3534 2126 3659 2163 cor-

1964 2214 2092 2269 pus,
2112 2196 2159 2250 si
2180 2196 2250 2251 ad
2272 2212 2500 2251 omnem
2534 2200 2591 2251 et
2621 2200 2798 2250 totam
2832 2196 3083 2250 animam
3112 2186 3395 2253 intendas.
3420 2199 3503 2251 .Ut
3526 2215 3660 2269 ergo

1964 2290 2084 2341 tota
2115 2301 2236 2340 esse
2268 2284 2387 2338 sine
2430 2285 2694 2354 Domino,
2743 2285 2821 2338 sic
2867 2284 3138 2339 excellere
3180 2285 3300 2338 sine
3350 2302 3511 2340 servo
3542 2303 3660 2341 non

1964 2379 2171 2446 potest.
2209 2375 2275 2428 Ut
2304 2377 2493 2427 autem
2530 2373 2809 2427 Dominus
2840 2374 2959 2444 ejus
2993 2373 3173 2443 magis
3203 2379 3286 2427 est
3317 2390 3486 2444 quam
3515 2374 3657 2444 ipsa,

1966 2463 2045 2518 ita
2064 2479 2260 2517 servus
2280 2462 2496 2517 minus.
2532 2462 2717 2526 Quare
2739 2461 2959 2516 intenta
2985 2462 3045 2515 in
3066 2462 3372 2516 Dominum
3394 2463 3663 2533 intelligit

1966 2556 2182 2606 aeterna
2227 2552 2371 2623 ejus,
2421 2556 2477 2605 et
2507 2550 2689 2621 magis
2721 2556 2823 2618 est,
2877 2551 3170 2621 magisque
3203 2554 3286 2603 est
3330 2550 3501 2604 etiam
3539 2551 3661 2619 ipse

1967 2656 2161 2694 servus
2203 2638 2264 2693 in
2295 2655 2396 2692 suo
2428 2654 2637 2709 genere
2667 2654 2772 2708 per
2807 2638 2985 2692 illam.
3022 2640 3286 2708 Neglecto
3319 2642 3507 2692 autem
3552 2639 3659 2691 Do—

1965 2728 2121 2782 mino
2164 2726 2381 2780 intenta
2424 2726 2485 2791 in
2535 2741 2762 2779 servum
2799 2725 3012 2779 carnali
3044 2742 3156 2796 qua
3195 2725 3420 2779 ducitur
3448 2743 3661 2780 concu—

1962 2816 2241 2889 piscentia
2290 2818 2325 2879 ¹,
2366 2814 2539 2869 sentit
2583 2818 2774 2868 motus
2824 2831 2954 2867 suos
3000 2831 3141 2884 quos
3189 2814 3271 2867 illi
3315 2814 3563 2880 exhibet,
3605 2820 3662 2868 et

1964 2906 2156 2961 minus
2195 2911 2277 2959 est
2310 2921 2322 2958 :
2365 2920 2468 2957 nec
2491 2907 2684 2958 tamen
2727 2906 2947 2956 tantum
2981 2904 3190 2968 minus,
3224 2907 3501 2972 quantum
3539 2902 3659 2970 ipse

1963 3010 2174 3058 servus,
2210 2992 2384 3047 etiam
2410 3007 2538 3045 cum
2566 2989 2807 3044 maxime
2838 2990 2999 3045 estin
3030 2996 3233 3044 natura
3260 2990 3511 3060 propria.
3544 2991 3659 3043 Hoc

1964 3087 2155 3137 autem
2207 3081 2410 3136 delicto
2458 3078 2711 3133 domina:
2750 3079 2933 3132 multo
2979 3078 3166 3131 minus
3199 3084 3484 3149 estquam
3516 3083 3654 3145 erat,

1965 3188 2096 3226 cum
2126 3171 2226 3225 illa
2256 3174 2388 3224 ante
2419 3168 2689 3223 delictum
2720 3166 2902 3237 magis
2930 3171 3077 3220 esset
3106 3166 3148 3221 ’.

2040 3262 2121 3315 14.
2179 3258 2452 3324 Quocirca
2496 3255 2727 3310 mortali
2767 3255 2885 3326 jam
2919 3261 2976 3309 et
3016 3254 3227 3325 fragili,
3274 3271 3405 3309 cum
3452 3270 3661 3323 magna

1966 3349 2299 3404 difﬁcultate
2332 3350 2501 3416 atque
2529 3344 2840 3400 attentione
2865 3343 3214 3399 dominatur.
3239 3343 3378 3398 Hinc
3398 3344 3481 3397 illi
3503 3360 3661 3396 error

1965 3436 2226 3505 incurrit,
2259 3440 2322 3490 ut
2350 3435 2698 3505 voluptatem
2731 3433 3005 3503 corporis,
3045 3432 3181 3503 quia
3211 3433 3330 3503 ejus
3360 3432 3661 3487 attentioni

1964 3526 2115 3581 cedit
2142 3523 2425 3590 materies,
2453 3522 2635 3594 pluris
2665 3522 2909 3575 aestimet
2937 3538 3111 3592 quam
3132 3520 3315 3592 ipsam
3336 3521 3656 3588 sanitatem,

1965 3615 2057 3669 cui
2086 3613 2397 3669 attentione
2429 3612 2584 3665 nulla
2613 3627 2756 3680 opus
2784 3615 2886 3664 est.
2914 3611 3024 3664 Nec
3046 3609 3276 3679 mirum,
3312 3609 3356 3661 si
3390 3609 3663 3664 aerumnis

1966 3703 2311 3772 implicatur,
2354 3714 2695 3771 praeponens
2736 3714 2929 3751 curam
2962 3697 3265 3751 securitati.
3301 3697 3659 3751 Convertcnti

1965 3804 2023 3842 se
2056 3791 2245 3841 autem
2277 3786 2345 3840 ad
2380 3785 2703 3851 Dominum,
2733 3785 2917 3853 major
2945 3800 3079 3837 cura
3110 3783 3310 3847 oritur,
3340 3799 3412 3836 ne
3439 3788 3659 3836 averta-

1964 3880 2086 3942 tur;
2110 3875 2288 3929 donec
2312 3872 2624 3927 carnalium
2646 3872 3012 3941 negotiorum
3042 3870 3359 3941 requiescat
3386 3869 3656 3941 impetus,

1966 3964 2269 4018 effrenatus
2313 3960 2723 4015 consuetudine
2769 3959 3061 4025 diuturna,
3090 3965 3145 4013 et
3172 3959 3537 4012 tumultuosis
3564 3975 3656 4011 re-

1966 4050 2390 4107 cordationibus
2437 4048 2795 4103 conversioni
2825 4049 2947 4119 ejus
2975 4065 3095 4101 sese
3125 4048 3383 4101 inserens
3422 4063 3434 4101 :
3467 4047 3547 4100 ita
3578 4064 3659 4101 sc-

1967 4141 2111 4198 datis
2140 4140 2387 4195 motibus
2418 4138 2531 4192 suis
2572 4138 2778 4207 quibus
2820 4136 2879 4191 in
2910 4136 3187 4190 exteriora
3220 4134 3656 4206 provehebatur,

1965 4228 2083 4301 agit
2111 4228 2291 4283 otium
2320 4227 2659 4282 intrinsecus
2689 4226 2954 4290 liberum,
2980 4224 3130 4296 quod
3164 4223 3516 4294 signiﬁcatur
3540 4224 3661 4278 sab-

1966 4319 2131 4384 bato;
2164 4318 2243 4370 sic
2273 4316 2564 4387 cognoscit
2586 4316 2771 4370 solum
2794 4317 2972 4369 Deum
2995 4331 3115 4367 esse
3142 4312 3447 4367 Dominum
3469 4329 3657 4379 suum,

1968 4406 2057 4461 cui
2105 4405 2207 4459 uni
2253 4421 2476 4459 summa
2513 4404 2769 4459 libertate
2820 4403 3079 4457 servitur.
3134 4403 3257 4456 Non
3304 4406 3493 4455 autem
3536 4401 3662 4455 illos

1967 4495 2219 4550 carnales
2251 4499 2459 4560 motus,
2510 4498 2574 4547 ut
2603 4508 2732 4547 cum
2762 4491 2900 4547 libet
2938 4491 3165 4553 exserit,
3206 4489 3284 4544 ita
3314 4490 3484 4543 etiam
3531 4506 3661 4543 cum

1967 4584 2104 4639 libet
2134 4582 2463 4653 exstinguit.
2497 4583 2621 4635 Non
2649 4580 2805 4635 enim
2830 4581 2974 4633 sicut
3002 4584 3293 4650 peccatum
3322 4579 3381 4632 in
3412 4578 3531 4648 ejus
3558 4597 3661 4650 po-

1968 4675 2170 4727 testate
2200 4674 2305 4737 est,
2338 4670 2416 4723 ita
2447 4668 2620 4723 etiam
2648 4685 2818 4739 pinna
2843 4667 3078 4739 peccati.
3116 4666 3304 4735 Magni
3334 4666 3549 4737 quippe
3574 4683 3664 4719 res

1969 4765 2051 4816 est
2093 4760 2217 4831 ipsa
2253 4758 2464 4825 anima,
2494 4774 2598 4811 nec
2644 4757 2713 4812 ad
2762 4755 3168 4827 opprimendos
3212 4754 3446 4809 lascivos
3477 4760 3664 4811 motus

1969 4866 2102 4904 suos
2146 4848 2353 4902 idonea
2396 4846 2503 4901 sibi
2533 4849 2808 4900 remanet.
2856 4844 3148 4899 Valentior
3176 4844 3330 4897 enim
3358 4848 3575 4914 peccat,
3607 4847 3664 4896 et

1970 4939 2097 5008 post
2138 4937 2431 5006 peccatum
2493 4933 2684 4987 divina
2721 4933 2847 5003 lege
2892 4932 3037 4986 facta
3079 4930 3441 4998 imbecillior,
3472 4928 3662 4983 minus

1970 5027 2174 5094 potens
2224 5025 2309 5075 est
2354 5020 2576 5074 auferre
2607 5019 2760 5090 quod
2797 5018 2947 5073 fecit.
2982 5019 3184 5084 Infelix
3212 5033 3305 5083 ego
3333 5018 3507 5083 homo,
3541 5016 3661 5082 quis

2039 5113 2052 5145 ¹
2101 5110 2197 5173 Er.
2226 5109 2402 5165 habet,
2447 5109 2756 5173 carnalem,-
2789 5105 3233 5173 Lov.,_carnalis;
3262 5105 3400 5173 Amr,
3425 5102 3661 5173 carnali,

1974 5172 2238 5236 quomodo
2263 5172 2420 5220 etiam
2450 5169 2723 5236 octo_Mss.
2759 5165 3274 5236 supra'Vaticanum,
3305 5165 3562 5236 quilunurs
3587 5165 3662 5211 sic

1973 5225 2309 5298 prosequitur
2339 5248 2349 5281 :
2380 5234 2604 5284 Camalt
2641 5246 2747 5298 qua
2773 5225 2994 5298 ducitur
3025 5225 3470 5292 concupiscentia.
3526 5225 3663 5287 [car-

1976 5293 2233 5368 iidlinq'uac
2257 5295 2457 5368 dicitur
2490 5293 2961 5368 σᾳτροῖιρὶδςεηςὶαε]

2038 5361 2059 5393 ‘~’
2085 5349 2169 5406 Sic
2198 5358 2479 5417 legendum
2510 5349 2716 5406 videtur
2740 5355 2894 5417 juxta
2927 5349 3047 5404 Mss.
3093 5354 3157 5402 At
3190 5350 3304 5417 Am.
3338 5350 3424 5398 Er.
3459 5352 3512 5398 et
3538 5349 3659 5397 Lov.

1979 5422 2174 5471 habent
2202 5436 2212 5469 :
2239 5407 2373 5472 Cum
2400 5420 2493 5470 ille
2520 5423 2649 5470 ante
2668 5407 2918 5470 delictum
2947 5417 3116 5477 magis
3140 5416 3295 5463 esset.

2042 5483 2115 5547 (α)
2145 5483 2261 5533 Vid.
2288 5484 2512 5532 Retract.
2543 5482 2632 5532 lib.
2671 5485 2717 5541 1,
2747 5495 2859 5543 cap.
2896 5481 2973 5538 11,
3002 5491 3055 5526 n.
3083 5478 3128 5524 3.
