4064 6382
431 257 555 306 1171

420 385 502 423 me
541 371 793 424 liberabit
821 370 885 424 de
923 381 1141 440 corpore
1186 372 1371 424 mortis
1411 370 1617 438 hujus?
1646 368 1840 424 Gratia
1869 370 1975 423 Dei
2013 385 2114 439 per

421 460 600 512 Iesum
631 460 902 514 Christum
940 459 1236 513 Dominum
1263 463 1505 512 nostrum
1538 458 1710 526 (Rom.
1741 474 1832 523 vn,
1861 461 1950 521 24,
1996 457 2108 528 25).

427 547 609 600 Motus
640 546 816 617 igitur
853 546 1064 600 animas
1090 561 1318 599 servans
1356 545 1637 616 impetum
1668 560 1854 612 suum,
1888 550 1943 598 et
1971 559 2114 597 non-

426 635 565 689 dum
599 636 925 699 exstinctus,
969 635 1030 688 in
1059 634 1335 688 memoria
1366 650 1486 687 esse
1515 633 1723 688 dicitur
1756 650 1768 686 :
1801 638 1857 687 et
1897 648 2026 686 cum
2055 632 2116 686 in

425 723 583 776 aliud
602 723 924 778 intenditur
942 722 1186 787 animus,
1219 721 1381 791 quasi
1407 737 1523 774 non
1546 721 1693 774 inest
1721 719 1910 773 animo
1931 719 2118 790 pristi-

428 828 535 864 nus
564 816 776 879 motus,
809 815 864 864 et
883 826 1080 864 revera
1105 810 1293 863 minor
1314 809 1398 875 ﬁt,
1426 809 1536 863 nisi
1557 814 1864 879 antequam
1892 807 2118 863 interci-

425 901 542 968 dat,
572 899 820 970 quadam
844 896 1128 952 vicinitate
1160 902 1480 952 renovetur.

503 991 585 1041 15.
637 987 744 1040 Sed
774 985 946 1040 velim
999 987 1162 1049 scire,
1195 991 1388 1040 utrum
1439 991 1494 1040 te
1537 986 1804 1040 adversus
1833 984 1941 1038 ista
1973 983 2118 1037 nihil

424 1079 668 1128 moveat.
714 1075 786 1126 D.
821 1073 1202 1127 Probabiliter
1234 1072 1379 1127 mihi
1409 1073 1596 1127 dicere
1627 1073 1852 1138 videris,
1886 1087 1988 1125 nec
2016 1087 2117 1124 au-

424 1162 533 1215 sim
578 1161 859 1215 resistere.
909 1161 994 1214 M.
1045 1162 1185 1216 Cum
1233 1160 1410 1230 igitur
1436 1161 1625 1231 ipsum
1655 1160 1863 1214 sentire
1894 1174 2120 1213 movere

425 1249 500 1304 sit
527 1264 733 1318 corpus
765 1249 1029 1302 adversus
1059 1249 1221 1302 illum
1247 1253 1467 1302 motum
1499 1248 1681 1319 quiin
1712 1265 1777 1302 eo
1805 1248 1984 1302 factus
2014 1252 2115 1312 est,

427 1353 616 1391 nonne
659 1336 945 1390 existimas
984 1336 1114 1391 ideo
1153 1353 1256 1390 nos
1295 1352 1412 1390 non
1461 1337 1670 1392 sentire
1719 1353 1848 1390 cum
1894 1353 2020 1390 ossa
2068 1340 2124 1389 et

426 1441 645 1496 ungues
691 1429 746 1480 et
786 1424 977 1496 capilli
1025 1429 1306 1492 secantur,
1353 1441 1468 1479 non
1515 1425 1651 1496 quia
1698 1425 1805 1480 ista
1848 1425 1912 1478 in
1957 1423 2123 1478 nobis

429 1513 665 1568 omnino
691 1528 809 1567 non
827 1512 1044 1579 vivunt,
1069 1529 1183 1566 non
1201 1512 1358 1566 enim
1376 1513 1539 1568 aliter
1569 1517 1665 1567 aut
1693 1513 2124 1567 continerentur

430 1607 531 1656 aut
562 1601 919 1656 nutrirentur
962 1606 1061 1655 aut
1101 1605 1435 1669 crescerent,
1468 1606 1568 1657 aut
1603 1602 1775 1656 etiam
1818 1601 1932 1655 vim
1962 1617 2124 1655 suam

428 1690 491 1743 in
521 1689 763 1744 serenda
793 1689 952 1760 prole
982 1694 1396 1756 monstrarent;
1432 1691 1529 1745 sed
1558 1690 1693 1762 quia
1722 1693 1912 1744 minus
1940 1689 2121 1744 libero

431 1796 562 1835 aere
591 1783 987 1851 penetrantur,
1032 1779 1230 1834 mobili
1278 1780 1489 1834 scilicet
1513 1781 1816 1844 elemento,
1851 1797 2024 1852 quam
2063 1785 2125 1834 ut

432 1873 618 1922 motus
644 1868 724 1922 ibi
754 1869 934 1938 possit
952 1868 1021 1923 ab
1045 1869 1234 1923 anima
1255 1869 1380 1923 ﬁeri
1402 1873 1519 1923 tam
1536 1869 1704 1935 celer,
1728 1884 1900 1939 quam
1925 1873 2007 1922 est
2027 1868 2123 1921 ille

429 1958 697 2012 adversus
727 1973 900 2027 quem
930 1957 996 2010 ﬁt
1023 1972 1154 2011 cum
1185 1957 1392 2012 sentire
1422 1957 1646 2012 dicitur.
1681 1957 1830 2011 Talis
1862 1956 2125 2028 quaedam

431 2047 544 2100 vita
571 2061 702 2099 cum
732 2045 791 2098 in
819 2045 1120 2100 arboribus
1149 2051 1318 2116 atque
1349 2046 1616 2118 stirpibus
1641 2046 1857 2100 caeteris
1886 2061 2006 2098 esse
2035 2045 2125 2098 in-

430 2135 744 2204 telligatur,
775 2134 934 2187 nullo
957 2135 1126 2188 modo
1154 2151 1281 2188 eam
1309 2151 1421 2188 non
1449 2135 1632 2188 solum
1652 2139 1862 2188 nostra:
1890 2150 2016 2204 quae
2041 2149 2126 2187 ra-

430 2224 589 2278 tione
620 2223 795 2277 etiam
833 2223 1148 2294 praepollet,
1197 2223 1294 2277 sed
1337 2239 1408 2278 ne
1439 2223 1547 2293 ipsi
1593 2223 1828 2294 quidem
1858 2223 2125 2277 belluinm

431 2309 593 2364 decet
638 2325 994 2379 praeponere.
1036 2309 1206 2364 Aliud
1235 2316 1320 2364 est
1348 2311 1504 2364 enim
1542 2327 1765 2365 summa
1794 2311 2124 2380 stoliditate,

431 2397 587 2451 aliud
617 2413 841 2450 summa
875 2398 1112 2452 sanitate
1157 2399 1409 2469 corporis
1440 2398 1585 2453 nihil
1615 2400 1844 2454 sentire.
1877 2401 2018 2454 Nam
2065 2399 2125 2453 in

437 2485 618 2537 altero
665 2485 1046 2538 instrumenta
1091 2485 1312 2550 desunt,
1367 2501 1495 2556 qua:
1539 2486 1808 2540 adversus
1836 2486 2125 2557 passiones

435 2572 691 2641 corporis
706 2577 1060 2640 moveantur,
1080 2572 1142 2626 in
1162 2575 1340 2628 altero
1360 2574 1497 2645 ipsa:
1510 2573 1821 2645 passiones.
1840 2576 1914 2630 D.
1939 2575 2124 2630 Probo

437 2663 495 2712 et
522 2659 820 2713 assentior.

433 2747 658 2801 CAPUT
688 2747 777 2801 VI.
808 2777 874 2788 -
905 2749 1051 2802 Inter
1079 2763 1274 2815 genera
1305 2765 1645 2805 numerorum
1673 2751 1823 2818 ordo,
1855 2755 1907 2805 et
1945 2765 2126 2805 eorum

1161 2839 1400 2891 nomina.

471 2923 592 2980 ,16.
642 2923 718 2976 M.
769 2923 912 2977 Redi
958 2939 1093 2994 ergo
1142 2940 1367 2979 mecum
1414 2926 1486 2981 ad
1531 2925 1910 2998 propositum,
1951 2931 2123 2998 atque

433 3012 715 3082 responde
744 3013 814 3068 de
842 3013 1026 3068 tribus
1071 3015 1183 3069 illis
1216 3016 1522 3086 generibus
1552 3032 1943 3084 numerorum,
1977 3034 2123 3088 quo-

432 3115 563 3153 rum
613 3101 854 3154 alterum
890 3101 952 3156 in
996 3104 1274 3158 memoria
1303 3109 1406 3171 est,
1439 3105 1683 3160 alterum
1713 3105 1774 3159 in
1804 3105 2122 3173 sentiendo,

435 3186 678 3241 alterum
715 3187 776 3241 in
824 3204 982 3253 sono,
1039 3191 1328 3260 quodnam
1375 3192 1479 3246 tibi
1524 3193 1782 3248 videatur
1829 3194 2120 3248 excellere.

434 3275 507 3330 D.
540 3275 756 3329 Sonum
788 3276 1010 3330 duobus
1039 3277 1151 3331 illis
1180 3283 1459 3349 postpono
1505 3296 1634 3351 quae
1673 3281 1733 3334 in
1773 3281 1964 3335 anima
1992 3286 2127 3335 sunt

437 3366 492 3416 et
533 3362 730 3416 vivunt
766 3363 1192 3433 quodammodo
1245 3382 1256 3418 :
1309 3368 1410 3421 sed
1439 3367 1644 3420 horum
1675 3368 1923 3422 duorum
1972 3369 2125 3437 quod

434 3450 798 3521 praestantius
829 3451 1102 3521 judicem,
1149 3453 1402 3506 incertus
1443 3470 1590 3521 sum,
1631 3455 1740 3509 nisi
1783 3456 1928 3510 forte
1979 3473 2123 3527 quo-

435 3537 592 3592 niam
622 3538 750 3592 illos
789 3539 890 3609 qui
935 3545 1069 3594 sunt
1097 3540 1158 3594 in
1187 3542 1430 3608 actione,
1462 3559 1580 3596 non
1610 3544 1680 3598 ob
1711 3543 1868 3598 aliud
1897 3560 2122 3615 praepo-

434 3627 650 3681 nendos
670 3626 738 3680 iis
769 3627 868 3698 qui
899 3632 1032 3682 sunt
1064 3628 1121 3682 in
1153 3629 1432 3683 memoria
1458 3629 1801 3701 dixeramus,
1833 3632 1945 3685 nisi
1970 3633 2124 3703 quod

433 3714 518 3768 illi
546 3714 814 3770 facientes
839 3720 991 3780 sunt,
1018 3717 1111 3770 isti
1133 3718 1203 3771 ab
1230 3717 1317 3772 his
1338 3717 1470 3772 facti
1493 3735 1504 3785 ;
1530 3719 1729 3774 eadem
1748 3720 1966 3774 ratione
1988 3720 2125 3774 istos

435 3803 606 3857 etiam
644 3805 744 3875 qui
772 3804 909 3859 dum
949 3805 1214 3860 audimus
1245 3806 1442 3861 insunt
1469 3807 1530 3861 in
1559 3808 1773 3878 anima,
1805 3813 2028 3880 oportet
2057 3809 2125 3863 iis

434 3897 780 3962 anteponere
806 3893 906 3964 qui
935 3894 1005 3949 ab
1043 3895 1246 3950 iisdem
1283 3895 1345 3951 in
1375 3897 1652 3951 memoria
1680 3896 1845 3961 ﬁunt,
1879 3897 2042 3952 sicuti
2071 3902 2127 3952 et

433 3980 651 4036 dudum
695 3982 838 4037 mihi
878 3982 1194 4039 videbatur.
1247 3987 1326 4040 M.
1379 3985 1500 4039 Non
1534 3989 1672 4054 puto
1702 3985 2006 4039 absurdam
2036 4001 2124 4039 re-

434 4071 801 4140 sponsionem
825 4076 985 4126 tuam
1019 4088 1031 4126 :
1066 4073 1164 4126 sed
1195 4071 1473 4143 quoniam
1503 4072 1855 4143 disputatum
1884 4077 1986 4141 est,
2018 4073 2124 4128 hos

433 4157 606 4212 etiam
632 4160 734 4230 qui
754 4164 888 4213 sunt
914 4159 975 4213 in
995 4159 1292 4215 sentiendo
1321 4176 1589 4214 numeros
1620 4161 1979 4231 operationes
2005 4178 2124 4216 esse

435 4247 673 4311 animae;
707 4247 996 4318 quomodo
1037 4264 1132 4302 eos
1161 4248 1231 4302 ab
1260 4247 1374 4301 illis
1400 4248 1694 4315 discernis,
1735 4265 1877 4320 quos
1906 4249 1968 4304 in
1996 4256 2125 4304 actu

435 4350 555 4387 esse
602 4335 1128 4401 animadvertimus,
1179 4335 1349 4390 etiam
1383 4351 1510 4389 cum
1546 4336 1604 4390 in
1635 4336 1860 4391 silentio
1890 4354 2008 4391 non
2037 4354 2125 4392 re-

433 4422 671 4476 cordans
709 4422 827 4492 agit
851 4422 1066 4493 aliquid
1092 4423 1282 4477 anima
1305 4439 1410 4494 per
1438 4425 1772 4494 temporalia
1801 4425 1982 4496 spatia
2009 4442 2124 4480 nu-

369 4570 378 4578 .
434 4525 722 4564 merosum
744 4511 801 4564 1‘P
822 4525 895 4564 an
924 4511 1077 4581 quod
1108 4510 1192 4564 illi
1213 4516 1344 4565 sunt
1363 4513 1644 4566 moventis
1673 4529 1793 4567 sese
1816 4513 2021 4568 anima:
2053 4515 2124 4569 ad

433 4611 639 4664 corpus
695 4611 883 4663 suum,
933 4597 993 4650 hi
1042 4612 1176 4651 vero
1226 4597 1283 4650 in
1337 4597 1624 4652 audiendo
1677 4599 1956 4653 moventis
2001 4616 2121 4655 sese

433 4681 640 4736 anima:
685 4684 950 4739 adversus
995 4685 1291 4757 passiones
1339 4686 1593 4758 corporis
1623 4687 1748 4741 sui?
1786 4689 1860 4744 D.
1891 4688 2120 4760 Accipio

430 4770 595 4824 istam
639 4771 1039 4829 differentiam.
1096 4776 1170 4829 Μ.
1230 4775 1411 4839 Quid?
1451 4775 1512 4829 in
1555 4775 1835 4830 sententia
1884 4793 2122 4832 manen-

429 4859 644 4913 dumne
670 4860 980 4928 arbitraris,
1013 4867 1076 4916 ut
1101 4863 1529 4933 praestantiores
1557 4863 1642 4917 illi
1665 4865 1992 4935 judicentur
2021 4866 2120 4936 qui

431 4952 563 5001 sunt
590 4949 662 5003 ad
691 4964 920 5018 corpus,
945 4966 1119 5020 quam
1145 4951 1230 5005 illi
1261 4953 1360 5023 qui
1382 4957 1514 5006 sunt
1536 4953 1799 5007 adversus
1831 4954 2120 5023 passiones

430 5036 720 5107 corporis?
751 5037 826 5091 D.
861 5037 1176 5092 Liberiores
1208 5041 1349 5094 mihi
1369 5041 1636 5095 videntur
1662 5041 1746 5095 illi
1777 5042 1876 5114 qui
1901 5047 2032 5097 sunt
2061 5044 2121 5098 in

429 5124 671 5191 silentio,
695 5141 868 5195 quam
897 5125 938 5178 ii
963 5125 1062 5196 qui
1088 5143 1204 5181 non
1232 5129 1418 5182 solum
1441 5129 1512 5182 ad
1534 5146 1760 5200 corpus,
1779 5131 1873 5184 sed
1905 5132 1976 5185 ad
1998 5148 2121 5202 pas-

429 5213 614 5267 siones
634 5212 804 5267 etiam
825 5213 1081 5283 corporis
1110 5221 1465 5270 exseruntur.
1482 5219 1550 5270 Μ
1555 5258 1568 5272 .
1587 5219 1857 5273 Distincta
1877 5237 1909 5273 a
1932 5221 2117 5288 nobis,

428 5305 484 5354 et
502 5302 842 5372 quibusdam
862 5303 1200 5358 meritorum
1218 5305 1490 5375 gradibus
1503 5306 1763 5361 ordinata
1774 5307 1938 5362 video
1956 5308 2120 5380 quin-

491 5428 507 5460 ι
536 5426 673 5476 Editi
697 5464 707 5474 .
731 5431 836 5478 Per
860 5427 1171 5494 temporalia
1191 5430 1360 5490 spatia
1385 5441 1744 5494 numerorum.
1767 5431 2116 5494 Reposuimus

427 5498 796 5550 numerosum,
820 5504 884 5540 ex
912 5491 1220 5540 auctoritate
1247 5505 1338 5540 sex
1367 5491 1862 5556 manuscriptoruml

1699 253 1793 306 DE
1830 252 2113 320 MUSICA,
2155 252 2212 310 S.
2254 251 2639 309 AUGUSTINI

3803 247 3964 298 1172

2227 385 2338 440 que
2357 385 2568 440 genera
2584 382 2977 432 numerorum,
3001 366 3230 439 quibus,
3257 367 3304 420 si
3321 366 3529 437 placet,
3549 365 3962 436 imponamus

2227 474 2478 528 congrua
2523 456 2814 518 vocabula,
2866 471 2938 510 ne
2982 455 3044 510 in
3093 456 3314 526 reliquo
3364 470 3630 509 sermone
3662 453 3962 524 pluribus

2227 546 2411 600 verbis
2461 561 2634 613 quam
2680 545 2848 599 rebus
2896 544 2980 598 uti
3028 559 3254 598 necesse
3283 542 3374 596 sit.
3407 544 3482 596 D.
3518 544 3719 596 Placet
3776 557 3957 594 vero.

2225 637 2300 689 Μ.
2333 636 2613 687 Vocentur
2640 649 2775 704 ergo
2795 631 2970 702 primi
2989 631 3307 703 judiciales,
3339 629 3572 685 secundi
3593 645 3960 700 progresso-

2225 739 2335 789 res,
2365 721 2517 776 tertii
2549 737 2891 782 occursomz,
2938 720 3126 791 quarti
3165 719 3568 785 recordabiles,
3604 717 3805 789 quinti
3844 733 3959 770 so-

2227 815 2446 864 nantes.
2472 809 2543 863 D.
2579 811 2784 874 Teneo,
2817 814 2872 862 et
2899 808 2988 862 his
3020 807 3350 862 nominibus
3386 812 3518 862 utar
3547 805 3864 861 libentius.

2227 898 2452 953 CAPUT
2482 898 2598 951 VII.
2632 925 2701 936 —
2734 897 2956 953 Numeri
2983 895 3275 964 judiciales
3305 910 3378 948 an
3419 897 3532 948 sint
3561 894 3950 948 immortales.

2303 990 2385 1040 l7.
2423 989 2495 1040 Μ.
2540 985 2782 1039 Attende
2824 984 3000 1054 igitur
3037 983 3321 1053 deinceps,
3363 987 3421 1036 et
3463 982 3554 1037 dic
3596 981 3767 1048 mihi,
3801 981 3955 1053 qui-

2231 1089 2364 1127 nam
2392 1073 2631 1128 istorum
2647 1073 2998 1127 immortales
3017 1071 3122 1126 tibi
3143 1071 3463 1137 videantur,
3488 1087 3562 1125 an
3583 1087 3792 1125 omnes
3817 1070 3959 1124 suis

2229 1162 2581 1233 temporibus
2610 1161 2724 1216 labi
2756 1165 2926 1232 atque
2955 1160 3210 1215 occidere
3231 1158 3542 1215 existimes.
3570 1161 3644 1214 D.
3672 1158 3956 1214 Iudicia-

2231 1251 2310 1304 les
2341 1250 2489 1304 solos
2517 1249 2867 1304 immortales
2894 1253 3065 1320 puto;
3108 1255 3340 1303 caeteros
3369 1247 3533 1302 video
3563 1247 3652 1301 vel
3683 1246 3959 1301 transire

2231 1354 2362 1392 cum
2386 1337 2550 1403 ﬁunt,
2585 1339 2673 1392 vel
2704 1339 2773 1392 de
2799 1337 3077 1392 memoria
3117 1336 3402 1391 oblivione
3436 1335 3634 1390 deleri.
3670 1338 3748 1391 Μ.
3795 1337 3959 1390 Tam

2231 1431 2417 1480 certus
2447 1442 2506 1481 es
2535 1426 2603 1481 de
2634 1426 2876 1480 istorum
2908 1424 3352 1490 immortalitate,
3387 1439 3560 1494 quam
3590 1423 3661 1478 de
3691 1423 3957 1477 interitu

2232 1518 2604 1580 cteterorum;
2640 1530 2711 1568 an
2733 1513 3078 1584 diligentius,
3111 1516 3303 1566 utrum
3319 1529 3452 1567 vere
3483 1513 3544 1567 hi
3575 1513 3958 1567 immortales

2234 1601 2366 1668 sint,
2417 1605 2643 1672 oportet
2679 1600 2981 1673 quaerere?
3019 1602 3093 1656 D.
3143 1588 3474 1666 Quaeramus
3520 1618 3675 1656 sane.
3710 1602 3801 1655 Μ.
3844 1601 3956 1656 Dic

2233 1706 2391 1760 ergo,
2423 1707 2552 1745 cum
2583 1689 2877 1761 aliquanto
2906 1689 3222 1761 correptius
3254 1690 3369 1744 sive
3400 1689 3765 1761 productius,
3795 1689 3954 1744 dum

2233 1779 2476 1833 serviam
2518 1782 2840 1850 temporum
2869 1779 2982 1850 legi
3009 1795 3123 1850 qua
3152 1779 3356 1850 simplo
3383 1779 3454 1833 ad
3479 1778 3722 1849 duplum
3756 1779 3952 1850 pedes

2232 1867 2597 1934 conveniunt,
2654 1883 2879 1922 versum
2938 1867 3266 1937 pronuntio,
3327 1883 3468 1921 num
3529 1867 3761 1922 offendo
3818 1867 3953 1920 ulla

2232 1954 2430 2009 fraude
2445 1954 2727 2025 judicium
2745 1971 2941 2009 sensus
2961 1955 3081 2009 tui?
3101 1956 3170 2010 D.
3212 1955 3332 2009 Non
3355 1955 3610 2009 omnino.
3633 1957 3712 2010 M.
3737 1955 3902 2020 Quid
3921 1957 3951 2009 ‘?

2234 2059 2404 2098 sonus
2428 2043 2524 2098 ille
2553 2044 2651 2114 qui
2680 2043 3120 2114 correptioribus
3152 2047 3208 2097 et
3229 2044 3391 2113 quasi
3411 2043 3806 2114 fugacioribus
3821 2044 3948 2114 syl-

2235 2131 2375 2186 labis
2396 2132 2604 2199 editur,
2628 2147 2768 2186 num
2791 2135 2975 2202 potest
3000 2133 3128 2202 plus
3155 2131 3426 2202 temporis
3451 2147 3729 2203 occupare
3754 2149 3947 2203 quam

2235 2220 2437 2275 sonat?
2464 2222 2538 2274 D.
2581 2221 2688 2286 Qui
2716 2222 2941 2292 potest?
2967 2221 3052 2276 Μ.
3081 2220 3382 2275 Judiciales
3413 2237 3547 2292 ergo
3575 2220 3660 2274 illi
3701 2222 3949 2275 numeri

2236 2310 2283 2363 si
2313 2309 2537 2364 vinculo
2566 2310 2838 2380 temporis
2867 2308 2928 2363 in
2956 2313 3112 2363 tanto
3146 2309 3328 2379 spatio
3357 2313 3952 2380 tenerentur,quanto

2234 2397 2329 2452 isti
2357 2402 2619 2452 sonantes
2648 2398 2853 2468 digesti
2879 2403 3036 2464 sunt;
3068 2403 3369 2468 possentne
3395 2397 3469 2451 ad
3498 2414 3700 2452 eorum
3729 2414 3954 2452 sonan-

2235 2487 2382 2540 tium
2398 2486 2499 2557 qui
2516 2487 2688 2556 paulo
2710 2487 3038 2558 productius
3060 2487 3258 2540 eadem
3280 2486 3661 2558 iambicalege
3674 2486 3955 2540 fundun-

2235 2579 2346 2641 tur,
2403 2574 2656 2644 aspirare
2695 2575 3017 2645 judicium?
3055 2576 3123 2629 D.
3170 2575 3335 2629 Nullo
3381 2575 3571 2629 modo.
3619 2577 3696 2630 Μ.
3754 2576 3956 2646 Igitur

2235 2667 2472 2733 apparet
2503 2663 2608 2717 hos
2644 2679 2808 2717 mora
2836 2668 3185 2733 temporum,
3231 2663 3332 2734 qui
3371 2663 3683 2734 judicando
3732 2664 3952 2734 ρι’ωεί-

2235 2752 2392 2821 dent,
2420 2767 2539 2805 non
2568 2751 2767 2806 teneri.
2800 2753 2873 2806 D.
2908 2753 3147 2807 Prorsus
3172 2757 3429 2823 apparet.

2310 2843 2392 2894 18.
2425 2841 2500 2896 Μ.
2536 2841 2705 2895 Recte
2726 2839 2951 2894 annuis.
2980 2841 3089 2896 Sed
3122 2841 3168 2894 si
3191 2841 3347 2894 nulla
3367 2845 3722 2910 tenerentur,
3745 2857 3949 2912 quan-

2233 2927 2432 2981 tolibet
2463 2927 2816 2999 productius,
2855 2927 3126 2998 legitimis
3155 2927 3466 2982 intervallis
3490 2928 3764 2982 iambicos
3795 2945 3949 3000 pro-

2233 3015 2445 3070 ferrem
2476 3032 2663 3086 sonos,
2681 3015 3054 3070 nihilominus
3087 3015 3158 3069 ad
3177 3015 3551 3086 judicandum
3582 3015 3949 3072 adhiberen-

2234 3106 2326 3156 tur
2348 3121 2364 3156 :
2398 3119 2548 3158 nunc
2567 3120 2698 3158 vero
2721 3103 2768 3157 si
2789 3103 3018 3158 ederem
3040 3119 3213 3158 unam
3235 3104 3510 3175 syllabam
3533 3109 3747 3176 quanta
3767 3121 3946 3160 mora

2233 3197 2588 3263 peraguntur
2616 3192 2706 3263 (ne
2727 3193 2973 3247 multum
2993 3193 3196 3263 dicam)
3220 3197 3332 3247 tres
3351 3209 3555 3263 passus
3584 3193 3942 3261 incedentis,

2235 3284 2291 3333 et
2313 3279 2484 3333 aliam
2515 3279 2711 3350 duplo,
2742 3283 2911 3350 atque
2937 3279 3016 3333 ita
3041 3279 3306 3350 deinceps
3331 3285 3449 3334 tam
3472 3281 3674 3352 longos
3703 3282 3948 3338 iambos

2235 3366 2588 3432 ordinarem;
2619 3366 2811 3436 simpli
2840 3371 2897 3420 et
2926 3367 3085 3438 dupli
3105 3368 3194 3422 lex
3227 3369 3326 3422 illa
3358 3368 3724 3423 nihilosecius
3747 3387 3948 3425 serva-

2234 3458 2392 3509 retur
2422 3470 2435 3509 :
2468 3471 2573 3508 nec
2601 3458 2795 3508 tamen
2825 3456 3082 3509 naturale
3106 3455 3251 3510 illud
3273 3457 3558 3527 judicium
3585 3457 3673 3512 his
3703 3459 3945 3515 dimen-

2235 3542 2489 3596 sionibus
2513 3541 2895 3612 approbandis
2927 3542 3195 3597 adhibere
3221 3560 3537 3614 possemus.
3568 3549 3652 3601 An
3679 3546 3783 3601 tibi
3814 3565 3944 3603 non

2235 3630 2494 3685 videtur?
2523 3631 2598 3685 D.
2635 3631 2852 3700 Negare
2883 3646 2999 3684 non
3026 3647 3258 3702 possum
3286 3633 3366 3686 ita
3383 3633 3563 3688 videri
3594 3651 3608 3688 :
3636 3651 3771 3689 nam
3801 3652 3945 3692 mea

2235 3719 2464 3790 quidem
2497 3719 2778 3773 sententia
2805 3735 2894 3772 res
2923 3719 2982 3773 in
3013 3725 3208 3790 aperto
3240 3725 3340 3774 est.
3369 3724 3444 3776 Μ.
3475 3724 3761 3777 Tenentur
3790 3742 3941 3798 ergo

2235 3814 2292 3862 et
2320 3808 2380 3862 hi
2402 3807 2700 3880 judiciales
2727 3807 3017 3862 nonnullis
3046 3809 3254 3863 ﬁnibus
3282 3812 3685 3881 temporalium
3714 3815 3938 3884 spatio-

2235 3912 2384 3963 rum,
2412 3912 2554 3968 quos
2582 3897 2642 3950 in
2665 3895 2972 3967 judicando
3019 3899 3286 3954 excedere
3324 3905 3640 3971 nequeunt,
3674 3905 3729 3955 et
3757 3905 3940 3974 quid-

2235 3985 2373 4057 quid
2401 3984 2619 4040 excedit
2643 3985 2764 4039 haac
2783 3985 2985 4056 spatia,
3007 4002 3126 4040 non
3144 3992 3522 4059 assequuntur
3547 3994 3608 4043 ut
3624 3989 3898 4059 judicent
3923 4011 3936 4047 :

2235 4075 2404 4142 atque
2434 4071 2515 4126 ita
2542 4071 2589 4125 si
2629 4075 2915 4138 tenentur,
2966 4075 3255 4144 quomodo
3287 4074 3400 4130 sint
3427 4077 3781 4131 immortales
3811 4095 3938 4134 non

2234 4159 2413 4214 video.
2446 4162 2512 4214 D.
2545 4161 2656 4214 Nec
2682 4175 2788 4232 ego
2817 4161 2978 4216 video
3003 4163 3142 4233 quid
3170 4165 3566 4234 respondeam.
3596 4165 3704 4220 Sed
3741 4183 3936 4238 quan-

2235 4263 2409 4318 quam
2435 4247 2504 4302 de
2533 4248 2958 4304 immortalitate
2980 4250 3187 4305 horum
3204 4253 3324 4323 jam
3343 4253 3535 4307 minus
3556 4270 3930 4325 praesumam,

2233 4352 2352 4390 non
2381 4341 2572 4390 tamen
2605 4353 2717 4408 quo
2743 4343 2910 4408 pacto
2943 4339 3078 4393 hinc
3108 4341 3378 4395 mortales
3406 4342 3815 4397 convincantur
3846 4345 3938 4399 in-

2232 4425 2449 4495 telligo.
2499 4425 2647 4479 Fieri
2694 4416 2848 4480 enim
2893 4431 3092 4498 potest,
3141 4433 3205 4482 ut
3242 4432 3706 4499 quantacumque
3745 4434 3938 4502 spatia

2227 4513 2484 4584 judicare
2530 4520 2792 4584 possunt,
2847 4531 3070 4588 semper
3114 4516 3171 4570 id
3216 4516 3454 4585 possint,
3501 4517 3780 4586 quoniam
3813 4537 3935 4577 non

2232 4602 2375 4657 sicut
2411 4607 2660 4669 caeteros,
2702 4608 2802 4658 aut
2843 4605 3129 4660 oblivione
3176 4604 3390 4659 aboleri
3432 4621 3667 4674 possum
3713 4607 3929 4678 dicere,

2233 4695 2330 4746 aut
2353 4691 2567 4746 tamdiu
2599 4709 2723 4746 esse
2754 4693 2840 4747 vel
2868 4693 2927 4746 in
2949 4698 3172 4748 tantum
3200 4691 3727 4764 extendi,quamdiu
3750 4713 3931 4755 sonus

2232 4780 2542 4849 appellitur
2573 4785 2628 4834 et
2653 4780 2714 4835 in
2744 4785 3024 4851 quantum
3054 4780 3436 4835 extenduntur
3461 4797 3788 4839 occursores
3817 4787 3925 4854 illi,

2232 4873 2331 4923 aut
2355 4868 2629 4940 quamdiu
2655 4873 2906 4939 aguntur
2928 4869 3012 4921 vel
3045 4873 3326 4939 quantum
3357 4870 3757 4940 producuntur
3782 4892 3925 4946 quos

2230 4973 2626 5028 progreseores
2658 4956 3004 5022 vocavimus;
3037 4972 3172 5010 nam
3203 4959 3429 5030 utrique
3457 4975 3588 5015 cum
3618 4960 3744 5032 ipso
3774 4968 3922 5020 tem-

2229 5061 2366 5115 pore
2395 5043 2742 5116 operationis
2771 5060 2885 5097 sua:
2911 5048 3212 5101 transeunt
3247 5065 3261 5101 ;
3291 5047 3353 5102 hi
3381 5052 3572 5103 autem
3599 5050 3920 5120 judiciales,

2230 5137 2422 5186 utrum
2479 5136 2535 5186 et
2573 5132 2632 5185 in
2675 5131 2868 5186 anima
2913 5132 3126 5201 nescio,
3180 5135 3238 5188 in
3288 5135 3413 5206 ipsa
3465 5141 3617 5190 certe
3672 5137 3922 5192 hominis

2229 5224 2431 5273 natura
2471 5224 2723 5280 manent,
2769 5220 3080 5290 judicaturi
3129 5223 3198 5278 de
3243 5224 3469 5292 oblatis,
3510 5241 3842 5296 quanquam
3889 5245 3920 5280 a

2227 5311 2378 5361 certa
2419 5306 2690 5362 brevitate
2739 5325 2921 5380 usque
2965 5310 3038 5365 ad
3089 5317 3304 5366 certam
3352 5313 3773 5383 longitudinem
3821 5333 3915 5369 va-

2227 5396 2469 5463 rientur,
2501 5396 2868 5467 approbando
2915 5399 2975 5453 in
3023 5398 3115 5455 his
3144 5417 3467 5467 numerosa,
3499 5406 3557 5455 et
3587 5403 3918 5473 perturbata

2229 5485 2574 5541 damnando.
