4064 6352
127 268 267 318 1173

195 393 286 444 19.
311 393 382 446 Μ.
411 389 623 444 Saltem
671 388 814 442 illud
857 388 1137 456 concedis,
1181 389 1323 443 alios
1360 389 1621 445 homines
1651 389 1819 445 citius

117 477 339 532 offendi
374 476 825 531 claudicantibus
862 476 1136 542 numeris,
1168 477 1305 531 alios
1334 477 1570 546 tardius,
1605 483 1661 532 et
1698 479 1818 549 ple-

117 583 334 638 rosque
359 566 586 621 nonnisi
616 582 680 620 ex
725 565 1152 635 comparatione
1181 566 1538 636 integrorum
1561 566 1819 637 judicare

115 655 374 717 vitiosos,
406 671 536 709 cum
566 659 622 708 et
649 653 775 708 illos
803 671 1085 724 congruos
1114 659 1169 707 et
1189 654 1316 708 illos
1346 654 1692 726 incongruos
1723 671 1820 708 au-

116 744 351 799 dierint.
382 748 445 799 D.
478 743 754 800 Concedo.
789 746 864 798 M.
900 744 1058 797 Unde
1097 744 1325 798 tandem
1370 744 1515 797 hanc
1553 743 1818 798 differen-

113 830 259 884 tiam
282 835 448 901 putas
476 830 736 897 existere,
769 831 878 884 nisi
904 836 1003 885 aut
1028 836 1250 897 natura,
1276 836 1374 886 aut
1395 832 1816 899 exercitatione,

115 924 218 972 aut
244 921 531 990 utroque?
555 923 618 973 D.
660 918 749 974 Sic
779 919 1040 973 arbitror.
1078 922 1152 974 Μ.
1187 919 1390 984 Quaero
1420 919 1596 991 igitur
1625 925 1816 974 utrum

116 1009 301 1077 possit
338 1007 542 1079 aliquis
584 1007 890 1078 aliquando
934 1007 1300 1077 productiora
1333 1009 1631 1063 intervalla
1662 1009 1818 1080 judi-

116 1111 244 1149 care
286 1101 343 1150 et
379 1097 720 1167 approbare,
752 1112 880 1167 quae
928 1096 1073 1150 alius
1118 1112 1236 1150 non
1281 1097 1479 1167 possit.
1530 1101 1591 1152 D.
1640 1098 1818 1152 Credo

116 1200 240 1237 esse
269 1200 456 1254 posse.
492 1186 565 1238 Μ.
598 1183 789 1248 Quid?
816 1184 913 1237 Ille
952 1184 1050 1254 qui
1089 1201 1206 1238 non
1246 1188 1456 1255 potest,
1489 1185 1533 1238 si
1566 1202 1623 1239 se
1652 1201 1817 1239 exer-

115 1277 241 1327 ceat
284 1276 685 1342 congruenter,
732 1287 836 1326 nec
882 1272 1022 1326 adeo
1065 1273 1258 1327 tardus
1300 1273 1392 1336 sit,
1425 1289 1543 1328 non
1569 1273 1817 1344 poterit?

115 1362 180 1412 D.
217 1358 430 1412 Poterit
458 1375 608 1413 vero.
655 1361 730 1413 M.
765 1361 912 1414 Num
941 1359 1001 1414 in
1033 1365 1257 1414 tantum
1287 1367 1524 1432 possunt
1554 1363 1649 1416 isti
1677 1378 1817 1432 pro—

115 1448 285 1501 iicere
315 1447 385 1500 ad
412 1446 775 1517 productiora
800 1447 1125 1518 judicanda,
1158 1454 1223 1503 ut
1250 1450 1544 1516 horarum,
1575 1451 1661 1504 vel
1695 1449 1816 1504 die-

117 1551 268 1601 rum,
305 1536 392 1589 vel
423 1535 596 1590 etiam
626 1536 913 1590 mensium
949 1553 1297 1591 annorumve
1327 1538 1502 1608 dupla
1533 1543 1588 1592 et
1613 1538 1818 1608 simpla

117 1624 322 1694 spatia,
355 1640 485 1678 cum
511 1625 711 1679 saltem
741 1641 941 1678 somno
969 1625 1425 1695 interpediantur
1447 1625 1488 1692 ‘,
1523 1643 1689 1680 sensu
1718 1625 1815 1680 illo

109 1712 416 1782 judiciario
464 1712 686 1783 possint
735 1714 1241 1784 comprehendere,
1273 1719 1330 1768 et
1377 1720 1652 1786 tanquam
1689 1715 1815 1769 illos

115 1801 337 1855 iambos
367 1801 636 1856 motionis
667 1802 896 1856 nutibus
916 1801 1274 1872 approbare?
1297 1803 1370 1858 D.
1400 1805 1521 1857 Non
1548 1807 1810 1874 possunt.

117 1893 189 1945 M.
222 1890 372 1954 Quid
391 1890 473 1944 ita
497 1907 613 1945 non
634 1896 889 1962 possunt,
909 1891 1017 1945 nisi
1041 1891 1176 1963 quia
1199 1891 1508 1962 unicuique
1535 1891 1816 1946 animanti

116 1980 175 2033 in
199 1995 408 2050 genere
455 1979 710 2050 proprio,
755 1980 1127 2050 proportione
1173 1981 1575 2050 universitatis,
1617 1996 1813 2035 sensus

115 2070 375 2122 locorum
407 2073 847 2138 temporumque
876 2067 1118 2122 tributus
1146 2072 1258 2134 est;
1291 2073 1354 2122 ut
1380 2068 1814 2139 quomodocor-

115 2173 220 2228 pus
257 2157 380 2227 ejus
429 2155 796 2227 proportione
839 2156 1091 2210 universi
1141 2156 1394 2226 corporis
1437 2160 1661 2210 tantum
1707 2160 1808 2223 est,

115 2246 274 2316 cujus
306 2261 439 2316 pars
461 2251 566 2312 est,
599 2251 656 2300 et
684 2249 820 2299 aetas
850 2245 972 2315 ejus
1012 2244 1382 2316 proportione
1423 2245 1674 2298 universi
1706 2261 1810 2298 sm-

115 2333 226 2388 culi
257 2338 417 2388 tanta
445 2339 550 2403 est,
579 2333 741 2404 cujus
774 2349 905 2404 pars
948 2338 1058 2399 est;
1091 2333 1171 2386 ita
1209 2348 1406 2386 sensus
1445 2333 1566 2403 ejus
1605 2332 1811 2387 actioni

114 2424 232 2492 ejus
260 2427 558 2492 congruat,
583 2439 754 2492 quam
784 2421 1152 2492 proportione
1175 2421 1293 2491 agit
1321 2421 1571 2475 universi
1601 2427 1808 2488 motus,

114 2512 271 2582 cujus
299 2511 424 2565 haec
469 2527 599 2582 pars
630 2511 752 2565 est?
790 2511 879 2565 Sic
906 2510 1168 2564 habendo
1213 2511 1408 2564 omnia
1453 2527 1696 2581 magnus
1728 2515 1812 2565 est

111 2599 199 2654 hic
243 2600 518 2663 mundus,
559 2599 660 2671 qui
705 2616 855 2670 saepe
900 2599 962 2653 in
999 2599 1302 2671 Scripturis
1342 2599 1550 2654 divinis
1595 2600 1721 2654 coeli
1757 2605 1812 2654 et

111 2691 276 2742 terra;
307 2687 543 2742 nomine
569 2693 954 2759 nuncupatur,
975 2689 1137 2759 cujus
1163 2705 1361 2742 omnes
1386 2693 1576 2758 partes
1609 2689 1653 2741 si
1684 2705 1810 2759 pro-

112 2777 376 2846 portione
403 2777 760 2842 minuantur,
787 2782 980 2831 tantus
1007 2781 1122 2844 est;
1157 2781 1212 2831 et
1241 2777 1288 2830 si
1317 2777 1688 2846 pr0portione
1715 2794 1811 2830 au-

113 2870 372 2936 geantur,
407 2865 783 2920 nihilominus
812 2869 1004 2920 tantus
1030 2869 1150 2919 est:
1185 2865 1320 2936 quia
1351 2864 1497 2918 nihil
1523 2864 1584 2918 in
1615 2865 1810 2934 spatiis

113 2954 365 3008 locorum
397 2958 452 3008 et
479 2958 808 3024 temporum
840 2969 944 3023 per
975 2951 1227 3022 seipsum
1260 2967 1536 3023 magnum
1575 2959 1677 3019 est,
1711 2953 1809 3006 sed

112 3043 180 3096 ad
209 3042 424 3114 aliquid
452 3041 704 3107 brevius;
738 3045 792 3095 et
822 3040 967 3095 nihil
987 3057 1186 3095 rursus
1216 3040 1277 3094 in
1305 3040 1394 3094 his
1425 3056 1527 3111 per
1556 3041 1807 3110 seipsum

111 3130 275 3185 breve
308 3135 413 3196 est,
446 3130 543 3184 sed
590 3130 661 3185 ad
694 3129 908 3200 aliquid
954 3129 1156 3200 majus.
1205 3129 1561 3200 Quapropter
1608 3129 1654 3182 si
1697 3129 1806 3183 hu-

111 3234 290 3273 manae
320 3223 543 3274 natura;
586 3218 655 3272 ad
699 3217 937 3272 carnalis
978 3218 1107 3272 vitae
1153 3217 1404 3271 actiones
1434 3217 1562 3271 talis
1609 3217 1806 3271 sens‘us

112 3306 350 3362 tributus
382 3312 488 3374 est,
533 3323 646 3378 quo
690 3307 906 3376 majora
951 3310 1276 3376 temporum
1329 3305 1510 3375 spatia
1553 3304 1806 3375 judicare

112 3412 223 3450 non
262 3396 464 3468 possit,
515 3411 689 3466 quam
738 3395 1036 3449 intervalla
1075 3394 1370 3464 postulant
1415 3393 1484 3447 ad
1522 3392 1650 3447 talis
1680 3391 1806 3444 vita:

114 3501 275 3538 usum
301 3483 680 3555 pertinentia;
709 3483 984 3554 quoniam
1004 3483 1134 3537 talis
1159 3481 1412 3536 hominis
1433 3485 1636 3535 natura
1660 3496 1810 3535 mor-

113 3573 233 3627 talis
261 3577 367 3640 est,
411 3572 584 3627 etiam
628 3574 802 3626 talem
845 3588 1077 3626 sensum
1123 3571 1426 3625 mortalem
1471 3575 1629 3640 puto.
1683 3571 1809 3623 Non

115 3662 262 3716 enim
290 3663 506 3717 frustra
547 3663 896 3716 consuetudo
929 3661 1091 3731 quasi
1129 3660 1399 3725 secunda,
1431 3664 1489 3713 et
1527 3659 1690 3729 quasi
1721 3658 1804 3712 af-

111 3748 376 3806 fabricata
406 3755 611 3805 natura
641 3750 867 3804 dicitur.
913 3750 1178 3803 Videmus
1218 3752 1410 3802 autem
1451 3748 1607 3800 velut
1636 3763 1804 3818 quos-

113 3837 238 3893 dam
282 3855 487 3895 sensus
533 3855 711 3892 novos
748 3838 807 3891 in
845 3836 1168 3908 judicandis
1204 3835 1590 3906 cujuscemodi
1638 3835 1806 3888 rebus

113 3929 394 3998 corporeis
423 3925 838 3981 consuetudine
870 3926 1123 3992 allectos,
1148 3925 1258 3978 alia
1281 3923 1687 3978 consuetudine
1706 3923 1803 3977 de-

112 4017 311 4084 perire.

115 4103 329 4161 CAPUT
379 4105 525 4160 VIII.
572 4133 640 4144 —
691 4106 918 4162 Numeri
959 4105 1134 4158 σκεθτὶ
1173 4103 1525 4172 judicialium
1565 4104 1806 4157 examini

763 4194 1148 4262 subjiciuntur.

179 4285 266 4338 20.
297 4283 410 4339 Sed
447 4299 678 4354 quoquo
716 4283 888 4336 modo
929 4298 986 4336 se
1015 4283 1264 4336 habeant
1292 4280 1353 4335 hi
1393 4279 1620 4334 numeri
1653 4278 1805 4349 judi-

113 4369 296 4438 ciales,
324 4389 394 4427 eo
423 4377 574 4426 certe
604 4375 879 4444 praestant
907 4371 1060 4440 quod
1079 4370 1427 4436 dubitamus,
1458 4370 1546 4424 vel
1577 4368 1806 4423 difﬁcile

113 4462 560 4532 pervestigamus
586 4464 779 4514 utrum
809 4460 1077 4514 mortales
1099 4459 1228 4512 sint.
1264 4460 1342 4512 De
1367 4457 1585 4511 caeteris
1615 4460 1806 4510 autem

115 4553 354 4616 quatuor
374 4549 682 4621 generibus
704 4565 806 4603 nec
828 4547 1068 4619 quaestio
1097 4551 1181 4601 est
1200 4547 1340 4618 quin
1365 4547 1633 4600 mortales
1663 4545 1803 4612 sint;

115 4651 354 4704 quorum
387 4638 493 4692 etsi
525 4639 803 4709 quosdam
829 4654 944 4692 non
967 4636 1478 4708 comprehendunt,
1503 4635 1638 4706 quia
1661 4635 1809 4688 ultra

113 4722 365 4792 ipsorum
410 4727 544 4797 jura
585 4727 833 4797 porrecti
878 4731 1029 4792 sunt,
1065 4741 1276 4796 genera
1321 4729 1513 4778 tamen
1542 4723 1667 4794 ipsa
1707 4741 1807 4778 suo

117 4816 354 4870 examini
388 4815 696 4870 vindicant.
743 4817 881 4870 Nam
913 4820 968 4869 et
998 4815 1081 4868 illi
1110 4829 1505 4885 progressores
1534 4829 1663 4866 cum
1703 4813 1808 4866 ali-

115 4915 280 4969 quam
311 4903 371 4958 in
401 4891 635 4974 corpore
665 4919 1034 4957 numerosam
1073 4901 1466 4973 operationem
1507 4905 1784 4972 appetunt

118 4988 321 5046 latente
352 4993 591 5047 istorum
609 4991 969 5063 judicialium
999 4995 1144 5046 nutu
1180 4990 1602 5045 modiﬁcantur.
1647 4990 1805 5054 Quod

119 5077 266 5131 enim
299 5096 402 5135 nos
429 5082 515 5134 vel
547 5081 903 5134 ambulantes
942 5081 1012 5135 ab
1044 5080 1360 5152 imparibus
1406 5079 1686 5150 passibus,
1718 5078 1806 5132 vel

119 5165 494 5230 percutientes
518 5168 588 5222 ab
633 5168 948 5240 imparibus
998 5168 1310 5223 intervallis
1355 5169 1676 5239 plagarum,
1720 5167 1806 5220 vel

40 5320 42 5326 ι
123 5251 347 5309 edentes
376 5258 463 5311 vel
493 5257 755 5311 bibentes
783 5257 854 5310 ab
884 5257 1200 5326 imparibus
1226 5259 1506 5312 malarum
1531 5256 1804 5321 motibus,

123 5342 427 5411 scalpentes
466 5345 716 5416 denique
746 5346 814 5400 ab
841 5344 1156 5415 imparibus
1191 5345 1476 5416 unguium
1502 5344 1765 5399 ductibus
1789 5361 1802 5410 ;

147 5519 155 5528 .
182 5461 194 5491 ¹
223 5459 356 5512 Editi
380 5478 391 5512 :
425 5469 620 5515 Somno
648 5479 757 5528 non
781 5450 1153 5527 impediantur.
1181 5464 1246 5514 At
1273 5465 1396 5513 Mss.
1417 5463 1616 5526 absque
1645 5476 1806 5524 nega-

124 5522 275 5583 tione,
305 5539 480 5577 somno
502 5522 952 5592 interpedianlur.

1504 300 1508 304 -
1596 269 1808 324 LIBER
1848 269 2138 324 SEXTUS.

3498 274 3631 326 1174

1931 395 1988 446 et
2014 407 2088 445 ne
2115 407 2219 462 per
2257 391 2464 446 multas
2492 392 2630 446 alias
2668 393 3025 462 operationes
3071 408 3420 462 percurram,
3473 395 3628 466 quod

1927 495 2032 534 nos
2061 479 2122 533 in
2150 479 2400 550 qualibet
2425 481 2734 534 attentione
2759 481 2964 552 agendi
2986 481 3204 551 aliquid
3232 498 3334 551 per
3362 484 3620 552 corporis

1929 569 2186 622 membra
2213 569 2283 622 ab
2312 569 2622 639 imparibus
2655 571 2904 624 motibus
2934 570 3184 624 refrenat
3214 575 3271 624 et
3301 571 3543 636 cohibet,
3569 577 3623 625 et

1928 656 2234 726 quamdam
2254 656 2596 725 parilitatem
2628 659 2795 712 tacite
2823 659 3102 728 imperat;
3133 657 3382 728 idipsum
3416 664 3500 712 est
3525 659 3617 727 ju-

1925 745 2124 799 diciale
2149 744 2336 799 nescio
2361 745 2521 815 quid,
2544 747 2698 815 quod
2721 747 3074 801 conditorem
3088 746 3347 800 animalis
3367 746 3620 800 insinuat

1927 836 2138 888 Deum:
2176 851 2348 904 quem
2367 838 2515 888 certe
2537 834 2697 888 decet
2716 836 2943 890 credere
2966 841 3255 890 auctorem
3278 835 3462 890 omnis
3486 851 3618 889 con-

1925 923 2226 977 venientiae.
2261 927 2429 993 atque
2457 923 2794 976 concordiae.

1993 1014 2082 1065 2t.
2107 1013 2173 1064 Et
2199 1011 2284 1064 illi
2312 1026 2635 1064 occursores
2657 1009 2903 1076 numeri,
2927 1010 3027 1080 qui
3049 1015 3196 1064 certe
3221 1027 3334 1065 non
3363 1027 3468 1081 pro
3496 1027 3621 1065 suo-

1925 1103 2085 1161 nutu,
2116 1099 2209 1152 sed
2245 1115 2346 1168 pro
2375 1098 2734 1168 passionibus
2765 1097 3019 1167 corporis
3047 1103 3316 1168 aguntur,
3347 1099 3406 1152 in
3438 1115 3618 1169 quan-

1923 1191 2048 1241 tum
2097 1203 2294 1241 eorum
2335 1186 2630 1240 intervalla
2679 1190 2867 1256 potest
2908 1186 3183 1239 memoria
3227 1186 3527 1248 custodire,
3560 1186 3620 1241 in

1923 1280 2146 1328 tantum
2177 1275 2264 1328 his
2287 1274 2653 1344 judicialibus
2670 1273 2966 1344 judicandi
2996 1274 3315 1327 offeruntur
3343 1280 3512 1344 atque
3527 1274 3620 1344 ju-

1925 1363 2205 1417 dicantur.
2239 1364 2520 1416 Numerus
2549 1378 2797 1433 namque
2819 1363 2924 1416 iste
2947 1361 3047 1433 qui
3068 1361 3374 1415 intervallis
3405 1367 3620 1432 tempo-

1923 1467 2052 1505 rum
2083 1455 2322 1518 constat,
2362 1450 2473 1504 nisi
2499 1451 2836 1521 adjuvemur
2865 1451 2925 1504 in
2948 1467 3014 1505 eo
3045 1449 3342 1516 memoria,
3377 1450 3622 1520 judicari

1924 1556 1956 1592 a
1977 1538 2142 1592 nobis
2163 1538 2319 1592 nullo
2344 1543 2507 1608 pacto
2531 1543 2736 1608 potest.
2770 1538 3093 1602 Quamlibet
3113 1538 3266 1592 enim
3294 1537 3479 1592 brevis
3510 1538 3621 1608 syl-

1922 1625 2066 1691 laba,
2103 1642 2232 1680 cum
2263 1631 2319 1680 et
2340 1626 2591 1696 incipiat,
2623 1631 2676 1681 et
2700 1627 2940 1693 desinat,
2966 1627 3076 1680 alio
3107 1632 3363 1697 tempore
3391 1625 3620 1680 initium

1922 1716 2063 1784 ejus,
2091 1721 2146 1768 et
2172 1715 2283 1769 alio
2315 1715 2444 1769 ﬁnis
2475 1719 2656 1769 sonat.
2689 1716 2960 1770 Tenditur
2981 1731 3114 1785 ergo
3150 1720 3204 1768 et
3226 1715 3350 1784 ipsa
3372 1720 3618 1784 quantu-

1920 1803 2224 1874 locumque
2272 1803 2548 1874 temporis
2591 1805 2914 1873 intervallo,
2955 1808 3012 1858 et
3061 1803 3130 1856 ab
3162 1802 3326 1856 initio
3368 1819 3469 1855 suo
3516 1819 3620 1872 per

1919 1891 2175 1946 medium
2216 1909 2383 1946 suum
2417 1892 2599 1946 tendit
2637 1893 2707 1946 ad
2737 1892 2930 1945 finem.
2965 1893 3047 1945 Ita
3074 1891 3220 1944 ratio
3250 1890 3471 1944 invenit
3498 1895 3616 1944 tam

1918 1980 2119 2034 localia
2149 1997 2321 2051 quam
2352 1981 2688 2051 temporalia
2729 1980 2913 2050 spatia
2952 1979 3238 2033 infinitam
3278 1979 3616 2033 divisionem

1919 2069 2202 2139 recipere;
2229 2074 2286 2124 et
2313 2069 2524 2122 idcirco
2571 2067 2786 2122 nullius
2831 2069 3061 2138 syllabze
3109 2083 3240 2121 cum
3288 2067 3452 2121 initio
3484 2068 3616 2123 linis

1920 2157 2166 2214 auditur.
2202 2159 2267 2212 In
2305 2157 2586 2212 audienda
2627 2156 2819 2228 itaque
2863 2157 2951 2210 vel
2997 2155 3329 2210 brevissima
3378 2155 3613 2226 syllaba,

1918 2245 2028 2300 nisi
2057 2247 2338 2300 memoria
2375 2261 2476 2300 nos
2523 2246 2772 2316 adjuvet,
2806 2249 2868 2299 ut
2896 2261 2963 2299 eo
3007 2248 3300 2299 momento
3341 2244 3614 2314 temporis

1918 2351 2033 2405 quo
2058 2335 2178 2405 jam
2209 2351 2323 2389 non
2347 2333 2596 2402 initium,
2627 2335 2726 2388 sed
2755 2333 2886 2387 finis
2912 2333 3141 2403 syllabae
3169 2336 3352 2399 sonat,
3386 2336 3614 2386 maneat

1916 2423 2012 2478 ille
2042 2429 2231 2477 motus
2259 2423 2319 2476 in
2347 2423 2560 2485 animo,
2589 2423 2687 2493 qui
2717 2422 2897 2476 factus
2920 2426 3002 2474 est
3021 2437 3150 2474 cum
3171 2421 3401 2474 initium
3421 2419 3613 2490 ipsum

1917 2512 2138 2578 sonuit;
2168 2511 2312 2566 nihil
2342 2528 2445 2564 nos
2475 2510 2699 2565 audisse
2745 2527 3047 2581 possumus
3091 2509 3304 2565 dicere.
3361 2509 3499 2562 Hinc
3529 2513 3614 2562 est

1914 2601 2058 2655 illud
2079 2600 2231 2671 quod
2256 2601 2597 2671 plerumque
2622 2599 2732 2653 alia
2753 2599 3097 2670 cogitatione
3119 2597 3397 2668 occupati,
3421 2613 3613 2650 coram

1915 2689 2212 2758 loquentes
2234 2703 2346 2740 non
2368 2687 2532 2740 nobis
2555 2686 2816 2740 videmur
2837 2688 3086 2741 audisse:
3108 2703 3225 2739 non
3249 2685 3386 2756 quia
3413 2700 3610 2738 occur-

1915 2792 2072 2830 sores
2092 2776 2216 2829 illos
2239 2791 2506 2829 numeros
2534 2792 2650 2829 non
2671 2775 2788 2845 agit
2808 2780 2944 2829 tunc
2965 2776 3172 2840 anima,
3202 2790 3332 2828 cum
3354 2773 3476 2827 sine
3505 2774 3609 2827 du-

1915 2864 2009 2919 bio
2048 2880 2222 2918 sonus
2250 2865 2320 2918 ad
2361 2879 2525 2917 aures
2559 2863 2870 2934 perveniat,
2904 2867 2961 2917 et
2988 2863 3086 2916 illa
3112 2863 3170 2916 in
3199 2861 3461 2932 passione
3485 2877 3610 2914 cor-

1915 2952 2071 3022 poris
2108 2951 2197 3005 sui
2243 2966 2459 3005 cessare
2507 2966 2622 3004 non
2667 2950 2865 3021 possit,
2913 2966 3017 3003 nec
3059 2950 3235 3019 possit
3283 2949 3391 3002 nisi
3447 2947 3612 3002 aliter

1913 3038 2127 3092 moveri
2157 3055 2330 3109 quam
2361 3039 2407 3092 si
2434 3039 2532 3092 illa
2557 3055 2673 3092 non
2695 3038 2887 3100 ﬁeret;
2912 3037 3008 3090 sed
3039 3037 3173 3107 quia
3201 3035 3522 3090 intentione
3547 3035 3608 3088 in

1914 3127 2067 3181 aliud
2110 3126 2347 3180 subinde
2393 3125 2768 3196 exstinguitur
2813 3123 3082 3178 motionis
3129 3123 3402 3193 impetus,
3435 3122 3533 3193 qui
3562 3122 3609 3175 si

1915 3220 2189 3283 maneret,
2224 3215 2283 3268 in
2313 3214 2590 3268 memoria
2619 3214 2817 3284 utique
2845 3216 3122 3279 maneret,
3145 3218 3209 3266 ut
3239 3228 3344 3265 nos
3367 3216 3423 3265 et
3452 3211 3605 3264 inve-

1915 3304 2170 3358 niremus
2191 3308 2248 3357 et
2263 3303 2604 3357 sentiremus
2629 3303 2870 3357 audisse.
2897 3301 3057 3365 Quod
3089 3300 3133 3354 si
3162 3301 3230 3354 de
3261 3316 3377 3353 una
3396 3299 3611 3370 syllaba

1912 3392 2069 3447 brevi
2097 3391 2288 3446 minus
2309 3391 2566 3462 sequitur
2594 3407 2758 3445 mens
2788 3390 3002 3444 tardior
3024 3389 3178 3459 quod
3208 3387 3425 3442 invenit
3443 3387 3607 3452 ratio,

1915 3481 1986 3535 de
2017 3481 2235 3535 duabus
2264 3485 2411 3534 certe
2441 3496 2610 3534 nemo
2654 3478 2894 3544 dubitat,
2929 3477 3069 3548 quin
3099 3493 3191 3530 eas
3237 3475 3405 3530 simul
3456 3475 3612 3528 nulla

1915 3570 2106 3623 anima
2137 3569 2314 3640 possit
2347 3568 2564 3622 audire.
2601 3569 2724 3621 Non
2774 3567 2928 3620 enim
2975 3571 3140 3620 sonat
3183 3564 3451 3631 secunda,
3501 3563 3610 3617 nisi

1914 3659 2098 3729 prima
2124 3657 2432 3710 destiterit:
2457 3655 2611 3726 quod
2633 3660 2826 3709 autem
2851 3654 3021 3706 simul
3040 3669 3239 3706 sonare
3263 3669 3379 3705 non
3400 3657 3606 3721 potest,

1913 3746 2084 3800 simul
2129 3744 2314 3798 audiri
2362 3744 2460 3814 qui
2495 3743 2717 3812 potest?
2749 3745 2814 3796 Ut
2848 3741 3024 3812 igitur
3077 3756 3179 3793 nos
3217 3740 3285 3793 ad
3333 3739 3609 3809 capienda

1911 3835 2095 3905 spatia
2115 3835 2372 3887 locorum
2392 3831 2618 3886 dilfusio
2652 3831 2939 3884 radiorum
2957 3829 3139 3898 juvat,
3173 3827 3270 3898 qui
3293 3844 3322 3882 e
3342 3827 3608 3881 brevibus

1910 3923 2144 3996 pupulis
2173 3923 2231 3976 in
2263 3926 2459 3992 aperta
2485 3920 2748 3985 emicant,
2783 3924 2840 3972 et
2870 3919 3012 3972 adeo
3041 3922 3174 3971 sunt
3202 3915 3384 3970 nostri
3413 3931 3608 3986 corpo-

1912 4013 2006 4078 ris,
2062 4015 2124 4065 ut
2171 4025 2502 4081 quanquam
2543 4008 2600 4062 in
2644 4007 2841 4078 procul
2887 4005 3083 4076 positis
3133 4005 3297 4059 rebus
3339 4021 3478 4074 quas
3527 4003 3609 4056 vi-

1911 4103 2133 4167 demus,
2179 4116 2213 4153 a
2249 4103 2440 4153 nostra
2487 4097 2678 4150 anima
2716 4099 3080 4166 vegetentur;
3123 4097 3185 4147 ut
3224 4109 3360 4163 ergo
3410 4108 3606 4147 eorum

1912 4189 2188 4244 effusione
2215 4188 2553 4257 adjuvamur
2573 4185 2592 4218 ¹
2614 4185 2684 4239 ad
2707 4183 2985 4255 capienda
3014 4183 3194 4254 spatia
3215 4183 3502 4236 locorum:
3528 4181 3610 4235 ita

1911 4277 2209 4343 memoria,
2241 4277 2393 4348 quod
2423 4275 2584 4346 quasi
2613 4275 2808 4328 lumen
2844 4278 2930 4328 est
2959 4271 3363 4342 temporalium
3393 4270 3608 4341 spatio-

1910 4383 2042 4422 rum
2066 4371 2345 4437 quantum
2372 4365 2428 4419 in
2462 4380 2562 4418 suo
2583 4379 2791 4435 genere
2815 4361 3239 4434 quodammodo
3265 4359 3608 4428 extrudipo-

1913 4461 2042 4522 test,
2073 4460 2292 4510 tantum
2339 4452 2669 4508 eorumdem
2701 4451 3016 4522 spatiorum
3046 4449 3211 4520 capit.
3246 4449 3388 4504 Cum
3418 4453 3609 4502 autem

1913 4544 2126 4600 diutius
2170 4560 2334 4598 aures
2365 4543 2557 4613 pulsat
2586 4557 2759 4594 sonus
2791 4539 2961 4593 nullis
2998 4538 3295 4592 distinctus
3333 4536 3603 4596 articulis.

1915 4639 1970 4688 et
1997 4633 2065 4687 ab
2103 4632 2296 4704 aliquo
2326 4630 2559 4684 tandem
2590 4629 2701 4682 line
2739 4628 3076 4697 conjunctus
3107 4627 3250 4679 alter
3280 4625 3473 4695 duplo,
3513 4630 3611 4679 aut

1914 4719 2080 4774 etiam
2109 4721 2266 4771 tanto
2308 4716 2495 4770 editur
2524 4713 2740 4784 spatio;
2783 4712 3095 4766 attentione
3125 4710 3184 4764 in
3216 4711 3609 4765 succedentem

1912 4808 2192 4874 perpetuo
2236 4818 2443 4856 sonum
2487 4805 2672 4855 motus
2714 4800 2810 4854 ille
2839 4798 3038 4863 animi,
3069 4797 3167 4868 qui
3197 4797 3508 4851 attentione
3537 4797 3610 4852 ad

1916 4891 2274 4964 praeteritum
2306 4895 2362 4944 et
2391 4890 2647 4959 elapsum
2690 4904 2894 4942 sonum
2934 4903 3063 4941 cum
3104 4886 3380 4940 transibat
3409 4889 3491 4939 est
3520 4885 3609 4939 fa-

1917 4985 2058 5048 ctus,
2090 4979 2442 5050 reprimitur,
2476 4977 2532 5032 id
2565 4981 2649 5032 est
2678 4994 2791 5032 non
2822 4977 2900 5031 ita
2929 4980 3188 5031 remanet
3219 4974 3279 5028 in
3309 4973 3605 5028 memoria.

1916 5066 2589 5140 Quapropterjudiciales
2619 5066 2702 5120 illi
2731 5064 2977 5129 numeri,
3009 5064 3109 5135 qui
3137 5079 3407 5118 numeros
3431 5061 3491 5114 in
3520 5060 3607 5114 in-

1916 5157 2167 5214 tervallis
2229 5142 2557 5227 temporum
2612 5155 2765 5221 sitos,
2835 5155 3079 5225 exceptis
3145 5148 3608 5223 progressoribus

1915 5248 2122 5320 quibus
2151 5247 2323 5300 etiam
2359 5246 2546 5316 ipsum
2575 5261 2944 5316 progressum
2975 5243 3323 5304 modiﬁcant,
3354 5237 3607 5308 judicare

1915 5354 2032 5392 non
2061 5341 2299 5408 possunt
2318 5335 2427 5389 nisi
2455 5352 2598 5406 quos
2625 5334 2706 5389 eis
2735 5341 3010 5405 tanquam
3043 5331 3302 5385 ministra
3332 5326 3608 5380 memoria

1982 5463 1993 5494 ³
2027 5459 2110 5508 Sic
2135 5459 2190 5508 in
2219 5461 2339 5509 Mss.
2363 5460 2428 5509 At
2457 5459 2511 5508 in
2542 5459 2696 5508 editis
2717 5458 2906 5521 legitur
2929 5471 2939 5504 :
2964 5457 3024 5505 Ut
3050 5465 3170 5514 ergo
3193 5450 3445 5516 e/I‘usione
3473 5450 3609 5501 lucis

1915 5521 2270 5586 adjuvamur.
