4064 6388
441 308 570 359 11³75

436 427 730 492 obtulerit;
785 438 974 478 nonne
1025 421 1136 491 ipsi
1183 416 1542 473 existimandi
1589 420 1722 468 sunt
1768 429 1871 483 per
1907 415 2124 466 certum

435 516 674 588 spatium
704 509 977 581 temporis
1022 507 1210 563 tendi?
1239 506 1348 561 Sed
1377 505 1616 558 interest
1653 502 1860 574 quibus
1899 506 2124 570 tempo-

434 587 563 658 rum
591 600 784 672 spatiis
814 600 899 652 vel
927 596 1146 651 excidat
1177 594 1360 663 nobis,
1394 593 1474 646 vel
1514 590 1946 645 meminerimus
1976 587 2124 659 quod

427 691 704 762 judicant.
737 686 1026 757 Siquidem
1056 699 1158 737 nec
1182 682 1242 735 in
1270 680 1408 752 ipsis
1435 695 1741 750 corporum
1767 677 1967 733 formis
1998 692 2126 747 qua:

433 780 506 834 ad
544 778 734 832 oculos
775 774 1084 845 pertinent,
1127 786 1430 841 possumus
1473 768 1716 822 rotunda
1755 767 1839 820 vel
1887 766 2121 837 quadra,

436 866 521 919 vel
545 878 919 934 quascumque
941 859 1050 913 alia
1079 859 1260 912 solida
1290 864 1346 912 et
1370 856 1743 912 determinata
1767 855 2046 925 judicare,
2073 857 2130 906 et

434 952 669 1006 omnino
717 949 944 1014 sentire,
1001 947 1109 1001 nisi
1149 963 1214 1000 ea
1247 946 1316 999 ob
1349 947 1542 1000 oculos
1589 940 1938 998 versemus‘:
1996 957 2124 995 cum

435 1045 626 1093 autem
657 1037 766 1091 alia
797 1052 928 1107 pars
957 1035 1250 1106 aspicitur,
1282 1034 1329 1087 si
1358 1032 1624 1088 exciderit
1665 1032 1818 1103 quod
1849 1036 1934 1085 est
1960 1045 2127 1100 aspe-

436 1135 590 1182 ctum
616 1127 676 1180 in
715 1125 843 1192 alia,
875 1126 1178 1184 frustratur
1229 1122 1464 1176 omnino
1507 1120 1815 1192 judicantis
1861 1117 2125 1183 intentio,

435 1215 567 1285 quia
613 1218 668 1266 et
714 1213 817 1266 hoc
869 1212 1061 1282 aliqua
1105 1225 1262 1263 mora
1305 1207 1577 1278 temporis
1622 1208 1722 1274 tit;
1772 1207 1862 1260 cui
1898 1206 2128 1259 variata:

438 1319 580 1372 opus
611 1306 694 1354 est
723 1300 1019 1370 invigilare
1049 1296 1406 1352 memoriam.

504 1393 593 1444 22.
646 1387 1040 1443 Recordabiles
1089 1402 1217 1439 vero
1266 1399 1536 1438 numeros
1576 1383 1756 1437 multo
1813 1379 2129 1435 evidentius

438 1484 541 1544 est,
573 1477 727 1548 quod
763 1477 962 1530 eadem
991 1475 1114 1546 ipsa
1145 1474 1416 1528 oﬂ‘ercnte
1465 1472 1759 1537 memoria,
1806 1470 2130 1541 judicamus

439 1566 528 1620 his
550 1564 934 1636 judicialibus.
982 1565 1123 1617 Nam
1153 1562 1200 1616 si
1227 1577 1567 1626 occursores,
1621 1562 1898 1631 quantum
1943 1558 2014 1611 ab
2065 1574 2131 1611 ea

441 1654 778 1720 oll'cruntur,
825 1655 1050 1706 tantum
1083 1649 1444 1721 judicantur;
1495 1647 1675 1702 multo
1722 1646 1904 1717 magis
1951 1645 2013 1714 ii,
2061 1645 2130 1700 ad

443 1757 584 1812 quos
612 1746 886 1810 tanquam
906 1738 1189 1809 repositos
1220 1741 1344 1808 post
1371 1735 1508 1790 alias
1536 1734 1882 1789 intentiones
1906 1749 2130 1788 revoca-

440 1845 571 1883 mur
586 1827 996 1894 recordatione,
1013 1827 1071 1880 in
1089 1827 1212 1897 ipsa
1233 1824 1512 1879 memoria
1531 1823 1717 1878 vivere
1741 1821 2127 1876 inveniuntur.

441 1917 585 1980 Quid
616 1916 770 1970 enim
810 1915 964 1969 aliud
992 1914 1216 1984 agimus
1249 1929 1379 1967 cum
1409 1927 1737 1966 revocamus
1775 1927 1876 1964 nos
1913 1910 1972 1964 in
2008 1926 2131 1963 me-

440 2003 704 2069 moriam,
737 2002 847 2057 nisi
881 2001 1304 2074 quodammodo
1337 2000 1487 2070 quod
1523 1998 1880 2070 reposuimus
1921 1996 2134 2068 quaeri-

441 2093 606 2147 mus?
659 2091 918 2146 Recurrit
963 2097 1156 2145 autem
1183 2090 1243 2143 in
1272 2088 1670 2158 cogitationem
1722 2086 2011 2141 occasione
2059 2085 2132 2138 si-

441 2181 668 2236 milium
713 2184 903 2234 motus
951 2178 1131 2232 animi
1157 2193 1274 2231 non
1313 2177 1642 2243 exstinctus,
1671 2180 1728 2230 et
1751 2176 1872 2230 haec
1897 2180 1981 2230 est
2007 2190 2132 2245 quae

444 2268 652 2323 dicitur
696 2266 1033 2322 recordatio.
1075 2265 1164 2319 Sic
1199 2265 1422 2334 agimus
1468 2279 1758 2330 numeros,
1802 2263 1888 2317 vel
1928 2263 1989 2317 in
2018 2263 2136 2316 sola

442 2354 805 2425 cogitatione,
853 2353 937 2406 vel
988 2353 1161 2406 etiam
1212 2351 1272 2404 in
1321 2351 1708 2405 membrorum
1765 2355 1942 2418 motu,
1993 2367 2136 2421 quos

436 2445 558 2513 jam
581 2442 800 2512 egimus
815 2440 1141 2511 aliquando.
1166 2439 1305 2493 Inde
1329 2443 1516 2492 autem
1533 2439 1742 2492 scimus
1763 2455 1876 2492 non
1893 2439 2133 2504 venisse,

446 2531 543 2584 sed
573 2530 783 2583 redisse
814 2529 938 2582 illos
968 2529 1026 2582 in
1067 2528 1488 2597 cogitationem,
1521 2527 1654 2598 quia
1684 2543 1814 2581 cum
1845 2526 2136 2580 memoriae

445 2618 872 2684 mandarentur,
904 2633 1034 2670 cum
1071 2616 1397 2670 difﬁcultate
1436 2617 1859 2686 repetebantur,
1903 2621 1960 2669 et
1987 2615 2135 2669 iudi-

447 2707 722 2776 gebamus
743 2705 933 2776 aliqua
957 2704 1489 2774 praemonstratione
1511 2711 1577 2758 ut
1600 2719 1970 2774 sequeremur
1992 2721 2004 2758 :
2025 2721 2138 2775 qua

449 2793 779 2848 difﬁcultate
817 2793 1066 2864 dempta,
1108 2809 1238 2846 cum
1277 2810 1394 2846 sese
1429 2792 1536 2863 ipsi
1577 2793 1996 2847 accommodate
2039 2810 2136 2846 vo-

447 2882 651 2936 luntati
673 2883 937 2945 olferunt,
957 2886 1365 2951 consequenter
1383 2881 1736 2950 temporibus
1748 2887 1918 2951 atque
1941 2881 2136 2935 ordine

448 2987 569 3038 suo,
600 2975 716 3025 tam
746 2970 908 3024 facile
939 2974 1002 3023 ut
1027 2970 1126 3040 qui
1153 2970 1541 3023 vehementius
1565 2969 1934 3036 inhaeserunt,
1966 2969 2137 3023 etiam

446 3059 674 3113 aliunde
724 3059 1102 3130 cogitantibus
1149 3058 1477 3128 nobis,jam
1509 3057 1668 3129 quasi
1714 3057 1945 3128 proprio
1992 3073 2138 3112 nutu

448 3152 815 3218 pcragantur,
850 3163 962 3201 non
994 3162 1091 3200 eos
1120 3146 1318 3216 utique
1361 3162 1533 3200 novos
1565 3162 1683 3199 esse
1716 3147 2008 3212 sentimus,
2047 3147 2138 3200 Est

449 3235 622 3290 etiam
652 3235 802 3288 aliud
826 3235 976 3288 unde
1006 3250 1112 3288 nos
1141 3233 1349 3287 sentire
1371 3233 1614 3288 arbitror
1642 3238 1985 3304 preesentem
2015 3250 2137 3288 mo-

449 3329 572 3378 tum
599 3322 775 3376 animi
817 3322 1121 3391 aliquando
1158 3322 1279 3391 jam
1322 3321 1526 3396 fuisse,
1561 3322 1714 3391 quod
1745 3327 1827 3375 est
1869 3339 2137 3393 recogno-

448 3427 620 3476 scere,
655 3411 792 3464 dum
823 3414 1074 3463 recentes
1101 3413 1287 3463 motus
1317 3409 1438 3479 ejus
1466 3409 1704 3462 actionis
1729 3409 1788 3463 in
1816 3425 1929 3480 qua
1944 3427 2139 3464 sumus

449 3515 580 3552 cum
624 3498 1006 3565 recordamur,
1039 3497 1137 3567 qui
1166 3502 1316 3551 certe
1357 3496 1662 3551 vivaciores
1701 3503 1852 3564 sunt,
1885 3514 2013 3552 cum
2042 3515 2137 3552 re-

449 3585 832 3641 eordabilibus
871 3586 991 3655 jam
1034 3585 1408 3642 sedatioribus
1447 3586 1694 3656 quodam
1736 3586 2006 3640 interiore
2045 3588 2140 3640 lu-

449 3675 603 3728 mine
630 3689 1066 3743 comparamus:
1102 3678 1158 3726 et
1197 3673 1324 3737 talis
1365 3673 1602 3742 agnitio,
1635 3673 1944 3743 recognitio
1974 3680 2058 3728 est
2086 3681 2141 3729 et

448 3761 786 3817 recordatio.
835 3761 1170 3815 Judicantur
1217 3777 1352 3832 ergo
1398 3765 1453 3815 et
1497 3761 1873 3816 recordabiles
1917 3764 2141 3818 numeri

449 3851 518 3904 ab
549 3850 638 3904 his
661 3849 1047 3920 judicialibus,
1079 3865 1378 3920 nunquam
1407 3849 1533 3916 soli,
1565 3851 1660 3904 sed
1691 3851 1971 3920 adjunctis
2004 3852 2139 3906 acti-

449 3939 551 4004 vis,
581 3944 680 3993 aut
709 3937 1116 4003 occursoribus,
1159 3944 1256 3992 aut
1290 3938 1566 4009 utrisque,
1601 3939 1698 4009 qui
1737 3955 1833 3994 eos
1865 3945 2138 4011 tanquam

450 4045 480 4081 e
534 4026 761 4080 latebris
791 4026 906 4080 suis
936 4026 995 4080 in
1025 4026 1391 4080 manifestum
1420 4027 1757 4096 producant,
1785 4031 1842 4081 et
1867 4028 2030 4099 quasi
2056 4045 2141 4084 re-

449 4115 799 4185 dintegratos
831 4113 930 4183 qui
957 4115 1080 4184 jam
1131 4113 1522 4180 abolebantur,
1564 4131 1792 4169 rursum
1839 4118 2134 4172 recordan-

448 4209 560 4257 tur.
586 4205 668 4256 Ita
692 4218 822 4256 cum
839 4216 1164 4254 occursores
1184 4201 1244 4255 in
1268 4205 1489 4254 tantum
1506 4202 1854 4271 judicentur,
1881 4204 1941 4256 in
1963 4221 2138 4275 quan-

449 4296 573 4344 tum
622 4306 719 4342 eos
765 4288 1042 4342 memoria
1080 4289 1471 4358 judicantibus
1521 4290 1848 4359 admoverit,
1902 4298 2140 4362 possunt

451 4377 694 4432 vicissim
722 4380 777 4430 et
815 4375 1196 4430 recordabiles
1228 4377 1328 4448 qui
1366 4381 1498 4431 sunt
1536 4377 1593 4431 in
1628 4381 1905 4434 memoria
1943 4397 2137 4436 occur-

449 4465 672 4520 soribus
713 4480 809 4517 eos
857 4463 1255 4518 exhibentibus
1295 4465 1579 4535 judicari:
1630 4471 1695 4522 ut
1741 4468 1848 4522 hoc
1894 4469 2136 4539 intersit,

449 4554 604 4624 quod
633 4568 956 4607 occursores
987 4561 1050 4605 ut
1082 4553 1432 4623 judicentur,
1474 4555 1635 4626 quasi
1664 4556 1912 4610 recentia
1940 4575 2139 4614 eorum

449 4641 793 4711 fugientium
826 4641 1060 4711 vestigia
1091 4642 1255 4695 offert
1286 4643 1592 4710 memoria;
1627 4645 2002 4700 recordabiles
2033 4665 2138 4701 au—

449 4735 564 4783 tem
612 4729 840 4800 quando
869 4746 964 4782 eos
1011 4729 1295 4784 audiendo
1335 4731 1678 4803 judicamus,
1728 4735 1890 4804 quasi
1939 4736 2139 4790 eadem

449 4817 685 4887 vestigia
723 4818 1113 4872 occursoribus
1151 4820 1577 4874 transeuntibus
1618 4823 1982 4878 revirescunt.
2013 4826 2139 4880 1am

446 4922 618 4976 porro
650 4905 718 4959 de
758 4905 1090 4960 sonantibus
1133 4908 1388 4963 numeris
1432 4909 1572 4980 quid
1618 4927 1760 4981 opus
1808 4919 1892 4966 est
1930 4913 2135 4980 dicere,

447 5010 577 5048 cum
602 4993 663 5047 in
687 4992 1078 5047 occursoribus
1095 4995 1441 5065 judicentur,
1475 4998 1522 5051 si
1554 4999 1896 5054 audiantur?
1924 5001 1980 5056 Si
2004 5019 2136 5057 vero

447 5083 528 5137 ibi
557 5086 763 5136 sonant
784 5080 880 5134 ubi
905 5096 1023 5134 non
1046 5083 1374 5150 audiuntur,
1406 5086 1532 5156 quis
1560 5087 1779 5141 dubitet
1799 5105 1890 5142 eos
1911 5106 1943 5143 a
1972 5092 2136 5145 nobis

446 5187 562 5224 non
591 5186 755 5240 posse
786 5167 1070 5238 judicari?
1113 5169 1255 5223 Sane
1287 5179 1348 5225 ut
1382 5173 1443 5226 in
1472 5174 1624 5227 sonis
1663 5192 1765 5244 per
1792 5176 2139 5234 instrumen-

449 5263 572 5312 tum
595 5257 840 5321 aurium,
867 5255 947 5310 ita
969 5256 1026 5310 in
1052 5257 1442 5313 saltationibus
1466 5262 1796 5333 casterisque
1822 5264 2137 5322 visibilibus

447 5345 716 5411 motibus,
750 5344 901 5415 quod
927 5345 996 5398 ad
1026 5348 1366 5416 temporales
1395 5364 1660 5403 numeros
1693 5352 1911 5421 attinet,
1941 5356 2137 5410 eadem

509 5469 523 5499 ¹
553 5467 665 5514 Am.
692 5468 774 5538 Er.
794 5469 1012 5538 e_tLov1:
1037 5472 1368 5538 Ppsaemqsm
1386 5473 1487 5538 nisi
1505 5485 1571 5538 ex
1596 5471 1801 5535 obliquo
1821 5475 1997 5525 oculos
2021 5489 2136 5527 rcf-

444 5540 703 5578 sare-mus.
730 5530 828 5578 Sed
849 5531 1247 5580 conciuniorest
1265 5533 1382 5580 Mss.
1410 5530 1730 5597 leetioquam
1748 5538 2134 5599 amplectimur.

1717 289 1809 343 DE
1848 285 2128 351 MUSICA,
2170 285 2227 340 S.
2271 279 2652 339 AUGUSTINI

3810 271 3951 323 H76

2236 425 2535 495 adjuvante
2566 417 2844 475 memoria
2871 416 3078 471 iisdem
3110 413 3366 470 numeris
3391 410 3769 484 judicialibus
3797 406 3954 478 diju-

2235 513 2517 568 dicamus.

2238 601 2461 656 CAPUT
2499 598 2586 653 ΧΙ.
2619 626 2686 636 -
2726 596 2950 653 Numeri
2981 594 3082 648 alii
3118 595 3178 646 in
3206 593 3393 645 anima
3425 591 3537 646 illis
3569 586 3948 658 judicialibus

2897 683 3279 756 praecellentes.

2308 779 2396 831 23.
2431 777 2559 829 Haec
2596 790 2726 828 cum
2755 773 2831 826 ita
2873 774 3002 838 rint,
3034 784 3328 835 conemur,
3367 767 3414 820 si
3444 781 3767 838 possumus,
3803 764 3950 817 istos

2240 879 2510 918 numeros
2529 860 2824 933 judiciales
2857 857 3273 924 transcendere,
3307 861 3362 910 et
3387 871 3716 926 qumramus
3746 858 3950 907 utrum

2240 953 2355 1006 sint
2381 950 2723 1021 superiores.
2749 949 2813 1002 In
2843 947 2932 1001 his
2961 946 3115 1000 enim
3144 960 3475 1016 quanquam
3506 941 3690 1013 spatia
3722 946 3956 1010 tempo-

2241 1055 2368 1093 rum
2387 1041 2509 1109 jam
2547 1037 2784 1092 minime
2820 1035 3134 1098 videamus,
3174 1049 3290 1088 non
3331 1038 3522 1086 tamen
3563 1030 3944 1097 adhibentur,

2241 1128 2350 1181 nisi
2376 1128 2446 1181 ad
2471 1125 2859 1196 eajudicanda
2886 1139 3014 1194 quas
3043 1121 3103 1176 in
3129 1121 3312 1192 spatio
3336 1119 3609 1190 temporis
3637 1119 3784 1173 ﬁunt
3807 1136 3822 1186 ;
3848 1135 3958 1171 nec

2241 1217 2362 1285 ipsa
2381 1216 2613 1287 quidem
2637 1212 2855 1278 omnia,
2877 1211 2976 1266 sed
2995 1226 3125 1281 qua:
3145 1214 3388 1281 possunt
3409 1207 3699 1262 articulari
3721 1223 3956 1260 memo-

2241 1305 2402 1358 riter.
2435 1303 2553 1357 Nisi
2582 1301 2721 1372 quid
2751 1301 2925 1354 habes
2955 1299 3101 1353 forte
3131 1297 3283 1369 quod
3315 1301 3514 1351 contra
3542 1297 3664 1350 haec
3692 1294 3840 1349 velis
3873 1295 3959 1349 di-

2241 1407 2386 1446 cere.
2419 1395 2484 1445 D.
2517 1391 2695 1445 Movet
2722 1405 2815 1442 me
2855 1388 3167 1459 plurimum
3205 1387 3444 1440 istorum
3467 1383 3835 1455 judicialium
3869 1384 3958 1436 vis

2242 1484 2412 1551 atque
2439 1479 2725 1550 potentia:
2758 1476 2870 1547 ipsi
2900 1476 3054 1531 enim
3084 1473 3227 1528 mihi
3254 1473 3520 1528 videntur
3543 1489 3664 1526 esse
3695 1472 3770 1526 ad
3801 1489 3957 1543 quos

2243 1568 2503 1622 omnium
2539 1581 2809 1620 sensuum
2855 1562 3176 1618 ministeria
3215 1562 3560 1617 referuntur.
3615 1562 3819 1632 Itaque
3865 1560 3960 1614 his

2243 1655 2604 1712 excellentius
2655 1660 2852 1708 utrum
2905 1653 3222 1723 quidquam
3277 1651 3336 1704 in
3384 1650 3639 1704 numeris
3696 1649 3955 1703 inveniri

2242 1745 2438 1817 possit,
2469 1744 2690 1814 ignoro.
2725 1744 2798 1798 Μ.
2833 1740 2983 1795 Nihil
3005 1739 3226 1810 deperit
3247 1739 3400 1810 quod
3430 1736 3765 1809 diligentius
3795 1754 3958 1808 qua:-

2242 1834 2443 1888 rimus.
2467 1834 2580 1886 Aut
2608 1830 2764 1885 enim
2790 1828 3149 1883 inveniemus
3179 1827 3503 1898 superiores
3527 1826 3587 1879 in
3613 1825 3808 1880 anima
3842 1826 3954 1879 hu-

2246 1937 2435 1988 mana,
2465 1923 2564 1974 aut
2598 1919 2702 1972 hos
2730 1918 2791 1971 in
2831 1933 2897 1970 ea
2927 1932 3181 1970 summos
3211 1931 3330 1969 esse
3372 1913 3756 1980 ﬁrmabimus,
3789 1912 3837 1966 si
3873 1917 3957 1966 ta-

2243 2023 2378 2062 men
2409 2006 2554 2060 illud
2583 2003 2868 2069 claruerit,
2911 2002 3099 2057 nullos
3138 2001 3197 2056 in
3227 2017 3304 2055 ea-
3323 2017 3444 2055 esse
3483 1999 3949 2071 prmstantiores.

2245 2094 2412 2149 Aliud
2437 2099 2521 2149 est
2553 2091 2709 2147 enim
2757 2107 2873 2146 non
2913 2106 3056 2156 esse,
3106 2089 3260 2144 aliud
3309 2105 3424 2143 non
3471 2105 3634 2160 posse
3674 2088 3954 2152 inveniri,

2245 2183 2360 2236 sive
2389 2183 2458 2236 ab
2490 2182 2606 2235 ullo
2647 2178 2898 2245 homine,
2932 2178 3046 2232 sive
3075 2194 3109 2232 a
3135 2177 3320 2240 nobis.
3352 2177 3464 2231 Sed
3508 2194 3613 2248 ego
3643 2182 3784 2248 puto
3817 2194 3956 2231 cum

2247 2272 2341 2326 ille
2384 2288 2415 2325 a
2461 2269 2625 2325 nobis
2665 2267 2992 2340 propositus
3031 2282 3226 2320 versus
3270 2266 3511 2333 canitur,
3555 2269 3696 2320 Deus
3741 2274 3962 2320 creator

2246 2361 2512 2424 omnium;
2545 2373 2647 2412 nos
2690 2373 2824 2411 eum
2853 2360 2910 2410 et
2954 2353 3345 2409 occursoribus
3393 2354 3504 2408 illis
3553 2355 3812 2409 numeris
3844 2372 3956 2409 au-

2247 2448 2390 2516 dire,
2436 2452 2493 2501 et
2527 2444 2972 2516 recordabilibus
3019 2458 3442 2513 recognoscere,
3475 2448 3530 2497 et
3561 2445 3956 2514 progressori-

2247 2537 2350 2589 bus
2377 2533 2770 2605 pronuntiare,
2796 2537 2849 2585 et
2870 2531 2957 2586 his
2972 2531 3342 2602 judicialibus
3365 2531 3652 2597 delectari,
3677 2537 3734 2584 et
3756 2533 3958 2586 nescio

2248 2623 2455 2695 quibus
2501 2621 2624 2674 aliis
2673 2619 2974 2686 aestimare,
3026 2624 3081 2674 ct
3128 2619 3198 2673 de
3245 2618 3351 2672 ista
3399 2618 3775 2673 delectatione
3817 2637 3956 2692 qua:

2247 2710 2409 2783 quasi
2439 2709 2718 2764 sententia
2749 2713 2833 2762 est
2857 2706 3218 2778 judicialium
3247 2707 3509 2768 istorum,
3543 2707 3716 2761 aliam
3749 2725 3963 2763 secun-

2247 2801 2384 2854 dum
2414 2799 2518 2852 hos
2549 2797 2874 2852 latentiores
2910 2796 3212 2850 certiorem
3237 2796 3385 2850 ferre
3416 2795 3761 2850 sententiam
3789 2794 3828 2850 ί.
3869 2802 3963 2852 An

2246 2887 2354 2940 tibi
2397 2902 2575 2941 unum
2627 2889 2796 2956 atque
2847 2884 3000 2939 idem
3054 2883 3277 2938 videtur
3320 2884 3588 2938 delectari
3642 2902 3836 2952 sensu,
3907 2894 3967 2940 et

2249 2976 2529 3029 azstimare
2557 2974 2811 3028 ratione?
2840 2975 2903 3027 D.
2949 2973 3178 3026 Diversa
3216 2989 3335 3026 esse
3373 2973 3568 3027 fateor.
3620 2975 3729 3028 Sed
3757 2975 3963 3044 primo

2247 3065 2370 3135 ipso
2415 3079 2646 3118 moveor
2683 3062 2974 3129 vocabulo,
3016 3077 3116 3115 cur
3157 3077 3274 3115 non
3312 3061 3499 3132 potius
3538 3061 3631 3115 isti
3669 3063 3963 3118 voCentur

2241 3151 2541 3223 judiciales
2586 3151 2792 3223 quibus
2821 3151 2970 3204 inest
2998 3150 3160 3217 ratio,
3210 3166 3384 3220 quam
3415 3150 3508 3204 isti
3539 3151 3748 3222 quibus
3797 3152 3966 3207 inest

2249 3239 2566 3293 delectatio.
2600 3238 2811 3292 Deinde
2849 3254 3046 3292 vereor
3075 3254 3146 3291 ne
3178 3237 3319 3291 nihil
3348 3239 3422 3292 sit
3456 3239 3609 3294 aliud
3646 3240 3964 3296 aestimatio

2248 3327 2355 3380 ista
2386 3326 2635 3387 rationis,
2667 3341 2839 3396 quam
2866 3342 3065 3380 eorum
3094 3327 3162 3380 de
3185 3326 3382 3396 seipsis
3405 3328 3668 3397 quaedam
3697 3329 3956 3399 diligen-

2250 3414 2361 3466 tior
2382 3413 2694 3484 judicatio:
2725 3419 2789 3467 ut
2817 3429 2931 3466 non
2961 3413 3057 3466 alii
3087 3413 3202 3467 sint
3222 3414 3447 3468 numeri
3467 3414 3525 3467 in
3549 3414 3962 3480 delectatione,

2249 3501 2345 3555 alii
2365 3502 2428 3555 in
2455 3501 2709 3567 ratione;
2742 3501 2837 3555 sed
2868 3501 2965 3554 uni
3010 3507 3181 3572 atque
3211 3501 3387 3556 iidem
3415 3502 3555 3556 alias
3582 3501 3855 3572 judicent
3888 3505 3964 3558 de

2249 3589 2319 3644 iis
2343 3606 2472 3660 quae
2516 3595 2766 3660 aguntur
2800 3589 2861 3643 in
2893 3605 3150 3660 corpore,
3197 3606 3327 3644 cum
3380 3607 3498 3657 eos,
3529 3595 3589 3644 ut
3638 3607 3816 3660 supra
3848 3592 3960 3646 de-

2250 3681 2625 3732 monstratum
2655 3681 2759 3745 est,
2795 3677 2959 3732 offert
3007 3677 3316 3746 memoria;
3354 3678 3492 3733 alias
3523 3678 3590 3732 de
3622 3678 3830 3748 seipsis
3861 3697 3960 3735 re-

2249 3767 2458 3821 motius
2483 3783 2516 3820 a
2544 3783 2781 3837 corpore
2811 3771 2981 3836 atque
3009 3766 3304 3821 sincerius.

2320 3857 2408 3908 ‘24.
2440 3859 2510 3911 Μ.
2541 3855 2618 3908 De
2659 3853 2949 3908 vocabulis
2995 3854 3227 3925 quidem
3270 3854 3417 3909 nihil
3464 3859 3717 3926 satagas;
3767 3872 3866 3910 res
3894 3857 3958 3910 in

2248 3947 2525 4012 potestate
2555 3947 2672 3997 est:
2705 3942 2911 4014 placito
2945 3943 3123 4009 enim,
3158 3959 3277 3997 non
3307 3947 3512 3997 natura
3540 3943 3957 4014 imponuntur.

2249 4031 2406 4095 Quod
2439 4036 2633 4086 autem
2658 4031 2888 4085 eosdem
2930 4047 3048 4086 esse
3090 4031 3402 4098 arbitraris,
3441 4048 3546 4086 nec
3579 4032 3691 4086 duo
3731 4048 3962 4102 genera

2251 4135 2622 4174 numerorum
2651 4120 2773 4173 haec
2802 4119 2884 4172 vis
2913 4119 3201 4189 accipere;
3255 4119 3417 4186 illud,
3451 4121 3510 4174 ni
3557 4120 3743 4187 fallor,
3772 4126 3829 4175 te
3859 4138 3957 4175 ra-

2247 4209 2349 4278 pit,
2385 4208 2537 4279 quod
2569 4207 2768 4262 eadem
2799 4207 2990 4263 anima
3030 4215 3339 4280 utrumque
3375 4209 3510 4279 agit.
3545 4209 3652 4264 Sed
3684 4209 3959 4264 animad-

2248 4303 2466 4352 vertere
2499 4303 2549 4352 te
2577 4313 2720 4367 opus
2749 4301 2853 4363 est,
2881 4301 2936 4351 et
2963 4296 3025 4350 in
3063 4296 3525 4368 progressoribus
3569 4297 3770 4350 eadem
3823 4299 3956 4352 ani-

2248 4402 2404 4440 mam
2432 4401 2638 4456 corpus
2663 4401 2890 4440 movere
2933 4386 3020 4439 vel
3051 4384 3122 4438 ad
3165 4400 3369 4454 corpus
3403 4384 3651 4450 moveri;
3683 4384 3822 4438 etin
3858 4403 3959 4440 oc-

2249 4474 2572 4529 cursoribus
2599 4475 2704 4528 hac
2728 4474 2990 4528 eamdem
3017 4472 3374 4543 passionibus
3402 4472 3522 4540 ejus
3552 4471 3635 4524 ire
3670 4472 3906 4528 obviam
3933 4493 3947 4541 ;

2250 4567 2306 4616 et
2333 4563 2393 4615 in
2423 4562 2868 4616 recordabilibus
2898 4562 3062 4616 istam
3083 4559 3286 4629 ipsam,
3311 4559 3488 4612 donec
3513 4558 3957 4626 quodammodo

2249 4651 2654 4716 detumescent,
2701 4650 2839 4720 ipsis
2885 4649 3047 4720 quasi
3093 4647 3366 4700 ﬂuctuare
3413 4644 3787 4702 motionibus.
3840 4651 3958 4704 Nos

2250 4755 2385 4810 ergo
2415 4739 2476 4792 in
2505 4738 2624 4792 istis
2662 4738 2967 4809 generibus
3013 4732 3379 4789 numerandis
3418 4736 3475 4787 et
3522 4733 3957 4806 distinguendis

2251 4827 2418 4880 unius
2461 4831 2697 4890 naturae,
2750 4825 2806 4879 id
2853 4829 2956 4892 est,
3004 4821 3208 4876 anima:
3257 4831 3446 4875 motus
3496 4822 3952 4896 affectionesque

2248 4915 2595 4985 dispicimus.
2621 4914 2802 4978 Quare
2820 4913 2866 4965 si
2885 4917 2950 4966 ut
2967 4909 3120 4963 aliud
3140 4913 3220 4962 est
3252 4909 3322 4963 ad
3346 4926 3411 4964 ea
3442 4926 3571 4981 qua:
3603 4927 3812 4982 corpus
3843 4930 3952 4984 pa—

2249 5003 2390 5057 titur
2429 5003 2666 5069 moveri,
2717 5000 2868 5068 quod
2910 4999 2976 5052 ﬁt
3023 4998 3079 5050 in
3131 4998 3461 5066 sentiendo;
3507 4999 3664 5054 aliud
3718 5017 3952 5058 movere

2254 5108 2311 5145 se
2340 5091 2410 5144 ad
2440 5106 2663 5159 corpus,
2690 5088 2842 5158 quod
2873 5087 2938 5141 tit
2965 5087 3026 5141 in
3047 5087 3368 5157 operando;
3393 5087 3544 5142 aliud
3571 5089 3723 5159 quod
3756 5105 3826 5144 ex
3859 5092 3950 5146 his

2249 5177 2496 5231 motibus
2525 5177 2581 5229 in
2613 5175 2802 5229 anima
2827 5176 3037 5231 factum
3069 5181 3152 5229 est
3180 5175 3492 5247 continere,
3523 5177 3674 5248 quod
3707 5183 3792 5232 est
3820 5196 3945 5234 me-

2246 5264 2512 5331 minisse;
2542 5264 2621 5318 ita
2649 5269 2734 5318 est
2762 5264 2916 5318 aliud
2948 5281 3221 5332 annuere,
3241 5265 3329 5320 vel
3359 5282 3600 5321 renuere
3634 5266 3722 5320 his
3761 5269 3944 5322 moti-

2308 5416 2322 5448 ι
2351 5413 2516 5462 Editi:
2539 5413 2715 5463 Aliam
2735 5415 3028 5465 secundum
3048 5414 3145 5465 hos
3163 5416 3521 5473 latentiorem,
3549 5414 3636 5464 sed
3656 5419 3945 5470 certiorem

2243 5475 2734 5588 Γεᾶοἶεϐῇεγέεθηίῐαητ.
2754 5477 2870 5525 Mss.
2893 5493 2903 5525 :
2928 5477 3222 5528 Secundum
3245 5477 3343 5528 hos
3369 5479 3690 5528 (aientiores.
3725 5479 3941 5544 Supple,

2243 5553 2278 5586 οι
2311 5552 2372 5588 -η
2441 5552 2469 5586 ο
2498 5575 2508 5586 .
