4064 6356
186 309 320 358 H77

176 431 314 498 bus,
345 435 444 486 aut
471 446 604 486 cum
631 431 903 502 primitus
931 437 1293 498 exseruntur,
1325 436 1424 486 aut
1451 447 1584 486 cum
1624 432 1894 487 recorda-

178 520 342 575 tione
385 520 815 587 resuscitantur,
867 520 1023 591 quod
1068 521 1134 574 tit
1169 520 1230 574 in
1264 519 1645 575 delectatione
1684 536 1890 574 conve-

181 609 446 675 nientiae,
489 614 547 664 et
589 608 898 663 offensione
937 608 1302 664 absurditatis
1332 609 1536 663 talium
1568 609 1891 664 motionum

181 698 308 752 sive
337 697 739 764 alfectionum;
773 702 828 752 et
858 697 1014 751 aliud
1059 702 1142 751 est
1179 697 1463 752 azstimare
1497 701 1696 752 utrum
1742 703 1891 752 recte

181 803 264 840 an
287 803 445 841 secus
478 787 586 841 ista
606 787 906 849 delectent,
931 788 1084 858 quod
1105 787 1170 841 fit
1193 787 1598 842 ratiocinando
1625 804 1638 842 :
1665 803 1891 842 necesse

184 880 275 929 est
291 875 568 930 fateamur
594 875 675 928 ita
695 875 816 928 hinc
841 891 961 929 esse
986 875 1105 929 duo
1140 891 1372 945 genera,
1400 881 1465 930 ut
1485 876 1584 930 illa
1612 883 1745 931 sunt
1764 876 1888 930 tria.

195 965 261 1017 Et
293 963 340 1016 si
370 967 516 1018 recte
549 962 714 1016 nobis
757 963 941 1017 visum
980 967 1088 1033 est,
1129 963 1239 1018 nisi
1269 965 1608 1035 quibusdam
1639 964 1893 1019 numeris

191 1056 344 1106 esset
373 1050 493 1122 ipse
525 1049 914 1105 delectationis
965 1068 1162 1106 sensus
1212 1051 1485 1120 imbutus,
1526 1054 1686 1108 nullo
1727 1053 1893 1107 modo

191 1157 328 1195 eum
365 1139 617 1212 potuisse
646 1157 901 1194 annuere
946 1141 1181 1211 paribus
1211 1141 1537 1204 intervallis,
1580 1148 1636 1197 et
1673 1147 1894 1212 pertur-

189 1231 324 1285 bata
361 1245 670 1300 respuere:
719 1235 870 1284 recte
900 1229 1075 1284 etiam
1104 1230 1284 1284 videri
1323 1236 1512 1301 potest
1551 1231 1718 1296 ratio,
1763 1247 1893 1302 quae

187 1319 326 1372 huic
366 1317 727 1372 delectationi
776 1317 1290 1388 superimponitur,
1339 1320 1500 1374 nullo
1547 1320 1719 1374 modo
1769 1320 1891 1374 sine

190 1407 543 1478 quibusdam
565 1406 822 1460 numeris
846 1405 1240 1460 vivacioribus.
1267 1407 1336 1460 de
1361 1407 1617 1461 numeris
1642 1424 1786 1478 quos
1811 1408 1894 1461 in-

186 1498 279 1550 fra
309 1511 366 1548 se
394 1495 568 1549 habet
598 1510 761 1564 posse
779 1494 1060 1564 judicare.
1089 1495 1227 1558 Quae
1257 1495 1306 1548 si
1334 1511 1465 1549 vera
1484 1500 1636 1561 sunt,
1660 1500 1896 1566 apparet

187 1581 425 1636 inventa
455 1599 578 1636 esse
631 1582 691 1636 in
742 1581 937 1636 anima
967 1582 1220 1653 quinque
1252 1599 1463 1654 genera
1497 1599 1892 1649 numerorum,

189 1670 410 1740 quibus
446 1687 576 1724 cum
619 1671 904 1726 addideris
933 1672 1257 1741 corporales
1286 1671 1414 1725 illos
1443 1688 1586 1742 quos
1630 1676 1894 1725 sonantes

187 1758 537 1825 vocavimus,
571 1774 665 1812 sex
689 1750 910 1828 'genera
943 1774 1320 1813 numerorum
1353 1758 1628 1829 disposita
1655 1763 1710 1813 et
1739 1759 1890 1813 ordi-

187 1851 328 1900 nata
355 1862 674 1916 cognosces.
713 1848 838 1901 Jam
883 1861 1052 1911 nunc,
1114 1845 1162 1898 si
1207 1847 1414 1916 placet,
1465 1846 1549 1900 illi
1587 1845 1687 1917 qui
1725 1847 1891 1900 nobis

189 1935 604 2006 subrepserant
641 1935 711 1989 ad
752 1934 1139 2004 principatum
1170 1934 1568 2006 obtinendum,
1601 1935 1891 1990 sensuales

194 2024 590 2090 nominentur,
624 2027 680 2077 et
704 2023 1064 2094 judicialium
1104 2038 1338 2088 nomen,
1372 2022 1643 2093 quoniam
1674 2029 1759 2076 est
1789 2023 1888 2076 ho-

192 2113 471 2178 noratius,
521 2111 582 2166 hi
630 2111 910 2182 accipiant
961 2111 1060 2182 qui
1113 2111 1542 2165 excellentiores
1615 2111 1892 2182 comperti

189 2205 328 2254 sunt
351 2216 364 2254 :
416 2214 746 2270 quanquam
774 2204 830 2252 et
848 2197 1175 2252 sonantium
1199 2213 1410 2251 nomen
1429 2197 1770 2252 mutandum
1793 2214 1894 2267 pu-

187 2294 333 2352 tem,
367 2287 641 2358 quoniam
669 2287 717 2340 si
748 2286 1072 2356 corporales
1101 2290 1397 2352 vocentur,
1429 2284 1787 2340 manifestius
1818 2285 1891 2339 si-

189 2376 548 2446 gniﬁcabth
575 2375 748 2428 etiam
788 2375 938 2434 illos,
989 2373 1088 2444 qui
1119 2377 1252 2427 sunt
1283 2373 1345 2427 in
1382 2373 1699 2440 saltatione,
1732 2378 1789 2428 et
1834 2373 1893 2426 in

188 2469 400 2518 caetero
430 2468 584 2518 motu
616 2461 844 2516 visibili.
877 2461 932 2516 Si
953 2465 1145 2516 tamen
1169 2478 1234 2515 ea
1265 2478 1393 2532 quas
1423 2461 1571 2516 dicta
1601 2465 1734 2515 sunt
1761 2477 1895 2531 pro-

189 2555 312 2610 bas.
344 2555 415 2608 D.
469 2554 653 2608 Probo
684 2548 818 2607 sane
847 2569 860 2607 :
895 2568 1029 2606 nam
1061 2556 1118 2607 et
1163 2569 1294 2606 vera
1337 2556 1392 2606 et
1423 2552 1722 2606 manifesta
1750 2552 1894 2606 mihi

189 2641 482 2695 videntur.
533 2643 748 2695 Horum
780 2640 952 2694 etiam
984 2639 1447 2695 emendationem
1483 2641 1892 2696 vocabulorum

189 2729 442 2784 libenter
469 2729 706 2800 accipio.

189 2820 423 2874 CAPUT
469 2821 530 2874 X.
584 2849 652 2859 —
695 2821 941 2874 Rationis
983 2821 1067 2872 vis
1113 2821 1172 2871 in
1214 2817 1610 2886 perspiciendis
1659 2833 1776 2886 quae
1822 2818 1896 2872 ad

269 2909 530 2962 Musicam
565 2910 854 2976 pertinent,
899 2907 992 2960 ubi
1029 2906 1170 2960 nihil
1214 2905 1370 2959 aliud
1402 2921 1566 2973 quam
1606 2907 1894 2975 aequalitas

268 2993 496 3046 delectat
508 3033 521 3047 .

259 3084 348 3136 25.
382 3083 459 3136 M.
499 3085 637 3153 Age,
677 3096 829 3135 nunc
858 3081 1046 3152 aspice
1091 3081 1151 3134 in
1188 3080 1302 3135 vim
1333 3080 1764 3151 potentiamque
1797 3096 1892 3134 ra-

191 3169 390 3236 tionis,
425 3175 703 3240 quantum
735 3187 800 3224 ex
841 3169 1110 3240 operibus
1139 3169 1262 3239 ejus
1291 3168 1541 3240 aspicere
1569 3184 1892 3239 possumus.

192 3260 326 3328 ipsa
365 3259 540 3328 enim,
585 3264 645 3312 ut
686 3258 745 3312 id
791 3258 1155 3329 potissimum
1192 3257 1376 3311 dicam
1414 3257 1566 3328 quod
1610 3257 1680 3312 ad
1723 3257 1895 3327 hujus

193 3345 387 3417 operis
418 3345 836 3418 susceptionem
867 3346 1088 3413 attinet,
1119 3346 1307 3416 primo
1330 3345 1470 3416 quid
1497 3345 1568 3399 sit
1596 3345 1718 3415 ipsa
1746 3345 1895 3399 bona

193 3435 517 3489 modulatio
547 3434 942 3500 consideravit,
983 3438 1038 3488 et
1067 3450 1194 3489 eam
1239 3435 1298 3488 in
1339 3434 1590 3504 quodam
1634 3438 1790 3488 motu
1831 3433 1896 3487 li-

191 3524 353 3590 bero,
388 3528 445 3577 et
481 3524 552 3578 ad
604 3539 723 3577 suae
771 3523 1215 3593 pulchritudinis
1256 3523 1432 3577 ﬁnem
1461 3539 1733 3577 converso
1775 3539 1895 3576 esse

192 3611 500 3681 perspexit.
536 3611 748 3666 Deinde
802 3612 942 3666 vidit
986 3612 1047 3665 in
1090 3612 1338 3666 motibus
1392 3627 1698 3682 corporum
1740 3610 1896 3664 aliud

193 3716 318 3754 esse
357 3700 511 3770 quod
548 3700 818 3753 brevitate
849 3704 906 3754 et
939 3699 1313 3769 productione
1344 3699 1616 3770 temporis
1645 3699 1892 3752 variare—

191 3793 308 3855 tur,
327 3788 385 3842 in
408 3793 688 3860 quantum
708 3788 892 3858 magis
913 3793 1061 3842 esset
1080 3789 1338 3843 minusve
1359 3788 1717 3855 diuturnum,
1740 3787 1895 3842 aliud

192 3878 461 3931 localium
496 3877 811 3946 spatiorum
851 3876 1218 3946 percussione
1253 3873 1272 3908 ί
1300 3876 1359 3929 in
1399 3876 1740 3946 quibusdam
1770 3891 1898 3945 gra-

191 3965 363 4020 dibus
393 3965 698 4019 celeritatis
736 3969 791 4018 et
820 3964 1100 4018 tarditatis
1131 3980 1144 4018 :
1179 3980 1288 4036 que
1321 3963 1600 4018 divisione
1631 3964 1798 4030 facta,
1832 3965 1895 4018 il-

191 4055 294 4108 lud
320 4054 471 4124 quod
501 4053 561 4106 in
591 4052 862 4122 temporis
882 4067 1039 4106 mora
1070 4057 1236 4118 esset,
1262 4053 1532 4106 modestis
1555 4052 1888 4121 intervallis,

193 4147 253 4196 et
298 4141 551 4197 humano
599 4139 789 4194 sensui
837 4140 1278 4194 accommodatis
1330 4139 1672 4194 articulatim
1709 4140 1896 4195 varios

195 4230 448 4284 efficeret
467 4245 759 4296 numeros,
783 4245 1098 4300 eorumque
1119 4246 1330 4298 genera
1353 4235 1410 4283 et
1430 4229 1688 4284 ordinem
1714 4246 1895 4300 usque

192 4318 268 4373 ad
289 4318 548 4373 modulos
574 4333 841 4372 versuum
869 4322 1167 4389 persecuta
1195 4323 1299 4373 est.
1327 4320 1621 4373 Postremo
1653 4318 1897 4372 attendit

194 4407 338 4479 quid
368 4407 427 4461 in
471 4407 558 4461 his
597 4407 984 4472 moderandis,
1018 4408 1342 4477 operandis,
1377 4407 1709 4474 sentiendis,
1754 4407 1895 4462 reti-

196 4495 403 4551 nendis
430 4500 624 4566 ageret
643 4496 833 4550 anima
851 4499 893 4562 3,
924 4495 1086 4566 cujus
1113 4501 1284 4566 caput
1312 4495 1435 4566 ipsa
1459 4501 1604 4550 esset
1635 4512 1647 4549 :
1677 4495 1895 4566 hosque

197 4600 400 4639 omnes
442 4584 719 4639 animales
765 4600 1034 4638 numeros
1081 4599 1114 4637 a
1169 4584 1506 4655 corporibus
1566 4583 1891 4655 separavit:

197 4687 375 4743 seque
404 4671 587 4742 ipsam
609 4673 730 4726 haec
762 4671 956 4726 omnia
983 4687 1171 4742 neque
1200 4671 1674 4738 animadvertere,
1708 4687 1896 4741 neque

197 4759 576 4828 distinguere,
619 4774 804 4829 neque
853 4762 1004 4812 recte
1049 4773 1353 4812 numerare
1399 4757 1521 4812 sine
1553 4757 1896 4828 quibusdam

196 4847 317 4900 suis
353 4846 606 4900 numeris
655 4847 906 4917 potuisse
956 4847 1238 4917 cognovit,
1286 4861 1499 4916 eosque
1543 4845 1761 4899 caateris
1807 4845 1895 4898 in-

195 4935 422 4990 ferioris
462 4934 680 4990 ordinis
715 4934 1020 5005 judiciaria
1053 4934 1302 5006 quadam
1331 4933 1709 4988 aestimatione
1747 4949 1895 5004 prae-

196 5024 406 5096 posuit.

269 5116 358 5167 26.
412 5114 478 5167 Et
506 5127 658 5167 nunc
704 5127 835 5166 cum
880 5111 1004 5182 ipsa
1048 5128 1151 5166 sua
1193 5112 1590 5180 delectatione,
1621 5126 1750 5181 quae
1775 5109 1797 5143 ⁵
1836 5110 1898 5164 in

195 5208 523 5274 temporum
571 5206 864 5256 momenta
911 5201 1234 5272 perpendit,
1288 5207 1345 5255 et
1390 5201 1598 5254 talibus
1643 5199 1897 5253 numeris

263 5363 278 5395 ¹
307 5359 512 5422 Septem
543 5361 686 5418 Mss.,
716 5361 1121 5422 percussionem.

260 5424 280 5457 ²
298 5419 630 5484 Ita—plerique
654 5419 796 5478 Mss,
821 5435 939 5470 cum
960 5422 1076 5469 Am.
1097 5421 1163 5484 At
1182 5422 1304 5484 Lov.
1327 5421 1510 5470 habet:
1535 5422 1594 5468 In
1619 5419 1698 5470 his
1719 5419 1898 5470 mode-

195 5482 413 5541 randis,
438 5482 746 5543 sentiendis,
774 5484 1091 5542 retinendis,
1120 5482 1438 5533 detestandis
1461 5485 1637 5544 ageret
1662 5485 1897 5531 animae

259 5551 278 5582 ³
311 5548 424 5594 Duo
451 5547 573 5609 Mss.
583 5583 593 5604 ,
619 5559 802 5609 quam.
827 5545 928 5594 Alii
947 5551 1071 5609 tres,
1095 5558 1230 5609 quq,
1245 5545 1404 5594 Paulo
1423 5549 1559 5608 post,
1584 5544 1717 5594 alter
1736 5557 1764 5592 e
1787 5545 1846 5592 Vi
1875 5569 1894 5579 -

195 5609 384 5659 torinis
412 5606 681 5659 codicibus
705 5623 716 5656 :
749 5606 1078 5672 Prope-nolet,
1099 5606 1302 5660 talibus
1330 5606 1581 5658 numeris.

1667 309 1888 365 LIBER
1935 309 2233 367 SEXTUS.

3573 320 3706 374 H78

2012 433 2409 490 modiﬁcandis
2448 440 2620 492 nutus
2658 453 2788 491 suos
2813 436 3063 502 exhibet,
3114 437 3193 490 sic
3239 438 3393 508 agit;
3439 437 3577 510 quid
3619 443 3704 493 est

2005 523 2161 594 quod
2186 523 2247 576 in
2276 523 2532 579 sensibili
2563 526 2973 580 numerositate
3003 525 3293 596 diligimus
3315 525 3341 579 ?
3367 527 3513 580 Num
3543 527 3700 582 aliud

2000 616 2210 682 praeter
2237 612 2582 682 parilitatem
2603 615 2914 685 quamdam
2936 618 2990 668 et
3009 614 3308 685 aequaliter
3339 613 3598 668 dimensa
3616 615 3700 669 in-

1999 701 2234 754 tervalla
2253 703 2281 754 ‘2
2312 706 2396 755 An
2427 701 2522 756 ille
2561 703 2921 772 pyrrhichius
2963 719 3064 774 pes
3094 702 3209 756 sive
3240 703 3544 773 spondeus,
3580 703 3699 757 sive

2000 794 2342 860 anapmstus,
2380 789 2493 843 sive
2526 791 2798 861 dactylus,
2833 791 2948 846 sive
2988 792 3546 862 proceleusmaticus,
3581 793 3700 847 sive

2001 877 2349 948 dispondeus
2386 894 2488 932 nos
2539 879 2701 932 aliter
2740 879 3079 946 delectaret;
3122 881 3233 935 nisi
3271 886 3492 951 partem
3536 897 3698 936 suam

2001 967 2149 1037 parti
2199 967 2361 1023 alteri
2407 967 2614 1038 tequali
2656 967 2926 1022 divisione
2979 969 3307 1023 conferret?
3365 969 3510 1033 Quid
3567 986 3700 1022 vero

2000 1056 2244 1120 iambus,
2290 1058 2591 1121 trochaeus,
2624 1055 2944 1110 tribrachus
2985 1057 3423 1126 pulchritudinis
3462 1058 3696 1123 habent,

2001 1144 2110 1198 nisi
2130 1145 2282 1216 quod
2314 1145 2533 1198 minore
2562 1160 2664 1198 sua
2691 1148 2851 1216 parte
2883 1145 3158 1214 majorem
3189 1163 3352 1200 suam
3384 1151 3607 1217 partem
3639 1147 3698 1200 in

2001 1229 2186 1278 tantas
2218 1225 2358 1278 duas
2396 1225 2692 1296 aaqualiter
2721 1224 3024 1278 dividunt?
3059 1225 3183 1278 Jam
3221 1240 3392 1293 porro
3425 1242 3519 1279 sex
3552 1231 3700 1279 tem-

2001 1329 2208 1383 porum
2246 1312 2440 1382 pedes,
2491 1328 2631 1366 num
2662 1309 2680 1344 ί
2713 1312 2944 1366 aliunde
2982 1312 3247 1366 blandius
3277 1318 3482 1366 sonant
3524 1318 3696 1384 atque

2000 1400 2274 1467 festivius,
2318 1400 2424 1454 nisi
2470 1401 2623 1471 quod
2664 1404 2903 1471 utraque
2935 1401 3058 1470 lege
3088 1401 3415 1470 partiuntur
3443 1421 3458 1467 ;
3489 1401 3701 1455 scilicet

2002 1493 2101 1543 aut
2119 1489 2179 1542 in
2211 1488 2350 1542 duas
2374 1489 2620 1560 aequales
2641 1495 2832 1559 partes
2851 1494 3012 1542 terna
3036 1494 3297 1558 tempora
3322 1488 3701 1558 possidentes,

2003 1585 2101 1634 aut
2126 1581 2187 1634 in
2207 1597 2383 1635 unam
2413 1581 2679 1651 simplam
2709 1597 2777 1634 ex
2809 1580 3125 1651 aequalibus
3155 1584 3375 1650 partem
3403 1583 3445 1650 ³,
3477 1585 3532 1634 et
3561 1582 3702 1634 alte-

2004 1686 2127 1723 ram
2147 1669 2404 1739 duplam,
2434 1669 2494 1724 id
2524 1674 2627 1735 est,
2657 1673 2722 1722 ut
2746 1669 2932 1738 major
2968 1669 3175 1722 habeat
3203 1668 3291 1721 bis
3317 1667 3619 1732 minorem,
3646 1675 3704 1723 et

2004 1775 2070 1812 eo
2099 1759 2266 1812 modo
2297 1758 2366 1812 ab
2396 1758 2494 1811 illa
2517 1757 2804 1811 dividatur
2830 1757 3144 1827 aequaliter,
3179 1755 3402 1809 duobus
3433 1757 3703 1827 tempori-

2001 1847 2108 1900 bus
2149 1851 2397 1916 quatuor
2424 1850 2684 1916 tempora
2712 1845 2772 1898 in
2802 1844 2936 1898 bina
2966 1843 3305 1898 demetiente'
3339 1860 3402 1898 ac
3433 1846 3701 1899 secante?

2003 1934 2244 2000 Quidilli
2258 1935 2500 2005 quinum
2518 1921 2932 2004 septenumque
2958 1937 3287 2002 temporum
3305 1933 3479 2002 pedes
3496 1935 3524 1986 ?
3548 1933 3702 1988 unde

2002 2025 2200 2078 solutas
2226 2022 2489 2087 orationi,
2518 2038 2690 2094 quam
2720 2021 2975 2075 versibus
3004 2020 3272 2074 videntur
3293 2021 3561 2092 aptiores,
3591 2021 3701 2076 nisi

2003 2112 2160 2183 quod
2192 2127 2394 2166 eorum
2438 2127 2569 2181 pars
2601 2109 2789 2164 minor
2818 2110 2878 2164 in
2913 2114 3103 2180 partes
3140 2110 3390 2180 aequales
3419 2110 3701 2180 majorem

2001 2215 2119 2252 non
2151 2197 2393 2252 dividit?
2417 2199 2480 2252 Et
2507 2199 2569 2253 hi
2591 2203 2785 2252 tamen
2814 2197 2924 2269 ipsi
2948 2199 3102 2252 unde
3129 2197 3510 2252 admittuntur
3532 2199 3592 2252 in
3613 2199 3702 2252 sui

2003 2286 2231 2357 generis
2251 2286 2448 2341 ordine
2470 2287 2541 2340 ad
2560 2292 2886 2357 temporum
2910 2286 3404 2354 numerositatem,
3434 2286 3543 2340 nisi
3569 2287 3704 2358 quia

2005 2379 2060 2428 et
2085 2375 2144 2428 in
2175 2375 2429 2447 quinque
2453 2375 2806 2445 temporibus
2836 2379 3022 2429 tantas
3042 2375 3181 2429 duas
3201 2375 3508 2444 particulas
3528 2376 3701 2430 habet

2004 2481 2136 2535 pars
2164 2463 2374 2527 minor,
2405 2469 2646 2535 quantas
2680 2464 2889 2534 majors
2920 2468 3030 2517 tres
3055 2483 3069 2531 ;
3097 2468 3153 2516 et
3181 2462 3242 2515 in
3273 2469 3486 2533 septem
3519 2467 3704 2516 tantas

2003 2560 2118 2607 tres
2166 2553 2374 2620 minor,
2409 2557 2650 2623 quantas
2693 2552 2876 2622 major
2919 2551 3204 2622 quatuor?
3235 2553 3316 2604 Ita
3345 2551 3405 2604 in
3435 2551 3702 2605 omnibus

2005 2642 2244 2712 pedibus
2288 2642 2447 2695 nulla
2489 2657 2618 2711 pars
2653 2640 2893 2694 minima
2931 2645 3016 2694 est
3043 2639 3283 2709 alicujus
3328 2639 3704 2695 dimensionis

2003 2731 2242 2784 articulo
2275 2734 2488 2796 notata,
2514 2730 2604 2783 cui
2631 2745 2748 2783 non
2770 2733 2989 2783 caetera:
3013 2733 3224 2800 quanta
3248 2733 3488 2799 possunt
3513 2744 3702 2799 aequa-

2003 2819 2162 2874 litate
2192 2818 2570 2872 consentiant.

2073 2911 2161 2962 2‘7.
2210 2909 2350 2977 Age,
2397 2905 2459 2958 in
2501 2904 2820 2976 conjunctis
2869 2905 3113 2975 pedibus
3155 2904 3271 2958 sive
3303 2904 3479 2959 libera
3507 2921 3699 2975 perpe-

2003 2996 2206 3050 tuitate
2234 2993 2566 3065 porrigatur
2595 2993 2703 3047 ista
2731 2993 3080 3064 conjunctio,
3115 2993 3260 3046 sicut
3293 2993 3353 3046 in
3383 2993 3662 3064 rhythmis
3688 3011 3701 3059 ;

2006 3084 2120 3138 sive
2151 3085 2220 3138 ab
2268 3083 2460 3154 aliquo
2492 3087 2647 3136 certo
2677 3082 2794 3136 ﬁne
2833 3086 3146 3147 revocetur,
3179 3081 3324 3136 sicut
3370 3082 3431 3135 in
3463 3081 3660 3134 metris
3688 3097 3701 3147 ;

2005 3173 2121 3226 sive
2153 3171 2324 3226 etiam
2353 3171 2411 3224 in
2442 3171 2552 3226 duo
2584 3170 2844 3225 membra
2872 3171 3119 3242 quadam
3155 3171 3278 3240 lege
3309 3169 3538 3224 sibimet
3567 3186 3703 3223 con-

2005 3261 2272 3332 gruentia
2291 3260 2596 3326 tribuatur,
2621 3260 2765 3314 sicut
2784 3260 2843 3313 in
2873 3259 3127 3313 versibus
3153 3275 3166 3312 :
3200 3275 3313 3329 qua
3338 3258 3570 3312 tandem
3592 3256 3704 3311 alia

2004 3368 2084 3416 re,
2114 3349 2227 3404 nisi
2247 3348 2569 3420 aequalitate
2594 3365 2693 3418 pes
2715 3349 2847 3418 pedi
2875 3349 3092 3402 amicus
3119 3364 3178 3402 es
3196 3350 3226 3402 ?
3257 3348 3413 3401 Unde
3445 3346 3702 3412 molossi,

2006 3445 2063 3492 et
2105 3438 2428 3492 ionicorum
2481 3438 2696 3508 syllaba
2735 3436 2926 3490 media
2961 3453 3090 3507 qua:
3127 3437 3298 3506 longa
3332 3439 3440 3502 est,
3470 3451 3586 3488 non
3615 3451 3698 3487 sc-

2005 3528 2212 3594 ctione,
2242 3527 2339 3580 sed
2363 3530 2508 3579 nutu
2528 3523 2550 3558 ³
2576 3525 2701 3595 ipso
2732 3524 3158 3595 pronuntiantis
3179 3529 3350 3595 atque
3380 3522 3706 3594 plaudentis

2004 3617 2066 3670 in
2097 3617 2210 3670 duo
2258 3614 2417 3685 paria
2446 3620 2741 3667 momenta
2769 3613 3032 3666 distribui
3062 3617 3288 3683 potest;
3323 3618 3386 3665 ut
3417 3611 3590 3666 etiam
3635 3613 3704 3665 ad

2004 3709 2168 3757 terna
2196 3708 2458 3772 tempora
2487 3718 2588 3772 pes
2640 3706 2792 3758 totus
2833 3700 3155 3766 conveniat,
3204 3698 3435 3768 quando
3485 3699 3706 3752 caeteris

2005 3791 2104 3862 qui
2157 3791 2358 3844 eodem
2410 3791 2582 3844 modo
2631 3789 2981 3854 dividuntur,
3023 3786 3386 3858 adjungitur;
3442 3802 3544 3839 cur
3594 3785 3705 3839 nisi

2005 3879 2344 3950 aequalitatis
2377 3879 2508 3947 jure
2548 3877 2898 3942 dominante,
2933 3875 3089 3947 quod
3119 3874 3331 3928 scilicet
3359 3874 3595 3945 aequalis
3622 3880 3707 3927 est

2006 3967 2277 4022 lateribus
2309 3966 2332 4000 ⁴
2362 3967 2495 4031 suis,
2545 3981 2674 4036 qua:
2715 3966 2982 4019 binorum
3024 3969 3349 4034 temporum
3380 3968 3531 4027 sunt,
3573 3978 3704 4015 cum

2006 4062 2060 4111 et
2084 4057 2206 4127 ipsa
2237 4056 2306 4109 sit
2337 4055 2517 4110 duum
2542 4053 2907 4124 temporum?
2936 4053 3045 4108 Cur
3071 4052 3224 4106 idem
3246 4051 3370 4106 ﬁeri
3401 4051 3461 4105 in
3487 4051 3706 4120 amphi-

2004 4146 2213 4200 bracho
2243 4161 2354 4198 non
2387 4149 2593 4215 potest,
2617 4143 2845 4214 quando
2867 4142 3086 4196 caeteris
3114 4146 3360 4212 quatuor
3382 4145 3706 4209 temporum

2007 4234 2358 4304 adjungitur,
2384 4232 2491 4286 nisi
2517 4231 2652 4303 quia
2674 4236 2831 4286 tanta
2855 4230 2934 4285 ibi
2953 4246 3067 4283 non
3097 4229 3388 4284 invenitur
3413 4227 3706 4298 aequalitas

2005 4323 2181 4392 duplo
2207 4321 2417 4386 medio,
2437 4320 2708 4374 lateribus
2736 4320 2998 4390 simplis?
3016 4320 3128 4374 Cur
3147 4319 3202 4372 in
3232 4317 3595 4372 silentiorum
3623 4316 3707 4369 in-

2009 4411 2254 4466 tervallis
2285 4411 2441 4464 nulla
2475 4410 2671 4464 fraude
2711 4425 2907 4462 sensus
2937 4407 3268 4472 offenditur,
3304 4406 3412 4459 nisi
3453 4406 3588 4476 quia
3620 4404 3707 4458 ci-

2006 4501 2137 4554 dem
2159 4499 2276 4568 juri
2307 4498 2666 4569 mqualitatis,
2700 4496 2922 4552 etiamsi
2952 4512 3069 4550 non
3101 4511 3263 4560 sono,
3297 4494 3479 4565 spatio
3513 4499 3706 4547 tamen

2005 4588 2276 4659 temporis
2306 4587 2457 4658 quod
2496 4587 2752 4649 debetur,
2797 4585 3151 4638 exsolvitur?
3181 4583 3294 4638 Cur
3322 4589 3596 4653 sequente
3628 4581 3709 4634 si-

2007 4678 2178 4731 lentio
2209 4677 2382 4730 etiam
2420 4675 2606 4730 brevis
2637 4674 2851 4744 syllaba
2885 4690 2988 4744 pro
3038 4673 3206 4743 longa
3255 4671 3550 4742 accipitur,
3590 4687 3707 4724 nou

2007 4765 2286 4824 instituto.
2319 4764 2416 4818 sed
2465 4763 2587 4833 ipso
2637 4763 2883 4816 naturali
2939 4761 3200 4815 examine
3257 4760 3414 4831 quod
3472 4759 3708 4813 auribus

2006 4853 2275 4924 praesidet
2299 4869 2311 4919 ;
2335 4852 2444 4906 nisi
2465 4851 2599 4922 quia
2625 4850 2684 4904 in
2708 4851 2890 4920 spatio
2913 4850 3185 4920 temporis
3210 4848 3470 4920 longiore
3496 4840 3704 4902 'sonum

2005 4947 2289 4996 coarctare
2319 4940 2378 4993 in
2404 4939 2694 5009 angustias
2722 4938 2914 4991 eadem
2938 4938 3036 4991 illa
3054 4937 3399 5007 mqualitatis
3432 4937 3555 5003 lege
3583 4951 3707 5004 pro-

2004 5031 2271 5085 hibemur
2293 5031 2320 5084 ?
2348 5030 2544 5099 Itaque
2576 5028 2849 5098 syllabam
2884 5028 3031 5080 ultra
3061 5027 3173 5080 duo
3204 5030 3463 5096 tempora
3493 5023 3706 5094 produ-

2007 5135 2154 5186 cere,
2189 5123 2249 5172 ut
2294 5118 2466 5172 etiam
2505 5133 2644 5170 sono
2684 5117 2991 5187 impleatur
3029 5117 3180 5186 quod
3210 5113 3433 5169 silentio
3477 5110 3706 5180 impleri

2007 5212 2214 5278 potest,
2233 5206 2481 5260 admittit
2508 5210 2712 5260 natura
2733 5205 3006 5259 audiendi
3029 5211 3086 5259 et
3106 5200 3362 5257 tacendi5
3385 5217 3398 5253 :
3423 5205 3486 5254 ut
3511 5205 3706 5253 autem

2072 5297 2087 5328 ι
2106 5295 2200 5342 Ms.
2216 5294 2274 5342 Α.
2289 5294 2378 5342 sic:
2395 5297 2502 5342 Non
2514 5293 2730 5344 aliunde
2741 5291 2989 5343 blandius
3002 5305 3160 5342 sanan
3170 5293 3350 5352 [atque
3361 5287 3704 5350 festivius.M.

2068 5358 2089 5422 2
2114 5357 2402 5422 Duodecim
2423 5355 2570 5422 Mss.
2599 5369 2665 5422 ex
2688 5355 2926 5422 qualibet
2951 5356 3128 5422 parte,
3291 5412 3322 5422 η

2070 5421 2090 5453 ³
2121 5419 2261 5467 ltain
2277 5420 2394 5466 Mss.
2415 5411 2888 5481 Atinprius'editis,
2904 5411 3065 5481 metu.
3081 5441 3138 5449 —
3157 5411 3242 5481 Sic
3256 5412 3417 5481 etiam.
3433 5411 3525 5458 Ms.
3631 5411 3701 5481 ΜΤ

2070 5483 2089 5515 ⁴
2120 5483 2231 5529 Am.
2257 5481 2406 5544 Er._et
2419 5473 2861 5544 Lov.,'zequalibus
2879 5478 3144 5544 lateribus:
3173 5474 3274 5521 Sed
3296 5473 3490 5544 clarius
3505 5473 3706 5543 aliquot

2017 5543 2162 5603 Mss,
2185 5542 2402 5603 zrqualis
2424 5549 2529 5601 est;
2553 5537 2767 5598 Scilicet,
2793 5555 2880 5603 pes
2903 5545 3016 5587 tum
3040 5537 3320 5603 molossu_s,
3345 5541 3456 5584 tum
3480 5537 3704 5603 ionicus.

2073 5607 2094 5641 5
2129 5597 2186 5654 In
2209 5597 2470 5669 plerisque
2481 5597 2620 5664 Mss,
2640 5597 2896 5655 audiendi
2922 5605 2971 5650 el
2992 5597 3230 5649 canendi.
3249 5599 3314 5648 Et
3334 5611 3454 5647 mox
3477 5597 3532 5645 in
3553 5597 3706 5647 editis
