4064 6354
123 248 246 300 1181

117 386 183 424 eo
213 369 366 442 quod
387 367 505 423 vidi
551 367 715 435 facio,
769 367 1050 422 memoria
1078 367 1264 423 facio:
1313 371 1370 423 et
1416 373 1612 423 tamen
1652 369 1810 425 aliud

117 461 202 511 est
228 457 290 511 in
309 454 588 510 memoria
615 453 872 509 invenire
901 454 1282 525 phantasiam,
1313 455 1468 510 aliud
1497 457 1567 511 de
1599 473 1810 513 memo-

116 546 200 600 ria
244 546 427 600 facere
455 544 809 615 phantasma.
845 543 981 608 Quae
1010 543 1206 598 omnia
1234 544 1316 598 vis
1345 545 1552 600 animm
1602 549 1805 616 potest.

116 633 226 688 Sed
265 649 395 687 vera
438 632 612 686 etiam
677 633 1076 702 phantasmata
1133 633 1342 687 habere
1395 650 1499 704 pro
1543 634 1806 705 cognitis,

117 738 373 776 summus
399 737 562 774 error
593 724 694 775 est.
726 720 1067 791 Quanquam
1101 720 1173 774 sit
1227 721 1288 775 in
1317 726 1562 794 utroque
1600 739 1809 792 genere

117 811 270 883 quod
297 827 397 865 nos
428 826 546 864 non
575 809 819 863 absurde
843 808 985 863 scire
1028 809 1306 876 dicamus,
1335 811 1394 865 id
1422 816 1526 877 est,
1569 811 1810 866 sensisse

116 915 216 953 nos
247 898 400 964 talia,
425 897 513 951 vel
541 896 848 967 imaginari
871 912 975 950 nos
1005 897 1159 951 talia.
1188 899 1416 952 Patrem
1438 899 1684 970 denique
1718 915 1809 954 me

115 986 378 1042 habuisse
412 989 470 1040 et
495 1001 682 1048 avum,
716 1001 832 1039 non
862 987 1078 1039 temere
1132 1001 1369 1056 possum
1399 985 1624 1042 dicere:
1656 987 1810 1058 ipsos

117 1079 307 1129 autem
337 1089 457 1128 esse
493 1089 636 1145 quos
691 1073 917 1128 animus
968 1089 1127 1128 meus
1181 1073 1242 1128 in
1274 1075 1574 1146 phantasia
1609 1077 1699 1130 vel
1749 1076 1810 1130 in

118 1163 510 1234 phantasmate
543 1165 718 1230 tenet,
765 1160 1191 1215 dementissime
1241 1161 1505 1219 dixerim.
1556 1162 1810 1233 Sequun-

116 1257 208 1306 tur
234 1255 429 1306 autem
461 1248 725 1304 nonnulli
753 1249 1153 1319 phantasmata
1182 1265 1283 1303 sua
1308 1254 1426 1305 tam
1463 1251 1806 1322 praecipites,

116 1346 180 1395 ut
207 1339 364 1394 nulla
392 1338 464 1393 sit
493 1337 604 1392 alia
657 1337 924 1392 materies
971 1337 1233 1392 omnium
1271 1339 1543 1393 falsarum
1584 1339 1808 1409 opinio-

115 1444 274 1495 num,
307 1443 480 1498 quam
534 1426 748 1480 habere
777 1425 1106 1496 phantasias
1128 1427 1229 1495 ivel
1279 1427 1676 1497 phantasmata
1705 1441 1808 1497 pro

115 1515 374 1587 cognitis,
410 1531 538 1587 quae
589 1518 1016 1586 cognoscuntur
1042 1531 1145 1585 per
1173 1531 1405 1570 sensum
1431 1517 1470 1570 ί.
1503 1515 1689 1580 Quare
1720 1513 1809 1568 his

115 1603 476 1675 potissimum
502 1603 855 1670 resistamus,
887 1619 992 1658 nec
1009 1603 1091 1657 eis
1111 1603 1192 1658 ita
1215 1609 1470 1658 mentem
1489 1619 1807 1658 accommo-

115 1695 334 1760 demus,
365 1696 428 1746 ut
459 1692 596 1746 dum
621 1691 684 1745 in
732 1691 823 1746 his
853 1696 940 1747 est
985 1691 1271 1763 cogitatio,
1320 1691 1712 1764 intelligentia
1742 1708 1809 1746 ea

117 1781 268 1836 cerni
298 1781 663 1836 arbitremur.

184 1873 270 1925 33.
308 1871 419 1925 Cur
449 1872 642 1923 autem
673 1867 721 1921 si
748 1867 1084 1937 hujusmodi
1139 1868 1367 1924 numeri
1422 1869 1524 1940 qui
1555 1869 1702 1924 fiunt
1747 1869 1808 1922 in

115 1958 303 2014 anima
328 1957 498 2012 rebus
523 1957 940 2028 temporalibus
968 1957 1178 2024 dedita,
1222 1956 1436 2012 habent
1464 1957 1552 2012 sui
1581 1957 1807 2028 generis

115 2046 618 2118 pulchritudinem,
653 2046 910 2117 quamvis
958 2062 1087 2100 eam
1130 2046 1477 2101 transeundo
1533 2046 1804 2113 actitent,

115 2135 358 2190 invideat
398 2135 533 2190 huic
581 2134 998 2206 pulchritudini
1027 2134 1218 2189 divina
1244 2134 1621 2205 providentia,
1676 2151 1806 2205 quae.

116 2224 181 2278 de
208 2227 401 2278 nostra
429 2223 640 2294 poenali
687 2223 1031 2278 mortalitate
1057 2224 1357 2293 formatur,
1387 2239 1560 2295 quam
1605 2223 1804 2294 justis-

115 2313 253 2367 sima
283 2312 382 2367 Dei
413 2313 539 2381 lege
587 2313 904 2366 meruimus
934 2329 946 2366 :
981 2311 1043 2366 in
1071 2329 1185 2384 qua
1213 2315 1406 2367 tamen
1436 2328 1542 2367 nos
1572 2329 1687 2366 non
1727 2312 1808 2367 ita

115 2401 383 2468 deseruit,
415 2405 480 2455 ut
508 2417 626 2456 non
653 2401 942 2456 valeamus
991 2416 1304 2468 recurrere,
1335 2405 1392 2456 et
1422 2417 1454 2455 a
1491 2400 1806 2455 carnalium

115 2507 379 2546 sensuum
408 2490 806 2558 delectatione,
836 2489 1224 2544 misericordia
1251 2490 1374 2560 ejus
1411 2505 1649 2544 manum
1677 2505 1806 2560 por-

117 2579 355 2649 rigente,
387 2579 658 2634 revocari.
693 2578 841 2632 Talis
870 2577 1025 2632 enim
1087 2577 1384 2632 delectatio
1435 2578 1806 2633 vehementer

117 2667 302 2738 infigit
328 2667 621 2722 memorias
651 2667 803 2738 quod
832 2666 1006 2721 trahit
1038 2683 1072 2720 a
1098 2665 1329 2721 lubricis
1357 2665 1634 2721 sensibus.
1678 2668 1807 2720 Haac

120 2760 305 2810 autem
332 2756 543 2822 animae
599 2755 948 2810 consuetudo
975 2755 1123 2810 facta
1167 2771 1298 2810 cum
1353 2770 1542 2822 carne,
1572 2760 1807 2826 propter

119 2845 400 2899 carnalem
431 2843 812 2910 affectionem,
846 2843 909 2897 in
939 2843 1240 2914 Scripturis
1291 2842 1499 2898 divinis
1541 2859 1671 2898 caro
1701 2860 1805 2898 no-

119 2932 378 2987 minatur.
410 2933 541 2986 Haec
567 2931 751 2985 menti
787 2930 1132 2998 obluctatur,
1166 2946 1296 2985 cum
1317 2931 1440 3001 jam
1471 2931 1582 2986 dici
1616 2935 1806 3002 potest

116 3021 487 3092 apostolicum
512 3020 692 3075 illud:
730 3022 906 3076 Mente
946 3022 1118 3074 servio
1140 3020 1246 3088 legi
1269 3021 1391 3087 Dei,
1433 3035 1593 3074 carne
1627 3025 1805 3090 autem

119 3111 219 3178 legi
249 3112 461 3180 peccati
490 3112 660 3177 (Rom.
694 3125 790 3176 vn,
848 3109 955 3178 25).
989 3108 1100 3164 Sed
1129 3109 1190 3162 in
1246 3108 1567 3179 spiritualia
1612 3113 1804 3164 mente

115 3214 381 3269 suspensa
409 3198 569 3270 atqui
597 3197 680 3252 ibi
707 3197 820 3252 ﬁxa
851 3202 906 3251 et
928 3202 1216 3264 manente,
1251 3197 1423 3256 etiam
1462 3198 1632 3269 hujus
1667 3215 1803 3252 con-

118 3286 430 3342 suetudinis
459 3287 706 3357 impetus
760 3285 1064 3356 frangitur,
1119 3291 1175 3341 et
1203 3286 1482 3358 paulatim
1509 3303 1802 3358 repressus

118 3375 509 3446 exstinguitur,
542 3375 715 3446 Major
743 3375 897 3430 enim
930 3380 1052 3430 erat
1082 3391 1212 3430 cum
1242 3391 1644 3445 sequeremur;
1687 3393 1804 3430 non

117 3468 300 3518 tamen
333 3465 571 3519 omnino
597 3465 808 3531 nullus,
838 3465 939 3520 sed
967 3468 1118 3520 certe
1147 3465 1338 3519 minor
1367 3468 1452 3519 est
1501 3481 1632 3520 cum
1671 3482 1804 3520 eum

115 3553 484 3620 refrenemus,
544 3556 715 3624 atque
774 3551 853 3606 ita
902 3553 1070 3608 certis
1127 3552 1478 3624 regressibus
1535 3554 1603 3608 ab
1647 3555 1804 3609 omni

116 3640 436 3696 lasciviente
466 3645 650 3708 motu,
681 3641 741 3694 in
775 3657 888 3712 quo
920 3641 1173 3696 defectus
1195 3642 1454 3696 essentia:
1468 3646 1551 3696 est
1572 3643 1800 3709 animm,

113 3729 477 3784 delectatione
505 3729 567 3783 in
595 3729 834 3783 rationis
866 3745 1135 3784 numeros
1186 3729 1449 3784 restituta
1506 3730 1577 3784 ad
1621 3732 1803 3786 Deum

115 3821 225 3873 tota
252 3819 368 3873 vita
396 3821 590 3872 nostra
639 3818 1010 3886 convertitur,
1063 3817 1203 3872 dans
1255 3817 1478 3888 corpori
1533 3833 1804 3872 numeros

115 3906 387 3975 sanitatis,
440 3922 560 3960 non
615 3905 897 3976 accipiens
951 3905 1087 3961 inde
1141 3905 1438 3974 laztitiam;
1469 3907 1623 3977 quod
1674 3923 1803 3962 cor-

115 4000 273 4066 rupto
299 3994 584 4051 exteriore
619 3993 870 4061 homine,
905 3997 963 4050 et
988 3995 1111 4066 ejus
1141 3993 1202 4050 in
1231 3994 1438 4049 melius
1486 3999 1800 4050 commuta-

113 4082 258 4140 tione
287 4083 602 4155 continget.

177 4230 402 4286 CAPUT
426 4230 539 4285 XII.
571 4258 640 4271 —
670 4231 748 4284 De
774 4229 1011 4283 numeris
1038 4228 1422 4298 spiritualibus
1453 4232 1504 4284 et
1529 4230 1762 4284 aeternis.

179 4355 263 4409 34.
316 4353 535 4425 Excipit
587 4356 778 4408 autem
833 4351 1114 4407 memoria
1160 4368 1276 4407 nan
1330 4353 1516 4407 solum
1549 4353 1801 4407 carnales

113 4445 295 4495 motus
319 4439 522 4507 animi,
549 4439 618 4495 de
651 4439 860 4510 quibus
889 4439 1147 4494 numeris
1177 4455 1350 4510 supra
1379 4440 1502 4510 jam
1533 4439 1798 4507 diximus;

114 4529 205 4584 sed
233 4530 406 4585 etiam
436 4529 779 4601 spirituales,
813 4529 883 4584 de
913 4529 1121 4601 quibus
1151 4528 1401 4584 breviter
1429 4529 1633 4585 dicam.
1677 4530 1799 4594 Quo

113 4618 259 4674 enim
288 4618 684 4688 simpliciores,
718 4623 871 4685 sunt,
904 4619 1287 4674 eoverborum
1303 4618 1511 4687 minus,
1544 4619 1642 4674 sed
1671 4620 1799 4691 plu-

114 4705 316 4762 rimum
339 4724 560 4763 serenae
594 4707 805 4762 mentis
835 4707 1181 4762 desiderant.
1211 4707 1614 4778 Aiqualitatem
1640 4707 1800 4762 illam

111 4810 276 4864 quam
303 4796 365 4850 in
400 4795 767 4851 sensibilibus
794 4797 1048 4851 numeris
1077 4812 1194 4850 non
1226 4795 1654 4866 reperiebamus
1686 4811 1801 4850 cer-

111 4886 222 4937 tam
252 4889 308 4939 et
335 4889 686 4955 manentem,
717 4885 816 4940 sed
844 4889 1036 4940 tamen
1048 4885 1467 4945 adumbratam,
1491 4888 1547 4938 et
1570 4889 1800 4954 praeter-

113 4977 339 5028 euntem
368 4973 837 5045 agnoscebamus,
889 4990 1175 5046 nusquam
1219 4974 1474 5046 profecto
1503 4978 1800 5044 appeteret

113 5060 330 5117 animus
358 5063 470 5117 nisi
483 5063 694 5117 alicubi
723 5068 860 5117 nota
889 5069 1034 5118 esset
1056 5080 1070 5118 :
1092 5064 1199 5119 hoc
1228 5067 1420 5118 autem
1451 5062 1660 5118 alicubi
1681 5079 1801 5118 non

112 5147 168 5203 in
198 5151 391 5222 spatiis
416 5153 676 5206 locorum
694 5156 748 5206 et
777 5156 1099 5222 temporum
1127 5170 1140 5220 ;
1173 5169 1306 5207 nam
1334 5152 1434 5206 illa
1466 5157 1710 5220 tument,
1743 5157 1801 5208 et

112 5237 213 5292 ista
237 5245 604 5310 praetereunt.
639 5240 745 5296 Ubi
775 5256 911 5311 ergo
961 5257 1175 5308 censes,
1233 5241 1532 5313 responde,
1580 5257 1798 5313 quasso,

174 5393 187 5424 ί
214 5391 254 5440 Α
276 5393 537 5456 plerisque
567 5395 710 5456 Mss,
747 5394 943 5443 absunt
961 5392 1144 5443 isthmc
1173 5394 1337 5443 verba
1361 5409 1373 5443 :
1409 5395 1583 5454 Quam
1605 5395 1801 5446 habere

114 5449 517 5576 ztgggsgsmuet
527 5449 906 5520 phantasmata
911 5469 1008 5520 pro
1024 5459 1264 5520 cognitis,
1287 5469 1400 5520 qua:
1409 5449 1800 5520 cognoscuntur

1582 247 1794 304 LIBER
1853 246 2144 304 SEXTUS.

3483 261 3619 312 1182

1919 370 1968 425 si
1994 374 2202 442 potest.
2236 372 2362 426 Non
2387 372 2543 428 enim
2581 373 2644 427 in
2672 389 2974 444 corporum
3026 375 3228 430 formis
3256 382 3441 447 putas,
3474 395 3617 450 quas

1917 459 2138 531 liquido
2171 460 2428 514 examine
2457 463 2704 532 aequales
2747 478 3046 535 nunquam
3101 464 3288 520 dicere
3330 467 3565 521 audebis
3601 485 3614 522 :

1859 603 1866 609 ,
1916 553 2016 602 aut
2069 548 2130 602 in
2185 552 2511 618 temporum
2557 551 2890 619 intervallis,
2967 552 3029 606 in
3078 551 3286 623 quibus
3353 553 3618 608 similiter

1917 639 2109 689 utrum
2143 636 2217 690 sit
2246 635 2460 706 aliquid
2489 637 2778 708 aliquanto
2805 654 2980 708 quam
3010 643 3236 710 oportet
3278 641 3614 710 productius

1915 725 2002 779 vel
2032 723 2344 794 correptius
2374 725 2524 794 quod
2548 741 2776 780 sensum
2806 727 3012 797 fugiat,
3043 727 3409 798 {ignoramus
3453 729 3614 784 Illam

1917 812 2130 884 quippe
2159 811 2546 883 aequalitatem
2575 829 2769 884 quaero
2801 815 2899 869 ubi
2930 832 3048 870 esse
3080 817 3396 882 arbitreris,
3432 833 3608 887 quam

1917 900 2203 956 intuentes
2235 900 2498 972 cupimus
2527 901 2772 972 aequalia
2801 918 2921 958 esse
2950 905 3212 974 quaedam
3243 921 3487 975 corpora
3522 906 3618 958 vel

1916 1005 2221 1060 corporum
2278 994 2492 1056 motus,
2553 995 2610 1045 et
2667 990 2999 1060 diligentius
3057 993 3481 1048 considerantes
3539 995 3619 1048 eis

1916 1078 2092 1133 fidere
2119 1095 2234 1133 non
2260 1079 2555 1133 audemus.
2585 1081 2651 1133 D.
2711 1079 2796 1132 Ibi
2845 1084 2983 1148 puto
3029 1081 3183 1151 quod
3237 1087 3322 1136 est
3352 1081 3614 1152 corpori-

1916 1167 2022 1221 bus
2049 1166 2412 1221 excellentius
2436 1183 2449 1233 ;
2483 1165 2582 1220 sed
2609 1169 2806 1221 utrum
2832 1166 2896 1220 in
2924 1166 3048 1237 ipsa
3076 1168 3286 1236 anima,
3321 1186 3394 1224 an
3435 1169 3610 1224 etiam

1917 1271 2090 1325 supra
2117 1256 2370 1310 animam
2392 1253 2602 1309 nescio.

1987 1347 2079 1400 35.
2117 1347 2193 1399 Μ.
2228 1345 2287 1399 Si
2317 1361 2451 1416 ergo
2482 1359 2808 1415 quaeramus
2829 1347 3009 1399 artem
3030 1346 3200 1399 istam
3218 1346 3605 1416 rhythmicam

1915 1433 2005 1486 vel
2025 1432 2336 1498 metricam,
2355 1448 2468 1504 qua
2483 1437 2744 1500 utuntur,
2760 1432 2861 1504 qui
2899 1449 3090 1488 versus
3102 1433 3341 1504 faciunt,
3367 1440 3614 1505 putasne

1915 1521 2125 1576 habere
2149 1522 2372 1592 aliquos
2415 1537 2704 1587 numeros,
2762 1522 3076 1577 secundum
3126 1539 3269 1594 quos
3325 1524 3611 1579 fabricant

1915 1612 2154 1665 versus?
2183 1615 2247 1668 D.
2303 1610 2456 1665 Nihil
2505 1611 2662 1665 aliud
2692 1627 2928 1682 possum
2976 1611 3324 1666 existimare.
3361 1615 3437 1668 Μ.
3472 1613 3612 1678 Qui-

1915 1715 2161 1771 cumque
2189 1700 2281 1754 isti
2308 1705 2442 1754 sunt
2470 1700 2714 1766 numeri,
2746 1699 3039 1771 praeterire
3057 1700 3161 1754 tibi
3191 1700 3453 1755 videntur
3482 1717 3614 1755 cum

1917 1789 2192 1856 versibus,
2233 1805 2308 1843 an
2359 1805 2589 1843 manere
2614 1791 2642 1842 ?
2669 1791 2735 1843 D.
2786 1789 3009 1844 Manere
3063 1804 3217 1844 sane.
3252 1791 3326 1844 Μ.
3363 1790 3612 1844 Consen-

1915 1876 2174 1931 tiendum
2203 1880 2287 1930 est
2316 1892 2474 1946 ergo,
2508 1876 2576 1929 ab
2609 1875 2898 1946 aliquibus
2938 1876 3303 1932 manentibus
3355 1878 3614 1932 numeris

1915 1970 2327 2037 praetereuntes
2356 1964 2578 2034 aliquos
2599 1963 2908 2018 fabricari?
2929 1968 2991 2020 D.
3017 1965 3179 2034 Cogit
3210 1981 3300 2019 me
3323 1965 3469 2020 ratio
3493 1982 3617 2020 con-

1916 2054 2147 2108 sentire.
2175 2055 2249 2108 Μ.
2282 2053 2426 2118 Quid
2445 2052 2473 2106 ‘I
2503 2054 2650 2107 hanc
2675 2056 2856 2107 artem
2880 2069 3022 2107 num
3051 2053 3207 2108 aliud
3232 2058 3400 2124 putas
3441 2070 3618 2125 quam

1915 2142 2277 2197 affectionem
2338 2142 2650 2213 quamdam
2697 2157 2818 2196 esse
2866 2141 3044 2196 animi
3088 2142 3364 2197 artiﬁcis?
3413 2145 3486 2197 D.
3531 2145 3617 2198 Ita

1915 2231 2104 2286 credo.
2137 2232 2221 2286 Μ.
2256 2230 2519 2286 Credisne
2550 2231 2695 2284 hanc
2720 2230 3077 2285 affectionem
3107 2231 3280 2285 etiam
3302 2247 3422 2285 esse
3446 2230 3508 2285 in
3529 2247 3615 2300 eo,

1916 2319 2016 2390 qui
2043 2320 2214 2391 hujus
2242 2319 2379 2373 artis
2405 2319 2706 2390 imperitus
2761 2318 2893 2373 est?
2938 2321 3002 2373 D.
3062 2320 3228 2373 Nullo
3277 2319 3468 2376 modo.
3532 2321 3607 2374 Μ.

1916 2409 2108 2474 Quid?
2128 2409 2188 2463 in
2214 2409 2313 2462 illo
2335 2409 2436 2480 qui
2462 2408 2670 2463 oblitus
2693 2411 2778 2463 est
2807 2409 2977 2464 eam?
3006 2412 3072 2462 D.
3127 2411 3240 2464 Nec
3268 2409 3328 2462 in
3358 2409 3454 2462 illo
3486 2408 3614 2480 qui-

1915 2499 2066 2566 dem,
2101 2497 2235 2569 quia
2265 2502 2320 2552 et
2344 2498 2466 2568 ipse
2499 2497 2798 2568 imperitus
2855 2502 2955 2562 est,
3011 2496 3234 2552 etiamsi
3262 2497 3371 2552 fuit
3399 2497 3618 2568 peritus

1915 2587 2245 2659 aliquando.
2270 2589 2344 2642 Μ.
2379 2586 2525 2651 Quid
2544 2587 2571 2640 ?
2610 2586 2657 2640 si
2687 2602 2820 2640 eum
2851 2585 3161 2658 quisquam
3203 2586 3610 2657 interrogando

1915 2676 2375 2730 commemoret?
2404 2675 2717 2746 remigrare
2745 2675 2961 2730 adeum
2991 2680 3158 2745 putas
3187 2674 3318 2729 illos
3346 2691 3617 2729 numeros

1914 2765 1985 2818 ab
2013 2779 2077 2818 eo
2107 2764 2231 2834 ipso
2263 2763 2364 2834 qui
2389 2763 2746 2834 interrogat;
2777 2780 2850 2817 an
2881 2763 3047 2818 illum
3077 2763 3420 2818 intrinsecus
3463 2764 3618 2834 apud

1916 2856 2168 2907 mentem
2198 2868 2361 2906 suam
2391 2868 2620 2906 movere
2671 2869 2730 2907 se
2759 2852 2831 2906 ad
2857 2851 3098 2923 aliquid,
3126 2852 3281 2906 unde
3317 2851 3425 2906 sibi
3455 2852 3610 2922 quod

1914 2941 2183 2996 amiserat
2210 2941 2618 2996 redhibeatur?
2644 2944 2708 2998 D.
2744 2941 2912 3012 Apud
2969 2941 3344 3011 semetipsum
3372 2945 3512 3011 puto
3555 2940 3612 2995 id

1913 3032 2179 3100 agere.M.
2219 3031 2366 3084 Num
2387 3029 2560 3083 etiam
2591 3045 2721 3100 qua:
2767 3027 3111 3099 corripiatur
3140 3028 3376 3099 syllaba,
3410 3044 3610 3098 quaeve

1912 3119 2261 3190 producatur
2290 3118 2337 3172 si
2364 3119 2594 3189 penitus
2623 3116 2846 3180 excidit,
2880 3116 3234 3171 commoneri
3266 3133 3399 3171 eum
3429 3117 3610 3171 inter-

1915 3208 2168 3278 rogando
2197 3206 2526 3261 arbitraris:
2561 3223 2690 3260 cum
2747 3206 3052 3260 hominum
3084 3206 3270 3276 prisco
3316 3205 3528 3276 placito
3559 3210 3618 3259 et

1913 3296 2344 3366 consuetudine,
2377 3296 2500 3350 aliis
2547 3295 2758 3362 minor,
2792 3295 2920 3350 aliis
2962 3296 3146 3366 major
3172 3311 3333 3349 mora
3385 3294 3614 3365 syllabis

1913 3387 2042 3441 data
2071 3385 2187 3440 sit?
2217 3387 2358 3440 Nam
2407 3386 2658 3456 profecto
2714 3384 2760 3438 si
2812 3389 3020 3439 natura
3061 3385 3151 3438 vel
3199 3383 3500 3454 disciplina
3551 3382 3608 3437 id

1913 3475 2090 3530 ﬁxum
2117 3479 2264 3529 esset
2289 3491 2352 3528 ac
2380 3474 2600 3539 stabile,
2635 3490 2753 3528 non
2777 3473 3110 3528 recentioris
3149 3472 3424 3543 temporis
3463 3471 3617 3527 docti

1913 3563 2173 3618 homines
2236 3563 2542 3617 nonnullas
2580 3563 2983 3634 produxissent
3025 3577 3167 3632 quas
3211 3562 3615 3632 corripuerunt

1913 3651 2151 3722 antiqui,
2185 3652 2274 3705 vel
2305 3650 2716 3720 corripuissent
2740 3666 2882 3720 quas
2913 3650 3325 3719 produxerunt.
3360 3651 3433 3703 D.
3466 3651 3611 3704 Puto

1913 3744 1970 3794 et
1998 3740 2104 3793 hoc
2127 3755 2310 3809 posse,
2343 3737 2617 3809 quoniam
2657 3737 3025 3808 quantumvis
3072 3737 3325 3808 quidque
3371 3737 3611 3807 excidat,

1911 3830 2100 3897 potest
2125 3824 2574 3896 interrogatione
2603 3827 3087 3879 commemorante
3111 3825 3368 3879 redirein
3397 3841 3611 3880 memo-

1911 3916 2077 3970 riam.
2102 3917 2176 3971 M.
2205 3915 2409 3969 Mirum
2433 3913 2479 3967 si
2511 3913 2785 3984 opinaris,
2817 3913 3018 3984 quovis
3039 3913 3425 3984 interrogante
3444 3931 3610 3985 posse

1910 4009 1966 4060 te
1997 4003 2282 4058 recordari
2313 4003 2452 4074 quid
2481 4006 2610 4057 ante
2643 4018 2858 4057 annum
2911 4002 3240 4058 coenaveris.
3301 4007 3366 4058 D.
3411 4004 3612 4057 Fateor

1909 4109 2002 4148 me
2032 4109 2149 4148 non
2177 4109 2366 4163 posse,
2422 4107 2528 4147 nec
2584 4091 2748 4146 illum
2804 4091 2926 4162 jam
2959 4091 3220 4146 existimo
3269 4092 3340 4146 de
3381 4092 3610 4163 syllabis

1908 4199 2096 4254 posse,
2129 4196 2373 4253 quarum
2403 4180 2585 4251 spatia
2597 4179 2825 4251 penitus
2847 4180 3054 4235 oblitus
3072 4185 3178 4243 est,
3200 4180 3608 4252 interrogando

1909 4271 2223 4326 admoneri.
2256 4273 2330 4325 M.
2365 4270 2479 4324 Cur
2514 4270 2613 4336 ita,
2643 4269 2752 4323 nisi
2784 4269 2918 4340 quia
2945 4268 3007 4323 in
3030 4269 3138 4324 hoc
3191 4267 3427 4323 nomine
3458 4269 3610 4340 quod

1906 4363 2071 4416 Italia
2100 4359 2325 4426 dicitur,
2358 4359 2546 4430 prima
2571 4358 2789 4430 syllaba
2843 4374 2948 4429 pro
2999 4359 3292 4412 voluntate
3332 4374 3608 4429 quorum-

1909 4451 2041 4505 dam
2071 4449 2372 4504 hominum
2390 4447 2822 4518 corripiebatur,
2846 4452 2902 4501 et
2942 4463 3094 4502 nunc
3106 4463 3210 4518 pro
3248 4447 3493 4502 aliorum
3511 4465 3608 4502 vo-

1908 4535 2123 4590 luntate
2152 4537 2534 4606 producitur?
2570 4537 2634 4591 Ut
2662 4542 2855 4591 autem
2887 4553 3068 4591 unum
3098 4541 3154 4592 et
3185 4537 3298 4592 duo
3331 4554 3449 4591 non
3497 4538 3612 4592 sint

1911 4623 2039 4690 tria,
2072 4629 2127 4679 et
2170 4630 2235 4679 ut
2283 4626 2394 4679 duo
2443 4624 2546 4678 uni
2591 4641 2707 4679 non
2755 4626 2928 4695 duplo
2964 4626 3369 4696 respondeant,
3417 4627 3610 4681 nullus

1909 4717 2265 4768 mortuorum
2294 4713 2505 4784 potuit,
2537 4714 2728 4767 nullus
2761 4714 3020 4768 vivorum
3051 4720 3256 4785 potest,
3289 4717 3480 4770 nullus
3508 4732 3608 4786 po-

1909 4807 2194 4856 sterorum
2245 4803 2453 4873 poterit
2498 4803 2703 4856 facere.
2763 4806 2821 4856 D.
2886 4803 3039 4857 Nihil
3095 4803 3476 4859 manifestius.
3530 4807 3604 4859 Μ.

1909 4891 2057 4956 Quid
2088 4891 2135 4944 si
2166 4907 2301 4960 ergo
2328 4891 2438 4946 isto
2472 4891 2644 4945 modo
2694 4907 2806 4962 quo
2854 4891 2924 4945 de
2983 4908 3101 4946 uno
3160 4896 3218 4946 et
3270 4893 3338 4947 de
3389 4891 3609 4948 duobus

1907 4979 2262 5051 apertissime
2295 4979 2683 5050 quaesivimus,
2714 4983 2919 5034 caetera
2947 4979 3162 5047 omnia,
3219 4997 3347 5053 qua:
3383 4981 3450 5035 ad
3482 4981 3608 5033 illos

1907 5084 2177 5123 numeros
2199 5067 2492 5138 pertinent
2518 5072 2575 5121 et
2625 5067 2722 5121 ille
2751 5067 3156 5140 interrogetur,
3200 5069 3296 5140 qui
3329 5084 3442 5122 non
3467 5066 3608 5121 obli-

1906 5157 2190 5223 viscendo,
2219 5156 2317 5211 sed
2347 5157 2483 5228 quia
2521 5172 2818 5227 nunquam
2868 5157 3084 5224 didicit,
3129 5157 3428 5228 imperitus
3473 5156 3606 5209 est?

1907 5263 2099 5300 nonne
2128 5263 2259 5300 eum
2285 5262 2480 5300 censes
2520 5246 2783 5300 similiter
2831 5247 2977 5301 hanc
3007 5252 3187 5300 artem
3215 5243 3462 5314 exceptis
3491 5244 3604 5313 syl-

1905 5335 2050 5390 labis
2079 5351 2245 5404 posse
2270 5338 2656 5405 cognoscere?
2685 5339 2746 5390 D.
2776 5335 2912 5399 Quis
2941 5332 3326 5389 dubitaverit?
3355 5333 3430 5386 M.
3477 5332 3602 5396 Quo

1910 5423 2086 5493 igitur
2136 5440 2196 5478 se
2250 5423 2424 5479 etiam
2476 5423 2648 5478 istum
2710 5430 3002 5478 moturum
3058 5425 3244 5491 putas,
3301 5423 3364 5474 ut
3422 5421 3606 5475 menti

1911 5513 2034 5582 ejus
2059 5512 2468 5583 imprimantur
2493 5513 2554 5567 hi
2583 5512 2828 5578 numeri,
2860 5516 2918 5565 et
2941 5510 3099 5564 illam
3129 5508 3339 5563 faciant
3358 5508 3606 5564 affectio-
