4064 6382
456 276 591 334 “83

455 418 588 457 nem
614 417 746 472 quas
777 416 874 454 ars
907 399 1118 454 dicitur
1135 400 1166 451 ?
1193 413 1267 450 an
1295 396 1430 451 huic
1455 397 1652 450 saltem
1664 393 1760 448 ille
1778 391 2152 459 interrogator

450 506 543 543 eos
577 489 780 542 dabit?
804 491 875 542 D.
912 489 993 542 Eo
1022 485 1193 540 modo
1249 484 1423 540 etiam
1481 485 1650 538 istum
1705 479 1945 534 arbitror
1998 475 2150 547 apud

451 575 827 645 semetipsum
870 591 1068 646 agere,
1112 579 1178 628 ut
1224 589 1289 627 ea
1347 589 1474 644 quae
1533 569 1974 637 interrogantur,
2019 579 2149 617 vera

453 679 571 718 esse
604 661 895 733 intelligat
917 669 1090 736 atque
1121 661 1481 732 respondeat.

525 754 612 806 36.
647 752 721 805 M.
749 753 897 820 Age,
926 754 1096 821 jnunc
1145 748 1427 812 dic,mihi
1468 750 1656 799 utrum
1705 742 1766 796 hi
1811 741 2033 797 numeri
2079 740 2147 795 de

453 838 659 910 quibus
685 837 766 892 sic
797 841 1104 909 quaeritur,
1137 833 1562 891 commutabiles
1617 846 1735 885 esse
1773 830 1877 884 tibi
1913 828 2144 883 videan-

455 931 565 980 tur.
594 929 664 980 D.
704 926 874 980 Nullo
907 927 1098 981 modo.
1129 925 1200 978 Μ.
1229 924 1371 990 Ergo
1393 924 1631 973 aeternos
1660 933 1779 971 esse
1809 933 1924 970 non
1950 931 2140 986 negas.

457 1017 518 1068 Ι).
554 1014 674 1066 Imo
706 1013 911 1067 fateor.
943 1009 1216 1076 M.Quid?
1235 1012 1420 1060 metus
1448 1006 1543 1059 ille
1567 1021 1684 1058 non
1713 1003 1944 1069 suberit,
1965 1019 2034 1056 ne
2055 1001 2147 1055 ali-

458 1117 571 1172 qua
603 1116 717 1155 non
747 1100 808 1154 in
843 1099 925 1153 eis
951 1094 1303 1166 inaequalitas
1329 1093 1615 1148 fallat‘?D.
1643 1092 1789 1146 Nihil
1808 1108 1895 1145 me
1909 1091 2143 1144 omnino

458 1192 542 1243 est
571 1188 639 1241 de
664 1187 907 1240 istorum
938 1183 1261 1254 aequalitate
1291 1181 1557 1236 securius.
1578 1182 1657 1235 M.
1688 1181 1844 1235 Unde
1873 1195 2008 1249 ergo
2031 1195 2144 1232 cre-

457 1275 707 1329 dendum
739 1277 826 1326 est
855 1272 1064 1325 animas
1086 1269 1428 1340 tribuiquod
1441 1273 1716 1324 aeternum
1739 1272 1822 1322 est
1851 1273 1906 1323 et
1926 1268 2143 1321 incom-

457 1361 747 1426 mutabile,
785 1359 892 1412 nisi
915 1360 985 1414 ab
1016 1375 1127 1413 uno
1154 1363 1366 1412 aeterno
1394 1363 1452 1412 et
1470 1356 1945 1429 Lincommutabili
1986 1357 2099 1409 Deo
2117 1357 2145 1410 ?

453 1454 518 1504 D.
550 1450 670 1502 Non
702 1446 864 1501 video
896 1447 1037 1517 quid
1067 1446 1223 1501 aliud
1243 1446 1395 1500 credi
1426 1449 1701 1516 oporteat.
1734 1447 1806 1499 M.
1839 1445 1984 1510 Quid
2017 1449 2142 1498 tan-

453 1535 628 1590 dem?
657 1534 796 1588 illud
829 1550 1019 1589 nonne
1050 1534 1420 1588 manifestum
1470 1537 1574 1600 est,
1615 1549 1747 1587 eum
1776 1533 1876 1604 qui
1905 1533 2015 1587 alio
2047 1533 2141 1586 in-

452 1628 778 1694 terrogante
822 1637 943 1676 sese
999 1622 1153 1676 intus
1209 1622 1278 1676 ad
1332 1623 1511 1676 Deum
1562 1627 1772 1688 movet,
1832 1626 1896 1675 ut
1941 1636 2141 1675 verum

453 1709 917 1766 incommutabile
946 1710 1264 1781 intelligat;
1298 1709 1406 1764 nisi
1427 1709 1694 1764 eumdem
1723 1714 1945 1764 motum
1974 1724 2142 1763 suum

453 1801 733 1854 memoria
759 1805 968 1867 teneat,
997 1815 1114 1853 non
1154 1813 1316 1869 posse
1371 1799 1443 1853 ad
1491 1798 1831 1852 intuendum
1878 1798 2021 1852 illud
2045 1813 2139 1851 ve-

453 1906 605 1957 rum,
640 1891 795 1943 nullo
822 1889 1167 1942 extrinsecus
1201 1887 1544 1942 admonente
1597 1886 1895 1942 revocari?
1944 1889 2006 1940 D.
2040 1887 2142 1941 Ma-

454 1978 723 2033 nifestum
753 1981 850 2032 est.

453 2102 676 2156 CAPUT
705 2101 843 2156 XIII.
877 2131 946 2140 —
990 2101 1223 2154 Animus
1266 2099 1408 2154 unde
1441 2103 1503 2169 ﬁt
1531 2105 1590 2155 ut
1619 2117 1653 2154 a
1680 2102 1906 2154 veritate
1934 2102 2138 2154 incom-

1005 2187 1258 2241 mutabili
1280 2192 1578 2242 avertatur.

522 2309 607 2359 37.
641 2305 714 2359 Μ.
743 2302 946 2366 Quaero
976 2318 1108 2373 ergo
1157 2318 1408 2373 quonam
1463 2302 1566 2358 iste
1622 2303 1691 2357 ab
1743 2303 2140 2373 hujuscemodi

449 2408 642 2446 rerum
669 2390 1144 2460 contemplatione
1174 2390 1450 2459 discedat,
1481 2396 1545 2446 ut
1573 2391 1750 2446 alium
1779 2393 1849 2446 ad
1883 2408 2009 2446 eam
2038 2409 2138 2446 ne-

448 2497 600 2534 cesse
633 2480 704 2533 sit
734 2478 1010 2532 memoria
1034 2478 1304 2532 revocari.
1329 2482 1415 2532 An
1445 2480 1589 2533 forte
1628 2479 1687 2532 in
1717 2479 1859 2534 illud
1889 2479 2140 2534 intentus

449 2569 674 2622 animus
701 2566 800 2621 tali
824 2567 1009 2621 reditu
1039 2567 1296 2637 indigere
1326 2569 1612 2639 putandus
1643 2571 1766 2623 est?
1809 2572 1872 2623 D.
1906 2569 1996 2623 Sic
2023 2570 2138 2624 exi-

449 2655 635 2710 stimo.
671 2658 748 2711 Μ.
780 2654 1104 2723 Videamus,
1139 2656 1184 2709 si
1215 2657 1419 2726 placet,
1452 2657 1588 2727 quid
1620 2661 1844 2710 tantum
1872 2657 2016 2712 illud
2067 2658 2140 2712 sit

447 2761 563 2815 quo
594 2742 1038 2815 possitintendi,
1098 2748 1161 2796 ut
1199 2744 1268 2797 ab
1301 2744 1784 2798 incommutabilis
1815 2749 1871 2798 et
1901 2761 2140 2799 summae

449 2832 788 2904 aequalitatis
815 2831 1299 2902 contemplatione
1329 2837 1634 2888 avertatur.
1671 2834 1811 2887 Nam
1840 2833 2024 2887 tribus
2047 2851 2139 2904 ge-

446 2921 677 2976 neribus
707 2920 950 2991 amplius
977 2921 1120 2974 nihil
1152 2921 1336 2976 video.
1367 2923 1481 2976 Aut
1505 2921 1660 2976 enim
1683 2922 1755 2976 ad
1785 2922 2001 2993 aliquid
2034 2939 2139 2993 par

445 3015 615 3082 atque
645 3011 716 3065 ad
739 3009 1017 3079 ejusmodi
1038 3010 1192 3064 aliud
1223 3027 1280 3064 se
1310 3010 1558 3065 intendit
1578 3011 1824 3078 animus,
1850 3028 1980 3066 cum
2000 3012 2134 3066 hinc

445 3099 738 3164 avertitur,
771 3102 870 3152 aut
900 3099 969 3152 ad
997 3098 1278 3168 superius,
1311 3103 1411 3153 aut
1441 3099 1510 3153 ad
1543 3099 1797 3154 inferius.
1829 3103 1892 3154 D.
1921 3101 1999 3153 De
2035 3117 2138 3154 caa-

445 3187 582 3241 teris
615 3186 835 3241 duobus
865 3186 1239 3256 quaerendum
1269 3191 1354 3240 est
1387 3203 1400 3240 :
1433 3203 1567 3240 nam
1596 3187 1734 3257 quid
1773 3187 1844 3241 sit
1873 3188 2137 3258 superius

445 3282 658 3331 aeterna
683 3274 1006 3344 aequalitate
1041 3290 1156 3327 non
1187 3274 1370 3328 video.
1403 3277 1476 3329 M.
1510 3275 1746 3328 Videsne
1805 3275 1945 3329 illud
1973 3277 2136 3330 obse-

445 3379 563 3429 cro,
614 3361 887 3432 quidnam
916 3362 968 3414 ei
1015 3377 1119 3432 par
1147 3378 1268 3416 esse
1320 3362 1520 3433 possit,
1578 3363 1732 3432 quod
1762 3368 1951 3418 tamen
1981 3365 2134 3418 aliud

444 3449 554 3504 sit?
583 3453 653 3504 D.
693 3450 772 3503 Ne
803 3449 854 3502 id
887 3449 1120 3519 quidem
1149 3450 1329 3504 video.
1363 3453 1439 3506 M.
1481 3453 1667 3506 Restat
1699 3468 1833 3522 ergo
1864 3458 1927 3506 ut
1978 3469 2132 3523 quae-

445 3553 657 3602 ramus,
691 3537 827 3607 quid
859 3538 929 3592 sit
971 3537 1228 3592 inferius.
1280 3539 1389 3593 Sed
1421 3555 1611 3593 nonne
1659 3540 1762 3593 tibi
1805 3540 1963 3611 prius
2015 3541 2138 3611 ipsa

445 3625 638 3680 anima
649 3625 917 3694 occurrit,
931 3643 1061 3696 quae
1085 3631 1237 3680 certe
1253 3627 1637 3699 asqualitatem
1654 3628 1811 3682 illam
1825 3629 2138 3683 incommu-

446 3713 676 3766 tabilem
699 3729 818 3767 esse
848 3715 1168 3778 conﬁtetur,
1203 3731 1260 3768 se
1293 3719 1480 3768 autem
1512 3716 1768 3786 agnoscit
1808 3716 2016 3770 mutari
2067 3731 2135 3770 eo

444 3801 567 3871 ipso
597 3800 748 3871 quod
766 3800 905 3854 alias
923 3800 1089 3869 hanc,
1117 3800 1690 3856 aliasaliudintuetur
1713 3821 1728 3868 ;
1755 3806 1809 3856 et
1839 3804 1946 3856 hoc
1968 3804 2136 3857 modo

445 3889 598 3943 aliud
630 3893 798 3960 atque
815 3888 969 3944 aliud
995 3905 1236 3960 sequens
1260 3889 1592 3944 varietatem
1622 3891 1897 3962 temporis
1929 3909 2136 3962 opera-

443 3981 556 4046 tur,
590 3993 719 4048 quaa
749 3977 806 4031 in
831 3977 1058 4032 aeternis
1084 3978 1709 4033 etincommutabilibus
1741 3979 1897 4034 nulla
1926 3983 2046 4034 est?
2065 3984 2131 4036 D.

442 4065 757 4119 Assentior.
810 4067 884 4120 M.
919 4067 1047 4119 Haec
1078 4065 1255 4136 igitur
1283 4066 1502 4121 affectio
1532 4066 1738 4120 animae
1794 4068 1877 4120 vel
1927 4073 2131 4135 motus,

443 4170 558 4224 quo
591 4153 860 4224 intelligit
889 4159 1122 4220 aeterna,
1157 4159 1212 4208 et
1232 4154 1320 4208 his
1349 4155 1621 4208 inferiora
1639 4171 1760 4209 esse
1775 4157 2132 4227 temporalia,

443 4242 616 4296 etiam
645 4242 706 4294 in
731 4241 918 4310 seipsa
942 4258 954 4308 ;
989 4246 1046 4294 et
1073 4241 1194 4295 haec
1224 4241 1549 4311 appetenda
1578 4241 1766 4312 potius
1797 4260 1924 4316 quae
1973 4262 2136 4316 supe-

444 4330 592 4384 riora
625 4335 776 4396 sunt,
804 4346 977 4400 quam
1009 4329 1107 4383 illa
1124 4347 1252 4401 quin
1283 4329 1556 4384 inferiora
1586 4337 1720 4385 sunt
1748 4333 2134 4389 novit:nonne

444 4417 548 4472 tibi
569 4418 878 4488 prudentia
905 4418 1178 4472 videtur?
1207 4421 1271 4472 D.
1301 4417 1448 4472 Nihil
1481 4419 1635 4473 aliud
1657 4419 1895 4476 videtur.

513 4510 600 4560 38.
632 4507 714 4560 Μ.
749 4505 894 4570 Quid
925 4505 1066 4560 illud
1089 4509 1117 4560 ?
1145 4522 1284 4560 num
1317 4506 1504 4559 minus
1533 4508 2005 4565 considerandum
2029 4528 2134 4583 pu-

441 4599 528 4647 tas
554 4594 707 4664 quod
745 4593 1003 4648 nondum
1034 4595 1092 4648 in
1123 4611 1189 4648 ea
1215 4595 1381 4649 simul
1433 4601 1516 4650 est
1562 4597 1787 4651 aeternis
1831 4600 2133 4670 inhaerere,

442 4698 573 4735 cum
598 4683 718 4753 jam
746 4683 806 4736 in
826 4700 892 4736 ea
922 4683 994 4736 sit
1022 4700 1186 4736 nosse
1216 4684 1303 4737 his
1334 4701 1453 4738 esse
1472 4685 1954 4742 inhmrendum?D
1976 4729 1987 4742 .
2013 4690 2134 4743 Imo

439 4770 688 4824 maxime
718 4776 782 4825 ut
812 4771 870 4825 id
892 4772 1313 4826 consideremus
1346 4779 1497 4843 peto,
1527 4775 1745 4828 etunde
1759 4774 1976 4829 accidat
1992 4775 2135 4830 scire

442 4857 630 4929 cupio.
661 4858 738 4912 M.
774 4858 956 4913 Facile
987 4859 1044 4914 id
1074 4861 1308 4922 videbis,
1343 4861 1391 4914 si
1435 4861 1900 4916 animadverteris
1929 4864 2135 4934 quibus

439 4947 610 5001 rebus
635 4947 883 5001 maxime
916 4948 1175 5002 animum
1226 4950 1509 5004 soleamus
1563 4949 1882 5015 intendere,
1929 4955 1985 5004 et
2014 4965 2134 5003 ma-

440 5051 615 5107 gnam
654 5051 851 5090 curam
899 5037 1208 5091 exhibere:
1245 5054 1379 5092 nam
1417 5054 1510 5092 eas
1567 5036 1772 5106 opinor
1830 5053 1950 5090 esse
1991 5054 2135 5108 quas

442 5123 688 5176 multum
741 5139 1000 5188 amamus
1027 5141 1040 5179 :
1071 5141 1143 5178 an
1199 5129 1257 5178 tu
1313 5125 1449 5178 alias
1497 5123 1795 5194 opinaris?
1841 5127 1907 5179 D.
1943 5124 2136 5179 Nullas

442 5210 710 5282 equidem
737 5211 891 5266 alias.
917 5214 990 5267 Μ.
1026 5213 1141 5279 Dic,
1176 5228 1276 5266 oro
1307 5217 1383 5280 te,
1414 5228 1550 5265 num
1600 5227 1898 5283 possumus
1945 5229 2136 5268 amare

443 5299 555 5354 nisi
587 5300 819 5370 pulchra
841 5304 869 5355 ?
899 5303 1039 5356 Nam
1070 5301 1174 5356 etsi
1195 5299 1427 5370 quidam
1448 5300 1712 5354 videntur
1729 5316 1922 5355 amare
1945 5302 2134 5356 defor-

439 5388 582 5458 mia,
625 5405 768 5458 quos
811 5391 980 5462 vulgo
1034 5389 1212 5445 Graeci
1263 5388 1584 5450 σαπροφῡκους
1637 5395 1854 5456 vocant,
1902 5390 2138 5444 interest

502 5514 518 5546 ι
539 5511 675 5566 ,1.ον.
695 5527 705 5558 :
729 5516 833 5564 Nos
845 5516 904 5566 in
925 5514 1003 5565 eis
1023 5510 1298 5575 az'qualitas
1307 5510 1486 5568 fallat.
1501 5511 1600 5561 Sex
1613 5512 1754 5570 Mss.,
1767 5513 2130 5576 inaequalitas.

1741 269 1830 323 UE
1867 264 2156 330 MUSICA,
2200 265 2252 319 ὃ.
2297 261 2677 319 AUGUSTINI

3817 260 3951 312 1184

2261 391 2451 440 tamen
2473 387 2685 455 quanto
2714 383 2904 438 minus
2929 383 3166 454 pulchra
3194 383 3310 437 sint
3336 397 3510 453 quam
3536 383 3634 437 illa
3661 399 3792 454 quae
3821 383 3951 453 plu-

2258 474 2414 528 ribus
2443 473 2686 544 placent.
2725 473 2862 526 Nam
2897 488 2964 526 ea
3010 471 3300 525 neminem
3347 487 3536 525 amare
3579 471 3947 526 manifestum

2257 567 2340 616 est
2369 577 2616 632 quorum
2640 560 2892 614 fmditate
2918 575 3114 614 sensus
3149 559 3475 614 offenditur.
3509 563 3573 614 D.
3616 561 3697 613 Ita
3729 565 3835 623 est,
3889 565 3949 614 ut

2257 651 2416 705 dicis.
2447 653 2528 705 Μ.
2571 651 2698 704 Haec
2728 649 2905 719 igitur
2929 649 3170 718 pulchra
3201 664 3440 701 numero
3461 649 3709 719 placent,
3743 649 3802 701 in
3834 665 3946 719 quo

2248 736 2370 806 jam
2396 736 2749 791 ostendimus
2777 737 3164 808 azqualitatem
3220 736 3432 806 appeti.
3498 738 3622 790 Non
3652 737 3806 790 enim
3842 738 3948 790 hoc

2253 829 2473 878 tantum
2518 825 2578 878 in
2605 841 2672 878 ea
2725 824 3149 895 pulchritudine
3188 841 3317 896 quae
3343 825 3412 878 ad
3465 840 3629 878 aures
3677 824 3944 895 pertinet,

2253 916 2422 983 atque
2447 913 2507 966 in
2537 917 2698 967 motu
2729 929 3030 984 corporum
3086 919 3188 982 est,
3243 913 3550 979 invenitur,
3586 914 3682 967 sed
3713 914 3769 967 in
3811 913 3947 983 ipsis

2253 1001 2424 1054 etiam
2453 1001 2765 1056 visibilibus
2785 1001 3002 1066 formis,
3036 1003 3096 1055 in
3118 1000 3326 1072 quibus
3357 1003 3477 1072 jam
3509 1001 3772 1055 usitatius
3813 1002 3948 1055 dici-

2256 1089 2742 1160 turpulchritudo.
2778 1093 2863 1144 An
2894 1090 3047 1144 aliud
3079 1106 3250 1161 quam
3273 1089 3656 1161 aequalitatem
3689 1107 3949 1143 numero~

2253 1193 2373 1231 sam
2401 1193 2520 1232 esse
2552 1178 2866 1245 arbitraris,
2903 1195 3034 1232 cum
3066 1179 3228 1248 paria
3255 1178 3489 1248 paribus
3525 1178 3661 1232 bina
3687 1179 3950 1232 membra

2252 1266 2604 1335 respondent
2633 1283 2645 1321 :
2678 1283 2806 1338 qua:
2836 1272 3026 1321 autem
3058 1268 3285 1338 singula
3302 1271 3453 1334 sunt,
3480 1267 3730 1321 medium
3756 1268 3950 1320 locum

2253 1359 2464 1418 tenent,
2497 1359 2562 1408 ut
2590 1355 2658 1409 ad
2690 1372 2754 1408 ea
2804 1356 2870 1409 de
2930 1361 3170 1426 utraque
3229 1360 3389 1426 parte
3437 1355 3597 1425 paria
3649 1355 3953 1408 intervalla

2251 1446 2593 1497 serventur?
2623 1447 2686 1498 D.
2720 1444 2843 1498 Non
2867 1444 3030 1498 aliter
3057 1449 3222 1514 puto.
3257 1447 3329 1498 M.
3373 1444 3517 1508 Quid
3564 1443 3626 1497 in
3653 1443 3778 1514 ipsa
3823 1443 3954 1496 luce

2251 1531 2460 1585 visibili
2485 1548 2614 1603 quin
2627 1532 2887 1586 omnium
2899 1533 3151 1586 colorum
3180 1533 3352 1588 habet
3381 1531 3788 1603 principatum,
3813 1547 3955 1586 nam

2251 1625 2308 1674 et
2345 1621 2502 1674 color
2543 1637 2647 1675 nos
2674 1622 2913 1676 delectat
2937 1621 2995 1676 in
3027 1637 3332 1691 corporum
3389 1621 3615 1686 formis;
3643 1620 3779 1691 quid
3813 1636 3956 1688 ergo

2250 1709 2403 1764 aliud
2437 1709 2496 1762 in
2526 1710 2649 1762 luce
2671 1714 2726 1764 et
2765 1709 3070 1777 coloribus,
3132 1709 3242 1762 nisi
3299 1709 3450 1779 quod
3507 1709 3715 1763 nostris
3770 1707 3956 1762 oculis

2250 1798 2529 1867 congruit,
2565 1797 2935 1869 appetimus?
2961 1797 3182 1852 Etenim
3213 1815 3245 1850 a
3276 1797 3452 1850 nimio
3476 1798 3696 1868 fulgore
3724 1813 3956 1851 aversa-

2249 1901 2398 1952 mur,
2430 1890 2485 1940 et
2512 1885 2683 1940 nimis
2721 1886 2959 1940 obscura
2985 1887 3254 1940 nolumus
3291 1902 3544 1952 cernere,
3595 1885 3740 1939 sicut
3773 1887 3956 1940 etiam

2249 1972 2312 2029 in
2341 1974 2491 2028 sonis
2517 1979 2572 2029 et
2602 1992 2632 2028 a
2662 1974 2906 2028 nimium
2932 1975 3265 2029 sonantibus
3294 1975 3687 2042 abhorremus,
3711 1979 3767 2028 et
3783 1976 3957 2045 quasi

2249 2062 2603 2116 susurrantia
2631 2078 2747 2116 non
2777 2078 3053 2116 amamus.
3080 2062 3244 2126 Quod
3272 2079 3388 2116 non
3417 2062 3477 2115 in
3504 2066 3838 2132 temporum
3873 2062 3956 2116 in-

2246 2150 2495 2204 tervallis
2525 2155 2626 2217 est,
2659 2151 2753 2205 sed
2789 2151 2848 2204 in
2866 2150 2989 2222 ipso
3013 2167 3173 2218 sono,
3198 2151 3297 2222 qui
3320 2151 3482 2222 quasi
3500 2152 3596 2205 lux
3627 2155 3710 2205 est
3737 2151 3952 2205 talium

2247 2255 2643 2305 numerorum,
2666 2240 2757 2293 cui
2783 2240 2860 2294 sic
2890 2244 2974 2293 est
3025 2240 3373 2294 contrarium
3415 2240 3727 2306 silentium,
3765 2245 3828 2294 ut
3857 2257 3954 2294 co—

2249 2327 2468 2381 loribus
2493 2328 2767 2382 tenebrae.
2800 2329 2865 2382 In
2917 2327 3007 2382 his
3035 2344 3170 2398 ergo
3199 2345 3329 2382 cum
3380 2329 3703 2400 appetimus
3731 2345 3952 2383 conve-

2249 2415 2466 2470 nientia
2509 2433 2614 2486 pro
2647 2421 2868 2471 naturas
2921 2422 3130 2471 nostrae
3180 2417 3372 2486 modo,
3403 2422 3460 2471 et
3489 2417 3955 2471 inconvenientia

2248 2504 2594 2574 respuimus,
2624 2520 2751 2575 quae
2772 2504 2896 2557 aliis
2916 2508 3106 2558 tamen
3127 2505 3467 2558 animalibus
3498 2504 3799 2559 convenire
3814 2522 3953 2559 sen-

2247 2591 2443 2658 timus,
2472 2607 2664 2644 nonne
2695 2592 2787 2645 hic
2825 2592 2999 2645 etiam
3029 2592 3279 2662 quodam
3323 2592 3663 2662 azqualitatis
3685 2593 3815 2663 jure
3845 2594 3950 2646 la:-

2247 2684 2455 2746 tamur,
2484 2695 2613 2732 cum
2643 2679 3046 2734 occultioribus
3075 2681 3257 2734 modis
3287 2680 3448 2750 paria
3469 2680 3704 2751 paribus
3731 2681 3953 2735 tributa

2248 2783 2367 2822 esse
2394 2766 2838 2837 cognoscimus?
2870 2768 2986 2821 Hoc
3014 2767 3071 2820 in
3103 2767 3375 2822 odoribus
3427 2773 3482 2822 et
3534 2768 3589 2821 in
3625 2769 3948 2840 saporibus,

2247 2861 2304 2910 et
2329 2856 2390 2910 in
2419 2856 2692 2926 tangendi
2719 2872 2884 2910 sensu
2916 2857 3361 2911 animadvertere
3373 2857 3522 2924 licet,
3548 2875 3676 2928 quas
3705 2858 3951 2928 longum

2245 2949 2328 2999 est
2359 2945 2705 2999 enucleatius
2734 2944 3021 3016 persequi,
3054 2945 3148 2999 sed
3205 2947 3500 3016 explorare
3547 2946 3893 3000 facillimum
3925 2965 3941 3013 ;

2247 3032 2390 3086 nihil
2419 3032 2573 3086 enim
2601 3037 2686 3087 est
2729 3033 2941 3087 horum
2973 3033 3349 3102 sensibilium,
3409 3035 3562 3104 quod
3610 3034 3772 3088 nobis
3826 3051 3952 3089 nou

2248 3121 2575 3193 aequalitate
2604 3125 2702 3175 aut
2718 3121 3092 3175 similitudine
3121 3123 3360 3192 placeat.
3398 3122 3500 3176 Ubi
3525 3126 3717 3176 autem
3748 3139 3950 3193 aequa-

2245 3210 2372 3264 litas
2399 3214 2494 3264 aut
2525 3210 2857 3277 similitudo,
2889 3210 2968 3263 ibi
2989 3211 3408 3276 numerositas;
3443 3210 3586 3264 nihil
3617 3216 3703 3264 est
3725 3211 3950 3282 quippe

2245 3303 2361 3352 tam
2394 3298 2612 3368 aequale
2646 3297 2937 3352 autsimile
2969 3315 3142 3369 quam
3169 3298 3946 3370 unumfetunumznisiquid

2247 3386 2419 3440 habes
2450 3385 2518 3440 ad
2546 3385 2685 3439 haec.
2721 3389 2782 3440 D.
2827 3386 3072 3440 Omnino
3103 3386 3404 3440 assentior.

2317 3477 2403 3528 39.
2437 3475 2520 3527 Μ.
2555 3473 2699 3537 Quid
2717 3476 2746 3528 ?
2767 3473 3030 3544 superior
3049 3474 3147 3527 illa
3162 3473 3420 3528 tractatio
3443 3490 3632 3528 nonne
3658 3475 3952 3544 persuasit

2246 3560 2410 3613 nobis
2449 3576 2618 3630 agere
2647 3561 2768 3615 haec
2799 3562 3048 3615 animam
3078 3562 3138 3615 in
3169 3561 3518 3633 corporibus,
3552 3579 3667 3616 non
3692 3579 3947 3634 acorpo-

2245 3649 2402 3703 ribus
2431 3650 2595 3720 pati?
2626 3653 2687 3706 D.
2724 3650 3008 3704 Persuasit
3040 3667 3193 3704 sane.
3221 3653 3303 3705 Μ.
3332 3653 3508 3704 Amor
3538 3650 3715 3722 igitur
3733 3653 3948 3722 agendi

2244 3739 2509 3794 adversus
2541 3741 2902 3795 succedentes
2958 3739 3248 3810 passiones
3285 3737 3542 3809 corporis
3597 3739 3701 3804 sui,
3737 3741 3951 3794 avertit

2244 3828 2497 3882 animam
2531 3845 2563 3882 a
2595 3829 3074 3899 contemplatione
3127 3833 3493 3895 aeternorum,
3528 3828 3815 3882 sensibilis
3845 3847 3945 3882 vo-

2245 3917 2480 3987 luptatis
2528 3933 2663 3971 cura
2692 3917 2814 3987 ejus
2861 3933 3102 3970 avocans
3157 3916 3536 3970 intentionem
3564 3933 3578 3970 :
3612 3918 3718 3972 hoc
3747 3923 3946 3972 autem

2244 4005 2363 4076 agit
2393 4005 2789 4060 occursoribus
2845 4004 3119 4060 numeris.
3176 4005 3392 4060 Avertit
3451 4005 3624 4059 etiam
3681 4022 3844 4059 amor
3874 4009 3948 4060 de

2243 4094 2574 4164 corporibus
2613 4094 2909 4165 operandi,
2943 4100 2994 4148 et
3026 4094 3346 4166 inquietam
3389 4095 3520 4150 facit
3555 4112 3567 4149 :
3599 4095 3706 4149 hoc
3747 4102 3946 4151 autem

2243 4183 2358 4254 agit
2389 4183 2854 4254 progressoribus
2882 4183 3161 4238 numeris.
3203 4188 3480 4238 Avertunt
3510 4184 3830 4255 phantasias
3861 4190 3944 4237 nt.-

2243 4288 2354 4343 que
2381 4273 2804 4342 phantasmata:
2823 4275 2877 4325 et
2907 4272 3028 4326 haec
3059 4276 3175 4343 agit
3201 4273 3647 4326 recordabilibus
3661 4274 3940 4328 numeris.

2242 4360 2461 4414 Avertit
2498 4359 2749 4430 denique
2775 4375 2938 4414 amor
2983 4361 3305 4414 vanissima:
3349 4360 3692 4430 cognitionis
3738 4361 3944 4415 talium

2242 4463 2438 4502 rerum
2470 4463 2482 4502 :
2521 4453 2576 4500 et
2596 4447 2704 4502 hoc
2738 4449 2857 4519 agit
2883 4449 3243 4503 sensualibus
3266 4447 3542 4514 numeris,
3583 4449 3795 4518 quibus
3849 4449 3946 4504 in-

2243 4541 2375 4590 sunt
2405 4536 2566 4607 quasi
2599 4538 2813 4607 regulae
2835 4539 3097 4609 quaedam
3121 4535 3582 4590 artisimitatione
3594 4537 3935 4605 gaudentes:

2241 4630 2297 4680 et
2328 4641 2393 4680 ex
2425 4626 2512 4680 his
2532 4626 2826 4680 curiositas
2857 4625 3243 4695 nascituripso
3273 4640 3421 4677 cura:
3448 4624 3682 4677 nomine
3696 4624 3942 4682 inimica

2242 4713 2554 4780 securitati,
2587 4717 2643 4768 et
2667 4715 2916 4768 vanitate
2942 4713 3126 4783 impos
3157 4711 3403 4764 veritatis
3435 4714 3480 4766 ¹.

2312 4803 2401 4855 40.
2454 4803 2746 4856 Generalis
2806 4817 2936 4854 vero
2991 4816 3152 4854 amor
3207 4799 3461 4861 actionis,
3495 4815 3623 4870 qua:
3671 4803 3881 4854 avertit
3912 4820 3946 4856 a

2241 4905 2397 4956 vero,
2433 4907 2467 4944 a
2493 4890 2757 4961 superbia
2786 4888 3180 4960 proﬁciscitur,
3205 4905 3319 4958 quo
3332 4888 3470 4942 vitio
3494 4890 3672 4942 Deum
3698 4888 3943 4960 imitari,

2243 4993 2417 5048 quam
2445 4979 2557 5032 Deo
2588 4977 2798 5032 servire
2853 4975 3045 5030 anima
3101 4975 3319 5029 maluit.
3378 4977 3546 5030 Recte
3578 4977 3770 5047 itaque
3800 4977 3944 5030 scri-

2243 5071 2406 5137 ptum
2435 5071 2518 5120 est
2546 5067 2605 5120 in
2634 5064 2840 5118 sanctis
2873 5063 3053 5118 Libris
3087 5080 3100 5118 :
3141 5066 3376 5118 Initium
3419 5065 3682 5134 superbia,
3709 5067 3943 5120 hominis

2242 5159 2553 5223 apostatare
2578 5171 2611 5206 a
2639 5153 2786 5219 Deo;
2819 5158 2895 5217 et,
2927 5154 3152 5206 Initium
3199 5156 3369 5208 omnis
3415 5156 3621 5223 peccati
3661 5155 3937 5222 superbia.

2245 5243 2369 5296 Non
2397 5241 2587 5311 potuit
2617 5244 2808 5294 autem
2838 5240 3045 5294 melius
3071 5241 3449 5295 demonstrari
3467 5241 3606 5312 quid
3635 5241 3707 5294 sit
3733 5258 3937 5312 super-

2242 5329 2356 5395 bia,
2389 5345 2562 5400 quam
2594 5329 2654 5382 in
2684 5345 2750 5382 eo
2780 5330 2933 5399 quod
2989 5329 3069 5383 ibi
3100 5330 3312 5384 dictum
3342 5335 3427 5383 est
3460 5346 3471 5382 :
3507 5329 3649 5395 Quid
3694 5332 3939 5398 superbit

2305 5454 2319 5486 ί
2340 5452 2424 5499 Sic
2446 5451 2688 5499 meliores
2706 5453 2824 5500 Mss.
2845 5452 2909 5500 At
2920 5452 3032 5501 Ain.
3049 5453 3193 5501 ctEr.
3208 5452 3419 5499 habent:
3440 5453 3503 5499 El.
3519 5453 3768 5501 sanitatis
3779 5452 3938 5515 inops

2247 5515 2604 5577 veritatisque.
2630 5515 2752 5563 Lov.
2772 5529 2782 5562 :
2799 5517 2859 5564 Et
2882 5516 3092 5564 vanitas
3117 5517 3366 5578 opposita
3391 5515 3622 5563 veritati.
