4064 6348
154 347 296 400 H85

147 473 305 521 terra
335 473 383 521 et
417 468 576 532 cinis,
608 467 866 533 quoniam
891 467 949 518 in
975 465 1092 517 vita
1122 477 1223 518 sua
1244 463 1472 533 projecit
1485 465 1681 519 intima
1705 479 1805 518 sua
1829 467 1856 518 ?

143 557 346 626 (Eccli.
379 572 434 622 x,
463 555 547 619 14,
585 557 666 615 lii,
701 557 754 622 9,
787 551 898 622 10.)
919 553 1060 606 Cum
1091 552 1244 606 enim
1267 552 1457 606 anima
1478 569 1578 623 per
1609 553 1854 624 seipsam

145 643 299 698 nihil
329 643 436 710 sit;
463 658 577 696 non
609 641 762 694 enim
785 641 951 694 aliter
980 643 1127 694 esset
1142 641 1586 708 commutabilis,
1622 645 1679 694 et
1697 645 1855 711 pate-

143 738 310 786 retur
343 732 630 785 defectum
688 729 757 782 ab
808 728 1088 782 essentia:
1147 745 1276 782 cum
1324 745 1459 799 ergo
1490 729 1614 799 ipsa
1643 745 1746 800 per
1797 745 1854 783 se

143 819 293 873 nihil
325 819 416 884 sit,
449 817 726 888 quidquid
781 821 975 870 autem
1021 816 1106 870 illi
1140 833 1260 871 esse
1291 822 1396 886 est,
1429 834 1459 871 a
1494 820 1607 872 Deo
1647 817 1756 879 sit;
1797 818 1856 871 in

141 906 350 959 ordine
367 921 468 959 suo
501 920 761 970 manens,
793 903 973 973 ipsius
1003 904 1103 958 Dei
1134 904 1439 975 praesentia
1467 909 1766 975 vegetatur
1794 904 1853 959 in

146 997 343 1047 mente
373 999 544 1064 atque
588 991 947 1046 conscientia.
1016 993 1214 1063 Itaque
1261 993 1368 1046 hoc
1417 993 1633 1046 bonum
1688 993 1857 1047 habet

146 1081 442 1137 intimum.
474 1081 658 1145 Quare
689 1079 955 1150 superbia
980 1079 1384 1147 intumescere,
1415 1081 1520 1135 hoc
1560 1081 1748 1136 illiest
1794 1082 1854 1136 in

147 1171 362 1224 extima
380 1169 670 1241 progredi,
705 1173 760 1223 et
786 1173 849 1222 ut
871 1168 949 1222 ita
979 1168 1185 1238 dicam,
1208 1167 1559 1236 inanescere,
1583 1169 1738 1241 quod
1772 1173 1857 1224 est

150 1259 346 1313 minus
378 1260 680 1330 minusque
703 1273 840 1312 esse.
867 1256 1140 1327 Progredi
1167 1261 1359 1311 autem
1388 1257 1450 1311 in
1473 1259 1700 1323 extima,
1717 1259 1855 1328 quid

153 1353 242 1402 est
271 1347 428 1402 aliud
458 1363 632 1418 quam
659 1346 862 1400 intima
891 1346 1170 1416 projicere
1197 1365 1211 1411 ;
1240 1346 1414 1410 idest,
1434 1347 1600 1416 longe
1631 1363 1663 1399 a
1692 1363 1749 1400 se
1770 1346 1853 1400 fa-

152 1453 286 1491 cere
318 1438 516 1502 Deum,
543 1453 662 1490 non
690 1435 944 1488 locorum
985 1434 1186 1504 spatio,
1234 1434 1331 1488 sed
1363 1434 1568 1489 mentis
1608 1435 1808 1488 affectu
1829 1433 1856 1486 ?

224 1527 315 1579 41.
351 1527 461 1578 Iste
483 1529 671 1578 autem
704 1524 911 1578 animae
942 1523 1226 1593 appetitus
1273 1527 1358 1576 est
1395 1522 1498 1576 sub
1539 1539 1596 1576 se
1643 1523 1853 1576 habere

152 1615 295 1668 alias
324 1614 578 1680 animas;
627 1629 744 1667 non
793 1628 1090 1682 pecorum,
1129 1628 1270 1682 quas
1315 1611 1505 1665 divino
1549 1613 1680 1682 jure
1721 1628 1853 1664 con-

146 1718 373 1756 cessum
403 1707 506 1770 est,
539 1701 635 1756 sed
690 1700 1018 1766 rationales,
1051 1699 1107 1753 id
1141 1704 1246 1766 est,
1279 1701 1566 1770 proximas
1599 1716 1748 1763 suas,
1800 1705 1854 1753 et

153 1792 261 1846 sub
292 1792 489 1845 eadem
521 1791 642 1860 lege
664 1789 841 1843 socias
871 1793 1044 1859 atque
1074 1793 1382 1842 consortes.
1418 1789 1493 1842 De
1543 1787 1630 1842 his
1663 1793 1855 1843 autem

155 1880 375 1951 appetit
399 1879 624 1950 operari
654 1879 847 1933 anima
893 1878 1158 1948 superba,
1205 1882 1263 1931 et
1295 1881 1452 1931 tanto
1493 1877 1857 1932 excellentior

151 1971 380 2023 videtur
410 1969 532 2022 haec
573 1968 719 2021 actio
764 1983 938 2038 quam
980 1966 1079 2020 illa
1127 1967 1197 2020 de
1236 1967 1590 2036 corporibus,
1637 1971 1854 2036 quanto

153 2058 350 2112 anima
373 2057 560 2111 omnis
594 2057 751 2111 omni
779 2072 1016 2126 corpore
1047 2059 1130 2109 est
1159 2055 1384 2110 melior.
1402 2055 1506 2109 Sed
1533 2055 1760 2125 operari
1786 2055 1856 2109 de

155 2145 368 2200 animis
396 2145 794 2214 rationalibus,
826 2161 938 2198 non
961 2160 1066 2214 per
1081 2160 1308 2214 corpus,
1338 2143 1431 2197 sed
1474 2160 1578 2214 per
1606 2143 1856 2214 seipsum

156 2235 312 2288 solus
342 2236 490 2288 Deus
520 2238 723 2306 potest.
771 2235 1136 2287 Peccatorum
1177 2237 1367 2286 tamen
1418 2227 1745 2285 conditione
1772 2233 1850 2299 ﬁt,

157 2329 222 2378 ut
253 2323 663 2393 permittantur
691 2322 896 2376 anima:
929 2322 997 2375 de
1046 2320 1253 2374 animis
1291 2320 1518 2391 aliquid
1559 2337 1750 2390 agere,
1790 2321 1860 2374 si-

158 2413 485 2484 gniﬁcando
539 2430 633 2467 eas
673 2417 964 2466 moventes
1009 2427 1111 2481 per
1148 2411 1424 2464 alterutra
1465 2427 1722 2481 corpora,
1771 2412 1854 2464 vel

158 2501 517 2557 naturalibus
545 2501 743 2573 signis,
776 2501 921 2555 sicut
949 2505 1034 2553 est
1059 2499 1247 2554 vultus
1276 2499 1360 2553 vel
1395 2504 1588 2565 nutus,
1621 2501 1706 2553 vel
1732 2501 1858 2571 pla-

161 2592 312 2660 citis,
346 2591 488 2645 sicut
517 2595 649 2644 sunt
680 2590 871 2644 verba.
923 2589 1066 2642 Nam
1099 2592 1154 2642 et
1181 2588 1443 2658 jubentes
1472 2592 1528 2641 et
1557 2587 1860 2642 suadentes

163 2681 345 2751 signis
377 2685 576 2750 agunt,
601 2685 656 2733 et
685 2679 730 2732 si
762 2679 902 2750 quid
929 2681 1011 2731 est
1038 2677 1194 2732 aliud
1224 2680 1435 2747 praeter
1457 2677 1775 2747 jussionem
1806 2681 1862 2730 et

162 2769 514 2834 suasionem,
547 2784 660 2840 quo
689 2767 896 2821 animae
925 2767 993 2820 de
1023 2765 1231 2819 animis
1259 2766 1346 2820 vel
1379 2781 1510 2820 cum
1535 2765 1740 2819 animis
1764 2765 1861 2819 ali-

163 2858 301 2929 quid
335 2862 529 2928 agunt.
559 2859 691 2911 Jure
713 2862 903 2910 autem
933 2860 1191 2910 secutum
1220 2859 1323 2921 est,
1351 2860 1416 2908 ut
1435 2871 1564 2926 qua:
1596 2855 1862 2925 superbia

163 2947 387 3000 caeteris
417 2947 689 3000 excellere
718 2946 1042 3015 cupierunt,
1090 2959 1195 2998 nec
1241 2943 1357 2998 suis
1398 2943 1655 3014 partibus
1691 2947 1861 3014 atque

164 3035 500 3105 corporibus
522 3035 642 3088 sine
669 3035 1001 3088 difficultate
1019 3037 1074 3087 et
1089 3032 1375 3086 doloribus
1404 3031 1706 3102 imperent,
1724 3048 1862 3102 par—

164 3124 266 3177 tim
300 3125 487 3178 stultm
519 3123 578 3176 in
628 3139 707 3189 se,
739 3122 948 3192 partim
980 3121 1316 3175 mortalibus
1350 3119 1624 3174 membris
1655 3135 1861 3190 aggra~

165 3218 329 3266 ναίω.
369 3214 431 3266 Et
457 3213 545 3266 his
575 3212 752 3281 igitur
781 3211 1037 3265 numeris
1066 3214 1123 3264 et
1152 3209 1403 3263 motibus
1421 3209 1629 3279 quibus
1658 3209 1862 3262 animae

164 3301 237 3354 ad
270 3300 488 3354 animas
519 3305 718 3371 agunt,
751 3301 994 3354 honores
1031 3298 1341 3367 laudesque
1368 3297 1690 3368 appetendo
1713 3313 1866 3350 aver-

165 3392 372 3441 tuntur
393 3405 423 3440 a
454 3387 846 3458 perspectione
885 3377 1046 3456 pura:
1078 3385 1231 3439 illius
1253 3390 1309 3439 et
1333 3384 1566 3438 sincerae
1588 3383 1862 3438 veritatis.

167 3474 335 3527 Solus
365 3475 518 3528 enim
549 3476 796 3528 honorat
836 3476 984 3528 Deus
1017 3473 1267 3528 animam
1311 3473 1534 3527 beatam
1568 3471 1778 3526 faciens
1807 3471 1866 3525 in

172 3566 394 3618 occulto
429 3582 618 3619 coram
645 3583 704 3619 se
730 3566 882 3635 juste
917 3570 974 3620 et
1002 3565 1096 3636 pie
1126 3564 1434 3618 viventem.

239 3656 334 3707 42.
380 3655 561 3707 Motus
586 3655 763 3724 igitur
792 3670 938 3724 quos
968 3652 1177 3707 exserit
1203 3652 1394 3705 anima
1425 3651 1493 3705 de
1525 3649 1863 3704 inhaerenti-

171 3743 278 3795 bus
309 3741 434 3805 sibi,
471 3747 526 3796 et
557 3742 797 3796 subditis
836 3741 1061 3807 animis,
1099 3738 1564 3811 progressoribus
1598 3738 1708 3791 illis
1737 3741 1870 3792 sunt

174 3829 391 3883 similes
416 3845 430 3894 ;
457 3829 578 3899 agit
604 3829 758 3882 enim
779 3833 1053 3899 tanquam
1075 3828 1143 3882 de
1164 3843 1402 3897 corpore
1421 3843 1542 3880 suo.
1567 3825 1656 3879 Illi
1675 3830 1868 3879 autem

177 3923 361 3972 motus
396 3935 538 3988 quos
566 3918 790 3982 exserit,
819 3933 1130 3987 aggregare
1157 3917 1263 3970 sibi
1287 3917 1505 3986 aliquas
1523 3916 1607 3969 vel
1631 3915 1868 3969 subdere

175 4007 430 4077 cupiens,
477 4006 536 4061 in
589 4022 956 4060 occursorum
1013 4022 1252 4060 numero
1313 4005 1680 4075 deputantur.
1738 4002 1871 4074 Agit

176 4095 331 4148 enim
362 4100 636 4166 tanquam
667 4094 728 4147 in
759 4094 1017 4148 sensibus
1034 4095 1088 4148 id
1119 4093 1379 4156 moliens,
1402 4098 1656 4148 utunum
1678 4107 1869 4146 secum

175 4185 293 4246 liat,
325 4185 478 4255 quod
509 4186 663 4238 velut
689 4183 1032 4238 extrinsecus
1083 4183 1442 4249 admovetur,
1483 4187 1538 4236 et
1567 4182 1723 4253 quod
1753 4197 1871 4236 non

172 4277 361 4344 potest
388 4275 717 4344 repellatur.
758 4273 822 4327 Et
850 4272 950 4326 hos
983 4277 1253 4342 utrosque
1292 4276 1484 4325 motus
1514 4270 1721 4341 excipit
1749 4287 1869 4325 me-

177 4363 383 4429 moria,
414 4367 468 4416 et
489 4361 868 4416 recordabiles
895 4361 1046 4427 facit,
1075 4361 1250 4414 simili
1271 4360 1444 4414 modo
1471 4359 1531 4413 in
1557 4357 1872 4430 phantasiis

177 4455 234 4504 et
260 4450 752 4520 phantasmatibus
783 4450 1070 4504 actionum
1110 4449 1312 4504 talium
1358 4447 1870 4503 tumultuosissime

179 4541 514 4592 exzestuans.
561 4541 671 4593 Nec
727 4538 813 4592 illi
869 4543 1142 4609 tanquam
1198 4537 1616 4592 examinatores
1648 4536 1876 4591 numeri

179 4627 402 4693 desunt,
438 4626 536 4697 qui
567 4627 812 4681 sentiant
835 4626 971 4698 quid
1000 4627 1058 4680 in
1088 4627 1174 4680 his
1193 4627 1408 4680 actibus
1438 4627 1737 4680 commode
1759 4626 1874 4680 sive

183 4715 542 4770 incommode
573 4720 886 4782 moveatur,
919 4732 1065 4786 quos
1094 4715 1234 4769 item
1261 4715 1546 4769 sensuales
1585 4715 1874 4785 appellare

182 4821 294 4858 non
310 4804 522 4874 pigeat,
555 4805 690 4875 quia
722 4804 989 4859 sensibile
1015 4804 1179 4875 signa
1199 4809 1331 4858 sunt
1350 4804 1557 4874 quibus
1578 4804 1686 4857 hoc
1703 4803 1875 4857 modo

183 4892 387 4946 animae.
417 4893 487 4947 ad
518 4894 737 4948 animas
767 4897 961 4963 agunt.
996 4894 1090 4946 llis
1120 4896 1204 4947 tot
1243 4897 1298 4947 et
1334 4893 1507 4946 tantis
1541 4891 1876 4946 intentioni-

181 4983 288 5037 bus
317 4982 510 5036 anima
537 4981 850 5054 implicata,
883 4983 1021 5053 quid
1065 4982 1299 5047 mirum,
1350 4980 1458 5034 sia
1507 4980 1878 5049 comtempla-

181 5072 338 5126 tione
361 5071 615 5125 veritatis
646 5071 958 5126 avertitur?
988 5073 1052 5125 Et
1085 5075 1366 5142 quantum
1398 5069 1631 5140 quidem
1676 5069 1747 5122 ab
1792 5067 1882 5122 his

181 5160 426 5230 respirat
456 5159 607 5213 videt
636 5159 828 5225 illam;
863 5159 961 5213 sed
1003 5159 1139 5230 quia
1168 5159 1422 5213 nondum
1453 5175 1548 5212 eas
1599 5156 1786 5226 evicit,
1823 5157 1882 5212 in

183 5249 281 5302 illa
315 5263 545 5301 manere
574 5265 690 5301 non
724 5247 952 5300 sinitur.
984 5248 1058 5301 Ex
1086 5265 1200 5318 quo
1227 5248 1292 5302 fit
1320 5251 1382 5300 ut
1424 5263 1543 5300 non
1579 5245 1748 5299 simul
1779 5244 1880 5297 ha-

184 5338 314 5391 beat
343 5337 534 5390 anima
554 5352 718 5390 nosse
740 5335 798 5389 in
821 5335 1028 5405 quibus
1052 5336 1481 5391 consistendum
1510 5337 1602 5401 Sit,
1635 5337 1691 5388 et
1713 5347 1882 5403 posse

184 5425 629 5480 consisterezsed
663 5423 941 5495 numquid
958 5428 1018 5478 tu
1032 5423 1172 5478 forte
1198 5425 1464 5479 adversus
1491 5425 1610 5478 haec
1629 5423 1659 5475 ?
1688 5425 1753 5476 D.
1784 5421 1880 5474 Ni-

187 5515 262 5568 hil
295 5518 380 5569 est
409 5513 564 5584 quod
593 5513 980 5568 contradicere
1012 5512 1275 5568 audeam.

1651 341 1862 398 LIBER
1903 339 2199 396 SEXTUS.

3526 339 3660 394 “86

1965 463 2187 518 CAPUT
2223 461 2358 515 XIV.
2391 491 2458 501 —
2485 459 2578 514 Ad
2628 461 2724 514 Dei
2773 472 3006 513 amorem
3033 461 3357 526 provocatur
3379 459 3565 513 anima
3593 475 3660 512 ex

2032 565 2375 605 numerorum
2399 554 2448 604 et
2477 548 2684 603 ordinis
2710 549 2920 602 ratione
2944 562 3107 616 quam
3130 547 3190 599 in
3207 545 3365 600 rebus
3382 545 3585 614 diligit.

2035 674 2128 725 43.
2164 672 2245 725 Μ.
2286 669 2432 732 Quid
2461 684 2594 738 ergo
2624 670 2942 722 restat?An
2971 672 3053 735 ut,
3086 667 3362 738 quoniam
3392 667 3536 721 sicut
3555 684 3659 738 po-

1961 759 2176 812 tuimus
2211 757 2666 828 inquinationem
2692 761 2749 809 et
2776 755 3246 826 aggravationem
3276 755 3488 810 animae
3523 771 3657 809 con-

1965 846 2359 908 sideravimus,
2411 844 2702 898 videamus
2740 860 3004 914 quaenam
3050 844 3132 897 illi
3185 845 3332 898 actio
3383 844 3662 898 divinitus

1963 937 2298 1006 imperetur,
2328 949 2442 1004 qua
2470 937 2714 1003 purgata
2763 936 2933 1001 atque
2963 937 3269 986 exonerata
3322 933 3542 986 revolet
3588 931 3661 985 ad

1964 1025 2238 1095 quietem,
2262 1027 2315 1075 et
2342 1021 2514 1074 intret
2536 1019 2597 1073 in
2614 1019 2890 1090 gaudium
2921 1020 3147 1074 Domini
3175 1020 3304 1073 sui?
3331 1021 3406 1074 D.
3434 1021 3517 1074 Ita
3537 1019 3660 1073 fiat.

1964 1114 2039 1166 M.
2073 1111 2216 1176 Quid
2249 1127 2338 1164 me
2364 1114 2528 1180 putas
2560 1108 2693 1162 hinc
2718 1107 2934 1162 diutius
2963 1108 3166 1161 debere
3192 1108 3397 1174 dicere,
3429 1125 3560 1162 cum
3581 1108 3662 1162 di-

1962 1199 2111 1254 vinae
2151 1198 2455 1268 Scriptura:
2498 1200 2580 1251 tot
2623 1194 3008 1250 voluminibus
3039 1198 3095 1248 et
3123 1199 3281 1248 tanta
3329 1195 3664 1250 auctoritate

1965 1293 2019 1341 et
2049 1288 2343 1342 sanctitate
2373 1284 2647 1357 praeditis,
2680 1285 2824 1338 nihil
2854 1282 3149 1337 nobiscum
3170 1282 3324 1336 aliud
3341 1283 3662 1352 agant,nisi

1963 1383 2028 1431 ut
2081 1377 2385 1445 diligamus
2439 1376 2618 1428 Deum
2669 1378 2724 1427 et
2766 1371 3074 1426 Dominum
3123 1375 3384 1424 nostrum
3431 1387 3496 1424 ex
3541 1376 3663 1424 toto

1965 1465 2152 1529 corde,
2178 1480 2243 1517 ex
2273 1467 2390 1516 tota
2419 1463 2627 1528 anima,
2661 1467 2718 1515 et
2743 1477 2810 1514 ex
2860 1465 2978 1513 tota
3006 1463 3196 1512 mente
3224 1478 3238 1524 ;
3272 1463 3327 1512 et
3360 1457 3666 1527 diligamus

1964 1553 2290 1624 proximum
2320 1556 2580 1605 nostrum
2610 1556 2882 1619 tanquam
2914 1547 3296 1617 nosmetipsos
3320 1546 3348 1599 ἵ
3389 1545 3475 1599 Ad
3515 1547 3667 1599 hunc

1965 1642 2139 1712 igitur
2175 1640 2352 1694 linem
2383 1638 2428 1691 si
2457 1653 2655 1691 omnes
2685 1637 2814 1690 illos
2844 1637 3113 1690 humanm
3161 1633 3402 1688 actionis
3448 1638 3665 1699 motus,

1964 1744 2347 1799 numerosque
2399 1726 2732 1790 referamus,
2779 1724 2899 1779 sine
2949 1723 3308 1778 dubitatione
3358 1721 3665 1774 mundabi-

1964 1836 2112 1874 mur.
2144 1822 2232 1873 An
2262 1817 2415 1870 aliud
2443 1815 2730 1869 existimas
2751 1813 2865 1867 ?D.
2895 1812 3046 1867 Nihil
3067 1811 3334 1882 equidem
3365 1810 3666 1865 aliud.Sed

1965 1920 2137 1973 quam
2167 1903 2275 1957 hoc
2307 1903 2504 1958 auditu
2548 1903 2716 1957 breve
2749 1906 2856 1970 est,
2888 1905 3003 1955 tam
3035 1902 3184 1955 factu
3216 1899 3448 1954 difﬁcile
3493 1905 3667 1969 atque

1965 1993 2232 2047 arduum.

2035 2083 2124 2135 44.
2169 2083 2244 2134 Μ.
2291 2079 2438 2144 Quid
2472 2095 2608 2150 ergo
2639 2078 2803 2133 facile
2834 2080 2964 2132 est?
2992 2094 3066 2131 an
3091 2093 3282 2131 amare
3311 2077 3561 2142 colores,
3614 2079 3670 2128 et

1965 2185 2150 2235 voces,
2182 2173 2238 2223 et
2266 2169 2574 2239 placentas,
2605 2172 2661 2222 et
2689 2183 2865 2234 rosas,
2907 2171 2961 2232 et
2990 2181 3232 2235 corpora
3269 2165 3475 2218 leniter
3523 2165 3666 2218 mol-

1966 2258 2087 2312 lia?
2107 2257 2358 2312 haeccine
2392 2273 2584 2312 amare
2611 2256 2773 2310 facile
2802 2260 2887 2309 est
2916 2254 3142 2320 animm,
3182 2253 3241 2307 in
3290 2252 3497 2324 quibus
3527 2251 3666 2305 nihil

1967 2347 2076 2401 nisi
2110 2347 2498 2417 zequalitatem
2535 2362 2600 2399 ac
2630 2343 3065 2398 similitudinem
3125 2341 3364 2412 appetit,
3409 2344 3466 2394 et
3493 2340 3668 2410 paulo

1969 2436 2297 2506 diligentius
2344 2433 2725 2498 considerans,
2763 2433 2849 2486 vix
2891 2432 3013 2502 ejus
3057 2435 3367 2484 extremam
3405 2429 3668 2482 umbram

1969 2525 2385 2594 vestigiumque
2408 2521 2728 2592 cognoscit;
2752 2525 2809 2574 et
2849 2521 3030 2574 Deum
3071 2534 3262 2572 amare
3295 2517 3527 2571 difticile
3564 2523 3670 2584 est,

1971 2629 2143 2683 quem
2169 2612 2229 2665 in
2259 2613 2540 2682 quantum
2571 2611 2776 2680 potest,
2811 2607 2994 2661 adhuc
3023 2605 3215 2660 saucia
3244 2609 3299 2659 et
3326 2604 3556 2659 sordida
3579 2621 3670 2657 co-

1972 2702 2176 2771 gitans,
2211 2699 2354 2753 nihil
2389 2699 2450 2752 in
2481 2714 2546 2752 eo
2573 2697 2874 2767 inzequale,
2908 2695 3052 2749 nihil
3083 2695 3170 2747 sui
3201 2693 3498 2760 dissimile,
3526 2693 3669 2746 nihil

1971 2787 2282 2841 disclusum
2312 2787 2467 2852 locis,
2499 2786 2640 2839 nihil
2669 2785 2950 2838 variatum
2994 2787 3249 2852 tempore
3297 2781 3619 2851 suspicatur
3643 2780 3672 2833 ‘?

1971 2878 2059 2930 An
2088 2880 2377 2930 exstruere
2409 2876 2586 2928 moles
2621 2873 3012 2940 aediﬁciorum,
3041 2875 3098 2924 et
3125 2869 3519 2939 hujuscemodi
3540 2885 3672 2938 ope-

1972 2965 2131 3018 ribus
2161 2964 2402 3018 delectat
2442 2962 2690 3028 extendi,
2732 2961 2792 3016 in
2836 2960 3042 3031 quibus
3097 2958 3146 3011 si
3182 2957 3409 3011 numeri
3447 2959 3671 3026 placent

1974 3055 2110 3123 (non
2142 3052 2295 3106 enim
2327 3051 2481 3105 aliud
2538 3049 2782 3118 invenio)
2833 3048 2970 3119 quid
3010 3047 3070 3100 in
3117 3046 3206 3100 his
3236 3045 3455 3114 aequale
3500 3060 3563 3097 ac
3593 3044 3669 3096 si-

1976 3140 2109 3194 mile
2157 3139 2363 3193 dicitur
2394 3137 2435 3207 ¹,
2477 3138 2629 3209 quod
2668 3152 2787 3191 non
2821 3134 3078 3190 derideat
3124 3133 3268 3187 ratio
3309 3132 3673 3202 disciplinae?

1975 3228 2133 3290 Quod
2161 3227 2208 3280 si
2238 3227 2318 3280 ita
2341 3231 2444 3293 est,
2478 3242 2579 3280 cur
2609 3227 2679 3280 ab
2713 3225 2811 3278 illa
2848 3223 3142 3278 verissima
3169 3220 3512 3292 mqualitatis
3547 3237 3671 3274 arce

1976 3317 2046 3371 ad
2085 3317 2193 3370 ista
2235 3315 2537 3382 delabitur,
2583 3317 2639 3368 et
2685 3313 2867 3367 ruinis
2920 3311 3032 3366 suis
3081 3315 3334 3364 terrenas
3379 3309 3674 3364 machinas

1977 3405 2201 3476 erigit?
2231 3405 2354 3458 Non
2407 3403 2513 3457 hoc
2571 3401 2920 3473 promissum
2969 3403 3052 3454 est
3099 3399 3169 3453 ab
3213 3398 3310 3452 illo
3360 3397 3457 3468 qui
3480 3398 3674 3451 fallere

1975 3495 2221 3566 ignorat.
2255 3495 2451 3559 Iugum
2483 3494 2624 3546 enim
2648 3507 2842 3557 meum,
2872 3488 3080 3558 inquit,
3101 3489 3209 3542 lere
3233 3491 3310 3541 cst
3339 3487 3562 3556 (Matth.
3598 3502 3671 3550 χι,

1979 3584 2085 3652 30).
2119 3580 2480 3636 Laboriosior
2508 3584 2595 3634 est
2639 3579 2813 3649 hujus
2860 3576 3062 3631 mundi
3091 3591 3272 3629 amor.
3303 3575 3466 3638 Quod
3519 3573 3674 3628 enim

1977 3672 2037 3724 in
2058 3672 2153 3724 illo
2175 3670 2366 3724 anima
2378 3667 2604 3739 quaerit,
2631 3666 3012 3721 constantiam
3037 3663 3250 3717 scilicet
3269 3661 3674 3716 aeternitatem-

1980 3773 2114 3829 que,
2136 3773 2254 3811 non
2279 3755 2530 3809 invenit:
2566 3753 2839 3824 quoniam
2867 3766 3062 3804 rerum
3083 3749 3322 3803 transitu
3356 3749 3678 3818 completur

1977 3845 2178 3900 inﬁma
2214 3842 2603 3914 pulchritudo,
2645 3844 2700 3894 et
2729 3839 2880 3910 quod
2910 3839 2970 3892 in
2995 3837 3094 3890 illa
3122 3837 3383 3890 imitatur
3409 3840 3674 3889 constan-

1980 3934 2141 3992 tiam,
2175 3949 2208 3985 a
2237 3946 2459 3986 summo
2497 3931 2611 3983 Deo
2641 3944 2749 3998 per
2767 3927 3016 3980 animam
3047 3925 3367 3996 trajicitur:
3400 3923 3676 3994 quoniam

1981 4022 2140 4093 prior
2170 4024 2254 4074 est
2278 4018 2490 4090 species
2521 4015 2918 4071 tantummodo
2940 4019 3200 4084 tempore
3232 4011 3675 4076 commutabilis,

1982 4126 2156 4182 quam
2186 4125 2250 4162 ea
2303 4123 2433 4178 quae
2493 4110 2548 4160 et
2593 4109 2851 4175 tempore
2889 4106 2946 4157 et
2987 4101 3121 4155 locis
3164 4101 3256 4171 (a).
3300 4099 3456 4154 Sicut
3485 4097 3678 4168 itaque

1981 4201 2328 4268 praeceptum
2358 4199 2444 4249 est
2471 4193 2678 4248 animis
2698 4208 2731 4245 a
2763 4191 3004 4246 Domino
3029 4189 3166 4260 quid
3184 4188 3445 4258 diligant,
3477 4185 3556 4240 ita
3576 4201 3681 4256 per

1981 4286 2258 4339 Joannem
2288 4281 2610 4354 apostolum
2636 4279 2775 4351 quid
2801 4294 2921 4332 non
2942 4276 3208 4347 diligant.
3244 4276 3437 4341 Nolite,
3470 4272 3679 4344 inquit,

1983 4374 2209 4441 diligere
2238 4372 2496 4426 mundum
2524 4387 2536 4424 :
2570 4371 2701 4438 quia
2732 4369 3045 4435 omniaquae
3072 4367 3130 4418 in
3153 4363 3350 4418 mundo
3382 4367 3528 4427 sunt,
3552 4377 3681 4416 con-

1985 4464 2318 4530 cupiscentia
2395 4461 2575 4513 carnis
2649 4461 2747 4523 est,
2799 4455 3229 4523 concupiscentia
3281 4453 3573 4514 oculorum,
3632 4453 3683 4503 et

1985 4552 2210 4605 ambitio
2236 4550 2418 4604 saeculi
2447 4549 2491 4616 (l
2523 4549 2677 4601 Joan.
2709 4562 2768 4611 ιι,
2803 4549 2888 4610 15,
2921 4545 3037 4610 16).

2057 4641 2144 4693 45.
2177 4638 2286 4692 Sed
2316 4637 2498 4708 qualis
2528 4635 2632 4689 tibi
2679 4634 2850 4688 homo
2889 4631 3131 4695 videtur,
3173 4629 3274 4700 qui
3317 4645 3517 4683 omnes
3559 4629 3685 4682 illos

1988 4743 2261 4781 numeros
2288 4724 2387 4795 qui
2415 4727 2546 4777 sunt
2585 4723 2654 4777 de
2685 4736 2945 4792 corpore,
3001 4722 3057 4773 et
3086 4718 3353 4773 adversus
3390 4717 3686 4789 passiones

1989 4814 2264 4885 corporis,
2299 4818 2356 4868 et
2401 4812 2501 4883 qui
2540 4828 2604 4865 ex
2630 4811 2719 4864 his
2751 4808 3030 4863 memoria
3058 4807 3441 4874 continentur,
3468 4818 3583 4862 non
3613 4806 3683 4860 ad

1990 4904 2278 4958 carnalem
2308 4902 2681 4970 voluptatem,
2702 4898 2798 4952 sed
2821 4897 2891 4952 ad
2922 4897 3164 4950 salutem
3184 4901 3405 4950 tantum
3433 4894 3686 4965 corporis

1990 4992 2193 5046 refert:
2230 5005 2544 5059 omnesque
2574 4988 2702 5042 illos
2733 4986 2832 5058 qui
2875 4986 2945 5040 de
2976 4984 3256 5056 adjunctis
3289 4983 3496 5038 animis
3547 4998 3684 5051 ope-

1990 5085 2207 5141 rantur,
2240 5080 2328 5133 vel
2351 5078 2448 5150 qui
2479 5077 2549 5132 ad
2581 5075 2973 5146 adjungendas
3019 5079 3377 5138 eXseruntur,
3411 5075 3466 5125 et
3495 5070 3594 5140 qui
3617 5085 3684 5122 ex

1989 5169 2078 5224 his
2107 5169 2391 5222 inhaerent
2419 5163 2736 5227 memorize,
2770 5179 2886 5217 non
2919 5163 2988 5217 ad
3051 5161 3356 5233 superbam
3402 5158 3682 5212 excellen.

1989 5257 2129 5312 tiam
2160 5273 2344 5324 suam,
2377 5254 2475 5309 sed
2509 5254 2579 5308 ad
2609 5252 2863 5324 ipsarum
2893 5251 3217 5305 animarum
3247 5246 3553 5301 utilitatem
3592 5261 3682 5301 re-

2055 5383 2068 5416 ¹
2087 5381 2172 5429 Er.
2191 5383 2243 5429 et
2255 5379 2466 5429 Lov.:In
2484 5375 2802 5440 quibusquid
2811 5375 2917 5440 nisi
2926 5375 3138 5440 numeri
3152 5370 3404 5440 placent?
3417 5369 3686 5440 Nonnenim

1987 5443 2142 5494 aliud
2174 5443 2385 5491 invenio
2403 5429 2546 5504 quod
2560 5439 2621 5489 in
2641 5429 2724 5504 his
2743 5436 2946 5500 arquato
2961 5449 3026 5486 ac
3057 5429 3237 5484 simile
3261 5431 3498 5482 dicatur.
3517 5429 3687 5492 Elegi-

1989 5519 2110 5554 mus
2138 5501 2428 5554 lectionem‘
2443 5501 2943 5564 manuscriptorum.

2055 5605 2121 5664 (a)
2142 5602 2258 5651 Vid.
2290 5603 2517 5652 Retract.
2548 5599 2642 5648 lib.
2677 5603 2724 5656 1,
2747 5611 2860 5658 cap.
2894 5597 2970 5651 il,
3000 5606 3060 5642 n.
3099 5594 3146 5640 4.
