4064 6356
388 355 519 407 “87

385 477 562 549 digit:
605 474 716 530 illis
746 473 915 528 etiam
941 473 1042 544 qui
1069 473 1130 527 in
1177 476 1420 542 utroque
1449 488 1653 542 genere
1697 473 1859 543 quasi
1887 475 2079 529 mode-

385 570 604 620 ratores
633 563 1130 634 exploratoresque
1179 564 1514 615 caeterorum
1559 559 1976 614 transeuntium
2019 559 2078 612 in

391 669 559 708 sensu
587 651 919 722 praesident,
948 667 1062 704 non
1095 650 1163 704 ad
1194 650 1541 721 superﬂuam
1566 650 1652 702 vel
1699 649 2077 718 perniciosam

388 741 774 796 curiositatem
806 740 902 794 sed
934 739 1003 793 ad
1036 739 1414 794 necessariam
1437 737 1834 808 probationem
1859 738 1944 791 vel
1977 737 2078 789 im—

392 829 791 901 probationem
821 828 1039 882 utitur:
1072 843 1263 882 nonne
1315 835 1370 880 et
1419 827 1558 880 istos
1587 842 1784 880 omnes
1811 841 2078 879 numeros

389 919 526 988 agit,
557 923 614 972 et
631 917 802 972 nullis
833 932 1032 971 eorum
1063 915 1282 986 laqueis
1311 914 1678 984 implicatur?
1710 912 2076 984 Quandoqui-

389 1008 520 1062 dem
548 1010 605 1061 et
633 1006 873 1060 salutem
902 1003 1155 1075 corporis
1181 1007 1244 1057 ut
1267 1018 1384 1056 non
1413 1001 1760 1072 impediatur
1805 1000 1981 1072 eligit.
2023 1004 2080 1054 et

391 1111 590 1150 omnes
619 1111 712 1148 eas
766 1093 1012 1148 actiones
1063 1091 1136 1145 ad
1190 1090 1492 1145 utilitatem
1540 1089 1783 1160 proximi
1832 1093 2076 1157 revocat,

389 1199 563 1255 quem
592 1185 826 1254 propter
843 1179 1163 1259 communis
1187 1179 1334 1250 juris
1361 1179 1619 1233 naturale
1639 1178 1930 1233 vinculum
1958 1181 2077 1232 tan-

391 1288 564 1343 quam
596 1271 842 1340 seipsum
874 1269 1108 1340 diligere
1131 1268 1322 1338 jussus
1353 1272 1454 1322 est.
1489 1267 1562 1321 D.
1591 1267 1860 1337 Magnum
1885 1281 2078 1338 quem-

385 1359 516 1414 dam
542 1358 728 1412 virum
759 1361 814 1412 et
838 1373 968 1411 vere
1006 1355 1485 1411 humanissimum
1510 1354 1804 1426 prtedicas.

458 1448 552 1501 46.
592 1447 667 1500 M.
695 1445 817 1498 Non
847 1444 1024 1514 igitur
1059 1442 1284 1498 numeri
1327 1443 1427 1513 qui
1461 1447 1593 1496 sunt
1619 1442 1766 1496 infra
1797 1440 2075 1496 rationem

385 1538 440 1588 et
467 1533 642 1587 insuo
663 1549 871 1603 genere
897 1532 1124 1602 pulchri
1142 1535 1294 1598 sunt,
1328 1532 1425 1585 sed
1456 1547 1616 1585 amor
1643 1529 1926 1584 inferioris
1945 1531 2076 1600 pul-

384 1621 722 1676 chritudinis
760 1621 1011 1675 animam
1065 1621 1308 1690 polluit:
1364 1636 1493 1690 quae
1535 1636 1663 1674 cum
1708 1619 1769 1673 in
1822 1619 1919 1672 illa
1959 1634 2075 1672 non

383 1711 552 1764 modo
596 1709 1002 1780 aequalitatem,
1038 1709 1106 1762 de
1149 1723 1262 1778 qua
1305 1724 1410 1777 pro
1440 1712 1698 1778 suscepto
1733 1723 1904 1778 opere
1942 1706 2076 1760 satis

381 1797 596 1852 dictum
627 1800 730 1858 est,
759 1796 856 1850 sed
881 1796 1051 1849 etiam
1083 1795 1343 1850 ordinem
1375 1795 1594 1866 diligat,
1623 1795 1812 1849 amisit
1839 1795 1963 1866 ipsa
1983 1811 2074 1848 or-

382 1886 575 1941 dinem
607 1900 804 1951 suum;
861 1900 964 1938 nec
1019 1890 1213 1938 tamen
1250 1883 1484 1938 excessit
1539 1884 1800 1938 ordinem
1856 1899 2072 1950 rerum,

381 1972 848 2044 quandoquidem
892 1970 972 2024 ibi
1006 1975 1109 2037 est,
1159 1975 1216 2025 et
1260 1971 1340 2025 ita
1376 1975 1481 2038 est,
1527 1971 1624 2026 ubi
1668 1987 1808 2038 esse,
1846 1975 1903 2026 et
1932 1988 2074 2043 quo-

379 2062 548 2116 modo
576 2077 694 2115 esse
725 2061 886 2126 tales,
912 2059 1405 2114 ordinatissimum
1431 2063 1532 2114 est.
1583 2059 1753 2114 Aliud
1788 2059 1942 2113 enim
1990 2065 2074 2114 est

376 2154 571 2205 tenere
601 2149 884 2217 ordinem,
916 2147 1073 2202 aliud
1099 2148 1297 2202 ordine
1327 2147 1530 2202 teneri.
1573 2150 1752 2203 Tenet
1788 2149 2070 2216 ordinem,

375 2239 561 2308 seipsa
586 2242 703 2292 tota
732 2236 974 2306 diligens
1005 2252 1119 2306 quo
1153 2252 1326 2306 supra
1356 2253 1414 2290 se
1463 2239 1568 2305 est,
1617 2237 1675 2291 id
1736 2241 1819 2292 est
1866 2239 2068 2305 Deum,

376 2325 554 2379 socias
581 2328 772 2378 autem
804 2323 1027 2377 animas
1074 2328 1348 2394 tanquam
1381 2324 1644 2395 seipsam.
1695 2325 1806 2378 Hac
1855 2324 2070 2396 quippe

375 2410 693 2466 dilectionis
723 2411 930 2464 virtute
959 2409 1234 2464 inferiora
1272 2410 1517 2471 ordinat,
1551 2427 1656 2465 nec
1685 2411 1754 2464 ab
1785 2410 2070 2465 inferiori-

378 2499 486 2554 bus
517 2498 840 2554 sordidatur
892 2496 931 2552 ί.
987 2498 1372 2567 Quodautem
1420 2499 1580 2553 illam
1626 2499 1898 2567 sordidat,
1956 2516 2072 2554 non

377 2593 463 2642 est
511 2589 748 2652 malum,
809 2586 945 2658 quia
1001 2586 1172 2640 etiam
1204 2602 1412 2657 corpus
1441 2591 1702 2641 creatura
1732 2587 1832 2641 Dei
1880 2591 1983 2654 est,
2015 2591 2072 2640 et

373 2675 559 2746 specie
589 2692 690 2730 sua
719 2675 976 2746 quamvis
1009 2675 1208 2729 intima
1229 2675 1552 2742 decoratur,
1585 2675 1682 2730 sed
1705 2691 1823 2744 prae
1862 2675 2071 2729 animae

372 2763 648 2834 dignitate
666 2763 1056 2818 contemnitur
1081 2784 1094 2828 ;
1120 2762 1286 2817 sicuti
1317 2763 1443 2816 auri
1469 2763 1737 2834 dignitas,
1754 2763 1925 2818 etiam
1941 2780 2071 2834 pur-

371 2851 646 2922 gatissimi
683 2852 907 2923 argenti
945 2851 1357 2906 commixtione
1387 2851 1678 2906 sordescit.
1715 2853 2073 2923 Quapropter

372 2941 720 3012 quicumque
769 2941 840 2995 de
885 2945 1082 2995 nostra
1124 2956 1352 3012 quoque
1407 2940 1619 3012 pmnali
1655 2943 1678 2977 ¹
1725 2941 2071 2996 mortalitate

371 3029 601 3084 numeri
627 3028 760 3083 facti
791 3034 946 3098 sunt,
978 3045 1096 3083 non
1123 3045 1220 3083 eos
1268 3028 1596 3084 abdicemus
1625 3045 1660 3083 a
1699 3028 2071 3084 fabricatione

370 3117 578 3172 divinae
607 3117 1014 3188 providentim,
1047 3134 1177 3172 cum
1212 3117 1326 3172 sint
1353 3118 1414 3172 in
1443 3134 1651 3188 genere
1676 3134 1776 3172 suo
1821 3118 2066 3189 pulchri.

371 3207 566 3277 Neque
592 3223 853 3260 amemus
883 3223 999 3272 eos,
1031 3211 1098 3260 ut
1124 3206 1284 3276 quasi
1310 3207 1653 3276 perfruendo
1685 3207 1892 3261 talibus
1919 3207 2070 3261 beati

373 3294 711 3348 efﬁciamur.
746 3293 841 3348 His
862 3293 1094 3355 etenim,
1117 3293 1394 3363 uqoniam
1411 3294 1755 3364 temporales
1775 3298 1922 3356 sunt,
1945 3299 2072 3348 tan-

369 3397 545 3452 quam
579 3381 774 3434 tabula
795 3381 854 3434 in
875 3381 1161 3447 ﬂuctibus,
1192 3397 1380 3451 neque
1403 3381 1722 3451 abjiciendo
1741 3380 1902 3451 quasi
1932 3397 2069 3434 one-

370 3485 548 3534 rosos,
588 3485 776 3540 neque
811 3469 1201 3540 amplectenda
1241 3469 1405 3540 quasi
1452 3469 1735 3536 fundatas,
1779 3470 1878 3524 sed
1923 3470 2070 3524 bene

367 3557 581 3612 utendo
611 3557 954 3612 carebimus.
986 3560 1033 3611 Α
1053 3557 1357 3612 dilectione
1388 3562 1579 3612 autem
1623 3557 1868 3628 proximi
1911 3561 2072 3612 tanta

369 3649 584 3715 quanta
609 3644 872 3714 praecipit
884 3661 973 3711 ur,
1003 3644 1350 3700 certissimus
1371 3645 1582 3715 gradus
1611 3645 1871 3712 ﬁtnobis,
1899 3648 1962 3698 ut
1979 3644 2068 3698 in-

368 3733 688 3788 hazreamus
718 3734 858 3800 Deo,
888 3737 944 3788 et
967 3749 1086 3788 non
1112 3737 1411 3788 teneamur
1458 3738 1681 3788 tantum
1711 3733 2068 3788 ordinatione

367 3821 540 3889 illius,
573 3822 670 3876 sed
697 3827 960 3877 nostrum
1019 3821 1192 3876 etiam
1213 3822 1475 3878 ordinem
1512 3822 1913 3877 inconcussum
1954 3838 2071 3876 cer-

367 3913 604 3981 tumque
635 3915 958 3966 teneamus.

435 4001 524 4054 47.
556 4001 645 4054 An
669 3999 908 4054 fortasse
932 3999 1193 4054 ordinem
1209 4016 1326 4054 non
1339 3999 1528 4070 diligit
1543 3999 1735 4054 anima
1753 3999 1868 4054 illis
1898 4001 2070 4057 etiam

370 4089 623 4143 numeris
654 4088 1015 4144 sensualibus
1041 4088 1438 4143 attestantibus
1461 4088 1658 4142 ?Unde
1685 4104 1820 4158 ergo
1849 4087 2072 4159 primus

367 4193 470 4247 pes
509 4182 596 4232 est
639 4177 1032 4248 pyrrhichius,
1073 4178 1354 4231 secundus
1403 4176 1648 4237 iambus,
1696 4177 1896 4231 tertius
1952 4181 2069 4231 tro-

368 4263 579 4329 chaeus,
615 4268 670 4317 et
689 4264 959 4333 deinceps
988 4263 1222 4318 caateri?
1242 4264 1350 4318 Sed
1363 4264 1495 4333 jure
1524 4264 1633 4318 hoc
1660 4264 1867 4319 dixeris
1896 4265 2070 4320 ratio-

367 4367 500 4405 nem
531 4351 721 4422 potius
750 4356 1010 4406 secutam
1057 4368 1200 4418 esse,
1232 4368 1350 4406 non
1379 4368 1628 4406 sensum.
1661 4351 1804 4416 Quid
1854 4352 2069 4423 itaque,

366 4439 510 4494 illud
544 4455 737 4493 nonne
785 4439 1154 4494 sensualibus
1182 4440 1438 4494 numeris
1479 4440 1734 4494 dandum
1776 4445 1881 4509 est,
1919 4441 2072 4512 quod

365 4543 496 4582 cum
546 4532 768 4582 tantum
818 4527 1102 4597 temporis
1151 4531 1448 4598 occupent,
1497 4527 1655 4581 verbi
1701 4527 1900 4597 gratia,
1947 4533 2071 4582 octo

365 4616 556 4685 longas
587 4615 834 4685 syllabae,
875 4618 1165 4686 quantum
1194 4614 1477 4669 sexdecim
1506 4614 1726 4684 breves,
1770 4615 1830 4668 in
1870 4615 2071 4670 eodem

365 4708 558 4758 tamen
590 4703 774 4773 spatio
806 4703 1005 4758 breves
1034 4704 1222 4775 longis
1245 4703 1437 4774 potius
1462 4702 2072 4773 misceriexspectant‘?

367 4793 446 4846 De
468 4807 583 4862 quo
615 4807 786 4846 sensu
831 4808 967 4846 cum
996 4792 1141 4846 ratio
1165 4791 1386 4863 judicat
1413 4795 1469 4846 et
1516 4791 1569 4846 ei
1611 4792 2071 4862 proceleumatici

366 4878 543 4950 pedes
572 4895 691 4932 esse
740 4881 989 4949 aequales
1042 4879 1306 4950 spondeis
1355 4879 1598 4950 pedibus
1640 4880 2067 4950 renuntiantur,

365 4967 507 5022 nihil
539 4967 694 5022 aliud
724 4967 816 5022 hic
852 4968 1042 5023 valere
1073 4969 1313 5034 invenit,
1354 4985 1527 5040 quam
1571 4969 1946 5024 ordinationis
1971 4987 2072 5041 po-

365 5055 630 5122 tentiam,
663 5055 804 5127 quia
833 5072 942 5111 nec
971 5057 1154 5127 longa:
1176 5057 1407 5128 syllabae
1425 5056 1534 5110 nisi
1555 5057 1813 5112 brevium
1840 5075 2070 5128 compa-

363 5145 585 5199 ratione
615 5145 801 5216 longze
841 5149 993 5211 sunt,
1042 5161 1147 5200 nec
1192 5146 1392 5200 breves
1431 5162 1661 5201 rursum
1702 5147 1900 5202 breves
1939 5149 2071 5200 sunt

368 5232 476 5287 nisi
505 5233 937 5306 comparatione
965 5234 1268 5305 longarum
1294 5251 1307 5289 :
1353 5235 1594 5306 ideoque
1640 5236 1917 5292 iambicus
1944 5251 2067 5292 ver-

427 5409 442 5442 ¹
466 5409 544 5457 Ita
568 5409 689 5457 Mss.
723 5409 990 5460 undecim.
1015 5408 1080 5457 At
1095 5407 1310 5456 Am.Er.
1337 5411 1389 5457 et
1404 5408 1526 5456 Lov.
1545 5407 2066 5465 habent,ordinatur.

422 5470 444 5503 ³
465 5470 783 5535 Lov.,parili
802 5470 1276 5535 mortalitate.Sed
1297 5470 1486 5518 melius
1498 5470 1612 5519 Am.
1632 5472 1904 5535 et_Er.cum
1922 5475 2067 5533 Mss.,

361 5533 569 5644 133px:
578 5532 702 5644 titul
714 5549 892 5598 supra,
906 5549 960 5585 n.
975 5536 1036 5583 33
1058 5549 1069 5582 :
1095 5536 1214 5591 Quae
1225 5532 1290 5583 de
1302 5535 1491 5583 nostra
1513 5533 1717 5596 pwnali
1731 5535 2071 5588 mortalitate

1657 347 1748 402 DE
1787 346 2068 414 MUSICA,
2141 347 2194 404 S.
2229 345 2612 406 AUGUSTINI

3759 348 3894 400 1188

2189 490 2284 528 sus
2313 473 2630 546 quamlibet
2685 469 3015 542 productius
3052 469 3471 540 pronuntiatus,
3512 485 3634 524 non
3680 469 3894 524 amissa

2186 562 2386 633 regula
2411 560 2602 631 simpli
2641 564 2702 614 et
2737 558 2920 629 dupli,
2960 573 3064 612 nec
3090 573 3304 612 nomen
3329 556 3557 612 amittit:
3576 561 3637 612 at
3658 557 3755 611 ille
3769 573 3894 610 ver-

2187 667 2282 704 sus
2308 650 2407 722 qui
2438 649 2777 720 pyrrhichiis
2821 648 3062 720 pedibus
3103 650 3340 712 constat,
3384 645 3664 716 paulatim
3696 644 3893 699 addita

2186 735 2592 805 pronuntiandi
2636 750 2819 803 mora,
2881 734 2947 787 tit
2989 735 3222 804 repente
3271 731 3632 802 spondiacus,
3677 731 3725 784 si
3777 747 3892 784 non

2186 823 2637 894 grammaticam,
2671 823 2767 877 sed
2808 822 3086 876 musicam
3125 821 3406 875 consulas.
3438 823 3510 874 At
3535 836 3670 873 vero
3707 818 3757 872 si
3787 818 3887 872 da-

2185 914 2418 983 ctylicus
2433 917 2534 966 aut
2552 911 2926 981 anapaesticus
2951 911 3041 976 sit,
3065 909 3338 980 quoniam
3360 909 3550 978 longae
3577 907 3891 962 mixtarum

2185 999 2444 1054 brevium
2471 999 2894 1070 comparatione
2924 999 3264 1060 sentiuntur,
3289 997 3546 1069 qualibet
3565 1012 3730 1050 mora
3747 1011 3890 1066 pro-

2185 1089 2500 1157 nuntietur,
2531 1091 2716 1143 servat
2745 1104 2957 1143 nomen
2989 1103 3176 1141 suum.
3205 1086 3350 1150 Quid
3382 1085 3772 1140 additamenta
3802 1101 3889 1140 se—

2184 1177 2481 1248 mipedum
2529 1194 2648 1233 non
2691 1178 2889 1232 eadem
2915 1178 3041 1246 lege
3071 1176 3132 1229 in
3161 1175 3344 1246 capite
3377 1190 3492 1246 qua
3522 1174 3582 1228 in
3610 1173 3726 1228 ﬁne
3775 1189 3892 1226 ser-

2184 1266 2384 1332 vanda,
2443 1281 2549 1320 nec
2606 1265 2801 1320 omnia
2850 1263 3237 1342 quamvis'ad
3291 1263 3559 1317 eumdem
3611 1257 3889 1332 plausum

2185 1358 2543 1425 coaptentur,
2575 1353 2938 1408 adhibenda?
2969 1351 3107 1423 quid
3133 1351 3378 1406 duarum
3409 1349 3722 1420 aliquando
3757 1349 3890 1403 bre-

2184 1443 2341 1498 vium
2370 1443 2578 1514 potius,
2604 1458 2775 1513 quam
2806 1442 2978 1496 unius
3000 1442 3184 1511 longae
3211 1439 3271 1494 in
3285 1438 3400 1493 ﬁne
3417 1437 3627 1508 positio
3647 1439 3890 1492 ?nonne

2183 1532 2308 1602 ipso
2338 1548 2508 1586 sensu
2546 1532 2996 1586 modiﬁcantur?
3021 1531 3131 1585 Nec
3175 1531 3236 1584 in
3274 1529 3364 1584 his
3399 1527 3744 1599 aequalitatis
3775 1543 3886 1580 nu-

2184 1635 2399 1690 merus,
2429 1619 2520 1674 cui
2551 1619 2694 1674 nihil
2726 1618 2966 1690 deperit,
2990 1618 3106 1672 sive
3140 1617 3280 1671 illud
3311 1615 3426 1670 sive
3457 1613 3611 1668 aliud
3650 1614 3744 1680 sit,
3779 1613 3888 1668 sed

2185 1707 2404 1762 ordinis
2431 1707 2721 1762 vinculum
2752 1706 3054 1777 reperitur.
3109 1707 3368 1776 Longum
3409 1707 3495 1758 est
3541 1717 3886 1772 percurrere

2184 1796 2466 1851 cteteraad
2481 1797 2741 1850 eamdem
2762 1797 2878 1850 vim
2908 1794 3253 1866 pertinentia
3278 1793 3337 1848 in
3363 1795 3620 1848 numeris
3645 1797 3885 1864 tempo-

2183 1901 2332 1940 rum.
2364 1885 2471 1940 Sed
2511 1901 2719 1955 nempe
2783 1885 2953 1939 etiam
2983 1884 3194 1938 formas
3240 1881 3492 1936 visibiles
3529 1898 3731 1937 sensus
3761 1882 3886 1952 ipse

2187 1978 2542 2043 aspernatur,
2573 1979 2669 2028 aut
2696 1989 2905 2043 pronas
2925 1976 3119 2026 contra
3149 1987 3322 2042 quam
3350 1971 3527 2037 decet,
3561 1974 3663 2025 aut
3691 1970 3886 2040 capite

2184 2063 2471 2128 deorsum,
2507 2066 2562 2117 et
2593 2062 2821 2128 similia,
2850 2062 2912 2116 in
2944 2052 3152 2132 quibus
3184 2076 3301 2114 non
3339 2059 3724 2130 inaequalitas,
3758 2074 3884 2112 ma-

2182 2155 2352 2204 nente
2380 2149 2630 2220 partium
2662 2149 2969 2220 parilitate,
3011 2148 3105 2202 sed
3136 2147 3474 2218 perversitas
3497 2147 3882 2218 improbatur.

2182 2241 2472 2293 Postremo
2518 2237 2577 2291 in
2631 2238 2896 2292 omnibus
2932 2237 3192 2291 sensibus
3236 2241 3294 2290 et
3338 2235 3608 2306 operibus
3647 2235 3884 2304 nostris,

2147 2352 2154 2360 ι
2181 2342 2313 2381 cum
2343 2326 2570 2380 insolita
2594 2327 2888 2398 pleraque,
2912 2331 2969 2380 et
2990 2326 3060 2380 ob
3073 2326 3181 2379 hoc
3207 2324 3519 2395 injucunda
3531 2323 3883 2395 quihusdam

2181 2415 2452 2486 gradibus
2482 2415 2763 2485 appetitui
2803 2419 3001 2468 nostro
3043 2413 3433 2478 conciliamus,
3483 2416 3540 2466 et
3573 2428 3641 2466 ea
3682 2411 3880 2481 primo

2180 2504 2569 2570 tolerabiliter,
2596 2503 2801 2558 deinde
2828 2503 3070 2557 libenter
3089 2501 3399 2571 accipimus
3424 2520 3436 2566 ;
3459 2516 3650 2554 nonne
3671 2500 3882 2554 ordine

2180 2591 2533 2645 conteximus
2561 2591 2929 2661 voluptatem,
2965 2595 3022 2644 et
3050 2590 3161 2643 nisi
3185 2589 3381 2660 priora
3407 2587 3631 2654 mediis,
3668 2592 3726 2642 et
3755 2605 3880 2642 me-

2180 2680 2274 2735 dia
2302 2679 2607 2750 postremis
2631 2679 2986 2733 concorditer
3015 2694 3156 2733 nexa
3187 2682 3338 2741 sunt,
3361 2677 3736 2732 abhorremus
3753 2680 3781 2732 ?

2252 2771 2345 2824 48.
2377 2767 2760 2832 Quamobrem
2790 2783 2975 2838 neque
3004 2767 3065 2821 in
3096 2767 3386 2836 voluptate
3423 2765 3656 2835 carnali,
3687 2781 3884 2836 neque

2178 2856 2242 2911 in
2269 2856 2582 2911 honoribus
2611 2861 2668 2910 et
2697 2856 2963 2912 laudibus
2992 2855 3316 2919 hominum,
3349 2871 3537 2925 neque
3572 2853 3634 2907 in
3677 2869 3884 2908 eorum

2180 2940 2572 3010 exploratione
2600 2957 2730 3010 quae
2759 2939 3073 2994 forinsecus
3101 2955 3308 3010 corpus
3339 2939 3646 3008 attingunt,
3680 2943 3883 2993 nostra

2179 3026 2390 3097 gaudia
2409 3027 2773 3096 collocemus,
2801 3026 3074 3081 habentes
3101 3026 3163 3080 in
3178 3025 3381 3080 intimo
3403 3027 3603 3092 Deum,
3625 3025 3728 3080 ubi
3759 3042 3880 3080 cer-

2179 3119 2302 3169 tum
2325 3119 2408 3169 est
2432 3119 2486 3169 et
2515 3114 2988 3169 incommutabile
3009 3131 3178 3168 omne
3191 3114 3344 3185 quod
3374 3129 3653 3168 amamus.
3685 3115 3771 3168 Ita
3794 3114 3884 3183 fit,

2179 3207 2244 3258 ut
2271 3208 2328 3259 et
2357 3220 2484 3258 cum
2507 3205 2714 3259 adsunt
2737 3205 2858 3258 hinc
2885 3204 3244 3275 temporalia,
3279 3219 3396 3258 non
3436 3207 3630 3257 tamen
3657 3202 3740 3256 eis
3771 3202 3885 3257 im-

2179 3291 2481 3362 plicemur,
2514 3297 2571 3347 et
2597 3293 2720 3346 sine
2747 3308 2917 3346 sensu
2931 3292 3139 3346 doloris
3161 3308 3290 3364 quas
3310 3295 3466 3346 extra
3489 3307 3697 3361 corpus
3723 3295 3885 3358 sunt,

2180 3380 2400 3435 absint:
2431 3381 2620 3450 ipsum
2643 3384 2834 3434 autem
2861 3397 3085 3452 corpus,
3117 3385 3215 3434 aut
3245 3381 3423 3446 nullo,
3448 3383 3545 3435 aut
3575 3397 3687 3434 non
3719 3382 3887 3450 gravi

2179 3483 2349 3522 sensu
2380 3467 2591 3521 doloris
2621 3467 2926 3531 adimatur,
2967 3472 3024 3522 et
3043 3468 3473 3523 reformandum
3511 3473 3731 3522 naturae
3764 3485 3887 3523 suae

2177 3559 2362 3610 morte
2386 3555 2670 3611 reddatur.
2695 3557 2949 3610 Attentio
2971 3573 3221 3627 namque
3239 3557 3446 3611 animae
3478 3558 3548 3612 ad
3576 3557 3836 3627 corporis
3869 3557 3889 3590 ¹

2178 3649 2400 3716 partem
2425 3643 2683 3714 inquieta
2715 3644 2944 3714 negotia
2973 3644 3277 3712 contrahit,
3323 3649 3379 3698 et
3413 3644 3726 3699 universali
3756 3645 3887 3716 lege

2177 3733 2436 3803 neglecta
2464 3732 2668 3803 privati
2695 3733 2993 3803 cujusdam
3041 3733 3232 3804 operis
3282 3749 3463 3801 amor,
3499 3734 3654 3805 quod
3688 3733 3888 3804 ipsum

2178 3825 2373 3876 tamen
2404 3821 2474 3875 ab
2503 3820 2874 3876 universitate
2915 3837 3089 3892 quam
3139 3823 3286 3876 Deus
3333 3821 3482 3892 regit
3532 3837 3646 3875 non
3692 3826 3890 3892 potest

2177 3909 2435 3963 alienari.
2471 3910 2668 3980 Itaque
2697 3909 2960 3964 subditur
2990 3910 3213 3980 legibus
3245 3909 3345 3980 qui
3375 3926 3491 3964 non
3518 3913 3672 3964 amat
3700 3910 3882 3981 leges.

2178 3998 2403 4052 CAPUT
2441 3998 2549 4052 XV.
2578 4028 2646 4036 —
2673 3999 2985 4068 Corporales
3013 4014 3261 4054 numeros
3289 4003 3410 4068 post
3430 4001 3884 4054 resurrectionem

2248 4091 2370 4154 aget
2387 4089 2572 4141 anima
2598 4089 2791 4155 quiete.
2828 4090 3072 4144 Virtutes
3102 4093 3338 4157 quatuor
3365 4088 3560 4158 quibus
3582 4088 3667 4142 hic
3695 4091 3888 4142 anima

2245 4177 2548 4244 perﬁcitur.

2247 4264 2336 4318 49.
2371 4263 2478 4318 Sed
2508 4263 2555 4317 si
2595 4263 2663 4317 de
2691 4264 2861 4319 rebus
2889 4263 3243 4336 incorporeis
3282 4269 3339 4319 et
3380 4264 3581 4319 eodem
3615 4264 3791 4319 modo
3824 4282 3887 4321 se

2180 4367 2407 4421 semper
2434 4351 2803 4419 habentibus,
2848 4354 3190 4424 plerumque
3220 4352 3592 4407 attentissime
3623 4353 3885 4424 cogitan—

2178 4445 2285 4510 tes,
2322 4440 2370 4494 si
2401 4457 2544 4512 quos
2573 4441 2718 4497 forte
2746 4443 2845 4498 illo
2875 4449 3135 4514 tempore
3163 4441 3387 4512 agimus
3423 4457 3695 4498 numeros
3741 4448 3890 4499 tem-

2178 4529 2405 4600 porales
2437 4530 2496 4584 in
2536 4531 2798 4602 quolibet
2824 4531 3075 4603 corporis
3121 4534 3304 4599 motu,
3343 4528 3493 4583 facili
3532 4545 3667 4583 sane
3707 4536 3888 4603 atque.

2179 4619 2571 4686 usitatissimo,
2603 4619 2720 4674 sive
2742 4621 3190 4685 deambulantes,
3219 4618 3334 4672 sive
3353 4617 3697 4688 psallentes,
3711 4635 3884 4690 pror-

2178 4723 2272 4762 sus
2301 4706 2465 4762 nobis
2497 4709 2898 4779 ignorantibus
2927 4710 3244 4771 transeunt,
3280 4705 3539 4776 quamvis
3567 4706 3735 4762 nobis
3766 4725 3888 4765 non

2179 4796 2480 4867 agentibus
2528 4798 2674 4852 nulli
2719 4801 2945 4852 essent:
2991 4795 3038 4848 si
3089 4793 3334 4864 denique
3384 4793 3444 4848 in
3495 4793 3632 4864 ipsis
3674 4798 3886 4852 nostris

2177 4885 2444 4939 inanibus
2472 4885 2970 4956 phantasmatibus
2998 4898 3127 4936 cum
3153 4881 3412 4953 occupati
3441 4899 3658 4950 sumus,
3691 4885 3886 4940 simili~

2177 4977 2266 5027 ter
2293 4973 2402 5027 ista
2449 4976 2800 5043 praetereunt
2825 4969 3126 5039 agentibus
3157 4986 3261 5024 nec
3289 4970 3662 5026 sentientibus
3692 4973 3877 5040 nobis,

2177 5066 2390 5132 quanto
2422 5061 2604 5131 magis
2634 5062 2972 5130 quantoque
3001 5058 3376 5129 constantius,
3394 5075 3513 5114 cum
3535 5062 3885 5129 corruptibile

2179 5151 2272 5204 hoc
2322 5149 2562 5202 induerit
2615 5149 3092 5216 incorruptionem,
3143 5153 3190 5201 et
3222 5149 3447 5203 mortale
3493 5149 3586 5202 hoc
3639 5149 3884 5204 induerit

2177 5237 2637 5292 immortalitatem
2689 5236 2731 5306 (Ι
2782 5237 2903 5292 Cor.
2948 5253 3039 5303 xv,
3079 5237 3195 5304 53),
3251 5237 3309 5291 id
3357 5241 3459 5304 est,
3502 5241 3568 5290 ut
3595 5236 3702 5290 hoc
3727 5238 3881 5293 idem

2176 5325 2406 5398 planius
2432 5326 2694 5397 eloquar,
2727 5340 2859 5379 cum
2884 5325 3032 5379 Deus
3059 5324 3427 5379 viviﬁcaverit
3454 5325 3718 5378 mortalia
3756 5343 3878 5381 cor-

2177 5428 2317 5484 pora
2345 5415 2558 5477 nostra,
2607 5411 2756 5466 sicut
2809 5411 3117 5482 Apostolus
3165 5411 3322 5480 dicit,
3365 5415 3590 5480 propter
3626 5415 3881 5480 spiritum

2177 5506 2479 5557 manentem
2508 5502 2567 5555 in
2593 5501 2750 5556 nobis
2784 5500 2961 5571 (Rom.
2993 5516 3110 5567 vm,
3147 5503 3259 5569 tl):
3310 5504 3522 5571 quanto
3566 5516 3703 5572 ergo
3746 5506 3882 5557 tunc

2249 5600 2263 5633 ¹
2295 5597 2513 5660 Legitur
2543 5597 2596 5648 in
2629 5597 2872 5662 pluribus
2893 5597 3036 5653 Mss..
3060 5595 3119 5645 in
3144 5597 3387 5659 temporis
3412 5599 3640 5658 partem.
