4064 6380
150 327 285 379 1189

142 446 328 517 magis
349 447 410 500 in
429 461 611 500 unum
636 447 815 502 Deum
836 451 893 502 et
909 449 1272 519 perspicuam
1297 450 1505 506 intenti
1525 453 1840 518 veritatem,

140 539 209 589 ut
236 535 451 590 dictum
481 540 583 600 est,
606 537 751 603 facie
772 537 846 590 ad
863 539 1081 605 faciem,
1103 554 1372 593 numeros
1394 541 1600 611 quibus
1620 543 1842 612 agimus

142 625 571 693 corpora,nulla
591 624 991 695 inquietudine
1015 627 1409 698 sentiemus,et
1429 631 1843 700 gaudebimus?

143 711 261 765 Nisi
306 712 453 766 forte
503 713 851 766 credendum
907 717 1010 775 est,
1065 715 1315 770 animam
1355 734 1484 772 cum
1516 720 1584 773 de
1615 720 1682 773 iis
1713 737 1840 792 quae

140 815 248 869 per
267 799 448 870 ipsam
478 801 627 854 bona
656 805 807 863 sunt,
848 802 1092 871 gaudere
1124 805 1320 873 possit,
1352 805 1420 860 de
1450 806 1519 860 iis
1542 824 1608 861 ex
1633 809 1840 879 quibus

141 889 267 959 ipsa
297 890 447 943 bona
478 893 582 953 est,
618 905 733 954 non
764 905 928 960 posse
960 891 1227 960 gaudere.

216 981 302 1032 50.
349 977 456 1031 Sed
500 979 622 1032 hinc
651 977 796 1031 actio
830 994 943 1048 qua
972 995 1091 1033 sese
1128 979 1340 1046 anima,
1376 979 1688 1050 opitulante
1723 981 1839 1034 Deo

142 1070 200 1120 et
247 1065 488 1120 Domino
549 1083 673 1133 suo,
733 1066 800 1120 ab
853 1083 1045 1121 amore
1085 1067 1367 1122 inferioris
1397 1068 1840 1139 pulchritudinis

143 1155 410 1224 extrahit,
473 1155 761 1209 debellans
819 1160 987 1227 atque
1041 1155 1386 1210 interﬁciens
1456 1157 1725 1211 adversus
1781 1174 1839 1211 se

142 1242 488 1296 militantem
535 1243 1009 1298 consuetudinem
1057 1260 1241 1311 suam,
1273 1261 1339 1298 ea
1367 1244 1604 1299 victoria
1629 1245 1840 1299 trium-

143 1331 388 1399 phatura
416 1331 476 1383 in
505 1331 808 1402 semetipsa
837 1331 905 1385 de
934 1332 1307 1401 potestatibus
1338 1332 1484 1386 aeris
1507 1333 1698 1403 hujus,
1719 1333 1841 1403 qui-

142 1420 250 1472 bus
278 1419 661 1474 invidentibus
692 1425 749 1475 et
777 1421 1096 1491 praepedire
1126 1421 1507 1491 cupientibus,
1551 1424 1736 1476 evolat
1768 1424 1840 1477 ad

142 1523 309 1561 suam
339 1507 704 1562 stabilitatem
732 1515 787 1562 et
810 1509 1239 1563 ﬁrmamentum
1270 1511 1481 1576 Deum;
1515 1527 1704 1564 nonne
1735 1511 1839 1565 tibi

140 1596 368 1650 videtur
411 1613 477 1651 ea
523 1613 640 1652 esse
679 1597 857 1652 virtus
903 1615 1031 1670 quae
1079 1599 1460 1669 temperantia
1492 1599 1733 1655 dicitur?
1763 1602 1834 1655 D.

139 1687 400 1755 Agnosco
447 1689 504 1739 et
547 1686 824 1757 intelligo.
873 1689 948 1741 Μ.
1001 1687 1145 1750 Quid
1194 1689 1405 1757 porro?
1455 1703 1586 1741 cum
1627 1689 1689 1741 in
1731 1690 1839 1744 hoc

141 1773 345 1827 itinere
374 1774 620 1844 proﬁcit,
649 1776 768 1846 jam
800 1780 1012 1830 aeterna
1043 1777 1249 1846 gaudia
1279 1777 1745 1847 praesentientem
1775 1794 1840 1831 ac

141 1879 290 1933 pene
309 1864 929 1935 prehendentem,num
944 1865 1172 1919 amissio
1195 1882 1388 1920 rerum
1405 1865 1832 1937 temporalium,

143 1955 243 2006 aut
270 1968 422 2006 mors
447 1954 564 2007 ulla
589 1954 837 2008 deterret
868 1955 989 2025 jam
1019 1955 1305 2009 valentem
1333 1955 1519 2009 dicere
1549 1955 1836 2009 inferiori-

141 2039 250 2093 bus
273 2041 438 2094 sociis
465 2058 476 2094 :
499 2043 701 2096 Bonum
723 2048 799 2096 est
814 2044 951 2096 mihi
971 2043 1214 2109 dissolvi,
1239 2049 1287 2097 et
1310 2059 1419 2097 esse
1439 2059 1556 2098 cum
1583 2044 1793 2099 Christo
1821 2060 1836 2094 :

141 2145 358 2183 manere
383 2135 560 2184 autem
598 2132 655 2183 in
685 2147 863 2197 carne,
895 2134 1255 2186 necessarium
1279 2138 1505 2202 propter
1524 2148 1614 2186 vos
1633 2135 1659 2188 Ρ
1691 2134 1838 2203 (Phi-

143 2219 278 2286 lipp.
335 2233 376 2282 ι,
417 2222 507 2285 23,
553 2221 669 2289 24.)
721 2220 794 2274 D.
846 2220 933 2274 Sic
989 2221 1270 2275 existimo.
1316 2226 1387 2276 Μ.
1438 2224 1510 2275 At
1555 2222 1662 2275 ista
1717 2223 1839 2292 ejus

141 2305 367 2360 affectio
418 2324 530 2378 qua
576 2308 762 2362 nullas
791 2309 1159 2363 adversitates
1201 2315 1511 2364 mortemve
1548 2310 1835 2379 formidat,

141 2395 284 2464 quid
335 2395 489 2449 aliud
540 2413 712 2467 quam
754 2397 1029 2452 fortitudo
1078 2398 1317 2452 dicenda
1347 2400 1469 2453 est?
1505 2403 1576 2454 D.
1635 2401 1697 2454 Et
1731 2401 1840 2455 hoc

142 2499 407 2552 agnosco.
441 2487 514 2539 Μ.
565 2485 824 2539 Jamvero
868 2487 992 2556 ipsa
1038 2487 1160 2556 ejus
1209 2487 1490 2542 ordinatio
1539 2505 1653 2559 qua
1695 2490 1840 2544 nulli

141 2571 315 2625 servit
359 2572 468 2626 nisi
516 2574 620 2627 uni
673 2576 809 2637 Deo,
860 2575 1005 2628 nulli
1058 2577 1342 2646 coaequari
1383 2576 1493 2630 nisi
1523 2578 1841 2648 purissimis

140 2659 373 2730 animis,
395 2661 540 2715 nulli
566 2662 853 2716 dominari
884 2664 1101 2734 appetit
1121 2662 1231 2718 nisi
1261 2670 1481 2720 natura:
1509 2665 1734 2720 bestiali
1764 2672 1840 2721 at-

139 2765 255 2820 que
302 2765 609 2820 corporeae,
658 2767 787 2823 quae
829 2753 1062 2807 tandem
1089 2755 1265 2807 virtus
1295 2754 1400 2808 tibi
1431 2771 1550 2808 csse
1579 2753 1840 2809 videtur?

141 2840 208 2890 D.
237 2837 372 2902 Quis
403 2854 519 2892 non
549 2839 830 2911 intelligat
871 2840 1018 2894 hanc
1060 2857 1180 2895 esse
1213 2842 1537 2912 justitiam?
1566 2845 1634 2897 M.
1669 2845 1839 2898 Recte

140 2925 439 2997 intelligis.

141 3016 369 3069 CAPUT
413 3017 544 3070 XVI.
588 3047 660 3056 —
700 3018 784 3071 De
811 3022 1044 3086 quatuor
1071 3019 1367 3073 virtutibus
1394 3036 1464 3073 an
1493 3025 1542 3074 et
1581 3023 1841 3089 quomodo

781 3108 893 3161 sint
921 3108 979 3160 in
1015 3106 1201 3161 beatis.

218 3196 305 3247 5t.
339 3192 446 3247 Sed
479 3193 618 3248 illud
630 3194 754 3264 jam
785 3210 1000 3266 quaero,
1033 3211 1163 3248 cum
1184 3196 1549 3266 prudentiam
1580 3198 1840 3270 superius

144 3280 220 3352 (a)
250 3298 376 3335 eam
403 3298 523 3337 esse
552 3283 868 3337 constiterit
891 3283 1043 3337 inter
1070 3301 1196 3353 nos,
1215 3302 1328 3356 qua
1354 3285 1622 3357 intelligit
1652 3288 1843 3342 anima

141 3369 248 3424 ubi
297 3370 348 3424 ei
376 3371 798 3428 consistendum
829 3372 917 3439 sit,
951 3390 1064 3444 quo
1097 3390 1217 3427 sese
1247 3374 1454 3429 attollit
1481 3392 1585 3446 per
1623 3379 1840 3448 tempe-

140 3459 414 3526 rantiam,
448 3460 507 3515 id
541 3464 644 3524 est,
678 3461 1108 3516 conversionem
1150 3463 1359 3516 amoris
1387 3463 1446 3516 in
1475 3465 1677 3532 Deum,
1713 3481 1841 3536 quae

141 3547 394 3601 Charitas
420 3549 644 3616 dicitur,
677 3554 731 3603 et
772 3549 1130 3604 eversionem
1170 3552 1238 3604 ab
1269 3553 1376 3606 hoc
1407 3553 1636 3614 saeculo,
1668 3571 1842 3625 quam

141 3637 322 3691 etiam
362 3637 636 3692 fortitudo
669 3642 725 3693 et
753 3639 977 3710 justitia
1006 3640 1376 3708 comitantur;
1422 3646 1618 3697 utrum
1651 3643 1843 3698 existi-

141 3741 270 3779 mes
317 3741 447 3780 cum
489 3727 554 3780 ad
589 3744 706 3780 suae
736 3727 1052 3781 dilectionis
1085 3733 1142 3783 et
1171 3733 1403 3783 conatus
1434 3729 1683 3785 fructum
1712 3748 1840 3802 per-

141 3815 293 3868 fecta
330 3816 772 3870 sanctiﬁcatione
801 3818 1146 3887 pervenerit,
1176 3818 1427 3888 perfecta
1457 3819 1630 3874 etiam
1660 3820 1841 3875 viviﬁ-

139 3901 366 3957 catione
396 3903 496 3958 illa
517 3903 771 3974 corporis
800 3903 908 3971 sui,
941 3909 996 3958 et
1025 3905 1222 3960 deletis
1252 3907 1321 3961 de
1352 3907 1630 3962 memoria
1657 3909 1842 3978 phan-

140 3995 454 4046 tasmatum
502 3991 702 4059 turbis,
748 3993 901 4063 apud
927 3994 1106 4047 Deum
1138 3994 1326 4065 ipsum
1356 3997 1476 4050 solo
1510 3998 1622 4050 Deo
1654 3997 1840 4052 vivere

140 4081 402 4149 coeperit,
444 4096 574 4134 cum
615 4080 916 4151 impletum
957 4081 1150 4148 fuerit,
1191 4084 1342 4153 quod
1376 4083 1646 4138 divinitus
1678 4085 1842 4139 nobis

137 4168 252 4222 hoc
305 4169 473 4223 modo
534 4170 890 4239 promittitur
961 4172 1323 4239 Dilectissimi,
1379 4189 1520 4227 nunc
1580 4175 1685 4243 ﬁlii
1736 4175 1844 4228 Dei

137 4274 352 4324 sumus,
395 4263 444 4312 et
469 4259 707 4313 nondum
736 4262 999 4328 apparuit
1027 4261 1162 4328 quid
1191 4264 1411 4317 erimus.
1463 4263 1671 4318 Scimus
1712 4267 1843 4333 quia

137 4361 267 4400 cum
295 4350 635 4415 apparuerit,
665 4350 864 4403 similes
896 4350 980 4403 illi
1007 4353 1229 4419 erimus,
1263 4356 1521 4421 quoniam
1543 4354 1842 4408 videbimus

138 4451 267 4488 eum
305 4437 470 4488 sicuti
515 4441 592 4490 est
637 4436 681 4506 (Ι
728 4441 885 4492 Joan.
936 4456 1020 4506 111,
1063 4441 1116 4510 2)
1173 4456 1186 4493 :
1229 4456 1426 4510 quaero
1457 4458 1614 4512 ergo,
1651 4447 1843 4496 utrum

139 4523 435 4577 existimes
478 4523 579 4577 has
626 4523 708 4577 ibi
760 4525 995 4579 virtutes
1044 4543 1187 4596 quas
1243 4530 1842 4597 commemoravimus,

139 4609 322 4664 etiam
351 4615 485 4664 tunc
529 4612 768 4666 futuras.
804 4615 866 4666 D.
905 4614 1031 4667 Non
1062 4614 1245 4681 video,
1278 4632 1408 4669 cum
1438 4617 1672 4671 adversa
1700 4634 1844 4688 prce-

138 4698 428 4768 terierint,
472 4699 679 4771 quibus
718 4701 1059 4772 obluctatur,
1094 4705 1381 4772 quomodo
1411 4709 1510 4758 aut
1536 4705 1844 4776 prudentia

139 4788 228 4843 ibi
262 4805 380 4843 esse
406 4789 606 4859 possit,
639 4806 768 4860 qua:
799 4807 914 4844 non
956 4790 1116 4862 eligit
1161 4792 1298 4862 quid
1343 4798 1613 4864 sequatur
1642 4794 1753 4848 nisi
1783 4795 1843 4848 in

138 4876 433 4943 adversis;
479 4883 578 4931 aut
618 4879 1019 4948 temperantia,
1057 4896 1186 4950 quas
1212 4897 1467 4936 amorem
1497 4898 1614 4936 non
1642 4882 1844 4936 avertit

139 4965 260 5020 nisi
288 4965 359 5019 ab
400 4965 676 5033 adversis;
719 4971 816 5020 aut
853 4967 1146 5036 fortitudo,
1181 4985 1308 5040 quas
1336 4987 1454 5024 non
1481 4971 1688 5025 tolerat
1735 4970 1845 5026 nisi

137 5054 411 5119 adversa;
445 5058 544 5108 aut
566 5054 805 5124 justitia,
839 5072 969 5126 qua:
995 5073 1113 5111 non
1142 5059 1361 5129 appetit
1397 5058 1613 5128 aequari
1634 5059 1841 5113 beatis-

140 5141 309 5197 simis
335 5142 560 5210 animis,
607 5147 665 5196 et
701 5142 962 5197 inferiori
1011 5150 1231 5200 natura:
1268 5147 1574 5215 dominari,
1623 5147 1737 5202 nisi
1782 5147 1843 5202 in

139 5231 418 5298 adversis,
492 5231 551 5286 id
608 5236 711 5299 est,
768 5239 1018 5287 nondum
1083 5241 1336 5292 assecuta
1380 5237 1631 5309 idipsum
1687 5237 1843 5308 quod

140 5319 392 5392 appetit.

217 5411 305 5463 5'2.
355 5410 428 5462 Μ.
487 5409 609 5463 Non
662 5425 1072 5482 usquequaque
1122 5412 1370 5468 absurda
1415 5419 1500 5469 est
1547 5413 1842 5485 responsio

139 5503 272 5564 tua;
318 5501 375 5551 et
412 5495 754 5567 quibusdam
791 5497 971 5553 doctis
999 5498 1184 5555 visum
1212 5500 1321 5556 hoc
1351 5519 1495 5572 esse,
1526 5519 1640 5559 non
1667 5519 1839 5575 nego.

209 5584 282 5646 (a)
309 5584 432 5646 Cap.
461 5585 535 5640 13,
564 5587 639 5631 37.

1616 331 1826 389 LIBER
1883 332 2175 392 SEXTUS.

3514 346 3649 398 “90

1953 455 2060 510 Sed
2081 471 2188 526 ego
2211 456 2510 511 consulens
2532 457 2750 526 Libros,
2784 473 2928 528 quos
2958 459 3117 513 nulla
3143 460 3432 515 antecellit
3461 468 3648 519 aucto-

1953 544 2111 612 ritas,
2141 545 2219 598 ita
2254 544 2479 600 invenio
2509 547 2723 601 dictum
2754 563 2875 601 esse
2903 565 2915 600 :
2950 547 3172 603 Gustate
3201 553 3250 602 et
3281 549 3477 612 videte,
3513 568 3646 621 quo-

1951 635 2099 686 niam
2126 636 2310 687 suavis
2336 639 2414 687 est
2434 635 2697 689 Dominus
2723 637 2888 703 (Psal.
2907 652 3102 704 xxxm,
3132 637 3210 706 9).
3242 638 3402 701 Quod
3425 644 3647 708 aposto-

1951 720 2038 774 lus
2070 721 2242 774 etiam
2272 722 2471 774 Petrus
2510 721 2588 775 sic
2616 723 2994 793 interposuit;
3028 724 3094 778 Si
3135 728 3310 779 tamen
3360 728 3644 793 gustastis,

1952 812 2205 878 quoniam
2248 811 2430 864 suavis
2479 815 2556 864 est
2601 813 2853 866 Dominus
2891 814 2930 882 (Ι
2975 816 3118 868 Petr.
3165 831 3228 881 ιι,
3265 816 3334 883 3).
3380 816 3492 868 Hoc
3521 830 3643 868 esse

1952 895 2195 948 arbitror
2224 895 2377 966 quod
2409 895 2600 966 agitur
2624 897 2684 949 in
2721 897 2808 950 his
2851 898 3154 953 virtutibus
3193 916 3321 970 quae
3358 901 3482 971 ipsa
3511 917 3644 955 con-

1948 984 2206 1038 versione
2238 983 2490 1038 animam
2521 988 2788 1054 purgant.
2821 986 2944 1039 Non
2976 987 3130 1041 enim
3163 1004 3326 1043 amor
3352 993 3643 1060 tempora-

1950 1072 2094 1126 lium
2124 1089 2316 1127 rerum
2347 1078 2792 1143 expugnaretur,
2825 1073 2935 1126 nisi
2965 1075 3157 1146 aliqua
3185 1076 3458 1132 suavitate
3486 1082 3648 1132 aeter-

1952 1175 2176 1215 narum.
2203 1160 2308 1214 Ubi
2331 1165 2521 1214 autem
2532 1165 2764 1215 ventum
2785 1160 2958 1214 fuerit
2969 1162 3037 1214 ad
3051 1162 3192 1216 illud
3214 1165 3367 1234 quod
3389 1165 3644 1220 canitur:

1951 1251 2276 1319 Filiijautem
2305 1250 2575 1304 hominum
2602 1249 2699 1303 sub
2716 1251 2930 1318 tegnine
2952 1251 3166 1304 alarum
3197 1236 3416 1307 tuarum
3460 1269 3646 1323 spera-

1953 1338 2119 1406 bunt;
2147 1339 2561 1392 inebriabuntur
2589 1339 2656 1391 ab
2686 1339 2929 1393 ubertate
2956 1339 3143 1394 domus
3174 1345 3297 1407 tum,
3331 1346 3382 1395 et
3414 1346 3645 1396 torrente

1950 1427 2247 1495 voluptatis
2279 1432 2381 1481 tua
2420 1427 2638 1496 potabis
2669 1442 2788 1493 eos;
2824 1429 3080 1495 quoniam
3118 1430 3270 1498 apud
3318 1434 3365 1483 te
3403 1435 3480 1484 est
3504 1433 3647 1496 fons

1949 1517 2110 1569 vitae:
2156 1531 2273 1569 non
2307 1517 2430 1581 jam
2462 1520 2689 1587 gustatu
2720 1533 2953 1570 suavem
2982 1517 3099 1571 fore
3133 1518 3440 1572 Dominum
3471 1519 3640 1586 dicit;

1951 1603 2050 1657 sed
2073 1603 2230 1657 vides
2255 1620 2384 1675 quae
2414 1604 2714 1657 inundatio
2746 1607 2801 1657 et
2830 1605 3124 1659 afﬂuentia
3152 1606 3496 1676 praedicetur
3516 1606 3646 1660 fon-

1950 1691 2022 1744 tis
2039 1691 2238 1745 aaterni
2260 1708 2272 1757 ;
2298 1708 2470 1763 quam
2489 1693 2662 1746 etiam
2683 1691 2924 1746 ebrietas
2949 1695 3211 1764 qumdam
3238 1694 3640 1766 consequitur:

1952 1795 2064 1850 quo
2085 1780 2317 1834 nomine
2339 1780 2480 1834 mihi
2500 1781 2727 1835 videtur
2751 1781 3092 1835 mirabiliter
3107 1781 3416 1852 signiﬁcari
3435 1782 3644 1837 oblivio

1949 1866 2047 1921 illa
2076 1868 2430 1922 saecularium
2453 1869 2766 1922 vanitatum
2787 1873 2956 1940 atque
2979 1871 3470 1940 phantasmatum.
3498 1871 3652 1926 Con-

1948 1959 2090 2009 texit
2121 1956 2326 2010 deinde
2353 1961 2576 2024 caetera,
2609 1961 2666 2011 et
2697 1956 2867 2011 dicit:
2910 1959 2973 2011 In
3003 1958 3201 2012 lumine
3226 1964 3315 2014 tuo
3344 1960 3647 2014 videbimus

1949 2045 2144 2098 lumen.
2176 2044 2449 2098 Prwtende
2485 2044 2912 2099 misericordiam
2957 2050 3104 2099 tuam
3143 2048 3434 2101 scientibus
3478 2053 3543 2101 te.
3580 2050 3645 2102 In

1949 2133 2168 2201 lumine,
2193 2132 2404 2186 scilicet
2429 2132 2489 2186 in
2519 2133 2741 2187 Christo
2773 2133 3188 2202 accipiendum,
3217 2135 3316 2206 qui
3347 2135 3644 2207 Sapientia

1951 2221 2050 2274 Dei
2084 2226 2185 2288 est,
2218 2225 2273 2275 et
2301 2221 2495 2275 lumen
2530 2221 2698 2275 toties
2727 2222 3063 2291 appellatur.
3101 2223 3205 2277 Ubi
3237 2239 3374 2291 ergo
3407 2224 3644 2292 dicitur,

1954 2311 2223 2376 Vidimus,
2279 2314 2353 2376 et,
2399 2310 2685 2364 scientibus
2729 2315 2797 2375 te,
2849 2311 3047 2381 negari
3088 2327 3204 2364 non
3249 2316 3438 2382 potest
3486 2312 3643 2366 futu-

1948 2414 2071 2452 ram
2126 2397 2206 2451 ibi
2253 2413 2372 2451 esse
2420 2397 2816 2468 prudentiam.
2861 2400 2948 2452 An
2983 2398 3163 2452 videri
3198 2415 3395 2453 verum
3425 2399 3644 2454 bonum

1951 2483 2158 2538 anima:
2179 2489 2236 2539 et
2256 2484 2385 2538 sciri
2402 2489 2611 2555 potest,
2639 2485 2739 2539 ubi
2764 2486 2923 2540 nulla
2951 2487 3257 2558 prudentia
3277 2488 3402 2542 est?
3426 2491 3491 2542 D.
3518 2489 3643 2542 Jam

1951 2573 2234 2644 intelligo,

2023 2666 2109 2717 53.
2141 2665 2214 2717 Μ.
2248 2663 2436 2727 Quid?
2463 2663 2603 2718 recti
2630 2663 2797 2718 corde
2825 2669 3066 2734 possunt
3089 2681 3210 2718 esse
3237 2663 3359 2718 sine
3385 2665 3650 2735 justitia?

1952 2753 2017 2806 D.
2050 2753 2411 2822 Recognosco
2451 2751 2560 2806 isto
2595 2753 2826 2806 nomine
2857 2753 3109 2806 crebrius
3143 2752 3452 2822 signiﬁcari
3477 2753 3650 2824 justi-

1951 2838 2111 2892 tiam.
2144 2841 2229 2894 M.
2281 2839 2429 2902 Quid
2471 2856 2604 2910 ergo
2649 2841 2920 2894 admonet
2968 2839 3123 2894 aliud
3170 2841 3454 2910 propheta
3491 2841 3647 2895 idem

1951 2932 2388 2998 consequenter,
2420 2944 2550 2982 cum
2594 2929 2780 2982 canit:
2824 2931 2895 2983 Et
2916 2929 3196 2997 justitiam
3235 2932 3384 2982 tuam
3425 2931 3497 2982 iis
3551 2931 3650 2998 qui

1950 3021 2090 3070 recto
2119 3022 2245 3071 sunt
2269 3015 2462 3072 corde?
2483 3017 2557 3071 D.
2591 3017 2944 3072 Manifestum
2973 3020 3074 3070 est.
3103 3019 3178 3071 M.
3212 3019 3331 3087 Age
3358 3016 3647 3088 deinceps,

1951 3105 2270 3171 recordare,
2332 3105 2379 3159 si
2429 3105 2635 3176 placet,
2685 3106 2820 3159 satis
2874 3122 2978 3160 nos
3042 3105 3305 3176 superius
3354 3109 3645 3175 tractasse,

1952 3195 2222 3264 superbia
2251 3194 2365 3248 labi
2397 3194 2648 3248 animam
2669 3195 2740 3249 ad
2766 3194 3018 3249 actiones
3047 3195 3319 3265 quasdam
3349 3195 3649 3266 potestatis

1952 3299 2091 3350 suae,
2131 3287 2187 3337 et
2215 3283 2522 3337 universali
2551 3285 2676 3355 lege
2725 3284 2982 3355 neglecta
3020 3283 3081 3337 in
3121 3283 3342 3354 agenda
3378 3284 3646 3354 quaedam

1953 3371 2170 3442 privata
2215 3372 2500 3436 cecidisse,
2561 3373 2714 3444 quod
2768 3372 2977 3428 dicitur
3034 3376 3354 3443 apostatare
3418 3389 3453 3426 a
3510 3373 3644 3428 Deo.

1957 3463 2014 3515 D.
2047 3461 2280 3514 Memini
2321 3477 2476 3515 vero.
2514 3465 2585 3516 Μ.
2622 3463 2762 3516 Cum
2793 3477 2928 3532 ergo
2970 3460 3030 3515 id
3065 3461 3182 3532 agit
3211 3476 3283 3514 ne
3323 3459 3562 3514 ulterius
3592 3459 3651 3514 id

1951 3549 2193 3603 delectet
2225 3549 2553 3620 aliquando,
2583 3565 2776 3604 nonne
2808 3549 2912 3604 tibi
2942 3548 3166 3602 videtur
3192 3565 3447 3603 amorem
3479 3564 3648 3603 suum

1952 3638 2128 3708 ﬁgere
2155 3637 2214 3691 in
2247 3639 2384 3704 Deo,
2424 3646 2479 3694 et
2521 3638 2590 3692 ab
2624 3638 2783 3692 omni
2812 3637 3249 3708 inquinamento
3279 3637 3648 3702 temperatis-

1954 3723 2095 3777 sime
2133 3728 2190 3776 et
2219 3723 2530 3777 castissime
2569 3728 2624 3777 et
2660 3723 3020 3777 securissime
3050 3721 3279 3778 vivere?
3311 3727 3374 3778 D.
3413 3723 3649 3778 Videtur

1953 3828 2108 3866 sane.
2141 3813 2216 3867 Μ.
2245 3812 2378 3866 Vide
2401 3811 2574 3866 etiam
2601 3812 3090 3882 quemadmodum
3121 3812 3179 3866 id
3201 3827 3428 3882 quoque
3450 3811 3654 3881 adjun-

1953 3905 2050 3972 gat
2085 3901 2383 3971 propheta,
2426 3901 2650 3955 dicens:
2681 3903 2800 3958 Non
2833 3904 3017 3955 veniat
3053 3901 3192 3954 mihi
3227 3915 3320 3969 pes
3363 3900 3649 3969 superbiae.

1954 3989 2163 4044 Pedem
2207 3989 2363 4043 enim
2429 3990 2722 4060 appellans
2762 3989 3073 4043 discessum
3118 3989 3309 4059 ipsum
3357 3990 3652 4058 lapsumve

1953 4077 2257 4148 signiﬁcat,
2297 4096 2330 4132 a
2376 4095 2490 4149 quo
2537 4077 2727 4132 anima
2755 4077 3146 4148 temperando,
3193 4077 3482 4130 inhrerens
3532 4077 3650 4131 Deo

1951 4165 2090 4220 vivit
2117 4167 2176 4220 in
2203 4170 2503 4221 aeternum.
2538 4167 2612 4221 D.
2641 4166 2869 4236 Accipio
2909 4170 2964 4219 et
2995 4181 3225 4236 sequor.

2025 4256 2112 4308 54.
2143 4257 2217 4309 Μ.
2251 4257 2443 4309 Restat
2471 4254 2651 4326 igitur
2681 4255 2977 4309 fortitudo.
3020 4254 3126 4309 Sed
3167 4258 3232 4308 ut
3265 4253 3652 4324 temperantia

1953 4347 2150 4397 contra
2181 4344 2404 4414 lapsum
2435 4343 2536 4415 qui
2579 4347 2662 4397 est
2699 4343 2760 4397 in
2789 4343 2970 4398 libera
2997 4344 3326 4398 voluntate:
3372 4343 3452 4397 sic
3491 4343 3653 4398 forti-

1952 4431 2092 4486 tudo
2139 4437 2336 4486 contra
2382 4433 2498 4486 vim
2547 4433 2716 4501 valet,
2765 4449 2879 4503 qua
2919 4431 3090 4485 etiam
3138 4430 3265 4503 cogi
3298 4431 3427 4502 quis
3465 4436 3657 4502 potest

1952 4519 2000 4573 si
2026 4519 2216 4573 minus
2246 4520 2408 4574 fortis
2438 4520 2512 4574 sit
2541 4521 2612 4574 ad
2641 4537 2708 4575 ea
2731 4521 2940 4591 quibus
2970 4525 3274 4587 evertatur,
3309 4525 3366 4574 et
3395 4519 3652 4573 miserri-

1953 4623 2082 4661 mus
2122 4608 2326 4678 jaceat.
2374 4610 2504 4662 Haec
2560 4612 2752 4662 autem
2798 4607 2881 4661 vis
2931 4607 3197 4662 decenter
3243 4608 3301 4661 in
3348 4607 3659 4679 Scripturis

1951 4712 2158 4750 manus
2190 4695 2420 4750 nomine
2460 4695 2770 4767 signiﬁcari
2799 4696 2959 4751 solet.
2993 4695 3102 4760 Qui
3130 4712 3300 4766 porro
3332 4696 3482 4750 hanc
3513 4697 3653 4764 vim,

1953 4783 2064 4838 nisi
2093 4789 2412 4854 peccatores
2443 4788 2724 4838 conantur
2761 4783 2970 4838 inferre
2991 4785 3021 4838 ?
3048 4783 3211 4848 Quod
3247 4788 3385 4838 tunc
3420 4801 3526 4855 per
3567 4784 3660 4840 id-

1952 4872 2142 4943 ipsum
2164 4875 2182 4910 ¹
2213 4871 2604 4927 communitur
2625 4873 2834 4938 anima,
2867 4877 2925 4927 et
2946 4873 3266 4927 custoditur
3287 4875 3653 4928 ﬁrmamento

1954 4961 2074 5027 Dei,
2105 4965 2170 5015 ut
2205 4961 2313 5016 hoc
2340 4961 2424 5014 illi
2463 4962 2622 5015 nullo
2653 4962 2824 5015 modo
2859 4961 3261 5034 undecumque
3291 4962 3471 5034 possit
3506 4961 3654 5016 acci—

1951 5050 2115 5117 dere;
2150 5049 2468 5121 potentiam
2497 5051 2806 5122 quamdam
2835 5051 3117 5116 stabilem,
3145 5057 3220 5118 et,
3256 5057 3318 5106 ut
3337 5052 3416 5106 ita
3443 5051 3653 5120 dicam,

1950 5138 2361 5209 impassibilem
2385 5139 2553 5210 gerit,
2581 5156 2728 5210 quze,
2761 5139 2871 5193 nisi
2901 5139 3037 5211 quid
3063 5140 3169 5195 tibi
3197 5139 3478 5210 displicet,
3500 5142 3654 5192 recte

1954 5228 2228 5283 fortitudo
2253 5229 2603 5296 nominatur,
2637 5234 2694 5284 et
2717 5245 2845 5284 eam
2864 5229 2976 5285 dici
2996 5230 3244 5284 arbitror
3283 5243 3415 5282 cum
3449 5227 3656 5296 adjun-

1952 5317 2141 5387 gitur:
2200 5321 2383 5388 Neque
2424 5333 2618 5374 manus
2659 5323 3002 5390 peccatorum
3048 5319 3314 5373 dimoveat
3357 5331 3439 5369 me
3484 5315 3650 5386 (Psal.

2019 5468 2033 5501 1
2069 5468 2435 5538 Ita__edi_tiones
2476 5472 2529 5520 et
2556 5470 2808 5538 melioris
2846 5473 2986 5519 notas
3021 5468 3160 5538 Mssa
3184 5467 3356 5538 Porro
3398 5465 3452 5514 in
3500 5465 3656 5516 editis

1952 5530 2226 5642 notunullis
2254 5531 2476 5584 habetur
2500 5547 2512 5582 :
2542 5533 2689 5593 Quod
2713 5535 2900 5586 autem
2926 5533 3114 5581 contra
3140 5528 3198 5581 id
3225 5529 3405 5592 ipsum
3428 5541 3660 5580 commu-

1953 5605 2013 5641 m
2036 5606 2104 5642 ur
2123 5605 2330 5644 anima.
