4074 6384
425 299 550 353 1191

427 437 594 488 xxxv,
626 418 802 489 8-12).

495 513 587 563 55.
627 507 736 562 Sed
769 505 884 559 sive
914 505 1022 558 hoc
1051 503 1165 557 sive
1196 502 1348 556 aliud
1373 501 1432 556 in
1460 501 1550 555 his
1576 498 1759 554 verbis
1789 498 2114 568 intelligen-

427 598 564 651 dum
603 595 694 661 sit,
746 598 810 648 tu
860 591 1098 663 negabis
1141 592 1201 644 in
1233 591 1328 644 illa
1365 588 1712 660 perfectione
1753 603 1816 640 ac
1849 586 2117 641 beatitate

424 683 678 738 animam
706 681 1091 746 constitutam,
1127 684 1182 732 et
1210 677 1537 748 conspicere
1569 675 1891 742 veritatem,
1925 679 1980 728 et
2008 674 2119 726 im-

423 772 766 824 maculatam
796 783 1048 834 manere,
1099 771 1153 820 et
1195 766 1337 820 nihil
1376 764 1653 819 molestiae
1699 762 1819 834 pati
1847 778 2034 833 posse,
2066 767 2120 813 et

425 857 528 912 uni
576 858 691 911 Deo
720 856 906 924 subdi,
948 855 1164 909 caeteris
1201 870 1334 907 vero
1380 851 1807 923 supereminere
1845 849 2064 904 naturis
2092 847 2119 901 ?

426 950 491 1001 D.
526 947 646 1000 lmo
675 944 841 998 aliter
867 959 992 997 eam
1021 941 1492 1013 perfectissimam
1518 945 1576 994 et
1595 938 1982 995 beatissimam
2000 953 2118 991 esse

425 1049 592 1103 posse
620 1048 738 1086 non
765 1031 956 1085 video.
995 1031 1068 1083 M.
1099 1030 1229 1082 Haec
1255 1043 1390 1098 ergo
1422 1026 1848 1096 contemplatio,
1873 1023 2119 1078 sanctiﬁ-

427 1122 594 1186 catio,
645 1118 1092 1191 impassibilitas,
1146 1116 1432 1171 ordinatio
1479 1117 1624 1186 ejus,
1677 1119 1776 1168 aut
1827 1114 1940 1168 illae
1989 1116 2122 1166 sunt

427 1214 672 1279 quatuor
695 1207 934 1260 virtutes
955 1206 1218 1276 perfecta:
1249 1209 1418 1273 atque
1447 1205 1854 1257 consummata
1883 1219 1896 1268 ;
1926 1206 2024 1256 aut
2048 1217 2120 1255 ne

428 1299 496 1350 de
526 1295 854 1350 nominibus
882 1309 1012 1347 cum
1042 1309 1131 1346 res
1157 1292 1508 1353 conveniant,
1535 1292 1744 1345 frustra
1773 1291 2116 1351 laboremus,

428 1401 532 1454 pro
575 1383 697 1436 istis
746 1381 1069 1447 virtutibus,
1116 1381 1327 1451 quibus
1377 1378 1686 1433 constituta
1732 1379 1793 1432 in
1831 1377 2120 1433 laboribus

428 1457 611 1525 utitur
626 1470 838 1536 anima,
860 1469 1001 1523 tales
1033 1468 1300 1538 quaedam
1325 1466 1599 1538 potentim
1619 1466 1679 1520 in
1700 1470 1914 1521 aeterna
1935 1465 1989 1520 ei
2009 1466 2121 1520 vita

429 1559 726 1628 sperandae
756 1561 908 1611 sunt.

431 1648 655 1700 CAPUT
691 1645 848 1700 XVII.
882 1676 950 1684 —
988 1644 1146 1709 Quod
1176 1644 1453 1712 peccatrix
1483 1644 1667 1696 anima
1694 1655 1938 1696 numeros
1968 1645 2120 1709 agat,

729 1736 778 1785 et
805 1733 1042 1784 numer-is
1081 1734 1296 1797 agatur.
1333 1729 1608 1785 Conclusio
1628 1730 1825 1797 operis.

501 1823 586 1874 56.
624 1820 734 1873 Nos
764 1824 987 1873 tantum
1027 1816 1484 1883 meminerimus,
1519 1816 1670 1888 quod
1702 1817 1774 1870 ad
1803 1819 2122 1886 susceptam

429 1912 768 1978 praesentem
798 1905 1238 1975 disputationem
1269 1904 1516 1958 maxime
1544 1905 1811 1974 pertinet,
1837 1902 1894 1957 id
1915 1901 2127 1973 agiper

429 1995 848 2066 providentiam
891 1995 1005 2056 Dei,
1037 2011 1142 2065 per
1185 2009 1358 2064 quam
1401 1998 1603 2047 cuncta
1631 1991 1841 2046 creavit
1869 1996 1925 2045 et
1957 1990 2122 2061 regit,

429 2089 494 2138 ut
531 2083 704 2139 etiam
734 2083 1018 2153 peccatrix
1049 2087 1106 2137 et
1133 2097 1454 2136 mrumnosa
1486 2081 1675 2135 anima
1703 2079 1958 2134 numeris
1988 2095 2123 2150 aga-

429 2179 544 2240 tur,
573 2177 629 2226 et
656 2187 930 2226 numeros
960 2175 1093 2242 agat
1121 2185 1302 2241 usque
1329 2170 1398 2223 ad
1428 2168 1686 2223 intimam
1717 2168 1904 2223 carnis
1933 2184 2125 2222 corru-

431 2262 690 2331 ptionem
717 2280 728 2315 :
772 2259 870 2330 qui
899 2263 1050 2314 certe
1081 2258 1308 2312 numeri
1339 2258 1529 2311 minus
1567 2258 1870 2327 minusque
1899 2256 2126 2327 pulchri

433 2365 554 2403 esse
583 2351 842 2419 possunt,
881 2347 1113 2416 penitus
1141 2362 1274 2399 vero
1321 2361 1511 2400 carere
1547 2345 1973 2416 pulchritudine
2008 2359 2126 2396 non

432 2440 693 2506 possunt.
726 2437 872 2489 Deus
899 2439 1090 2488 autem
1111 2449 1332 2488 summe
1359 2433 1565 2500 bonus,
1591 2439 1647 2487 et
1676 2449 1896 2487 summe
1912 2432 2122 2501 justus,

433 2524 580 2578 nulli
643 2522 860 2576 invidet
913 2521 1349 2592 pulchritudini,
1399 2537 1528 2591 quae
1585 2522 1698 2575 sive
1762 2520 2125 2575 damnatione

435 2613 664 2677 animae,
701 2611 814 2664 sive
846 2611 1218 2681 regressione,
1242 2610 1358 2663 sive
1378 2609 1775 2680 permansione
1797 2608 2123 2662 fabricatur.

438 2701 721 2754 Numerus
752 2703 944 2752 autem
967 2702 1023 2753 et
1052 2699 1122 2751 ab
1145 2713 1260 2751 uno
1289 2697 1510 2768 iucipit,
1538 2702 1592 2751 et
1621 2696 1946 2768 aqualitate
1967 2712 2030 2749 ac
2051 2695 2126 2748 si-

433 2787 759 2842 militudine
781 2787 1019 2857 pulcher
1050 2790 1152 2849 est,
1188 2791 1244 2858 et
1268 2787 1466 2841 ordine
1499 2787 1814 2856 copulatur.
1843 2784 2129 2849 Quamob-

434 2892 555 2930 rem
586 2875 846 2946 quisquis
891 2874 1099 2928 fatetur
1129 2875 1347 2928 nullam
1387 2891 1505 2928 esse
1536 2878 1819 2941 naturam,
1854 2890 1981 2944 quae
2012 2889 2126 2927 non

432 2969 499 3019 ut
542 2966 613 3018 sit
643 2963 924 3034 quidquid
953 2967 1056 3026 est,
1093 2967 1325 3033 appetat
1363 2963 1664 3029 unitatem,
1695 2962 1896 3033 suique
1929 2961 2128 3015 similis

433 3052 494 3106 in
521 3056 800 3122 quantum
836 3054 1022 3121 potest
1051 3066 1172 3104 esse
1206 3055 1460 3116 conetur,
1493 3056 1665 3122 atque
1700 3051 1961 3104 ordinem
1991 3067 2129 3121 pro-

435 3142 626 3212 prium
655 3140 743 3194 vel
774 3139 912 3192 locis
941 3141 1028 3192 vel
1059 3140 1430 3210 temporibus,
1463 3140 1549 3193 vel
1579 3139 1639 3192 in
1675 3155 1908 3209 corpore
1933 3137 1951 3170 ί
1987 3154 2126 3210 quo-

434 3230 566 3283 dam
615 3229 954 3282 libramento
986 3227 1226 3281 salutem
1269 3243 1430 3281 suam
1475 3231 1707 3282 teneat:
1757 3227 1922 3281 debet
1965 3226 2129 3280 fateri

435 3316 504 3370 ab
535 3333 649 3370 uno
673 3314 954 3386 principio
982 3331 1087 3386 per
1108 3316 1386 3386 aequalem
1407 3315 1492 3369 illi
1513 3331 1577 3369 ac
1603 3315 1848 3370 similem
1881 3314 2128 3384 speciem

436 3404 648 3458 divitiis
677 3403 948 3458 bonitatis
981 3404 1125 3473 ejus,
1166 3420 1280 3474 qua
1308 3405 1457 3458 inter
1496 3419 1556 3458 se
1585 3419 1767 3457 unum
1801 3409 1858 3458 et
1904 3404 1972 3457 de
2014 3419 2129 3457 uno

438 3509 614 3546 unum
642 3491 974 3546 charissima
995 3491 1036 3559 ²,
1061 3495 1126 3546 ut
1148 3492 1227 3546 ita
1255 3493 1458 3561 dicam,
1487 3491 1763 3546 charitate
1785 3492 2127 3562 junguntur,

436 3581 628 3636 omnia
678 3581 825 3635 facta
869 3596 989 3634 esse
1020 3585 1192 3651 atque
1221 3581 1449 3636 condita
1478 3595 1856 3652 quaecumque
1885 3583 2037 3643 sunt,
2070 3579 2131 3634 in

436 3673 961 3742 quantumcumque
992 3673 1142 3724 sunt.

506 3764 594 3814 57.
626 3760 810 3824 Quare
840 3759 934 3812 ille
966 3774 1158 3813 versus
1187 3774 1218 3812 a
1247 3757 1412 3812 nobis
1440 3756 1784 3828 propositus,
1819 3759 1953 3812 Deus
1982 3773 2129 3812 crea-

435 3852 518 3901 tor
557 3850 814 3912 omnium,
849 3863 965 3901 non
999 3846 1183 3901 solum
1229 3845 1464 3900 auribus
1496 3862 1636 3900 sono
1671 3861 2002 3913 numeroso,
2034 3845 2127 3900 sed

437 3937 618 3990 multo
647 3935 840 4006 magis'
869 3939 953 3990 est
981 3934 1187 3989 anima:
1221 3934 1518 3989 sententim
1549 3933 1786 3988 sanitate
1817 3939 1873 3988 et
1894 3934 2131 3988 veritate

437 4023 815 4095 gratissimus.
856 4022 974 4077 Nisi
1019 4023 1166 4076 forte
1211 4026 1403 4076 movet
1448 4025 1504 4076 te
1543 4023 1776 4077 tarditas
1809 4038 2028 4085 eorum,
2071 4025 2135 4076 ut

437 4112 634 4165 mitius
655 4113 878 4181 loquar,
901 4109 1000 4181 qui
1023 4113 1235 4178 negant
1259 4109 1327 4163 de
1353 4108 1532 4162 nihilo
1562 4108 1687 4164 ﬁeri
1710 4125 1872 4180 posse
1893 4108 2128 4179 aliquid,

438 4215 569 4253 cum
605 4199 662 4253 id
692 4182 1056 4269 omnipotens
1089 4198 1234 4250 Deus
1265 4196 1460 4250 fecisse
1490 4197 1727 4250 dicatur.
1769 4199 1854 4250 An
1887 4213 2020 4250 vero
2049 4197 2134 4250 fa-

442 4287 546 4341 ber
587 4291 778 4356 potest
817 4284 1257 4340 rationabilibus
1286 4284 1543 4337 numeris
1590 4284 1690 4355 qui
1733 4288 1863 4338 sunt
1908 4284 1967 4338 in
2016 4289 2135 4340 arte

443 4376 585 4445 ejus,
639 4374 927 4427 sensuales
971 4387 1239 4425 numeros
1271 4371 1370 4441 qui
1423 4376 1557 4426 sunt
1611 4372 1672 4426 in
1727 4373 2136 4428 consuetudine

446 4464 567 4533 ejus
615 4460 868 4532 operari;
919 4464 977 4515 et
1039 4459 1395 4513 sensualibus
1447 4459 1701 4514 numeris
1746 4477 2135 4532 progressores

446 4552 574 4605 illos
608 4550 813 4621 quibus
844 4548 1103 4603 membra
1131 4547 1192 4602 in
1216 4549 1504 4618 operando
1531 4553 1740 4615 movet,
1768 4549 1838 4603 ad
1857 4566 2001 4620 quos
2013 4550 2134 4620 jam

441 4640 740 4694 intervalla
776 4642 1102 4708 temporum
1133 4636 1444 4707 pertinent,
1490 4641 1546 4691 et
1585 4636 1672 4691 his
1704 4653 1900 4692 rursus
1924 4638 2135 4694 formas

437 4727 686 4782 visibiles
721 4727 790 4782 de
812 4726 965 4797 ligno
990 4724 1276 4794 fabricari,
1303 4725 1558 4779 locorum
1589 4725 1900 4780 intervallis
1937 4743 2137 4782 nume-

444 4833 637 4871 rosas:
671 4819 725 4870 et
769 4831 962 4870 rerum
1005 4819 1210 4868 natura
1243 4814 1344 4868 Dei
1377 4813 1612 4868 nutibus
1643 4814 1911 4883 serviens,
1946 4815 2136 4886 ipsum

443 4907 668 4976 lignum
700 4905 768 4959 de
798 4908 952 4957 terra
998 4907 1055 4956 et
1092 4902 1312 4956 caeteris
1341 4902 1640 4957 elementis
1670 4903 1853 4959 facere
1886 4920 2003 4958 non
2033 4922 2136 4976 po-

497 5030 513 5063 ¹
546 5028 630 5093 Er.
664 5031 718 5085 et
749 5027 895 5082 Lov.,
929 5025 1514 5093 incorporeoq‘uodam
1551 5026 1880 5093 libramento.
1921 5028 2135 5093 Aliquot

434 5091 576 5146 Mss.,
598 5090 665 5153 in,
682 5101 927 5153 corporeo
949 5089 1193 5151 quodam.
1212 5089 1278 5137 At
1297 5089 1412 5153 Am.
1439 5093 1490 5138 et
1511 5089 1716 5153 codices
1736 5091 1970 5153 plerique
1991 5089 2133 5140 vete-

434 5167 517 5201 res
534 5151 845 5263 praaferunt,
869 5150 925 5198 in
953 5150 1174 5222 Corpore
1192 5151 1428 5222 guodam
1449 5165 1459 5197 :
1479 5151 1620 5213 quod
1645 5150 1812 5212 magis
1829 5150 2130 5214 probamus.

494 5217 516 5250 ²
567 5213 804 5263 ηεὶιωίοι·
834 5217 928 5260 iste
966 5212 1029 5260 de
1063 5213 1312 5260 Tnmtate
1350 5213 1496 5260 locus
1529 5214 1585 5261 in
1616 5214 1938 5262 editionibus
1966 5215 2048 5263 Er.
2083 5219 2130 5263 et

494 5219 516 5250 ²
541 5219 804 5276 Insignior
834 5219 928 5260 iste
966 5219 1029 5260 de
1063 5219 1312 5260 'l‘riuitate
1350 5219 1496 5260 locus
1529 5219 1585 5261 in
1616 5219 1938 5262 editionibus
1966 5219 2048 5264 Er.
2083 5219 2135 5264 et

433 5279 557 5327 Lov.
576 5289 783 5325 necnon
800 5275 855 5323 iu
876 5274 1261 5339 recentioribus
1281 5274 1481 5339 aliquot
1497 5274 1618 5339 Mss.
1641 5275 1714 5322 ita
1729 5279 1971 5339 corrupte
2007 5277 2134 5339 legi-

431 5345 518 5387 tur
540 5353 552 5387 :
580 5342 694 5395 Qua.
727 5340 874 5388 inter
896 5349 948 5385 se
966 5348 1130 5385 unum
1152 5337 1203 5385 ct
1225 5335 1329 5383 duo
1355 5335 1692 5392 charissima,
1724 5340 1787 5385 ut
1820 5335 1902 5388 ild
1921 5335 2124 5388 dicari.

433 5402 494 5448 In
523 5399 751 5448 editione
780 5403 956 5447 autem
982 5399 1134 5446 Am.:
1185 5399 1303 5453 Qua
1342 5396 1489 5446 inter
1530 5410 1582 5446 se
1623 5410 1797 5447 unum
1825 5401 1876 5449 et
1919 5400 1984 5449 de
2032 5413 2133 5449 uno

429 5474 601 5512 unum
619 5461 912 5511 charisma:
947 5462 999 5510 et
1026 5463 1093 5509 ut
1118 5460 1200 5509 ita
1226 5457 1420 5508 dicam.
1451 5458 1940 5521 Redintegravimus
1961 5466 2131 5512 totum

432 5523 498 5605 ad
523 5523 684 5573 libros
709 5526 910 5572 veteres
935 5521 1149 5584 Optimae
1178 5524 1302 5568 notr
1329 5557 1339 5568 .

1736 288 1831 343 DE
1869 285 2153 352 MUSICA,
2196 283 2251 339 S.
2291 282 2676 341 AUGUSTINI

3788 285 3927 337 “92

2226 409 2364 473 test;
2394 411 2451 460 et
2478 405 2603 476 ipsa
2635 410 2891 459 extrema
2929 419 3044 458 non
3077 407 3301 474 poterat
3327 405 3396 458 de
3427 404 3583 458 nullo
3613 402 3678 458 ‘?
3717 404 3843 458 Imo
3873 409 3929 459 et

2225 494 2445 548 arboris
2490 493 2694 547 locales
2735 507 3022 557 numeros,
3064 493 3405 563 temporales
3434 492 3661 546 numeri
3691 497 3924 545 antece-

2224 583 2361 637 dant
2403 597 2630 636 necesse
2673 585 2775 635 est.
2830 580 3062 634 Nullum
3107 583 3192 634 est
3238 580 3393 634 enim
3426 579 3691 650 stirpium
3743 596 3925 650 genus

2225 670 2378 741 quod
2401 686 2519 724 non
2553 669 2720 723 certis
2749 685 2854 738 pro
2896 685 2997 722 suo
3032 668 3247 722 semine
3289 667 3745 722 dimensionibus
3779 673 3924 722 tem-

2224 773 2430 828 porum
2461 760 2517 811 et
2562 757 2858 822 coalescat,
2893 760 2950 810 et
2978 755 3283 827 germinet,
3317 760 3373 809 et
3401 755 3462 809 in
3495 771 3662 809 auras
3694 755 3922 820 emicet,

2224 850 2280 899 et
2316 844 2452 898 folia
2481 844 2746 914 explicet,
2793 848 2850 898 et
2897 845 3217 907 roboretur,
3247 847 3304 896 et
3347 843 3461 898 sive
3505 843 3776 910 fructum,
3811 844 3927 897 sive

2224 933 2403 1003 ipsius
2433 932 2577 1003 ligni
2603 931 2997 986 occultissimis
3028 932 3281 985 numeris
3311 931 3426 986 vim
3460 947 3658 985 rursus
3689 931 3927 986 seminis

2224 1021 2432 1074 referat
2461 1037 2474 1074 :
2509 1024 2723 1091 quanto
2751 1019 2934 1091 magis
2973 1019 3308 1074 animalium
3339 1035 3594 1091 corpora,
3627 1020 3689 1074 in
3717 1019 3928 1090 quibus

2225 1108 2526 1162 intervalla
2552 1108 2946 1162 membrorum
2972 1124 3336 1162 numerosam
3359 1108 3708 1178 parilitatem
3741 1109 3927 1162 multo

2224 1196 2409 1267 magis
2438 1197 2757 1267 aspectibus
2786 1196 3070 1251 offerunt?
3108 1199 3197 1250 An
3225 1196 3335 1250 ista
3373 1196 3442 1250 de
3469 1196 3770 1250 elementis
3800 1196 3928 1249 fieri

2223 1291 2481 1354 possunt,
2515 1291 2572 1340 et
2599 1285 2722 1356 ipsa
2751 1286 3032 1339 elementa
3047 1301 3163 1338 non
3189 1289 3498 1356 potuerunt
3518 1284 3641 1338 fieri
3668 1285 3736 1338 de
3769 1283 3927 1337 nihi-

2227 1375 2323 1429 lo?
2350 1373 2521 1439 Quasi
2547 1390 2680 1428 vero
2711 1374 3026 1445 quidquam
3059 1373 3129 1428 sit
3170 1373 3226 1427 in
3259 1373 3341 1427 eis
3367 1373 3533 1426 vilius
3564 1377 3620 1427 et
3648 1372 3928 1443 abjectius

2228 1479 2401 1533 quam
2448 1467 2601 1516 terra
2631 1467 2732 1516 est.
2768 1463 2905 1526 Quae
2944 1461 3131 1533 primo
3166 1462 3492 1532 generalem
3525 1461 3771 1532 speciem
3800 1477 3928 1514 cor-

2225 1551 2383 1622 poris
2411 1551 2601 1617 habet,
2625 1552 2682 1604 in
2711 1567 2824 1622 qua
2855 1550 3041 1604 unitas
3061 1551 3324 1622 quasdam
3355 1555 3410 1604 et
3438 1551 3666 1604 numeri
3695 1554 3753 1605 et
3784 1551 3928 1604 ordo

2229 1655 2350 1694 esse
2379 1639 2751 1692 convincitur.
2802 1639 3057 1709 Namque
3087 1639 3158 1693 ab
3207 1638 3395 1709 aliqua
3435 1638 3712 1708 impertili
3743 1642 3880 1692 nota
3911 1641 3932 1674 ²

2228 1728 2287 1781 in
2318 1726 2742 1798 longitudinem
2773 1742 2996 1779 necesse
3039 1730 3124 1780 est
3146 1726 3478 1797 porrigatur
3507 1726 3778 1796 qumlibet
3807 1727 3933 1796 ejus

2217 1815 2601 1887 quantumvis
2638 1830 2810 1884 parva
2841 1814 3139 1885 particula,
3170 1814 3399 1869 tertiam
3429 1814 3799 1869 latitudinem
3830 1831 3932 1868 su-

2231 1908 2372 1969 mat,
2422 1907 2478 1956 et
2520 1908 2781 1974 quartam
2815 1902 3176 1956 altitudinem
3220 1919 3333 1973 qua
3381 1919 3586 1973 corpus
3632 1901 3932 1973 impletur.

2235 1993 2394 2046 Unde
2409 2007 2545 2062 ergo
2567 1991 2672 2044 iste
2694 2008 2726 2044 a
2745 1990 2932 2060 primo
2953 2006 3134 2061 usque
3150 1991 3217 2044 ad
3231 1995 3499 2061 quartum
3513 1991 3936 2062 progressionis

2232 2079 2476 2134 modus?
2510 2079 2665 2133 Unde
2716 2083 2772 2132 et
2811 2078 3108 2148 aequalitas
3146 2093 3377 2148 quoque
3410 2078 3682 2148 partium,
3715 2095 3846 2149 qua:
3875 2080 3936 2132 in

2231 2167 2598 2237 longitudine
2628 2172 2684 2220 et
2704 2165 3004 2220 latitudine
3031 2170 3086 2220 et
3112 2165 3413 2220 altitudine
3437 2167 3758 2237 reperitur?
3771 2168 3936 2222 Unde

2232 2255 2681 2310 corrationalitas
2703 2255 2966 2325 quaedam
2993 2254 3092 2321 (ita
3110 2254 3265 2308 enim
3289 2255 3464 2309 malui
3491 2255 3814 2326 analogiam
3841 2273 3938 2310 vo-

2232 2345 2400 2413 care),
2428 2348 2489 2397 ut
2520 2359 2691 2414 quam
2725 2343 3004 2397 rationem
3036 2343 3206 2397 habet
3235 2343 3534 2413 longitudo
3568 2345 3638 2398 ad
3668 2344 3934 2414 imperti-

2234 2433 2346 2486 lem
2377 2437 2596 2498 notam,
2635 2432 2893 2486 eamdem
2926 2431 3166 2486 latitudo
3196 2431 3264 2485 ad
3296 2432 3739 2502 longitudinem,
3774 2438 3832 2486 et
3863 2433 3934 2486 ad

2232 2520 2598 2575 latitudinem
2635 2521 2844 2575 habeat
2877 2520 3166 2574 altitudo?
3197 2520 3377 2587 Unde,
3411 2536 3626 2590 quzeso,
3660 2520 3788 2587 ista,
3824 2522 3939 2574 nisi

2234 2609 2305 2663 ab
2335 2609 2432 2662 illo
2465 2625 2690 2662 summo
2731 2611 2902 2678 atque
2941 2612 3156 2662 aeterno
3203 2608 3528 2679 principatu
3556 2625 3939 2663 numerorum

2235 2701 2292 2751 et
2345 2695 2738 2750 similitudinis
2796 2701 2853 2750 et
2906 2697 3249 2767 aequalitatis
3295 2703 3352 2751 et
3397 2697 3611 2752 ordinis
3656 2698 3943 2752 veniunt?

2233 2785 2408 2856 Atqui
2463 2786 2584 2838 hinc
2635 2785 2681 2838 si
2728 2789 2894 2839 terra:
2951 2785 3252 2852 ademeris,
3307 2785 3451 2839 nihil
3504 2786 3629 2840 erit.
3665 2786 3943 2850 Quocirca

2235 2873 2600 2943 omnipotens
2627 2873 2774 2927 Deus
2804 2877 3016 2927 terram
3046 2873 3194 2935 fecit,
3227 2876 3283 2927 et
3306 2873 3374 2929 de
3397 2873 3577 2928 nihilo
3608 2877 3762 2928 terra
3790 2873 3944 2929 facta

2235 2965 2338 3017 est.

2308 3052 2395 3104 58.
2420 3049 2566 3114 Quid
2588 3050 2802 3120 porro?
2827 3050 2952 3121 ipsa
2981 3050 3193 3120 species
3222 3067 3333 3122 qua
3356 3050 3490 3106 item
3522 3068 3554 3105 a
3582 3052 3802 3106 caeteris
3824 3053 3942 3106 ele-

2235 3137 2444 3192 mentis
2475 3142 2626 3192 terra
2652 3137 3211 3208 discern'itur,nonne
3235 3144 3291 3193 et
3314 3156 3494 3194 unum
3513 3139 3732 3211 aliquid
3755 3157 3944 3212 quan-

2236 3229 2360 3279 tum
2389 3226 2603 3296 accepit
2632 3230 2898 3293 ostentat,
2930 3231 2987 3281 et
3014 3227 3172 3280 nulla
3201 3244 3332 3298 pars
3358 3228 3479 3298 ejus
3509 3245 3540 3282 a
3565 3232 3683 3283 toto
3717 3234 3802 3283 est
3822 3229 3943 3284 dis-

2237 3314 2459 3380 similis,
2495 3318 2552 3367 et
2581 3316 2915 3368 earumdem
2945 3315 3198 3386 partium
3226 3317 3578 3371 connexione
3609 3321 3782 3388 atque
3813 3333 3950 3371 con-

2238 3402 2434 3456 cordia
2449 3418 2549 3456 suo
2567 3417 2775 3471 genere
2799 3403 3230 3457 saluberrimam
3253 3405 3442 3458 sedem
3467 3405 3725 3460 inﬁmam
3745 3407 3947 3461 tenet?

2239 3489 2343 3545 Cui
2374 3490 2808 3560 superfunditur
2837 3507 3114 3562 aquarum
3147 3495 3370 3560 natura,
3401 3492 3587 3548 nitens
3619 3498 3674 3549 et
3701 3494 3827 3565 ipsa
3871 3496 3946 3550 ad

2237 3577 2539 3645 unitatem,
2574 3578 2883 3648 speciosior
2911 3582 2967 3633 et
2995 3579 3342 3650 perlucidior
3387 3586 3627 3652 propter
3661 3582 3948 3652 majorem

2238 3665 2674 3721 similitudinem
2719 3667 2994 3737 partium,
3042 3671 3099 3722 et
3139 3668 3462 3723 custodiens
3495 3670 3683 3725 locum
3726 3669 3952 3724 ordinis

2240 3760 2298 3810 et
2326 3754 2524 3810 salutis
2558 3772 2694 3810 sua}.
2729 3756 2874 3820 Quid
2905 3758 2975 3812 de
3006 3757 3150 3812 aeris
3179 3762 3384 3812 natura
3413 3759 3625 3827 dicam,
3659 3759 3841 3814 multo
3869 3759 3955 3814 fa-

2240 3844 2431 3898 ciliore
2458 3845 2760 3915 complexu
2785 3844 2853 3899 ad
2884 3844 3161 3900 unitatem
3193 3846 3436 3914 nitente,
3465 3852 3521 3901 et
3541 3852 3700 3902 tanto
3730 3849 3950 3918 specio-

2243 3932 2389 3986 siore
2417 3932 2601 4002 aquis,
2627 3949 2800 4004 quam
2831 3932 2946 3987 illae
2971 3934 3141 3988 terris
3163 3940 3314 4003 sunt,
3346 3939 3616 4006 tantoque
3647 3936 3954 4007 superiore

2242 4021 2313 4076 ad
2358 4021 2598 4075 salutem
2643 4022 2710 4075 '7
2750 4021 2899 4086 Quid
2942 4022 3010 4076 de
3053 4022 3180 4077 cceli
3225 4039 3500 4094 supremo
3547 4023 3787 4090 ambitu,
3830 4041 3954 4096 quo

2245 4112 2362 4164 tota
2407 4108 2750 4163 universitas
2791 4109 3107 4164 visibilium
3153 4127 3464 4182 corporum
3495 4112 3859 4179 terminatur,
3895 4120 3956 4168 et

2245 4213 2471 4252 summa
2527 4197 2588 4251 in
2634 4197 2743 4252 hoc
2791 4213 2997 4268 genere
3029 4199 3263 4270 species,
3313 4218 3377 4255 ac
3422 4201 3797 4256 saluberrima
3838 4202 3956 4257 loci

2249 4286 2621 4341 excellentia?
2648 4287 2760 4339 lsta
2790 4291 2938 4341 certe
2969 4288 3160 4343 omnia
3191 4305 3319 4360 quae
3345 4289 3586 4343 carnalis
3615 4307 3813 4345 sensus
3845 4293 3960 4345 mi-

2248 4374 2482 4429 nisterio
2495 4389 2888 4442 numeramus,
2914 4379 2971 4430 et
2992 4392 3370 4448 quaecumque
3390 4377 3451 4430 in
3473 4377 3554 4430 eis
3582 4378 3960 4445 sunt,localcs

2246 4478 2518 4517 numeros
2548 4462 2647 4534 qui
2675 4463 2945 4520 videntur
2973 4481 3093 4520 esse
3122 4465 3184 4518 in
3209 4464 3400 4535 aliquo
3417 4465 3702 4530 statu,nisi
3731 4482 3959 4536 praece-

2248 4551 2516 4606 dentibus
2546 4551 2762 4606 intimis
2801 4558 2858 4607 et
2902 4552 2964 4606 in
2994 4552 3218 4607 silentio
3257 4551 3666 4622 temporalibus
3692 4556 3962 4610 numeris

2249 4638 2349 4710 qui
2380 4639 2596 4693 suntin
2627 4643 2807 4706 motu,
2851 4656 2955 4695 nec
2983 4639 3233 4709 accipere
3265 4639 3390 4692 illos
3417 4643 3678 4707 possunt,
3711 4657 3821 4696 nec
3851 4643 3960 4697 ha-

2249 4725 2404 4780 bere.
2447 4727 2581 4781 Illos
2613 4726 2812 4783 itidem
2845 4732 3167 4798 temporum
3197 4725 3510 4780 intervallis
3531 4727 3710 4798 agiles
3736 4746 3961 4801 prame-

2311 4845 2735 4914 ‘__Expungenda
2763 4851 3030 4900 videretur
3051 4849 3309 4914 particula
3338 4864 3560 4913 negans,
3593 4853 3696 4901 nisi
3726 4859 3966 4905 exstaret

2247 4911 2306 4975 in
2328 4911 2508 4960 Mssfa
2537 4911 2729 4975 quibus
2759 4917 2932 4960 tamen
2970 4911 3088 4959 cum
3115 4911 3292 4960 absint
3316 4911 3590 4975 sequentia
3623 4915 3802 4970 verba,
3855 4919 3963 4964 sci-

2247 4973 2391 5032 licet,
2417 4977 2467 5022 et
2496 4973 2614 5036 ipsa
2633 4976 2897 5036 extrema
2926 4986 3029 5036 non
3056 4977 3276 5036 poterat
3307 4973 3556 5034 dehullo,
3591 4975 3817 5026 fatemur
3845 4991 3961 5026 non

2248 5038 2456 5101 tantam
2494 5037 2556 5083 iis
2578 5035 2732 5101 fidem
2760 5048 2873 5101 esse
2905 5035 3242 5084 tribuendam
3272 5037 3372 5086 hoc
3401 5037 3536 5099 loco,
3562 5039 3652 5101 qui
3683 5039 3963 5088 liberario-

2249 5110 2308 5143 ru
2319 5109 2377 5158 m7
2393 5095 2537 5158 lapsu
2559 5097 2774 5158 vitiatus
2799 5097 2881 5144 sit.

2305 5159 2336 5225 2‘
2361 5157 2507 5225 Lov.,
2543 5157 2792 5225 imperiti
2819 5159 3062 5225 Δηοίαηῐξί,
3094 5172 3316 5225 rursum
3340 5160 3580 5225 inferius,
3647 5162 3964 5225 imparilem

2237 5219 2575 5285 notam._Sed
2593 5219 2784 5285 melius
2804 5220 2918 5285 Am.
2944 5221 3092 5285 etiEr.
3109 5235 3227 5269 cum
3249 5223 3452 5285 aliquot
3469 5224 3611 5280 Mss.,
3634 5219 3889 5285 impertiit
3905 5231 3964 5275 et

2238 5279 2564 5340 impertilem
2587 5294 2597 5326 :
2621 5294 2744 5328 nam
2767 5281 2853 5330 hic
2866 5284 3081 5331 nomine
3099 5287 3238 5331 notas
3259 5279 3425 5332 intelli
3468 5279 3842 5347 iturpunctuni
3863 5302 3961 5335 seu

2239 5341 2356 5393 sign
2369 5355 2458 5389 um
2479 5341 2618 5390 unde
2633 5343 2773 5392 linea
2787 5343 2998 5393 ducitur
3014 5361 3027 5393 :
3041 5345 3180 5393 quod
3198 5347 3254 5393 in
3275 5346 3407 5393 libro
3422 5299 3485 5393 ge
3506 5347 3807 5393 Ouantitate
3830 5349 3961 5393 Ani—

2239 5341 2356 5403 sign
2369 5355 2458 5389 um
2479 5341 2618 5390 unde
2633 5343 2773 5392 linea
2787 5343 2998 5393 ducitur
3014 5361 3027 5400 ς
3041 5345 3180 5407 quod
3198 5347 3254 5394 in
3275 5346 3407 5394 libro

2239 5416 2366 5470 mae,
2394 5417 2506 5466 cap.
2527 5407 2614 5470 ll,
2646 5418 2700 5453 n.
2728 5408 2804 5464 18,
2836 5406 2910 5455 sic
2933 5406 3219 5456 delinitur:
3255 5423 3282 5453 (ι
3321 5409 3450 5456 Nota
3482 5409 3595 5456 sine
3636 5410 3895 5470 partibus.
3929 5429 3960 5457 ia

2302 5466 2322 5498 ³
2347 5465 2474 5532 Lov.
2492 5480 2503 5513 :
2523 5466 2738 5532 Ettanlo
2752 5471 3296 5532 spcciosiore,quanto
3309 5465 3802 5532 speciosiorrs'aqum
3819 5479 3954 5524 sunt

2240 5528 2399 5579 terris
2411 5531 2725 5592 ,quantoque
2737 5528 2810 5580 ad
2821 5528 3143 5593 superiorem
3154 5531 3296 5580 salui
3307 5528 3386 5582 ehi
3400 5533 3574 5583 altior
3586 5528 3968 5595 (eri-aniliter,

3459 5360 3485 5395 e
3506 5343 3807 5406 Quantitate
3830 5349 3964 5397 Ani—
4035 5343 4044 5356 ”
