4074 6408
95 377 269 446 ,1193

141 496 216 552 dit
245 499 296 548 et
321 490 609 548 modiﬁcat
633 491 822 547 vitalis
851 497 1060 559 motus,
1086 493 1334 548 serviens
1360 494 1600 548 Domino
1626 510 1820 548 rerum

143 582 406 646 omnium,
465 597 582 634 non
618 581 956 651 temporalia
1003 581 1218 636 habens
1257 581 1478 652 digesta
1522 581 1820 637 intervalla

143 685 494 727 numerorum
525 685 786 732 suorum,
819 669 911 724 sed
941 674 1198 741 tempora
1230 670 1587 725 ministrante
1616 675 1818 742 poten-

141 760 238 825 tia;
287 773 457 828 supra
499 773 671 828 quam
703 757 1008 812 rationales
1046 763 1104 812 et
1139 758 1548 814 intellectuales
1594 758 1819 814 numeri

141 850 423 904 beatarum
470 845 795 901 animarum
838 851 1008 918 atque
1038 852 1382 910 sanctarum,
1415 849 1597 920 legem
1634 849 1819 919 ipsam

144 937 256 1001 Dei,
284 936 402 990 sine
434 951 548 1006 qua
569 935 770 988 folium
796 935 865 989 de
894 934 1094 989 arbore
1116 952 1232 990 non
1259 935 1423 998 cadit,
1449 942 1505 991 et
1529 937 1619 990 cui
1638 937 1819 990 nostri

140 1023 318 1096 capilli
359 1023 647 1078 numerati
683 1027 836 1090 sunt,
885 1023 1044 1077 nulla
1074 1023 1410 1095 interposita
1433 1029 1638 1079 natura
1669 1025 1818 1078 exci-

139 1113 366 1186 pientes,
416 1127 596 1182 usque
647 1112 715 1166 ad
762 1117 986 1166 terrena
1033 1117 1090 1166 et
1118 1112 1341 1167 inferna
1371 1113 1504 1184 jura
1531 1113 1818 1167 transmit-

139 1206 259 1256 tunt
287 1206 338 1256 (α

308 1217 338 1255 a

287 1201 304 1272 (
342 1202 355 1269 )
697 1296 990 1334 CONCLUSIO
1030 1297 1236 1335 OPERIS.

206 1373 287 1425 59.
321 1370 456 1433 Quae
485 1367 648 1439 potui
678 1374 737 1423 et
777 1368 921 1423 sicut
947 1370 1108 1440 potui
1137 1370 1206 1423 de
1244 1367 1418 1422 tantis
1443 1368 1699 1423 tantillus
1731 1373 1819 1423 te-

135 1474 252 1512 cum
281 1457 512 1512 contuli.
543 1456 876 1513 Sermonem
906 1462 1094 1512 autem
1124 1458 1276 1512 hunc
1301 1463 1558 1512 nostrum
1587 1458 1820 1512 manda-

135 1552 250 1602 tum
295 1546 494 1601 litteris
525 1546 573 1600 si
604 1546 703 1618 qui
732 1546 954 1617 legunt,
985 1545 1162 1600 sciant
1191 1545 1373 1600 multo
1404 1544 1819 1599 inﬁrmioribus

132 1637 246 1691 hinc
274 1651 390 1690 esse
416 1635 644 1706 scripta,
678 1651 852 1706 quam
885 1639 1020 1689 sunt
1039 1634 1122 1690 illi
1146 1634 1246 1706 qui
1275 1635 1445 1689 unius
1474 1631 1685 1688 summi
1716 1633 1820 1688 Dei

189 1740 256 1805 (a)
283 1741 396 1791 V'id.
422 1741 647 1790 Retract.
678 1740 772 1791 lib.
803 1744 846 1801 t,
875 1755 988 1803 cap.
1021 1743 1067 1800 1,
1103 1753 1157 1790 n.
1184 1743 1230 1790 4.

1108 369 1203 425 DE
1242 368 1602 426 MAGISTRO
1642 368 1694 425 S.
1739 367 2144 437 AUGUSTINI,
2187 369 2401 427 LIBER
2442 370 2646 428 UNUS.

3490 377 3624 431 1194

1929 494 2471 550 consubstantialem
2513 502 2571 552 et
2597 497 3126 553 incommutabilem
3170 499 3523 563 Trinitatem,
3556 519 3625 557 ex

1927 599 2041 653 quo
2064 583 2384 654 omnia,per
2405 601 2574 655 quem
2598 586 2811 650 omnia,
2835 586 2894 640 in
2917 603 3032 657 quo
3052 587 3243 641 omnia
3265 588 3507 642 duorum
3527 591 3627 644 Te-

1928 677 2345 726 stamentorum
2369 675 2763 728 auctoritatem
2793 676 2971 729 secuti
2999 683 3344 730 venerantur
3363 682 3419 730 et
3435 678 3626 732 colunt

1928 776 2053 814 eam
2075 761 2666 831 credendo,sperando
2689 767 2743 816 et
2766 763 3153 834 diligendo.Hi
3171 765 3322 820 enim
3353 783 3464 819 non
3487 767 3627 820 scin-

1926 849 2242 903 tillantibus
2262 848 2531 903 humanis
2565 850 3115 918 ratiocinationibus,
3149 855 3244 908 sed
3277 854 3623 908 validissimo

1927 942 1984 992 et
2011 938 2453 1008 ﬂagrantissimo
2474 938 2767 992 charitatis
2791 940 2921 1009 igne
2952 944 3408 1012 purgantur.Nos
3433 948 3625 997 autem

1926 1027 2064 1081 dum
2093 1025 2468 1096 negligendos
2500 1043 2620 1080 esse
2642 1043 2757 1080 non
2786 1027 3175 1083 existimamus
3199 1047 3340 1101 quos
3372 1031 3626 1086 heretici

1927 1114 2166 1169 rationis
2224 1119 2278 1168 et
2324 1115 2574 1170 scientia:
2622 1115 2808 1170 fallaci
2853 1118 3264 1187 pollicitatione
3298 1121 3622 1190 decipiunt;

1924 1203 2142 1257 tardius
2181 1203 2517 1268 incedimus,
2572 1203 3027 1260 consideratione
3073 1207 3621 1278 ipsariimmiarum,

1925 1308 2098 1362 quam
2147 1293 2327 1346 sancti
2365 1292 2469 1345 viri
2499 1292 2599 1363 qui
2637 1309 2731 1347 eas
2762 1295 3001 1349 volando
3032 1311 3148 1348 non
3187 1296 3497 1366 dignantur
3537 1304 3624 1353 at-

1924 1380 2177 1434 tendere.
2207 1381 2368 1444 Quod
2397 1386 2590 1435 tamen
2613 1382 2799 1436 facere
2830 1399 2945 1436 non
2977 1383 3454 1451 auderemus,nisi
3475 1387 3623 1440 mul-

1926 1472 2012 1522 tos
2039 1467 2165 1538 pios
2197 1468 2458 1523 Ecclesiae
2489 1469 2779 1524 catholica;
2822 1472 3022 1525 matris
3057 1471 3292 1543 optimm
3321 1474 3492 1542 filios,
3527 1475 3628 1545 qui

1925 1555 2244 1625 puerilibus
2291 1553 2494 1610 studiis
2533 1557 2808 1628 loquendi
2849 1576 2912 1612 ac
2962 1560 3272 1615 disserendi
3299 1562 3628 1617 facultatem

1927 1647 2210 1713 quantum
2258 1645 2390 1697 satis
2420 1648 2503 1698 est
2544 1646 2831 1700 consecuti
2870 1653 3076 1713 essent,
3123 1649 3322 1704 eadem
3369 1649 3628 1706 refellen-

1927 1730 2134 1785 dorum
2161 1731 2562 1786 haereticorum
2598 1733 2928 1787 necessitate
2958 1734 3157 1789 fecisse
3191 1735 3528 1790 videremus.

1402 1943 2318 2050 ADMONITIO

1124 2118 1230 2182 DE
1278 2115 1691 2193 SEQUENTE
1739 2118 1972 2184 LIBBO
2021 2120 2128 2184 DE
2173 2119 2606 2187 MAGISTBO.

196 2258 456 2331 Opusculi
491 2257 782 2330 sequentis
813 2259 1041 2312 etatem
1077 2255 1268 2328 prodit
1289 2256 1410 2327 ipse
1442 2257 1565 2328 ejus
1591 2261 1790 2312 auctor
1817 2259 1876 2313 in
1907 2257 2054 2312 libro
2081 2274 2233 2313 nono
2265 2258 2720 2326 Confessionum,
2750 2237 2935 2330 capite
2966 2264 3144 2326 sexto,
3177 2262 3278 2317 ubi
3305 2269 3625 2334 praenotato

130 2349 276 2419 quod
313 2370 339 2398 α
371 2363 659 2404 annorum
689 2346 870 2401 ferme
901 2345 1228 2417 quindecim
1257 2349 1376 2400 erat
1407 2370 1427 2394 ι
1463 2346 1786 2401 Adeodatus
1818 2346 2046 2418 quando
2078 2346 2188 2417 ipsi
2221 2346 2500 2419 sociisque
2547 2348 2929 2404 Mediolanum
2973 2349 3245 2421 Baptismi
3275 2352 3630 2423 percipiendi

129 2453 291 2491 causa
314 2436 690 2508 pergentibus
718 2451 908 2490 comes
936 2434 1237 2506 adjunctus
1262 2439 1365 2502 est,
1406 2437 1648 2489 testatur
1675 2434 1917 2490 subinde
1960 2435 2113 2490 hunc
2142 2435 2442 2506 dialogum
2480 2454 2610 2492 cum
2636 2437 2734 2492 illo
2765 2443 2889 2492 tum
2921 2438 3184 2493 habitum
3208 2439 3401 2503 fuisse,
3441 2463 3462 2491 ι
3498 2459 3627 2496 cum

128 2531 269 2580 esset
295 2525 356 2580 in
381 2525 552 2581 annis
577 2524 880 2593 sexdecim,
911 2542 941 2575 ι)
972 2523 1030 2578 id
1062 2527 1146 2578 est
1173 2539 1324 2578 anno
1355 2524 1600 2578 secundo
1649 2525 1719 2578 ab
1758 2523 2018 2596 ipsorum
2058 2523 2422 2593 baptismate,
2476 2542 2591 2597 quo
2623 2530 2771 2580 certe
2801 2525 3014 2580 initiati
3043 2527 3201 2581 fuere
3233 2544 3383 2582 anno
3417 2530 3628 2584 Christi

127 2617 244 2670 387.
278 2615 637 2686 Quapropter
666 2614 822 2668 libris
851 2614 919 2668 de
950 2612 1151 2668 Genesi
1181 2617 1379 2667 contra
1406 2613 1762 2676 Manichazos,
1795 2617 1852 2666 et
1882 2611 1952 2666 de
1984 2611 2212 2676 Musica,
2246 2612 2347 2683 qui
2380 2613 2605 2667 circiter
2634 2629 2845 2667 annum
2879 2616 2981 2669 389
3005 2615 3242 2684 perfecti
3266 2615 3513 2684 fuerant,
3539 2634 3630 2672 re-

131 2704 373 2772 censitis,
403 2703 613 2774 adjecit
630 2703 984 2775 Augustinus
1009 2702 1069 2757 in
1100 2702 1247 2757 libro
1272 2701 1460 2774 primo
1489 2702 2000 2767 Retractationum,
2028 2698 2211 2770 capite
2241 2700 2600 2768 duodecimo,
2625 2717 2683 2756 se
2710 2701 2923 2756 librum
2953 2701 3023 2756 de
3051 2703 3317 2774 Magistro
3347 2721 3451 2775 per
3477 2705 3630 2761 idem

128 2795 350 2863 tempus
380 2792 691 2864 scripsisse.

1267 2877 1309 2915 S.
1346 2876 1702 2928 AUGUSTINUS,
1733 2876 1836 2914 LIB.
1876 2876 1929 2914 IX
1959 2875 2233 2925 CONFESS.,
2264 2875 2382 2913 CAP.
2412 2874 2485 2913 Vl.

195 2990 221 3021 α
245 2970 630 3042 Adjunximus
651 2968 820 3024 etiam
844 2967 1008 3023 nobis
1025 2983 1270 3039 puerum
1291 2967 1645 3022 Adeodatum
1667 2984 1733 3021 ex
1765 2983 1854 3021 me
1884 2970 2083 3020 natum
2114 2963 2417 3018 carnaliter
2443 2964 2512 3018 de
2536 2968 2765 3035 peccato
2788 2981 2937 3021 meo.
2961 2967 3040 3020 Tu
3060 2966 3206 3022 bene
3226 2967 3440 3022 feceras
3463 2984 3618 3024 eum.

123 3061 416 3114 Annorum
448 3063 572 3114 erat
595 3058 774 3114 ferme
794 3057 1145 3130 quindecim,
1174 3055 1484 3126 etingenio
1509 3055 1895 3126 praeveniebat
1919 3055 2130 3109 multos
2153 3069 2352 3125 graves
2382 3057 2437 3107 et
2460 3053 2656 3108 doctos
2682 3055 2896 3110 viros...
2932 3056 3161 3110 Munera
3193 3061 3292 3111 tua
3320 3057 3424 3112 tibi
3453 3059 3630 3112 confi-

124 3152 312 3204 teor...
355 3151 453 3204 Est
477 3148 625 3202 liber
649 3152 844 3202 noster
864 3146 964 3218 qui
983 3145 1310 3200 inscribitur
1329 3145 1399 3200 de
1427 3144 1691 3217 Magistro
1718 3161 1730 3199 :
1757 3145 1876 3216 ipse
1899 3143 1978 3197 ibi
2000 3157 2224 3197 mecum
2248 3141 2517 3212 loquitur.
2536 3143 2617 3196 Tu
2642 3142 2750 3196 scis
2778 3144 2929 3198 illius
2951 3160 3071 3198 esse
3092 3161 3255 3200 sensa
3285 3146 3477 3201 omnia
3498 3163 3627 3218 quas

128 3236 464 3293 inseruntur
495 3237 576 3291 ibi
603 3253 670 3291 ex
696 3252 939 3308 persona
965 3233 1324 3289 collocutoris
1354 3233 1486 3302 mei,
1515 3250 1647 3288 cum
1676 3239 1824 3288 esset
1858 3232 1918 3286 in
1949 3230 2114 3286 annis
2142 3229 2444 3285 sexdecim.
2477 3230 2650 3285 Multa
2678 3231 2802 3302 ejus
2833 3231 2944 3286 alia
2976 3231 3328 3288 mirabiliora
3358 3238 3624 3305 expertus

127 3341 270 3381 sum.
307 3325 547 3381 Horrori
575 3325 721 3380 mihi
749 3329 870 3379 erat
899 3323 1040 3378 illud
1066 3321 1432 3393 ingenium...
1473 3342 1500 3371 »

225 3413 383 3480 Vide
421 3425 748 3504 praeterea
787 3411 1032 3478 librum
1081 3419 1167 3504 1,Δ
1195 3432 1341 3504 cap.
1397 3410 2155 3504 l2,gRetractationum,
2204 3405 2332 3473 col.
2375 3414 2528 3489 602,
2581 3431 2624 3474 a
2671 3407 2910 3491 verbis,
2953 3411 3080 3477 Per
3108 3413 3291 3478 idem
3332 3424 3620 3497 tempus,

130 3523 334 3590 usque
364 3500 462 3569 ad
486 3501 710 3585 verba,
744 3504 926 3569 Velle
967 3521 1122 3567 cum
1150 3501 1544 3584 loquimur?
1637 3500 1720 3563 M.

971 3729 1080 3833 S.
1135 3727 1828 3831 .AURELII

1928 3725 2778 3831 AUGUSTINI

1387 3891 1940 3966 HIPPONENSIS
1990 3889 2372 3947 EPISCOPI

575 4031 1038 4220 DE
1315 4023 3183 4219 MAGISTRO

1381 4290 1814 4376 LIBER
1887 4287 2400 4376 UNUSW.

123 4459 181 4510 In
210 4473 319 4525 quo
351 4458 421 4508 de
459 4455 747 4506 verborum
775 4453 827 4502 vi
857 4455 1012 4524 atque
1042 4449 1215 4525 ofﬁcio
1235 4447 1544 4525 disputatur
1569 4448 1794 4525 copiose,
1836 4461 1942 4525 quo
1971 4448 2183 4525 demum
2211 4448 2524 4525 nonverbis
2545 4462 2664 4525 qua;
2685 4449 2813 4500 foris
2839 4449 2998 4500 homo
3025 4453 3287 4514 personat,
3315 4449 3407 4500 sed
3437 4454 3636 4501 (eterna

1031 4512 1252 4562 veritate
1281 4511 1424 4578 intus
1450 4511 1669 4561 docente
1699 4511 1971 4560 scientiam
1989 4524 2168 4560 rerum
2200 4511 2425 4561 obtineri
2445 4511 2733 4561 evincatur.

230 4725 468 4781 CAPUT
511 4723 810 4778 PRIMUM.
843 4751 912 4762 —
939 4720 1158 4776 Locutio
1187 4717 1262 4772 ad
1291 4717 1426 4787 quid
1451 4719 1727 4773 instituta.

193 4818 243 4870 l.
299 4817 661 4870 Ausus'rmus
713 4829 727 4867 :
775 4810 922 4876 Quid
959 4808 1064 4864 tibi
1104 4806 1366 4862 videmur
1419 4806 1644 4861 efﬁcere
1693 4807 1836 4861 velle

121 4920 254 4959 cum
283 4902 631 4974 loquimur?
673 4903 995 4955 Anaoua'rus
1029 4914 1042 4952 :
1076 4897 1366 4961 Quantum
1413 4895 1647 4967 quidem
1694 4895 1838 4949 mihi

120 5009 278 5048 nunc
308 4989 591 5057 occurrit,
632 4994 733 5043 aut
771 4989 996 5055 docere,
1044 4991 1144 5041 aut
1180 4984 1416 5040 discere:
1464 4984 1610 5051 Aug.
1649 4984 1839 5039 Unum

120 5082 337 5138 horum
383 5079 558 5136 video
583 5082 642 5134 et
668 5076 952 5132 assentior
981 5093 994 5132 :
1027 5091 1160 5131 nam
1184 5073 1472 5146 loquendo
1501 5089 1604 5127 nos
1633 5071 1836 5128 docere

1944 4717 2090 4771 velle
2137 4715 2506 4771 manifestum
2545 4721 2661 4785 est;
2703 4717 2918 4773 discere
2948 4720 3139 4772 autem
3165 4719 3495 4789 quomodo?
3523 4720 3633 4775 Ad.

1946 4804 2068 4868 Quo
2117 4804 2350 4858 tandem
2397 4819 2610 4871 censes,
2662 4804 2774 4858 nisi
2819 4821 2951 4859 cum
3001 4804 3461 4876 interrogamus?
3489 4808 3634 4874 Aug.

1946 4890 2128 4946 Etiam
2157 4895 2293 4946 tunc
2310 4891 2452 4946 nihil
2474 4891 2631 4946 aliud
2651 4908 2824 4963 quam
2849 4892 3048 4947 docere
3071 4909 3176 4946 nos
3191 4894 3334 4948 velle
3355 4893 3632 4965 intelligo.

1945 4981 2088 5036 Nam
2109 4997 2304 5052 qumro
2323 4980 2421 5035 abs
2439 4985 2515 5047 te,
2537 4985 2733 5035 utrum
2755 4981 2827 5035 ob
2856 4981 3027 5036 aliam
3053 4998 3279 5037 causam
3301 4983 3634 5053 interroges,

1945 5071 2008 5126 ni
2035 5075 2100 5125 ut
2129 5087 2259 5125 eum
2291 5087 2464 5142 quem
2515 5069 2833 5143 interrogas
2880 5071 3081 5127 doceas
3123 5073 3262 5145 quid
3305 5073 3477 5128 velis?
3523 5071 3634 5126 Ad.

1459 5175 1734 5212 ADIONI‘I'IO
1763 5175 1837 5211 PP.
1878 5172 2328 5209 BENEDICTINOEUU.

179 5251 428 5303 Collatus
465 5250 548 5298 est
571 5246 675 5310 (hic
702 5245 854 5308 liber)
877 5249 1012 5310 cum
1043 5245 1164 5310 Mss.
1198 5240 1934 5310 Fiscannensi,_Miebaelino,
1956 5240 2222 5310 Beccepsi,
2240 5238 2547 5310 .Victorinis
2574 5239 2761 5310 tribus,
2787 5239 3089 5310 -Navarrici_s
3119 5240 3342 5310 duobus,
3366 5238 3638 5310 Remensis

116 5301 361 5388 ecclesiae
393 5324 531 5388 quq,
561 5301 1215 5388 Yatic'a‘nte'AB'ibliothecae
1253 5320 1390 5366 uno;
1418 5318 1538 5356 cum
1568 5304 1888 5354 lectionibus
1921 5303 2082 5353 trium
2111 5301 2438 5366 Belgicorum
2483 5316 2577 5366 per
2605 5303 2956 5353 Lovanienses
2979 5302 3234 5388 vulgatis;
3265 5314 3488 5362 cumque
3527 5301 3637 5349 edi-

58 5405 62 5428 τ
117 5377 364 5427 tionibus
397 5372 534 5422 Bad.
564 5372 678 5421 Am.
711 5371 796 5420 Er.
826 5374 879 5420 et
906 5370 1030 5418 Lov.

215 5453 794 5545 Comparavimus
825 5461 1158 5541 praeterea
1210 5469 1322 5516 eas
1367 5471 1590 5516 omnes
1639 5446 1955 5515 editiones
2005 5443 2195 5512 initio
2230 5446 2806 5542 Retractationum
2839 5457 2901 5513 et
2949 5446 3470 5514 Confessionum
3507 5465 3638 5510 me-

119 5558 432 5615 moratas
442 5594 459 5610 .

187 5655 261 5718 (a)
294 5651 549 5715 Scriptus
577 5648 784 5699 circiter
809 5659 1014 5697 annum
1036 5643 1226 5695 Christi
1256 5644 1364 5694 389.

450 5749 735 5814 PATBOL.
785 5746 1031 5813 XXXII.

2827 5734 3315 5821 (Trente-huit.)
