4074 6364
319 234 338 283 Ἰ
356 231 452 283 195

313 354 520 407 Verum
549 347 706 404 dicis.
736 346 879 413 Aug.
908 342 1072 396 Vides
1093 356 1228 412 ergo
1249 340 1370 410 jam
1398 337 1539 392 nihil
1564 352 1669 391 nos
1692 335 1998 403 locutione,

311 440 422 496 nisi
454 442 514 492 ut
535 437 835 491 doceamus
855 434 1146 501 appetere.
1173 427 1281 482 Ad.
1312 427 1432 481 Non
1455 427 1624 496 plane
1647 423 1807 478 video
1832 440 1844 477 :
1869 438 2001 476 nam

313 529 360 583 si
386 527 528 581 nihil
559 529 643 579 est
670 522 825 576 aliud
855 519 1006 590 loqui
1025 533 1197 589 quam
1217 516 1389 570 verba
1413 511 1866 585 promere,video
1898 527 2001 565 nos

239 639 256 654 ε
311 617 370 672 id
392 617 573 670 facere
591 628 721 666 cum
754 614 1065 663 cantamus.
1090 606 1250 671 Quod
1272 621 1402 659 cum
1433 603 1538 656 soli
1567 616 1716 671 saepe
1742 600 1996 665 facimus,

313 705 472 759 nullo
504 703 782 774 praesente
805 698 904 769 qui
925 698 1243 765 discat,non
1271 697 1410 766 puto
1434 709 1533 746 nos
1559 691 1761 745 docere
1787 688 2002 760 aliquid

311 791 475 844 velle.
508 791 652 856 Aug.
685 790 754 840 At
783 802 887 856 ego
920 789 1057 855 puto
1089 800 1209 838 esse
1241 781 1526 854 quoddam
1557 795 1735 849 genus
1765 776 2003 832 docendi

310 895 414 950 per
440 875 1346 942 commemorationem,magnum
1378 868 1694 939 sane,quod
1727 866 1786 920 in
1811 870 2004 919 nostra

310 969 417 1021 hac
458 964 934 1020 sermocinatione
983 978 1070 1015 res
1101 960 1222 1030 ipsa
1251 957 1541 1012 iudicabit.
1575 956 1679 1010 Sed
1715 955 1761 1008 si
1792 958 1855 1008 tu
1888 968 2004 1006 non

312 1054 603 1109 arbitraris
652 1069 756 1106 nos
803 1051 1016 1104 discere
1046 1045 1604 1110 cumrecordamur,
1653 1058 1757 1096 nec
1804 1042 2002 1096 docere

311 1144 474 1198 illum
501 1142 600 1213 qui
628 1141 1056 1202 commemorat,
1089 1151 1204 1188 non
1234 1133 1434 1187 resisto
1463 1131 1565 1186 tibi
1600 1147 1613 1184 :
1642 1134 1696 1184 et
1727 1131 1866 1184 duas
1883 1129 2004 1199 jam

311 1228 584 1300 loquendi
627 1241 821 1280 causas
860 1222 1161 1290 constituo,
1212 1225 1308 1274 aut
1353 1223 1418 1273 ut
1459 1219 1780 1283 doceamus,
1815 1220 1913 1270 aut
1941 1219 2005 1269 ut

314 1329 826 1371 commemoremus
850 1312 934 1365 vel
957 1310 1097 1364 alios
1117 1310 1202 1363 vel
1225 1308 1638 1378 nosmetipsos;
1661 1305 1812 1377 quod
1833 1305 2004 1360 etiam

314 1406 451 1459 dum
499 1406 814 1466 cantamus,
860 1398 1135 1453 efﬁcimus
1169 1413 1181 1450 :
1217 1413 1287 1450 an
1320 1394 1420 1450 tibi
1453 1411 1567 1448 non
1596 1394 1858 1448 videtur?
1885 1392 1999 1446 Ad.

315 1494 434 1546 Non
466 1501 700 1562 prorsus
731 1505 742 1542 :
781 1503 913 1541 nam
940 1501 1135 1540 rarum
1165 1483 1476 1538 admodum
1506 1485 1609 1548 est,
1645 1486 1708 1534 ut
1736 1495 1841 1550 ego
1872 1495 2002 1533 can-

312 1587 428 1635 tem
457 1575 946 1634 commemorandi
976 1591 1067 1628 me
1111 1572 1309 1644 gratia,
1354 1571 1452 1624 sed
1482 1568 1876 1625 tantummodo
1906 1567 2002 1621 de-

313 1668 586 1724 lectandi.
615 1669 760 1734 Aug.
796 1664 969 1718 Video
1001 1663 1140 1734 quid
1162 1661 1388 1715 sentias.
1414 1660 1520 1714 Sed
1542 1675 1732 1713 nonne
1763 1656 2004 1711 attendis

314 1758 368 1811 id
400 1757 553 1828 quod
586 1760 639 1809 te
671 1754 911 1807 delectat
933 1751 992 1805 in
1013 1754 1184 1805 cantu
1213 1747 1664 1803 modulationem
1695 1746 2002 1817 quamdam

315 1860 435 1898 esse
466 1842 616 1908 soni;
652 1856 780 1912 quze
812 1838 1086 1910 quoniam
1115 1837 1301 1891 verbis
1331 1839 1386 1890 et
1413 1834 1543 1890 addi
1569 1838 1626 1888 et
1652 1833 1871 1888 detrahi
1901 1849 2002 1903 po-

313 1936 441 1998 test,
476 1930 626 1985 aliud
657 1931 741 1983 est
782 1926 960 1997 loqui,
1003 1925 1155 1979 aliud
1190 1929 1272 1978 est
1301 1923 1566 1978 cantare?
1600 1925 1738 1976 Nam
1769 1927 1825 1976 et
1853 1921 2007 1976 tibiis

314 2025 368 2074 et
392 2020 606 2074 cithara
646 2020 927 2084 cantatur,
961 2019 1016 2068 et
1061 2030 1186 2068 aves
1217 2017 1466 2079 cantant,
1498 2016 1553 2066 et
1581 2028 1684 2066 nos
1717 2012 2004 2065 interdum

315 2110 436 2163 sine
472 2106 650 2162 verbis
681 2104 962 2160 musicum
993 2103 1210 2173 aliquid
1242 2118 1529 2168 sonamus,
1559 2101 1656 2172 qui
1688 2117 1859 2156 sonus
1879 2117 2006 2154 can-

315 2203 404 2252 tus
433 2196 542 2250 dici
573 2197 775 2266 potest,
809 2191 1018 2246 locutio
1061 2207 1180 2244 non
1219 2194 1399 2262 potest
1439 2207 1451 2244 :
1486 2205 1560 2243 an
1587 2189 1898 2261 quidquam
1926 2194 2008 2243 est

316 2285 470 2355 quod
497 2283 847 2338 contradicas
869 2280 896 2334 ?
925 2281 1034 2336 Ad.
1068 2280 1219 2334 Nihil
1250 2296 1402 2348 sane.

385 2377 436 2428 2.
473 2375 621 2438 Aug.
656 2370 890 2424 Videtur
921 2385 1056 2438 ergo
1087 2368 1327 2435 tibi,nisi
1350 2371 1448 2422 aut
1473 2367 1834 2434 docendi,aut
1857 2382 2006 2420 com-

319 2459 670 2514 memorandi
688 2475 856 2512 causa
881 2473 994 2511 non
1017 2473 1136 2511 esse
1156 2457 1474 2510 institutam
1495 2455 2002 2509 locutionem?Ad.

316 2547 752 2614 Videretur,nisi
783 2563 873 2600 me
899 2550 1154 2599 moveret
1184 2546 1334 2615 quod
1368 2544 1505 2598 dum
1536 2560 1785 2613 oramus,
1807 2543 2005 2614 utique

317 2637 638 2707 loquimur;
681 2651 786 2689 nec
815 2639 1006 2689 tamen
1038 2635 1217 2688 Deum
1249 2636 1345 2687 aut
1375 2633 1561 2686 doceri
1592 2633 1806 2704 aliquid
1841 2650 1873 2686 a
1902 2649 2003 2686 no-

315 2725 420 2792 bis,
457 2729 557 2778 aut
586 2721 1022 2778 commemorari
1069 2722 1150 2776 fas
1193 2725 1275 2775 est
1304 2721 1557 2776 credere.
1600 2721 1745 2789 Aug.
1783 2721 2005 2775 Nescire

314 2818 368 2866 te
399 2811 644 2866 arbitror
673 2827 790 2865 non
831 2811 906 2866 ob
945 2810 1098 2865 aliud
1131 2809 1293 2863 nobis
1323 2813 1670 2880 praeceptum
1702 2825 1822 2863 esse
1854 2813 1918 2863 ut
1945 2808 2004 2862 in

313 2900 514 2954 clausis
541 2899 812 2954 cubiculis
844 2915 1072 2953 oremus
1095 2900 1304 2969 (Matth.
1329 2915 1403 2961 vi,
1427 2899 1499 2967 6),
1531 2914 1644 2969 quo
1673 2896 1905 2952 nomine
1937 2898 2005 2951 si-

313 2989 656 3059 gniﬁcantur
676 2988 884 3043 mentis
914 2986 1368 3058 penetralia,nisi
1399 2986 1552 3057 quod
1583 2987 1817 3053 Deus,ut
1845 2986 2004 3040 nobis

311 3079 462 3150 quod
483 3077 741 3149 cupimus
761 3075 1462 3147 priestet,commemorari
1484 3078 1581 3129 aut
1601 3074 1790 3128 doceri
1811 3081 2006 3130 nostra

311 3166 595 3221 locutione
618 3182 733 3220 non
750 3163 1087 3237 quaarit.Qui
1109 3163 1676 3234 enimloquitur,sute
1701 3163 2003 3217 voluntatis

310 3255 538 3326 signum
558 3255 708 3308 foras
737 3255 835 3307 dat
854 3269 956 3323 per
979 3253 1343 3306 articulatum
1373 3268 1579 3306 sonum
1603 3269 1615 3306 :
1644 3252 1792 3305 Deus
1814 3256 2004 3305 autem

311 3344 372 3397 in
403 3343 536 3413 ipsis
564 3342 857 3396 rationalis
907 3341 1113 3395 animae
1153 3341 1401 3407 secretis,
1435 3339 1535 3410 qui
1565 3339 1737 3392 homo
1769 3339 2005 3393 interior

309 3435 559 3496 vocatur,
592 3434 648 3484 et
676 3429 1020 3500 quaerendus
1053 3433 1107 3482 et
1133 3427 1522 3498 deprecandus
1558 3433 1668 3493 est;
1696 3427 1817 3481 haec
1851 3427 2002 3481 enim

311 3536 411 3573 sua
427 3519 642 3588 templa
670 3533 788 3572 esse
810 3517 1100 3571 voluit.An
1125 3516 1276 3587 apud
1297 3515 1628 3586 Apostolum
1655 3531 1772 3568 non
1793 3515 1998 3585 legisti,

309 3609 539 3665 Nescitis
569 3609 701 3675 quia
740 3607 992 3675 templum
1024 3607 1120 3660 Dei
1160 3607 1305 3666 estis,
1339 3609 1389 3658 et
1416 3606 1643 3673 spiritus
1670 3606 1768 3658 Dei
1791 3605 2004 3658 habitat

306 3699 366 3750 in
393 3696 540 3749 vobis
569 3696 604 3764 (Ι
631 3695 759 3748 Cor.
793 3711 872 3760 ιιι,
901 3696 1018 3762 16);
1049 3697 1122 3759 et,
1153 3695 1216 3747 In
1237 3695 1488 3747 interiore
1521 3694 1728 3747 homine
1761 3693 2004 3748 habitare

308 3783 618 3838 Christum?
650 3783 867 3851 (Ephes.
901 3799 981 3849 ιιι,
1011 3786 1089 3848 l6,
1123 3782 1223 3851 l7.)
1249 3783 1358 3836 Nec
1378 3782 1436 3835 in
1457 3783 1736 3852 propheta
1751 3781 2004 3836 animad-

307 3871 543 3939 vertisti,
570 3873 749 3925 Dicite
770 3873 828 3924 in
848 3871 1099 3924 cordibus
1125 3873 1338 3938 vestris,
1369 3875 1418 3924 et
1438 3872 1495 3923 in
1523 3871 1790 3925 cubilibus
1809 3873 2002 3926 vestris

305 3961 763 4030 compungimini:
792 3959 1097 4030 sacrificate
1118 3960 1444 4027 sacriﬁcium
1461 3959 1770 4027 justitia2,et
1791 3963 2002 4027 sperate

304 4051 363 4103 in
385 4049 614 4104 Domino
629 4049 917 4114 7(Psal.1v,
940 4051 991 4113 5,
1017 4047 1092 4116 6.)
1113 4046 1217 4101 Ubi
1242 4051 1405 4118 putas
1419 4046 1756 4100 sacriﬁcium
1771 4047 2001 4118 iustitiae

305 4135 626 4205 sacriﬁcari,
651 4135 757 4188 nisi
787 4135 848 4188 in
879 4135 1095 4204 templo
1128 4135 1354 4197 mentis,
1389 4139 1446 4187 et
1476 4134 1537 4187 in
1566 4133 1846 4188 cubilibus
1875 4151 2000 4189 cor-

306 4225 427 4280 dis?
441 4225 747 4279 Ubiautem
763 4223 1202 4276 sacriﬁcandum
1222 4221 1410 4290 est,ibi
1432 4227 1490 4276 et
1508 4222 2002 4288 orandum.Quare

305 4329 420 4367 non
448 4329 591 4383 opus
611 4315 694 4365 est
721 4310 1008 4364 locutione
1036 4327 1164 4364 cum
1195 4327 1443 4377 oramus,
1471 4311 1527 4365 id
1559 4316 1642 4365 est
1669 4313 2002 4367 sonantibus

306 4400 628 4468 vcrbis,uisi
650 4401 812 4461 forte,
835 4399 981 4452 sicut
1017 4399 1333 4453 sacerdotes
1362 4399 1596 4466 faciunt,
1617 4399 1999 4470 signiﬁcandee

305 4489 510 4544 mentis
540 4505 656 4543 suae
687 4503 880 4556 causa,
913 4503 1028 4540 non
1061 4492 1125 4541 ut
1156 4488 1321 4555 Deus,
1356 4488 1452 4541 sed
1485 4492 1548 4542 ut
1589 4489 1849 4542 homines
1893 4505 1998 4544 au-

303 4579 478 4646 diant,
513 4582 569 4631 et
597 4576 970 4631 consensione
994 4576 1240 4647 quadam
1271 4592 1374 4647 per
1399 4578 1998 4633 commemorationem

303 4667 726 4738 suspendantur
755 4665 814 4718 in
850 4666 1028 4718 Deum
1077 4682 1089 4719 :
1140 4681 1213 4719 an
1244 4669 1308 4719 tu
1344 4665 1498 4720 aliud
1530 4666 1854 4721 existimas?
1885 4668 1995 4722 Ad.

305 4755 550 4810 Omnino
584 4753 888 4808 assentior.
918 4754 1061 4822 Aug.
1089 4755 1212 4807 Non
1243 4758 1296 4807 te
1322 4769 1455 4824 ergo
1476 4759 1666 4808 movet
1685 4755 1837 4826 quod
1851 4771 2000 4810 sum-

301 4859 430 4898 mus
452 4844 717 4915 Magister
733 4859 862 4896 cum
892 4858 1051 4896 orare
1070 4842 1296 4896 doceret
1317 4843 1815 4914 discipulos,verba
1841 4860 1997 4914 quaa-

301 4933 433 4986 dam
463 4932 657 4986 docuit
687 4932 911 5002 (Matth.
947 4946 1027 4998 v1,
1061 4931 1114 5002 9)
1139 4949 1152 4998 ;
1189 4931 1248 4986 in
1278 4948 1391 5003 quo
1421 4932 1566 4986 nihil
1597 4931 1750 4986 aliud
1776 4932 2000 4986 videtur

296 5021 702 5093 fccisse,quam
735 5019 989 5074 docuisse
1013 5020 1298 5091 quomodo
1327 5020 1386 5074 in
1409 5020 1621 5074 orando
1642 5019 1800 5091 loqui
1819 5036 1996 5092 opor-

298 5112 475 5165 teret?
516 5110 628 5165 Ad.
664 5109 814 5164 Nihil
844 5126 934 5162 me
966 5109 1201 5164 omnino
1231 5109 1381 5163 istud
1423 5111 1614 5162 movet
1648 5125 1660 5161 :
1695 5125 1810 5162 non
1842 5109 1996 5164 enim

298 5199 488 5267 verba,
521 5200 617 5254 sed
650 5215 739 5252 res
763 5199 913 5269 ipsas
941 5215 1036 5252 eos
1066 5197 1251 5253 verbis
1276 5196 1487 5262 docuit,
1520 5196 1727 5267 quibus
1748 5202 1805 5252 et
1825 5198 1995 5269 seipsi

297 5289 870 5356 commonefacerent,
904 5303 936 5341 a
967 5304 1100 5358 quo,
1133 5291 1188 5340 et
1217 5285 1354 5355 quid
1385 5289 1532 5338 esset
1563 5286 1993 5349 orandum,cum

295 5376 356 5430 in
381 5378 790 5447 penetralibus,
837 5381 903 5431 ut
937 5376 1152 5430 dictum
1185 5379 1286 5440 est,
1322 5373 1529 5428 mentis
1561 5381 1810 5430 orarent.
1842 5378 1988 5447 Aug.

298 5468 464 5521 Recte
497 5467 766 5536 intelligis
801 5483 813 5520 :
844 5467 1010 5520 simul
1055 5465 1205 5518 enim
1237 5471 1289 5518 te
1317 5465 1483 5518 credo
1515 5465 1986 5537 animadvertere,

1537 215 1632 271 DE
1672 211 2050 276 MAGISTBO,
2093 211 2145 265 S.
2190 210 2578 269 AUGUSTINI

3679 213 3821 266 “96

2111 349 2336 405 etiamsi
2363 351 2666 422 quisquam
2686 347 3011 414 contendat,
3035 348 3294 418 quamvis
3316 347 3539 404 nullum
3567 348 3810 403 edamus

2110 455 2336 507 sonum,
2368 443 2562 494 tamen
2604 436 2739 509 quia
2781 436 2905 506 ipsa
2934 436 3106 490 verba
3137 436 3473 507 cogitamus,
3503 453 3608 490 nos
3653 437 3814 491 intus

2112 529 2262 598 apud
2293 528 2551 582 animum
2577 525 2751 596 loqui,
2786 525 2862 578 sic
2892 541 3119 596 quoque
3156 525 3440 580 locutione
3471 525 3613 579 nihil
3653 525 3813 581 aliud

2112 633 2280 687 agere
2319 633 2492 688 quam
2519 630 2904 681 commonere,
2935 630 3066 668 cum
3099 615 3374 668 memoria
3402 614 3493 669 cui
3523 615 3696 670 verba
3725 615 3817 670 in-

2112 706 2350 773 haerent,
2384 722 2449 759 ea
2468 703 2805 760 revolvendo
2825 703 2959 756 facit
2974 702 3164 756 venire
3186 703 3244 756 in
3268 709 3518 758 mentem
3541 721 3632 758 res
3664 704 3820 776 ipsas

2114 810 2358 865 quarum
2389 793 2549 864 signa
2581 797 2713 846 sunt
2743 792 2933 846 verba.
2964 791 3080 845 Ad.
3105 791 3364 861 Intelligo
3391 808 3454 846 ac
3483 807 3714 862 sequor.

2115 883 2337 936 CAPUT
2363 882 2426 936 II.
2464 913 2529 920 --
2567 881 2859 936 Verborum
2893 882 3232 948 signiﬁcatus
3271 881 3488 935 nonnisi
3526 879 3706 933 verbis
3736 878 3809 932 ab

2678 970 2885 1024 homine
2915 968 3240 1023 ostenditur.

2185 1061 2236 1113 3.
2267 1059 2412 1128 Aug.
2441 1059 2673 1113 Constat
2697 1074 2832 1128 ergo
2851 1043 2999 1110 inter
3023 1072 3125 1110 nos
3142 1057 3312 1111 verba
3333 1055 3495 1126 signa
3515 1071 3661 1110 esse.
3684 1055 3806 1112 Ad.

2116 1145 2362 1200 Constat.
2413 1147 2555 1213 Aug.
2603 1145 2784 1210 Quid?
2827 1144 3075 1215 signum,
3111 1143 3219 1198 nisi
3249 1144 3466 1215 aliquid
3497 1144 3809 1214 signiﬁcet,

2115 1238 2296 1305 potest
2325 1251 2446 1289 esse
2473 1233 2738 1304 signum?
2767 1233 2877 1288 Ad.
2903 1233 3027 1287 Non
3059 1237 3260 1304 potest.
3289 1236 3438 1301 Aug.
3465 1233 3611 1297 Quot
3634 1233 3811 1286 verba

2115 1327 2246 1377 sunt
2275 1323 2335 1377 in
2358 1323 2463 1378 hoc
2489 1339 2678 1389 versu,

2239 1417 2290 1467 Si
2316 1417 2448 1466 nihil
2467 1431 2532 1468 ex
2556 1420 2704 1467 tanta
2726 1417 2929 1480 superis
2963 1415 3132 1480 placet
3154 1417 3280 1466 urbe
3310 1415 3573 1479 relinqui?

2887 1497 3118 1559 (xlineid.
3150 1496 3255 1547 lib.
3275 1498 3322 1556 2,
3353 1510 3404 1547 υ.
3436 1496 3567 1559 659.)

2114 1586 2228 1640 Ad.
2274 1587 2430 1642 Octo.
2475 1588 2620 1654 Aug.
2672 1587 2805 1641 Octo
2848 1603 2983 1657 ergo
3029 1587 3190 1658 signa
3239 1591 3390 1641 sunt.
3439 1585 3544 1640 Ad.
3592 1586 3674 1639 Ita
3700 1589 3809 1639 est.

2116 1675 2264 1743 Aug.
2318 1675 2494 1730 Credo
2537 1681 2590 1730 te
2638 1675 2788 1730 hunc
2835 1692 3061 1729 versum
3106 1675 3446 1746 intelligere.
3497 1674 3612 1729 Ad.
3665 1673 3816 1728 Satis

2114 1763 2377 1817 arbitror.
2432 1766 2582 1830 Aug.
2638 1763 2733 1817 Dic
2769 1763 2910 1817 mihi
2956 1763 3090 1834 quid
3133 1763 3358 1833 singula
3404 1763 3578 1817 verba
3625 1762 3808 1833 signi-

2116 1851 2302 1906 ﬁcent.
2337 1851 2445 1906 Ad.
2480 1852 2646 1905 Video
2676 1852 2908 1922 quidem
2940 1852 3076 1923 quid
3109 1851 3410 1922 signiﬁcet,
3442 1854 3516 1917 si;
3549 1853 3647 1905 sed
3676 1853 3808 1905 nul-

2114 1940 2235 1994 lum
2265 1939 2420 1994 aliud
2449 1939 2826 2011 verbum,quo
2859 1941 2914 1994 id
2944 1939 3153 2011 exponi
3178 1939 3628 2012 possit,inveuio.
3661 1941 3812 2007 Aug.

2116 2028 2327 2083 Saltem
2357 2027 2500 2082 illud
2525 2028 2765 2096 iuvenis,
2794 2029 3071 2100 quidquid
3099 2029 3452 2100 signiﬁcatur
3473 2029 3582 2082 hoc
3613 2029 3810 2094 verbo,

2117 2117 2348 2171 ubinam
2376 2116 2482 2171 sit?
2511 2117 2627 2172 Ad.
2657 2118 2888 2172 Videtur
2917 2118 3059 2172 mihi
3091 2117 3264 2188 quod,
3285 2120 3353 2184 si,
3389 2116 3811 2171 dubitationem

2117 2205 2400 2277 signiﬁcet
2431 2223 2443 2260 :
2469 2205 2590 2276 jam
2620 2206 3021 2273 dubitatio,ubi
3051 2206 3160 2260 nisi
3188 2206 3249 2260 in
3279 2206 3470 2260 animo
3501 2204 3629 2258 est?
3660 2206 3811 2274 Aug.

2116 2294 2344 2365 Accipio
2373 2294 2635 2362 interim;
2683 2312 3024 2367 persequere
3067 2299 3288 2350 caetera.
3321 2295 3434 2350 Ad.
3468 2295 3641 2361 Nihil,
3671 2294 3810 2365 quid

2118 2383 2271 2437 aliud
2300 2383 2604 2454 signiﬁcat,
2636 2383 2740 2436 nisi
2757 2383 2813 2438 id
2833 2383 2983 2454 quod
3008 2399 3123 2437 non
3142 2385 3264 2438 est?
3286 2385 3436 2451 Aug.
3473 2383 3679 2436 Verum
3701 2381 3816 2434 for-

2118 2474 2261 2525 tasse
2293 2471 2431 2525 dicis
2460 2472 2592 2525 :sed
2608 2476 2835 2526 revocat
2865 2488 2954 2526 me
2980 2472 3050 2526 ab
3073 2471 3429 2526 assentiendo
3460 2471 3611 2542 quod
3643 2485 3814 2540 supe-

2118 2559 2235 2614 rius
2256 2559 2595 2625 concessisti,
2610 2577 2723 2614 non
2745 2577 2862 2614 esse
2883 2561 3110 2630 signum
3131 2560 3240 2614 nisi
3258 2559 3477 2631 aliquid
3499 2557 3810 2630 signiﬁcet;

2117 2649 2271 2718 quod
2301 2654 2494 2704 autem
2524 2665 2636 2702 non
2667 2653 2770 2714 est,
2799 2649 2958 2702 nullo
2999 2650 3170 2702 modo
3203 2664 3322 2702 esse
3355 2647 3571 2718 aliquid
3601 2651 3812 2718 potest.

2117 2737 2301 2800 Quare
2320 2737 2629 2792 secundum
2654 2737 2890 2791 verbum
2908 2738 2966 2791 in
2987 2739 3092 2791 hoc
3120 2753 3286 2790 versu
3312 2752 3428 2790 non
3453 2739 3539 2790 est
3559 2735 3812 2806 signum,

2115 2826 2251 2897 quia
2278 2841 2391 2880 non
2413 2825 2694 2896 signiﬁcat
2713 2826 2958 2897 aliquid;
2982 2829 3038 2880 et
3058 2825 3198 2879 falso
3229 2825 3379 2880 inter
3407 2841 3514 2879 nos
3535 2823 3811 2890 constitit,

2116 2913 2270 2985 quod
2299 2913 2493 2968 omnia
2512 2913 2683 2968 verba
2703 2915 2867 2985 signa
2887 2914 3018 2981 sint,
3033 2921 3132 2968 aut
3153 2931 3322 2969 omne
3340 2914 3568 2985 signum
3589 2912 3810 2984 aliquid

2114 3003 2413 3073 signiﬁcet.
2446 3003 2558 3058 Ad.
2591 3003 2768 3058 Nimis
2798 3004 3031 3075 quidem
3062 3020 3258 3074 urges;
3291 3004 3387 3058 sed
3427 3003 3658 3074 quando
3691 3018 3807 3056 non

2114 3089 2391 3145 habemus
2421 3091 2557 3162 quid
2589 3091 3230 3163 signiﬁcemus,omnino
3251 3093 3422 3146 stulte
3450 3092 3688 3146 verbum
3711 3089 3813 3144 ali-

2115 3180 2266 3250 quod
2296 3180 2614 3250 promimus
2638 3197 2650 3235 ε
2672 3185 2732 3236 tu
2752 3186 2944 3236 autem
2967 3198 3117 3235 nunc
3138 3197 3361 3235 mecum
3379 3179 3809 3252 loquendo,cre—

2115 3267 2186 3322 do
2222 3268 2375 3339 quod
2411 3269 2636 3323 nullum
2666 3286 2870 3323 sonum
2899 3269 3107 3324 frustra
3139 3269 3370 3339 emittis,
3407 3270 3506 3324 sed
3541 3269 3810 3323 omnibus

2116 3367 2244 3422 qua:
2271 3367 2368 3404 ore
2391 3355 2488 3405 tuo
2511 3358 2840 3422 erumpunt,
2864 3352 3092 3423 signum
3119 3353 3258 3406 mihi
3278 3353 3378 3407 das
3397 3356 3461 3407 ut
3489 3352 3810 3423 intelligam

2115 3439 2360 3509 aliquid,
2390 3446 2738 3512 quapropter
2767 3458 2882 3495 non
2915 3446 2970 3495 te
2993 3447 3220 3512 oportet
3245 3443 3377 3496 istas
3408 3442 3548 3496 duas
3568 3442 3811 3512 syllabas

2115 3528 2410 3582 enuntiare
2435 3528 2572 3582 dum
2602 3529 2873 3600 loqueris,
2898 3529 2944 3583 si
2964 3546 3065 3602 per
3086 3547 3178 3585 eas
3195 3548 3309 3585 non
3331 3530 3616 3602 signiﬁcas
3646 3529 3810 3602 quid-

2115 3631 2306 3686 quam.
2339 3616 2396 3670 Si
2425 3620 2613 3671 autem
2639 3616 2796 3672 vides
2824 3619 3198 3674 necessariam
3221 3635 3324 3690 per
3345 3635 3437 3673 eas
3470 3619 3814 3674 enuntiatio-

2113 3720 2246 3758 nem
2279 3704 2422 3773 ﬁeri,
2453 3721 2672 3777 nosque
2705 3707 2894 3760 doceri
2925 3709 3009 3778 vel
3033 3708 3388 3762 commoneri
3417 3725 3548 3762 cum
3578 3708 3812 3762 auribus

2115 3791 2396 3862 insonant,
2421 3793 2578 3848 vides
2609 3795 2783 3849 etiam
2815 3797 3068 3866 profecto
3100 3797 3238 3868 quid
3273 3797 3441 3850 velim
3472 3797 3678 3864 dicere,
3713 3795 3810 3850 sed

2113 3880 2394 3950 explicare
2425 3897 2540 3935 non
2569 3899 2822 3952 possum.
2855 3884 3003 3952 Aug.
3038 3884 3183 3949 Quid
3215 3885 3390 3956 igitur
3414 3885 3692 3938 facimus?
3722 3887 3809 3938 An

2113 3969 2470 4048 affectionem
2519 3971 2698 4025 animi
2730 3973 3058 4043 quamdam,
3089 3990 3220 4028 cum
3254 3990 3376 4030 rem
3404 3990 3520 4028 non
3552 3973 3723 4041 videt,
3757 3978 3812 4028 et

2112 4060 2302 4111 tamen
2352 4074 2469 4112 non
2513 4075 2632 4114 esse
2674 4059 2912 4129 invenit,
2946 4065 3044 4115 aut
3072 4060 3355 4116 invenisse
3385 4078 3442 4115 se
3487 4065 3666 4132 putat,
3701 4063 3810 4116 hoc

2113 4147 2280 4200 verbo
2303 4145 2612 4216 signiﬁcari
2635 4147 2878 4203 dicimus
2899 4149 3114 4220 potius,
3139 4167 3446 4221 quamrem
3468 4150 3654 4220 ipsam
3679 4167 3809 4222 quae

2111 4235 2269 4288 nulla
2299 4236 2422 4289 est?
2451 4236 2562 4290 Ad.
2594 4237 2746 4292 Istud
2775 4238 2963 4308 ipsum
2986 4243 3069 4293 est
3092 4240 3329 4293 fortasse
3353 4238 3503 4310 quod
3527 4239 3810 4309 explicare

2111 4323 2410 4378 moliebar.
2444 4325 2588 4391 Aug.
2625 4326 2996 4380 Transeamus
3023 4343 3156 4398 ergo
3184 4326 3336 4393 hinc,
3378 4343 3609 4397 quoquo
3643 4327 3810 4382 modo

2111 4427 2169 4464 se
2199 4411 2386 4475 habet,
2420 4428 2491 4466 ne
2522 4428 2611 4466 res
2632 4413 3039 4468 absurdissima
3068 4415 3230 4468 nobis
3261 4413 3491 4467 accidat.
3526 4413 3639 4468 Ad.
3669 4415 3809 4478 Quae

2111 4499 2381 4554 tandem?
2410 4502 2554 4570 Aug.
2589 4501 2644 4556 Si
2675 4503 2815 4557 nihil
2847 4520 2949 4557 nos
2976 4507 3182 4569 teneat,
3207 4507 3263 4557 et
3285 4518 3472 4556 moras
3493 4501 3806 4571 potiamur.

2110 4587 2218 4640 Ad.
2239 4587 2562 4642 Ridiculum
2579 4589 2686 4642 hoc
2707 4590 2942 4660 quidem
2962 4594 3129 4655 est,et
3152 4595 3339 4644 tamen
3357 4587 3544 4642 nescio
3562 4605 3813 4659 quomo-

2111 4675 2182 4728 do
2212 4675 2375 4729 video
2394 4692 2558 4747 posse
2589 4679 2922 4749 contingere
2943 4699 2957 4745 ;
2979 4678 3095 4732 imo
3117 4679 3285 4748 plane
3299 4677 3460 4730 video
3474 4677 3806 4748 contigisse.

2178 4765 2233 4817 4.
2266 4766 2416 4832 Aug.
2438 4764 2550 4819 Suo
2573 4765 2696 4820 loco
2719 4782 2898 4836 genus
2922 4767 3024 4820 hoc
3045 4765 3463 4836 repugnantia,
3487 4766 3532 4819 si
3556 4767 3703 4821 Deus
3724 4768 3809 4821 si-

2110 4849 2509 4922 verit,planius
2531 4853 2945 4923 intelligemus:
2968 4869 3118 4907 nunc
3131 4854 3198 4907 ad
3217 4853 3380 4907 illum
3393 4870 3620 4908 versum
3644 4859 3698 4910 te
3717 4872 3806 4910 re-

2108 4938 2276 5008 fer,et
2289 4946 2586 5005 conare,ut
2601 4945 2987 5011 potes,caatera
3003 4941 3124 5011 ejus
3141 4941 3313 4996 verba
3329 4943 3470 5014 quid
3485 4944 3808 5014 signiﬁcent

2109 5028 2382 5097 pandere.
2433 5030 2544 5084 Ad.
2585 5030 2772 5084 Tertia
2800 5029 3134 5099 praepositio
3167 5037 3272 5101 est,
3299 5048 3388 5100 er,
3416 5048 3520 5102 pro
3551 5049 3685 5102 qua,
3717 5034 3804 5102 de,

2106 5133 2427 5187 possumus,
2460 5123 2525 5172 ut
2549 5117 2814 5183 arbitror,
2843 5117 3049 5172 dicere.
3083 5120 3228 5188 Aug.
3264 5121 3385 5174 Non
3416 5120 3472 5174 id
3505 5138 3722 5192 quaero,
3743 5128 3806 5176 ut

2104 5221 2210 5276 pro
2237 5222 2347 5259 una
2367 5222 2501 5260 voce
2524 5204 2822 5259 notissima
2841 5205 3013 5262 aliam
3034 5224 3227 5263 vocem
3245 5225 3404 5280 aeque
3417 5209 3800 5277 notissimam,

2104 5311 2232 5366 quin
2264 5294 2413 5348 idem
2443 5293 2726 5364 signiﬁcet
2751 5294 2936 5364 dicas;
2980 5296 3026 5351 si
3057 5301 3247 5353 tamen
3279 5298 3430 5354 idem
3474 5298 3754 5369 signiﬁcat
3787 5318 3799 5355 :

2105 5383 2202 5437 sed
2228 5381 2460 5437 interim
2492 5383 2867 5439 concedamus
2912 5385 2993 5440 ita
3034 5403 3180 5443 esse.
3222 5388 3382 5443 Certe
3423 5387 3469 5441 si
3499 5393 3668 5459 poeta
3697 5387 3802 5444 iste

2103 5486 2239 5536 non,
2272 5487 2337 5524 er.
2368 5475 2521 5526 tanta
2549 5471 2695 5539 urbe,
2733 5473 2850 5540 sed,
2885 5473 2951 5528 de
2981 5479 3153 5544 tanta,
3176 5475 3424 5543 dixisset,
3457 5491 3778 5546 quaererem
