  <div class='ocr_page' id='page_1' title='image "/cluster/home/n/w/nwhite01/storage/ocr_20150623/32/umn.31951002477326y/610.png"; bbox 0 0 4074 6376; ppageno 0'>
   <div class='ocr_carea' id='block_1_1' title="bbox 169 319 300 370">
    <p class='ocr_par' dir='ltr' id='par_1_1' title="bbox 169 319 300 370">
     <span class='ocr_line' id='line_1_1' title="bbox 169 319 300 370; baseline -0.015 0"><span class='ocrx_word' id='word_1_1' title='bbox 169 319 300 370; x_wconf 79' lang='lat' dir='ltr'>H97</span> 
     </span>
    </p>
   </div>
   <div class='ocr_carea' id='block_1_2' title="bbox 164 439 1858 513">
    <p class='ocr_par' dir='ltr' id='par_1_2' title="bbox 164 439 1858 513">
     <span class='ocr_line' id='line_1_2' title="bbox 164 439 1858 513; baseline 0.004 -20"><span class='ocrx_word' id='word_1_2' title='bbox 164 455 277 510; x_wconf 89' lang='lat' dir='ltr'>que</span> <span class='ocrx_word' id='word_1_3' title='bbox 306 439 407 494; x_wconf 90' lang='lat' dir='ltr'>abs</span> <span class='ocrx_word' id='word_1_4' title='bbox 427 443 482 494; x_wconf 91' lang='lat' dir='ltr'>te</span> <span class='ocrx_word' id='word_1_5' title='bbox 504 439 663 512; x_wconf 90' lang='lat' dir='ltr'>quid,</span> <span class='ocrx_word' id='word_1_6' title='bbox 691 441 776 508; x_wconf 84' lang='lat' dir='ltr'>de,</span> <span class='ocrx_word' id='word_1_7' title='bbox 807 440 1188 512; x_wconf 90' lang='lat' dir='ltr'>signiﬁcaret;</span> <span class='ocrx_word' id='word_1_8' title='bbox 1221 442 1452 505; x_wconf 85' lang='lat' dir='ltr'>diceres,</span> <span class='ocrx_word' id='word_1_9' title='bbox 1477 460 1567 513; x_wconf 75' lang='lat' dir='ltr'>cm,</span> <span class='ocrx_word' id='word_1_10' title='bbox 1587 460 1716 498; x_wconf 90' lang='lat' dir='ltr'>cum</span> <span class='ocrx_word' id='word_1_11' title='bbox 1737 445 1858 499; x_wconf 83' lang='lat' dir='ltr'>haec</span> 
     </span>
    </p>
   </div>
   <div class='ocr_carea' id='block_1_3' title="bbox 164 528 1859 605">
    <p class='ocr_par' dir='ltr' id='par_1_3' title="bbox 164 528 1859 605">
     <span class='ocr_line' id='line_1_3' title="bbox 164 528 1859 605; baseline 0.003 -23"><span class='ocrx_word' id='word_1_12' title='bbox 164 528 278 583; x_wconf 89' lang='lat' dir='ltr'>duo</span> <span class='ocrx_word' id='word_1_13' title='bbox 321 528 494 584; x_wconf 89' lang='lat' dir='ltr'>verba</span> <span class='ocrx_word' id='word_1_14' title='bbox 528 534 734 598; x_wconf 87' lang='lat' dir='ltr'>essent,</span> <span class='ocrx_word' id='word_1_15' title='bbox 783 530 840 584; x_wconf 92' lang='lat' dir='ltr'>id</span> <span class='ocrx_word' id='word_1_16' title='bbox 885 534 966 584; x_wconf 91' lang='lat' dir='ltr'>est</span> <span class='ocrx_word' id='word_1_17' title='bbox 1003 530 1186 601; x_wconf 89' lang='lat' dir='ltr'>signa,</span> <span class='ocrx_word' id='word_1_18' title='bbox 1217 549 1400 586; x_wconf 88' lang='lat' dir='ltr'>unum</span> <span class='ocrx_word' id='word_1_19' title='bbox 1429 533 1667 605; x_wconf 91' lang='lat' dir='ltr'>aliquid,</span> <span class='ocrx_word' id='word_1_20' title='bbox 1698 537 1760 588; x_wconf 93' lang='lat' dir='ltr'>ut</span> <span class='ocrx_word' id='word_1_21' title='bbox 1796 537 1859 588; x_wconf 91' lang='lat' dir='ltr'>tu</span> 
     </span>
    </p>
   </div>
   <div class='ocr_carea' id='block_1_4' title="bbox 162 617 1859 692">
    <p class='ocr_par' dir='ltr' id='par_1_4' title="bbox 162 617 1859 692">
     <span class='ocr_line' id='line_1_4' title="bbox 162 617 1859 692; baseline 0.004 -22"><span class='ocrx_word' id='word_1_22' title='bbox 162 621 355 686; x_wconf 90' lang='lat' dir='ltr'>putas,</span> <span class='ocrx_word' id='word_1_23' title='bbox 383 617 764 689; x_wconf 89' lang='lat' dir='ltr'>signiﬁcantia</span> <span class='ocrx_word' id='word_1_24' title='bbox 789 633 801 674; x_wconf 92' lang='lat'>:</span> <span class='ocrx_word' id='word_1_25' title='bbox 824 634 960 689; x_wconf 90' lang='lat' dir='ltr'>ergo</span> <span class='ocrx_word' id='word_1_26' title='bbox 988 624 1178 674; x_wconf 81' lang='lat' dir='ltr'>autem</span> <span class='ocrx_word' id='word_1_27' title='bbox 1208 621 1481 692; x_wconf 90' lang='lat' dir='ltr'>idipsum,</span> <span class='ocrx_word' id='word_1_28' title='bbox 1510 622 1700 676; x_wconf 89' lang='lat' dir='ltr'>nescio</span> <span class='ocrx_word' id='word_1_29' title='bbox 1721 622 1859 692; x_wconf 91' lang='lat' dir='ltr'>quid</span> 
     </span>
    </p>
   </div>
   <div class='ocr_carea' id='block_1_5' title="bbox 163 706 1849 782">
    <p class='ocr_par' dir='ltr' id='par_1_5' title="bbox 163 706 1849 782">
     <span class='ocr_line' id='line_1_5' title="bbox 163 706 1849 782; baseline 0.004 -24"><span class='ocrx_word' id='word_1_30' title='bbox 163 720 367 780; x_wconf 72' lang='lat' dir='ltr'>unum,</span> <span class='ocrx_word' id='word_1_31' title='bbox 399 707 555 778; x_wconf 91' lang='lat' dir='ltr'>quod</span> <span class='ocrx_word' id='word_1_32' title='bbox 594 706 685 761; x_wconf 89' lang='lat' dir='ltr'>his</span> <span class='ocrx_word' id='word_1_33' title='bbox 729 707 952 762; x_wconf 90' lang='lat' dir='ltr'>duobus</span> <span class='ocrx_word' id='word_1_34' title='bbox 983 709 1156 778; x_wconf 79' lang='lat' dir='ltr'>signis</span> <span class='ocrx_word' id='word_1_35' title='bbox 1188 709 1559 780; x_wconf 84' lang='lat' dir='ltr'>signiﬁcatur,</span> <span class='ocrx_word' id='word_1_36' title='bbox 1594 711 1849 782; x_wconf 90' lang='lat' dir='ltr'>inquiro.</span> 
     </span>
    </p>
   </div>
   <div class='ocr_carea' id='block_1_6' title="bbox 163 794 1857 870">
    <p class='ocr_par' dir='ltr' id='par_1_6' title="bbox 163 794 1857 870">
     <span class='ocr_line' id='line_1_6' title="bbox 163 794 1857 870; baseline 0.004 -22"><span class='ocrx_word' id='word_1_37' title='bbox 163 795 278 850; x_wconf 84' lang='lat' dir='ltr'>Ad.</span> <span class='ocrx_word' id='word_1_38' title='bbox 305 794 438 849; x_wconf 88' lang='lat' dir='ltr'>Mihi</span> <span class='ocrx_word' id='word_1_39' title='bbox 465 795 691 850; x_wconf 90' lang='lat' dir='ltr'>videtur</span> <span class='ocrx_word' id='word_1_40' title='bbox 720 797 1093 852; x_wconf 87' lang='lat' dir='ltr'>secretionem</span> <span class='ocrx_word' id='word_1_41' title='bbox 1118 800 1421 869; x_wconf 83' lang='lat' dir='ltr'>quamdam</span> <span class='ocrx_word' id='word_1_42' title='bbox 1445 799 1766 870; x_wconf 88' lang='lat' dir='ltr'>signiﬁcare</span> <span class='ocrx_word' id='word_1_43' title='bbox 1787 799 1857 854; x_wconf 87' lang='lat' dir='ltr'>ab</span> 
     </span>
    </p>
   </div>
   <div class='ocr_carea' id='block_1_7' title="bbox 162 883 1856 958">
    <p class='ocr_par' dir='ltr' id='par_1_7' title="bbox 162 883 1856 958">
     <span class='ocr_line' id='line_1_7' title="bbox 162 883 1856 958; baseline 0.005 -23"><span class='ocrx_word' id='word_1_44' title='bbox 162 898 228 936; x_wconf 90' lang='lat' dir='ltr'>ea</span> <span class='ocrx_word' id='word_1_45' title='bbox 259 899 318 936; x_wconf 90' lang='lat' dir='ltr'>re</span> <span class='ocrx_word' id='word_1_46' title='bbox 347 883 407 936; x_wconf 90' lang='lat' dir='ltr'>in</span> <span class='ocrx_word' id='word_1_47' title='bbox 434 900 548 955; x_wconf 90' lang='lat' dir='ltr'>qua</span> <span class='ocrx_word' id='word_1_48' title='bbox 576 883 760 938; x_wconf 84' lang='lat' dir='ltr'>fuerat</span> <span class='ocrx_word' id='word_1_49' title='bbox 789 885 1026 957; x_wconf 90' lang='lat' dir='ltr'>aliquid,</span> <span class='ocrx_word' id='word_1_50' title='bbox 1057 888 1211 958; x_wconf 89' lang='lat' dir='ltr'>quod</span> <span class='ocrx_word' id='word_1_51' title='bbox 1251 904 1316 941; x_wconf 82' lang='lat' dir='ltr'>ex</span> <span class='ocrx_word' id='word_1_52' title='bbox 1346 888 1445 942; x_wconf 91' lang='lat' dir='ltr'>illa</span> <span class='ocrx_word' id='word_1_53' title='bbox 1475 905 1594 942; x_wconf 89' lang='lat' dir='ltr'>esse</span> <span class='ocrx_word' id='word_1_54' title='bbox 1629 887 1856 955; x_wconf 88' lang='lat' dir='ltr'>dicitur,</span> 
     </span>
    </p>
   </div>
   <div class='ocr_carea' id='block_1_8' title="bbox 162 969 1858 1040">
    <p class='ocr_par' dir='ltr' id='par_1_8' title="bbox 162 969 1858 1040">
     <span class='ocr_line' id='line_1_8' title="bbox 162 969 1858 1040; baseline 0.004 -18"><span class='ocrx_word' id='word_1_55' title='bbox 162 969 280 1024; x_wconf 86' lang='lat' dir='ltr'>sive</span> <span class='ocrx_word' id='word_1_56' title='bbox 312 969 408 1024; x_wconf 87' lang='lat' dir='ltr'>illa</span> <span class='ocrx_word' id='word_1_57' title='bbox 439 987 556 1025; x_wconf 89' lang='lat' dir='ltr'>non</span> <span class='ocrx_word' id='word_1_58' title='bbox 601 977 848 1040; x_wconf 89' lang='lat' dir='ltr'>maneat,</span> <span class='ocrx_word' id='word_1_59' title='bbox 880 977 946 1027; x_wconf 90' lang='lat' dir='ltr'>ut</span> <span class='ocrx_word' id='word_1_60' title='bbox 987 975 1045 1028; x_wconf 90' lang='lat' dir='ltr'>in</span> <span class='ocrx_word' id='word_1_61' title='bbox 1083 973 1188 1028; x_wconf 92' lang='lat' dir='ltr'>hoc</span> <span class='ocrx_word' id='word_1_62' title='bbox 1220 990 1405 1039; x_wconf 88' lang='lat' dir='ltr'>versu,</span> <span class='ocrx_word' id='word_1_63' title='bbox 1445 992 1561 1030; x_wconf 92' lang='lat' dir='ltr'>non</span> <span class='ocrx_word' id='word_1_64' title='bbox 1591 979 1858 1030; x_wconf 91' lang='lat' dir='ltr'>manente</span> 
     </span>
    </p>
   </div>
   <div class='ocr_carea' id='block_1_9' title="bbox 160 1058 1854 1134">
    <p class='ocr_par' dir='ltr' id='par_1_9' title="bbox 160 1058 1854 1134">
     <span class='ocr_line' id='line_1_9' title="bbox 160 1058 1854 1134; baseline 0.003 -22"><span class='ocrx_word' id='word_1_65' title='bbox 160 1058 320 1122; x_wconf 92' lang='lat' dir='ltr'>urbe,</span> <span class='ocrx_word' id='word_1_66' title='bbox 346 1063 617 1130; x_wconf 84' lang='lat' dir='ltr'>poterant</span> <span class='ocrx_word' id='word_1_67' title='bbox 637 1061 816 1133; x_wconf 88' lang='lat' dir='ltr'>aliqui</span> <span class='ocrx_word' id='word_1_68' title='bbox 838 1077 906 1117; x_wconf 83' lang='lat' dir='ltr'>ex</span> <span class='ocrx_word' id='word_1_69' title='bbox 931 1062 1026 1116; x_wconf 90' lang='lat' dir='ltr'>illa</span> <span class='ocrx_word' id='word_1_70' title='bbox 1044 1079 1164 1117; x_wconf 90' lang='lat' dir='ltr'>esse</span> <span class='ocrx_word' id='word_1_71' title='bbox 1183 1063 1310 1134; x_wconf 89' lang='lat' dir='ltr'>Troj</span> <span class='ocrx_word' id='word_1_72' title='bbox 1320 1063 1412 1116; x_wconf 91' lang='lat' dir='ltr'>ani</span> <span class='ocrx_word' id='word_1_73' title='bbox 1432 1079 1444 1117; x_wconf 96' lang='lat'>:</span> <span class='ocrx_word' id='word_1_74' title='bbox 1471 1063 1583 1117; x_wconf 88' lang='lat' dir='ltr'>sive</span> <span class='ocrx_word' id='word_1_75' title='bbox 1606 1067 1854 1131; x_wconf 89' lang='lat' dir='ltr'>maneat,</span> 
     </span>
    </p>
   </div>
   <div class='ocr_carea' id='block_1_10' title="bbox 161 1147 1856 1223">
    <p class='ocr_par' dir='ltr' id='par_1_10' title="bbox 161 1147 1856 1223">
     <span class='ocr_line' id='line_1_10' title="bbox 161 1147 1856 1223; baseline 0.005 -23"><span class='ocrx_word' id='word_1_76' title='bbox 161 1147 305 1202; x_wconf 86' lang='lat' dir='ltr'>sicut</span> <span class='ocrx_word' id='word_1_77' title='bbox 331 1164 398 1202; x_wconf 87' lang='lat' dir='ltr'>ex</span> <span class='ocrx_word' id='word_1_78' title='bbox 431 1149 570 1204; x_wconf 88' lang='lat' dir='ltr'>urbe</span> <span class='ocrx_word' id='word_1_79' title='bbox 593 1151 773 1204; x_wconf 83' lang='lat' dir='ltr'>Roma</span> <span class='ocrx_word' id='word_1_80' title='bbox 793 1150 1034 1205; x_wconf 90' lang='lat' dir='ltr'>dicimus</span> <span class='ocrx_word' id='word_1_81' title='bbox 1056 1167 1178 1206; x_wconf 91' lang='lat' dir='ltr'>esse</span> <span class='ocrx_word' id='word_1_82' title='bbox 1205 1152 1590 1223; x_wconf 88' lang='lat' dir='ltr'>negotiatores</span> <span class='ocrx_word' id='word_1_83' title='bbox 1618 1153 1679 1207; x_wconf 91' lang='lat' dir='ltr'>in</span> <span class='ocrx_word' id='word_1_84' title='bbox 1707 1153 1856 1208; x_wconf 80' lang='lat' dir='ltr'>Afri-</span> 
     </span>
    </p>
   </div>
   <div class='ocr_carea' id='block_1_11' title="bbox 161 1234 1855 1303">
    <p class='ocr_par' dir='ltr' id='par_1_11' title="bbox 161 1234 1855 1303">
     <span class='ocr_line' id='line_1_11' title="bbox 161 1234 1855 1303; baseline 0.004 -17"><span class='ocrx_word' id='word_1_85' title='bbox 161 1249 244 1286; x_wconf 91' lang='lat' dir='ltr'>ca.</span> <span class='ocrx_word' id='word_1_86' title='bbox 279 1237 432 1302; x_wconf 83' lang='lat' dir='ltr'>Aug.</span> <span class='ocrx_word' id='word_1_87' title='bbox 472 1234 543 1288; x_wconf 92' lang='lat' dir='ltr'>Ut</span> <span class='ocrx_word' id='word_1_88' title='bbox 571 1235 873 1288; x_wconf 89' lang='lat' dir='ltr'>concedam</span> <span class='ocrx_word' id='word_1_89' title='bbox 912 1235 1014 1290; x_wconf 90' lang='lat' dir='ltr'>tibi</span> <span class='ocrx_word' id='word_1_90' title='bbox 1046 1236 1167 1290; x_wconf 85' lang='lat' dir='ltr'>haec</span> <span class='ocrx_word' id='word_1_91' title='bbox 1195 1237 1274 1290; x_wconf 87' lang='lat' dir='ltr'>ita</span> <span class='ocrx_word' id='word_1_92' title='bbox 1308 1254 1449 1303; x_wconf 88' lang='lat' dir='ltr'>esse,</span> <span class='ocrx_word' id='word_1_93' title='bbox 1481 1253 1586 1291; x_wconf 90' lang='lat' dir='ltr'>nec</span> <span class='ocrx_word' id='word_1_94' title='bbox 1616 1254 1855 1292; x_wconf 83' lang='lat' dir='ltr'>enume-</span> 
     </span>
    </p>
   </div>
   <div class='ocr_carea' id='block_1_12' title="bbox 159 1323 1855 1396">
    <p class='ocr_par' dir='ltr' id='par_1_12' title="bbox 159 1323 1855 1396">
     <span class='ocr_line' id='line_1_12' title="bbox 159 1323 1855 1396; baseline 0.004 -22"><span class='ocrx_word' id='word_1_95' title='bbox 159 1337 284 1375; x_wconf 89' lang='lat' dir='ltr'>rem</span> <span class='ocrx_word' id='word_1_96' title='bbox 325 1338 497 1392; x_wconf 91' lang='lat' dir='ltr'>quam</span> <span class='ocrx_word' id='word_1_97' title='bbox 527 1323 706 1376; x_wconf 90' lang='lat' dir='ltr'>multa</span> <span class='ocrx_word' id='word_1_98' title='bbox 736 1323 971 1378; x_wconf 87' lang='lat' dir='ltr'>fortasse</span> <span class='ocrx_word' id='word_1_99' title='bbox 1001 1330 1210 1396; x_wconf 62' lang='lat' dir='ltr'>prater</span> <span class='ocrx_word' id='word_1_100' title='bbox 1235 1326 1382 1380; x_wconf 88' lang='lat' dir='ltr'>hanc</span> <span class='ocrx_word' id='word_1_101' title='bbox 1409 1331 1567 1380; x_wconf 91' lang='lat' dir='ltr'>tuam</span> <span class='ocrx_word' id='word_1_102' title='bbox 1598 1327 1855 1396; x_wconf 90' lang='lat' dir='ltr'>regulam</span> 
     </span>
    </p>
   </div>
   <div class='ocr_carea' id='block_1_13' title="bbox 159 1409 1854 1482">
    <p class='ocr_par' dir='ltr' id='par_1_13' title="bbox 159 1409 1854 1482">
     <span class='ocr_line' id='line_1_13' title="bbox 159 1409 1854 1482; baseline 0.004 -19"><span class='ocrx_word' id='word_1_103' title='bbox 159 1409 559 1481; x_wconf 85' lang='lat' dir='ltr'>reperiantur;</span> <span class='ocrx_word' id='word_1_104' title='bbox 593 1410 733 1466; x_wconf 90' lang='lat' dir='ltr'>illud</span> <span class='ocrx_word' id='word_1_105' title='bbox 777 1417 924 1466; x_wconf 85' lang='lat' dir='ltr'>certe</span> <span class='ocrx_word' id='word_1_106' title='bbox 955 1413 1059 1468; x_wconf 84' lang='lat' dir='ltr'>tibi</span> <span class='ocrx_word' id='word_1_107' title='bbox 1097 1415 1387 1469; x_wconf 89' lang='lat' dir='ltr'>attendere</span> <span class='ocrx_word' id='word_1_108' title='bbox 1418 1415 1580 1469; x_wconf 86' lang='lat' dir='ltr'>facile</span> <span class='ocrx_word' id='word_1_109' title='bbox 1623 1420 1726 1482; x_wconf 90' lang='lat' dir='ltr'>est,</span> <span class='ocrx_word' id='word_1_110' title='bbox 1758 1432 1854 1470; x_wconf 84' lang='lat' dir='ltr'>ex—</span> 
     </span>
    </p>
   </div>
   <div class='ocr_carea' id='block_1_14' title="bbox 157 1499 1853 1574">
    <p class='ocr_par' dir='ltr' id='par_1_14' title="bbox 157 1499 1853 1574">
     <span class='ocr_line' id='line_1_14' title="bbox 157 1499 1853 1574; baseline 0.002 -21"><span class='ocrx_word' id='word_1_111' title='bbox 157 1499 416 1569; x_wconf 90' lang='lat' dir='ltr'>posuisse</span> <span class='ocrx_word' id='word_1_112' title='bbox 443 1504 498 1554; x_wconf 92' lang='lat' dir='ltr'>te</span> <span class='ocrx_word' id='word_1_113' title='bbox 515 1500 699 1555; x_wconf 85' lang='lat' dir='ltr'>verbis</span> <span class='ocrx_word' id='word_1_114' title='bbox 721 1501 911 1569; x_wconf 90' lang='lat' dir='ltr'>verba,</span> <span class='ocrx_word' id='word_1_115' title='bbox 935 1501 990 1556; x_wconf 92' lang='lat' dir='ltr'>id</span> <span class='ocrx_word' id='word_1_116' title='bbox 1018 1506 1102 1556; x_wconf 91' lang='lat' dir='ltr'>est</span> <span class='ocrx_word' id='word_1_117' title='bbox 1117 1501 1296 1573; x_wconf 89' lang='lat' dir='ltr'>signis</span> <span class='ocrx_word' id='word_1_118' title='bbox 1318 1503 1500 1573; x_wconf 87' lang='lat' dir='ltr'>signa,</span> <span class='ocrx_word' id='word_1_119' title='bbox 1526 1503 1853 1574; x_wconf 82' lang='lat' dir='ltr'>eisdemque</span> 
     </span>
    </p>
   </div>
   <div class='ocr_carea' id='block_1_15' title="bbox 157 1588 1855 1664">
    <p class='ocr_par' dir='ltr' id='par_1_15' title="bbox 157 1588 1855 1664">
     <span class='ocr_line' id='line_1_15' title="bbox 157 1588 1855 1664; baseline 0.002 -23"><span class='ocrx_word' id='word_1_120' title='bbox 157 1588 468 1643; x_wconf 87' lang='lat' dir='ltr'>notissimis</span> <span class='ocrx_word' id='word_1_121' title='bbox 489 1589 786 1644; x_wconf 89' lang='lat' dir='ltr'>notissima</span> <span class='ocrx_word' id='word_1_122' title='bbox 810 1608 822 1646; x_wconf 89' lang='lat'>:</span> <span class='ocrx_word' id='word_1_123' title='bbox 849 1607 954 1662; x_wconf 91' lang='lat' dir='ltr'>ego</span> <span class='ocrx_word' id='word_1_124' title='bbox 983 1595 1172 1645; x_wconf 87' lang='lat' dir='ltr'>autem</span> <span class='ocrx_word' id='word_1_125' title='bbox 1201 1592 1299 1646; x_wconf 92' lang='lat' dir='ltr'>illa</span> <span class='ocrx_word' id='word_1_126' title='bbox 1319 1592 1442 1662; x_wconf 90' lang='lat' dir='ltr'>ipsa</span> <span class='ocrx_word' id='word_1_127' title='bbox 1463 1608 1710 1664; x_wconf 86' lang='lat' dir='ltr'>quorum</span> <span class='ocrx_word' id='word_1_128' title='bbox 1735 1591 1855 1647; x_wconf 62' lang='lat' dir='ltr'>haec</span> 
     </span>
    </p>
   </div>
   <div class='ocr_carea' id='block_1_16' title="bbox 156 1678 1733 1750">
    <p class='ocr_par' dir='ltr' id='par_1_16' title="bbox 156 1678 1733 1750">
     <span class='ocr_line' id='line_1_16' title="bbox 156 1678 1733 1750; baseline 0.002 -19"><span class='ocrx_word' id='word_1_129' title='bbox 156 1678 322 1749; x_wconf 91' lang='lat' dir='ltr'>signa</span> <span class='ocrx_word' id='word_1_130' title='bbox 352 1684 504 1744; x_wconf 89' lang='lat' dir='ltr'>sunt,</span> <span class='ocrx_word' id='word_1_131' title='bbox 540 1678 702 1746; x_wconf 90' lang='lat' dir='ltr'>mihi,</span> <span class='ocrx_word' id='word_1_132' title='bbox 736 1679 780 1733; x_wconf 92' lang='lat' dir='ltr'>si</span> <span class='ocrx_word' id='word_1_133' title='bbox 810 1696 1029 1750; x_wconf 89' lang='lat' dir='ltr'>posses,</span> <span class='ocrx_word' id='word_1_134' title='bbox 1060 1682 1262 1735; x_wconf 87' lang='lat' dir='ltr'>vellem</span> <span class='ocrx_word' id='word_1_135' title='bbox 1295 1685 1358 1734; x_wconf 91' lang='lat' dir='ltr'>ut</span> <span class='ocrx_word' id='word_1_136' title='bbox 1386 1681 1733 1736; x_wconf 89' lang='lat' dir='ltr'>ostenderes.</span> 
     </span>
    </p>
   </div>
   <div class='ocr_carea' id='block_1_17' title="bbox 155 1767 1854 1841">
    <p class='ocr_par' dir='ltr' id='par_1_17' title="bbox 155 1767 1854 1841">
     <span class='ocr_line' id='line_1_17' title="bbox 155 1767 1854 1841; baseline 0.001 -18"><span class='ocrx_word' id='word_1_137' title='bbox 155 1767 382 1824; x_wconf 86' lang='lat' dir='ltr'>CAPUT</span> <span class='ocrx_word' id='word_1_138' title='bbox 428 1769 523 1822; x_wconf 86' lang='grc' dir='ltr'>ΠΙ.</span> <span class='ocrx_word' id='word_1_139' title='bbox 565 1799 630 1808; x_wconf 83' lang='grc'><strong><em>-</em></strong></span> <span class='ocrx_word' id='word_1_140' title='bbox 660 1770 755 1823; x_wconf 85' lang='lat' dir='ltr'>An</span> <span class='ocrx_word' id='word_1_141' title='bbox 784 1784 870 1824; x_wconf 82' lang='lat' dir='ltr'>res</span> <span class='ocrx_word' id='word_1_142' title='bbox 903 1771 1094 1838; x_wconf 77' lang='lat' dir='ltr'>aliqua</span> <span class='ocrx_word' id='word_1_143' title='bbox 1130 1773 1428 1826; x_wconf 74' lang='lat' dir='ltr'>monstrari</span> <span class='ocrx_word' id='word_1_144' title='bbox 1464 1770 1670 1841; x_wconf 85' lang='lat' dir='ltr'>absque</span> <span class='ocrx_word' id='word_1_145' title='bbox 1699 1773 1854 1840; x_wconf 77' lang='lat' dir='ltr'>signo</span> 
     </span>
    </p>
   </div>
   <div class='ocr_carea' id='block_1_18' title="bbox 906 1860 1098 1927">
    <p class='ocr_par' dir='ltr' id='par_1_18' title="bbox 906 1860 1098 1927">
     <span class='ocr_line' id='line_1_18' title="bbox 906 1860 1098 1927; baseline 0.005 -15"><span class='ocrx_word' id='word_1_146' title='bbox 906 1860 1098 1927; x_wconf 76' lang='lat' dir='ltr'>possit.</span> 
     </span>
    </p>
   </div>
   <div class='ocr_carea' id='block_1_19' title="bbox 229 1945 1852 2018">
    <p class='ocr_par' dir='ltr' id='par_1_19' title="bbox 229 1945 1852 2018">
     <span class='ocr_line' id='line_1_19' title="bbox 229 1945 1852 2018; baseline 0 -18"><span class='ocrx_word' id='word_1_147' title='bbox 229 1949 282 2002; x_wconf 84' lang='lat'>5.</span> <span class='ocrx_word' id='word_1_148' title='bbox 331 1945 442 2001; x_wconf 84' lang='lat' dir='ltr'>Ad.</span> <span class='ocrx_word' id='word_1_149' title='bbox 493 1946 662 2001; x_wconf 80' lang='lat' dir='ltr'>Miror</span> <span class='ocrx_word' id='word_1_150' title='bbox 709 1950 763 2001; x_wconf 91' lang='lat' dir='ltr'>te</span> <span class='ocrx_word' id='word_1_151' title='bbox 812 1946 1052 2010; x_wconf 88' lang='lat' dir='ltr'>nescire,</span> <span class='ocrx_word' id='word_1_152' title='bbox 1092 1947 1176 2001; x_wconf 87' lang='lat' dir='ltr'>vel</span> <span class='ocrx_word' id='word_1_153' title='bbox 1207 1947 1397 2018; x_wconf 86' lang='lat' dir='ltr'>potius</span> <span class='ocrx_word' id='word_1_154' title='bbox 1443 1947 1712 2002; x_wconf 91' lang='lat' dir='ltr'>simulare</span> <span class='ocrx_word' id='word_1_155' title='bbox 1754 1963 1852 2000; x_wconf 89' lang='lat' dir='ltr'>ne-</span> 
     </span>
    </p>
   </div>
   <div class='ocr_carea' id='block_1_20' title="bbox 159 2033 1854 2105">
    <p class='ocr_par' dir='ltr' id='par_1_20' title="bbox 159 2033 1854 2105">
     <span class='ocr_line' id='line_1_20' title="bbox 159 2033 1854 2105; baseline 0.001 -18"><span class='ocrx_word' id='word_1_156' title='bbox 159 2033 452 2102; x_wconf 86' lang='lat' dir='ltr'>scientem,</span> <span class='ocrx_word' id='word_1_157' title='bbox 484 2033 854 2104; x_wconf 88' lang='lat' dir='ltr'>responsione</span> <span class='ocrx_word' id='word_1_158' title='bbox 876 2050 1003 2088; x_wconf 87' lang='lat' dir='ltr'>mea</span> <span class='ocrx_word' id='word_1_159' title='bbox 1030 2033 1154 2088; x_wconf 86' lang='lat' dir='ltr'>ﬁeri</span> <span class='ocrx_word' id='word_1_160' title='bbox 1185 2035 1338 2105; x_wconf 87' lang='lat' dir='ltr'>quod</span> <span class='ocrx_word' id='word_1_161' title='bbox 1361 2035 1441 2090; x_wconf 91' lang='lat' dir='ltr'>vis</span> <span class='ocrx_word' id='word_1_162' title='bbox 1469 2035 1702 2090; x_wconf 88' lang='lat' dir='ltr'>omnino</span> <span class='ocrx_word' id='word_1_163' title='bbox 1738 2050 1854 2088; x_wconf 90' lang='lat' dir='ltr'>non</span> 
     </span>
    </p>
   </div>
   <div class='ocr_carea' id='block_1_21' title="bbox 159 2121 1852 2194">
    <p class='ocr_par' dir='ltr' id='par_1_21' title="bbox 159 2121 1852 2194">
     <span class='ocr_line' id='line_1_21' title="bbox 159 2121 1852 2194; baseline 0.001 -18"><span class='ocrx_word' id='word_1_164' title='bbox 159 2139 356 2194; x_wconf 88' lang='lat' dir='ltr'>posse;</span> <span class='ocrx_word' id='word_1_165' title='bbox 386 2121 667 2194; x_wconf 89' lang='lat' dir='ltr'>siquidem</span> <span class='ocrx_word' id='word_1_166' title='bbox 695 2123 1167 2190; x_wconf 85' lang='lat' dir='ltr'>sermocinamur,</span> <span class='ocrx_word' id='word_1_167' title='bbox 1190 2124 1290 2178; x_wconf 90' lang='lat' dir='ltr'>ubi</span> <span class='ocrx_word' id='word_1_168' title='bbox 1310 2141 1424 2178; x_wconf 88' lang='lat' dir='ltr'>non</span> <span class='ocrx_word' id='word_1_169' title='bbox 1441 2140 1743 2190; x_wconf 83' lang='lat' dir='ltr'>possumus</span> <span class='ocrx_word' id='word_1_170' title='bbox 1763 2138 1852 2178; x_wconf 89' lang='lat' dir='ltr'>re-</span> 
     </span>
    </p>
   </div>
   <div class='ocr_carea' id='block_1_22' title="bbox 160 2211 1852 2284">
    <p class='ocr_par' dir='ltr' id='par_1_22' title="bbox 160 2211 1852 2284">
     <span class='ocr_line' id='line_1_22' title="bbox 160 2211 1852 2284; baseline 0.001 -19"><span class='ocrx_word' id='word_1_171' title='bbox 160 2211 440 2284; x_wconf 89' lang='lat' dir='ltr'>spondere</span> <span class='ocrx_word' id='word_1_172' title='bbox 484 2212 594 2266; x_wconf 91' lang='lat' dir='ltr'>nisi</span> <span class='ocrx_word' id='word_1_173' title='bbox 627 2211 833 2267; x_wconf 91' lang='lat' dir='ltr'>verbis.</span> <span class='ocrx_word' id='word_1_174' title='bbox 866 2214 950 2266; x_wconf 92' lang='lat' dir='ltr'>Tu</span> <span class='ocrx_word' id='word_1_175' title='bbox 979 2216 1171 2267; x_wconf 91' lang='lat' dir='ltr'>autem</span> <span class='ocrx_word' id='word_1_176' title='bbox 1212 2229 1301 2267; x_wconf 89' lang='lat' dir='ltr'>res</span> <span class='ocrx_word' id='word_1_177' title='bbox 1339 2213 1548 2284; x_wconf 64' lang='lat' dir='ltr'>quaeris</span> <span class='ocrx_word' id='word_1_178' title='bbox 1577 2229 1670 2266; x_wconf 89' lang='lat' dir='ltr'>eas</span> <span class='ocrx_word' id='word_1_179' title='bbox 1702 2228 1852 2284; x_wconf 72' lang='lat' dir='ltr'>quas,</span> 
     </span>
    </p>
   </div>
   <div class='ocr_carea' id='block_1_23' title="bbox 160 2301 1854 2373">
    <p class='ocr_par' dir='ltr' id='par_1_23' title="bbox 160 2301 1854 2373">
     <span class='ocr_line' id='line_1_23' title="bbox 160 2301 1854 2373; baseline 0 -19"><span class='ocrx_word' id='word_1_180' title='bbox 160 2301 459 2373; x_wconf 88' lang='lat' dir='ltr'>quodlibet</span> <span class='ocrx_word' id='word_1_181' title='bbox 489 2301 620 2367; x_wconf 90' lang='lat' dir='ltr'>sint,</span> <span class='ocrx_word' id='word_1_182' title='bbox 651 2301 823 2356; x_wconf 91' lang='lat' dir='ltr'>verba</span> <span class='ocrx_word' id='word_1_183' title='bbox 864 2305 1012 2355; x_wconf 91' lang='lat' dir='ltr'>certe</span> <span class='ocrx_word' id='word_1_184' title='bbox 1056 2319 1166 2356; x_wconf 92' lang='lat' dir='ltr'>non</span> <span class='ocrx_word' id='word_1_185' title='bbox 1196 2305 1347 2369; x_wconf 86' lang='lat' dir='ltr'>sunt,</span> <span class='ocrx_word' id='word_1_186' title='bbox 1390 2319 1530 2373; x_wconf 89' lang='lat' dir='ltr'>quas</span> <span class='ocrx_word' id='word_1_187' title='bbox 1561 2304 1754 2356; x_wconf 88' lang='lat' dir='ltr'>tamen</span> <span class='ocrx_word' id='word_1_188' title='bbox 1786 2317 1854 2355; x_wconf 79' lang='lat' dir='ltr'>ex</span> 
     </span>
    </p>
   </div>
   <div class='ocr_carea' id='block_1_24' title="bbox 159 2389 1855 2462">
    <p class='ocr_par' dir='ltr' id='par_1_24' title="bbox 159 2389 1855 2462">
     <span class='ocr_line' id='line_1_24' title="bbox 159 2389 1855 2462; baseline -0.001 -18"><span class='ocrx_word' id='word_1_189' title='bbox 159 2406 252 2445; x_wconf 90' lang='lat' dir='ltr'>me</span> <span class='ocrx_word' id='word_1_190' title='bbox 270 2395 328 2444; x_wconf 91' lang='lat' dir='ltr'>tu</span> <span class='ocrx_word' id='word_1_191' title='bbox 344 2407 570 2462; x_wconf 90' lang='lat' dir='ltr'>quoque</span> <span class='ocrx_word' id='word_1_192' title='bbox 593 2389 778 2444; x_wconf 88' lang='lat' dir='ltr'>verbis</span> <span class='ocrx_word' id='word_1_193' title='bbox 798 2389 1020 2462; x_wconf 67' lang='lat' dir='ltr'>quaeris.</span> <span class='ocrx_word' id='word_1_194' title='bbox 1053 2389 1213 2445; x_wconf 92' lang='lat' dir='ltr'>Prior</span> <span class='ocrx_word' id='word_1_195' title='bbox 1229 2389 1422 2462; x_wconf 90' lang='lat' dir='ltr'>itaque</span> <span class='ocrx_word' id='word_1_196' title='bbox 1442 2394 1507 2445; x_wconf 90' lang='lat' dir='ltr'>tu</span> <span class='ocrx_word' id='word_1_197' title='bbox 1527 2390 1648 2445; x_wconf 91' lang='lat' dir='ltr'>sine</span> <span class='ocrx_word' id='word_1_198' title='bbox 1667 2389 1855 2444; x_wconf 88' lang='lat' dir='ltr'>verbis</span> 
     </span>
    </p>
   </div>
   <div class='ocr_carea' id='block_1_25' title="bbox 157 2479 1848 2551">
    <p class='ocr_par' dir='ltr' id='par_1_25' title="bbox 157 2479 1848 2551">
     <span class='ocr_line' id='line_1_25' title="bbox 157 2479 1848 2551; baseline 0 -19"><span class='ocrx_word' id='word_1_199' title='bbox 157 2496 374 2551; x_wconf 65' lang='lat' dir='ltr'>quaere,</span> <span class='ocrx_word' id='word_1_200' title='bbox 394 2483 457 2534; x_wconf 86' lang='lat' dir='ltr'>ut</span> <span class='ocrx_word' id='word_1_201' title='bbox 469 2496 575 2550; x_wconf 89' lang='lat' dir='ltr'>ego</span> <span class='ocrx_word' id='word_1_202' title='bbox 595 2479 798 2534; x_wconf 92' lang='lat' dir='ltr'>deinde</span> <span class='ocrx_word' id='word_1_203' title='bbox 820 2479 924 2534; x_wconf 89' lang='lat' dir='ltr'>ista</span> <span class='ocrx_word' id='word_1_204' title='bbox 941 2479 1269 2534; x_wconf 90' lang='lat' dir='ltr'>conditione</span> <span class='ocrx_word' id='word_1_205' title='bbox 1283 2480 1680 2550; x_wconf 90' lang='lat' dir='ltr'>respondeam.</span> <span class='ocrx_word' id='word_1_206' title='bbox 1698 2481 1848 2548; x_wconf 90' lang='lat' dir='ltr'>Aug.</span> 
     </span>
    </p>
   </div>
   <div class='ocr_carea' id='block_1_26' title="bbox 157 2568 1853 2640">
    <p class='ocr_par' dir='ltr' id='par_1_26' title="bbox 157 2568 1853 2640">
     <span class='ocr_line' id='line_1_26' title="bbox 157 2568 1853 2640; baseline -0.001 -16"><span class='ocrx_word' id='word_1_207' title='bbox 157 2569 292 2624; x_wconf 89' lang='lat' dir='ltr'>Jure</span> <span class='ocrx_word' id='word_1_208' title='bbox 333 2569 476 2640; x_wconf 88' lang='lat' dir='ltr'>agis,</span> <span class='ocrx_word' id='word_1_209' title='bbox 515 2569 697 2624; x_wconf 88' lang='lat' dir='ltr'>fateor</span> <span class='ocrx_word' id='word_1_210' title='bbox 725 2585 736 2623; x_wconf 94' lang='lat'>:</span> <span class='ocrx_word' id='word_1_211' title='bbox 770 2568 868 2623; x_wconf 76' lang='lat' dir='ltr'>sed</span> <span class='ocrx_word' id='word_1_212' title='bbox 909 2568 952 2622; x_wconf 91' lang='lat' dir='ltr'>si</span> <span class='ocrx_word' id='word_1_213' title='bbox 985 2584 1302 2640; x_wconf 77' lang='lat' dir='ltr'>quaererem</span> <span class='ocrx_word' id='word_1_214' title='bbox 1332 2569 1455 2624; x_wconf 69' lang='lat' dir='ltr'>istae</span> <span class='ocrx_word' id='word_1_215' title='bbox 1484 2573 1597 2623; x_wconf 87' lang='lat' dir='ltr'>tres</span> <span class='ocrx_word' id='word_1_216' title='bbox 1626 2568 1853 2638; x_wconf 62' lang='lat' dir='ltr'>syllabas</span> 
     </span>
    </p>
   </div>
   <div class='ocr_carea' id='block_1_27' title="bbox 157 2656 1854 2730">
    <p class='ocr_par' dir='ltr' id='par_1_27' title="bbox 157 2656 1854 2730">
     <span class='ocr_line' id='line_1_27' title="bbox 157 2656 1854 2730; baseline -0.001 -19"><span class='ocrx_word' id='word_1_217' title='bbox 157 2658 301 2730; x_wconf 91' lang='lat' dir='ltr'>quid</span> <span class='ocrx_word' id='word_1_218' title='bbox 332 2657 673 2729; x_wconf 89' lang='lat' dir='ltr'>signiﬁcent,</span> <span class='ocrx_word' id='word_1_219' title='bbox 721 2673 852 2712; x_wconf 92' lang='lat' dir='ltr'>cum</span> <span class='ocrx_word' id='word_1_220' title='bbox 903 2656 1128 2725; x_wconf 89' lang='lat' dir='ltr'>dicitur,</span> <span class='ocrx_word' id='word_1_221' title='bbox 1175 2657 1386 2724; x_wconf 89' lang='lat' dir='ltr'>Paries,</span> <span class='ocrx_word' id='word_1_222' title='bbox 1439 2674 1631 2712; x_wconf 89' lang='lat' dir='ltr'>nonne</span> <span class='ocrx_word' id='word_1_223' title='bbox 1660 2673 1854 2728; x_wconf 90' lang='lat' dir='ltr'>posses</span> 
     </span>
    </p>
   </div>
   <div class='ocr_carea' id='block_1_28' title="bbox 159 2745 1848 2818">
    <p class='ocr_par' dir='ltr' id='par_1_28' title="bbox 159 2745 1848 2818">
     <span class='ocr_line' id='line_1_28' title="bbox 159 2745 1848 2818; baseline -0.002 -17"><span class='ocrx_word' id='word_1_224' title='bbox 159 2747 340 2818; x_wconf 88' lang='lat' dir='ltr'>digito</span> <span class='ocrx_word' id='word_1_225' title='bbox 371 2745 690 2811; x_wconf 89' lang='lat' dir='ltr'>ostendere,</span> <span class='ocrx_word' id='word_1_226' title='bbox 723 2751 788 2800; x_wconf 90' lang='lat' dir='ltr'>ut</span> <span class='ocrx_word' id='word_1_227' title='bbox 817 2761 923 2817; x_wconf 83' lang='lat' dir='ltr'>ego</span> <span class='ocrx_word' id='word_1_228' title='bbox 949 2762 1181 2817; x_wconf 88' lang='lat' dir='ltr'>prorsus</span> <span class='ocrx_word' id='word_1_229' title='bbox 1210 2762 1332 2800; x_wconf 91' lang='lat' dir='ltr'>rem</span> <span class='ocrx_word' id='word_1_230' title='bbox 1362 2745 1545 2816; x_wconf 89' lang='lat' dir='ltr'>ipsam</span> <span class='ocrx_word' id='word_1_231' title='bbox 1576 2745 1848 2808; x_wconf 87' lang='lat' dir='ltr'>viderem,</span> 
     </span>
    </p>
   </div>
   <div class='ocr_carea' id='block_1_29' title="bbox 157 2833 1850 2907">
    <p class='ocr_par' dir='ltr' id='par_1_29' title="bbox 157 2833 1850 2907">
     <span class='ocr_line' id='line_1_29' title="bbox 157 2833 1850 2907; baseline -0.002 -16"><span class='ocrx_word' id='word_1_232' title='bbox 157 2837 320 2906; x_wconf 89' lang='lat' dir='ltr'>cujus</span> <span class='ocrx_word' id='word_1_233' title='bbox 367 2835 598 2907; x_wconf 89' lang='lat' dir='ltr'>signum</span> <span class='ocrx_word' id='word_1_234' title='bbox 641 2838 727 2889; x_wconf 91' lang='lat' dir='ltr'>est</span> <span class='ocrx_word' id='word_1_235' title='bbox 769 2834 878 2889; x_wconf 92' lang='lat' dir='ltr'>hoc</span> <span class='ocrx_word' id='word_1_236' title='bbox 923 2833 1280 2905; x_wconf 88' lang='lat' dir='ltr'>trisyllabum</span> <span class='ocrx_word' id='word_1_237' title='bbox 1311 2834 1568 2896; x_wconf 89' lang='lat' dir='ltr'>verbum,</span> <span class='ocrx_word' id='word_1_238' title='bbox 1613 2834 1850 2888; x_wconf 89' lang='lat' dir='ltr'>demon-</span> 
     </span>
    </p>
   </div>
   <div class='ocr_carea' id='block_1_30' title="bbox 157 2919 1850 2989">
    <p class='ocr_par' dir='ltr' id='par_1_30' title="bbox 157 2919 1850 2989">
     <span class='ocr_line' id='line_1_30' title="bbox 157 2919 1850 2989; baseline -0.002 -13"><span class='ocrx_word' id='word_1_239' title='bbox 157 2926 372 2977; x_wconf 86' lang='lat' dir='ltr'>strante</span> <span class='ocrx_word' id='word_1_240' title='bbox 407 2926 484 2989; x_wconf 90' lang='lat' dir='ltr'>te,</span> <span class='ocrx_word' id='word_1_241' title='bbox 515 2922 670 2976; x_wconf 90' lang='lat' dir='ltr'>nulla</span> <span class='ocrx_word' id='word_1_242' title='bbox 711 2925 905 2976; x_wconf 88' lang='lat' dir='ltr'>tamen</span> <span class='ocrx_word' id='word_1_243' title='bbox 937 2921 1110 2976; x_wconf 89' lang='lat' dir='ltr'>verba</span> <span class='ocrx_word' id='word_1_244' title='bbox 1149 2922 1450 2976; x_wconf 85' lang='lat' dir='ltr'>referente.</span> <span class='ocrx_word' id='word_1_245' title='bbox 1491 2920 1606 2974; x_wconf 89' lang='lat' dir='ltr'>Ad.</span> <span class='ocrx_word' id='word_1_246' title='bbox 1643 2921 1755 2974; x_wconf 86' lang='lat' dir='ltr'>Hoc</span> <span class='ocrx_word' id='word_1_247' title='bbox 1793 2919 1850 2973; x_wconf 93' lang='lat' dir='ltr'>in</span> 
     </span>
    </p>
   </div>
   <div class='ocr_carea' id='block_1_31' title="bbox 157 3007 1851 3081">
    <p class='ocr_par' dir='ltr' id='par_1_31' title="bbox 157 3007 1851 3081">
     <span class='ocr_line' id='line_1_31' title="bbox 157 3007 1851 3081; baseline -0.002 -16"><span class='ocrx_word' id='word_1_248' title='bbox 157 3010 292 3066; x_wconf 88' lang='lat' dir='ltr'>solis</span> <span class='ocrx_word' id='word_1_249' title='bbox 312 3010 639 3066; x_wconf 90' lang='lat' dir='ltr'>nominibus</span> <span class='ocrx_word' id='word_1_250' title='bbox 659 3011 865 3081; x_wconf 91' lang='lat' dir='ltr'>quibus</span> <span class='ocrx_word' id='word_1_251' title='bbox 886 3026 1126 3081; x_wconf 90' lang='lat' dir='ltr'>corpora</span> <span class='ocrx_word' id='word_1_252' title='bbox 1149 3008 1563 3080; x_wconf 88' lang='lat' dir='ltr'>signiﬁcantur,</span> <span class='ocrx_word' id='word_1_253' title='bbox 1587 3007 1634 3062; x_wconf 89' lang='lat' dir='ltr'>si</span> <span class='ocrx_word' id='word_1_254' title='bbox 1653 3007 1851 3062; x_wconf 90' lang='lat' dir='ltr'>eadem</span> 
     </span>
    </p>
   </div>
   <div class='ocr_carea' id='block_1_32' title="bbox 157 3097 1851 3170">
    <p class='ocr_par' dir='ltr' id='par_1_32' title="bbox 157 3097 1851 3170">
     <span class='ocr_line' id='line_1_32' title="bbox 157 3097 1851 3170; baseline -0.004 -16"><span class='ocrx_word' id='word_1_255' title='bbox 157 3115 401 3170; x_wconf 87' lang='lat' dir='ltr'>corpora</span> <span class='ocrx_word' id='word_1_256' title='bbox 458 3099 764 3170; x_wconf 65' lang='lat' dir='ltr'>praesentia</span> <span class='ocrx_word' id='word_1_257' title='bbox 793 3099 923 3166; x_wconf 89' lang='lat' dir='ltr'>sint,</span> <span class='ocrx_word' id='word_1_258' title='bbox 972 3097 1101 3154; x_wconf 86' lang='lat' dir='ltr'>ﬁeri</span> <span class='ocrx_word' id='word_1_259' title='bbox 1148 3113 1314 3168; x_wconf 91' lang='lat' dir='ltr'>posse</span> <span class='ocrx_word' id='word_1_260' title='bbox 1359 3097 1633 3152; x_wconf 87' lang='lat' dir='ltr'>concedo.</span> <span class='ocrx_word' id='word_1_261' title='bbox 1697 3098 1851 3165; x_wconf 89' lang='lat' dir='ltr'>Aug.</span> 
     </span>
    </p>
   </div>
   <div class='ocr_carea' id='block_1_33' title="bbox 159 3185 1851 3258">
    <p class='ocr_par' dir='ltr' id='par_1_33' title="bbox 159 3185 1851 3258">
     <span class='ocr_line' id='line_1_33' title="bbox 159 3185 1851 3258; baseline -0.003 -14"><span class='ocrx_word' id='word_1_262' title='bbox 159 3190 308 3244; x_wconf 89' lang='lat' dir='ltr'>Num</span> <span class='ocrx_word' id='word_1_263' title='bbox 331 3189 578 3242; x_wconf 90' lang='lat' dir='ltr'>colorem</span> <span class='ocrx_word' id='word_1_264' title='bbox 600 3204 804 3258; x_wconf 90' lang='lat' dir='ltr'>corpus</span> <span class='ocrx_word' id='word_1_265' title='bbox 821 3187 1084 3256; x_wconf 87' lang='lat' dir='ltr'>dicimus,</span> <span class='ocrx_word' id='word_1_266' title='bbox 1108 3203 1182 3242; x_wconf 89' lang='lat' dir='ltr'>an</span> <span class='ocrx_word' id='word_1_267' title='bbox 1199 3203 1312 3241; x_wconf 93' lang='lat' dir='ltr'>non</span> <span class='ocrx_word' id='word_1_268' title='bbox 1331 3185 1523 3258; x_wconf 90' lang='lat' dir='ltr'>potius</span> <span class='ocrx_word' id='word_1_269' title='bbox 1545 3186 1851 3257; x_wconf 90' lang='lat' dir='ltr'>quamdam</span> 
     </span>
    </p>
   </div>
   <div class='ocr_carea' id='block_1_34' title="bbox 155 3273 1852 3349">
    <p class='ocr_par' dir='ltr' id='par_1_34' title="bbox 155 3273 1852 3349">
     <span class='ocr_line' id='line_1_34' title="bbox 155 3273 1852 3349; baseline -0.002 -17"><span class='ocrx_word' id='word_1_270' title='bbox 155 3277 415 3349; x_wconf 91' lang='lat' dir='ltr'>corporis</span> <span class='ocrx_word' id='word_1_271' title='bbox 436 3276 766 3348; x_wconf 86' lang='lat' dir='ltr'>qualitatem</span> <span class='ocrx_word' id='word_1_272' title='bbox 788 3275 815 3330; x_wconf 84' lang='lat'><strong>?</strong></span> <span class='ocrx_word' id='word_1_273' title='bbox 835 3277 950 3330; x_wconf 85' lang='lat' dir='ltr'>Ad.</span> <span class='ocrx_word' id='word_1_274' title='bbox 978 3277 1059 3330; x_wconf 88' lang='lat' dir='ltr'>Ita</span> <span class='ocrx_word' id='word_1_275' title='bbox 1081 3278 1181 3330; x_wconf 88' lang='lat' dir='ltr'>est.</span> <span class='ocrx_word' id='word_1_276' title='bbox 1206 3276 1357 3343; x_wconf 90' lang='lat' dir='ltr'>Aug.</span> <span class='ocrx_word' id='word_1_277' title='bbox 1388 3275 1499 3329; x_wconf 91' lang='lat' dir='ltr'>Cur</span> <span class='ocrx_word' id='word_1_278' title='bbox 1524 3290 1660 3345; x_wconf 90' lang='lat' dir='ltr'>ergo</span> <span class='ocrx_word' id='word_1_279' title='bbox 1682 3277 1740 3328; x_wconf 87' lang='lat' dir='ltr'>et</span> <span class='ocrx_word' id='word_1_280' title='bbox 1761 3273 1852 3328; x_wconf 91' lang='lat' dir='ltr'>hic</span> 
     </span>
    </p>
   </div>
   <div class='ocr_carea' id='block_1_35' title="bbox 155 3361 1851 3438">
    <p class='ocr_par' dir='ltr' id='par_1_35' title="bbox 155 3361 1851 3438">
     <span class='ocr_line' id='line_1_35' title="bbox 155 3361 1851 3438; baseline -0.004 -16"><span class='ocrx_word' id='word_1_281' title='bbox 155 3366 338 3438; x_wconf 87' lang='lat' dir='ltr'>digito</span> <span class='ocrx_word' id='word_1_282' title='bbox 363 3365 740 3422; x_wconf 88' lang='lat' dir='ltr'>demonstrari</span> <span class='ocrx_word' id='word_1_283' title='bbox 767 3366 995 3436; x_wconf 83' lang='lat' dir='ltr'>potest?</span> <span class='ocrx_word' id='word_1_284' title='bbox 1016 3367 1103 3418; x_wconf 84' lang='lat' dir='ltr'>An</span> <span class='ocrx_word' id='word_1_285' title='bbox 1131 3363 1293 3419; x_wconf 90' lang='lat' dir='ltr'>addis</span> <span class='ocrx_word' id='word_1_286' title='bbox 1319 3363 1650 3434; x_wconf 89' lang='lat' dir='ltr'>corporibus</span> <span class='ocrx_word' id='word_1_287' title='bbox 1681 3361 1851 3417; x_wconf 91' lang='lat' dir='ltr'>etiam</span> 
     </span>
    </p>
   </div>
   <div class='ocr_carea' id='block_1_36' title="bbox 155 3451 1851 3526">
    <p class='ocr_par' dir='ltr' id='par_1_36' title="bbox 155 3451 1851 3526">
     <span class='ocr_line' id='line_1_36' title="bbox 155 3451 1851 3526; baseline -0.003 -16"><span class='ocrx_word' id='word_1_288' title='bbox 155 3471 468 3526; x_wconf 91' lang='lat' dir='ltr'>corporum</span> <span class='ocrx_word' id='word_1_289' title='bbox 497 3454 820 3525; x_wconf 86' lang='lat' dir='ltr'>qualitates,</span> <span class='ocrx_word' id='word_1_290' title='bbox 853 3458 918 3508; x_wconf 90' lang='lat' dir='ltr'>ut</span> <span class='ocrx_word' id='word_1_291' title='bbox 954 3453 1328 3508; x_wconf 90' lang='lat' dir='ltr'>nihilominus</span> <span class='ocrx_word' id='word_1_292' title='bbox 1361 3452 1532 3506; x_wconf 89' lang='lat' dir='ltr'>etiam</span> <span class='ocrx_word' id='word_1_293' title='bbox 1562 3451 1684 3506; x_wconf 66' lang='lat' dir='ltr'>istm</span> <span class='ocrx_word' id='word_1_294' title='bbox 1720 3467 1851 3506; x_wconf 89' lang='lat' dir='ltr'>cum</span> 
     </span>
    </p>
   </div>
   <div class='ocr_carea' id='block_1_37' title="bbox 156 3540 1852 3617">
    <p class='ocr_par' dir='ltr' id='par_1_37' title="bbox 156 3540 1852 3617">
     <span class='ocr_line' id='line_1_37' title="bbox 156 3540 1852 3617; baseline -0.002 -19"><span class='ocrx_word' id='word_1_295' title='bbox 156 3547 471 3617; x_wconf 68' lang='lat' dir='ltr'>praesentes</span> <span class='ocrx_word' id='word_1_296' title='bbox 499 3547 649 3606; x_wconf 89' lang='lat' dir='ltr'>sunt,</span> <span class='ocrx_word' id='word_1_297' title='bbox 687 3543 875 3598; x_wconf 90' lang='lat' dir='ltr'>doceri</span> <span class='ocrx_word' id='word_1_298' title='bbox 909 3542 1032 3596; x_wconf 90' lang='lat' dir='ltr'>sine</span> <span class='ocrx_word' id='word_1_299' title='bbox 1063 3541 1248 3596; x_wconf 90' lang='lat' dir='ltr'>verbis</span> <span class='ocrx_word' id='word_1_300' title='bbox 1280 3541 1544 3612; x_wconf 87' lang='lat' dir='ltr'>possint?</span> <span class='ocrx_word' id='word_1_301' title='bbox 1580 3540 1695 3595; x_wconf 86' lang='lat' dir='ltr'>Ad.</span> <span class='ocrx_word' id='word_1_302' title='bbox 1738 3541 1852 3611; x_wconf 88' lang='lat' dir='ltr'>Ego</span> 
     </span>
    </p>
   </div>
   <div class='ocr_carea' id='block_1_38' title="bbox 155 3629 1854 3704">
    <p class='ocr_par' dir='ltr' id='par_1_38' title="bbox 155 3629 1854 3704">
     <span class='ocr_line' id='line_1_38' title="bbox 155 3629 1854 3704; baseline -0.003 -17"><span class='ocrx_word' id='word_1_303' title='bbox 155 3649 290 3688; x_wconf 92' lang='lat' dir='ltr'>cum</span> <span class='ocrx_word' id='word_1_304' title='bbox 320 3648 558 3704; x_wconf 90' lang='lat' dir='ltr'>corpora</span> <span class='ocrx_word' id='word_1_305' title='bbox 579 3631 850 3702; x_wconf 90' lang='lat' dir='ltr'>dicerem,</span> <span class='ocrx_word' id='word_1_306' title='bbox 882 3631 1076 3686; x_wconf 89' lang='lat' dir='ltr'>omnia</span> <span class='ocrx_word' id='word_1_307' title='bbox 1095 3630 1414 3701; x_wconf 89' lang='lat' dir='ltr'>corporalia</span> <span class='ocrx_word' id='word_1_308' title='bbox 1443 3629 1686 3699; x_wconf 87' lang='lat' dir='ltr'>intelligi</span> <span class='ocrx_word' id='word_1_309' title='bbox 1707 3629 1854 3682; x_wconf 88' lang='lat' dir='ltr'>vole-</span> 
     </span>
    </p>
   </div>
   <div class='ocr_carea' id='block_1_39' title="bbox 154 3718 1850 3792">
    <p class='ocr_par' dir='ltr' id='par_1_39' title="bbox 154 3718 1850 3792">
     <span class='ocr_line' id='line_1_39' title="bbox 154 3718 1850 3792; baseline -0.005 -15"><span class='ocrx_word' id='word_1_310' title='bbox 154 3722 312 3788; x_wconf 89' lang='lat' dir='ltr'>bam,</span> <span class='ocrx_word' id='word_1_311' title='bbox 340 3721 398 3776; x_wconf 92' lang='lat' dir='ltr'>id</span> <span class='ocrx_word' id='word_1_312' title='bbox 425 3725 511 3776; x_wconf 90' lang='lat' dir='ltr'>est</span> <span class='ocrx_word' id='word_1_313' title='bbox 530 3721 724 3776; x_wconf 89' lang='lat' dir='ltr'>omnia</span> <span class='ocrx_word' id='word_1_314' title='bbox 743 3737 872 3792; x_wconf 53' lang='lat' dir='ltr'>quae.</span> <span class='ocrx_word' id='word_1_315' title='bbox 893 3720 952 3774; x_wconf 90' lang='lat' dir='ltr'>in</span> <span class='ocrx_word' id='word_1_316' title='bbox 974 3719 1310 3790; x_wconf 87' lang='lat' dir='ltr'>corporibus</span> <span class='ocrx_word' id='word_1_317' title='bbox 1330 3718 1673 3772; x_wconf 90' lang='lat' dir='ltr'>sentiuntur.</span> <span class='ocrx_word' id='word_1_318' title='bbox 1698 3719 1850 3785; x_wconf 88' lang='lat' dir='ltr'>Aug.</span> 
     </span>
    </p>
   </div>
   <div class='ocr_carea' id='block_1_40' title="bbox 155 3803 1850 3878">
    <p class='ocr_par' dir='ltr' id='par_1_40' title="bbox 155 3803 1850 3878">
     <span class='ocr_line' id='line_1_40' title="bbox 155 3803 1850 3878; baseline -0.005 -13"><span class='ocrx_word' id='word_1_319' title='bbox 155 3809 468 3867; x_wconf 78' lang='lat' dir='ltr'>Considera</span> <span class='ocrx_word' id='word_1_320' title='bbox 499 3813 716 3878; x_wconf 88' lang='lat' dir='ltr'>tamen,</span> <span class='ocrx_word' id='word_1_321' title='bbox 745 3813 941 3863; x_wconf 90' lang='lat' dir='ltr'>utrum</span> <span class='ocrx_word' id='word_1_322' title='bbox 971 3807 1146 3862; x_wconf 86' lang='lat' dir='ltr'>etiam</span> <span class='ocrx_word' id='word_1_323' title='bbox 1175 3806 1307 3860; x_wconf 90' lang='lat' dir='ltr'>hinc</span> <span class='ocrx_word' id='word_1_324' title='bbox 1337 3805 1527 3876; x_wconf 91' lang='lat' dir='ltr'>aliqua</span> <span class='ocrx_word' id='word_1_325' title='bbox 1564 3805 1670 3859; x_wconf 90' lang='lat' dir='ltr'>tibi</span> <span class='ocrx_word' id='word_1_326' title='bbox 1700 3803 1850 3858; x_wconf 83' lang='lat' dir='ltr'>exci-</span> 
     </span>
    </p>
   </div>
   <div class='ocr_carea' id='block_1_41' title="bbox 156 3892 1856 3972">
    <p class='ocr_par' dir='ltr' id='par_1_41' title="bbox 156 3892 1856 3972">
     <span class='ocr_line' id='line_1_41' title="bbox 156 3892 1856 3972; baseline -0.005 -17"><span class='ocrx_word' id='word_1_327' title='bbox 156 3900 364 3972; x_wconf 89' lang='lat' dir='ltr'>pienda</span> <span class='ocrx_word' id='word_1_328' title='bbox 403 3899 537 3954; x_wconf 88' lang='lat' dir='ltr'>sint.</span> <span class='ocrx_word' id='word_1_329' title='bbox 582 3899 698 3953; x_wconf 87' lang='lat' dir='ltr'>Ad.</span> <span class='ocrx_word' id='word_1_330' title='bbox 751 3898 900 3951; x_wconf 88' lang='lat' dir='ltr'>Bene</span> <span class='ocrx_word' id='word_1_331' title='bbox 951 3896 1253 3950; x_wconf 89' lang='lat' dir='ltr'>admones:</span> <span class='ocrx_word' id='word_1_332' title='bbox 1300 3909 1417 3948; x_wconf 92' lang='lat' dir='ltr'>non</span> <span class='ocrx_word' id='word_1_333' title='bbox 1466 3893 1620 3947; x_wconf 90' lang='lat' dir='ltr'>enim</span> <span class='ocrx_word' id='word_1_334' title='bbox 1660 3892 1856 3947; x_wconf 89' lang='lat' dir='ltr'>omnia</span> 
     </span>
    </p>
   </div>
   <div class='ocr_carea' id='block_1_42' title="bbox 155 3981 1856 4061">
    <p class='ocr_par' dir='ltr' id='par_1_42' title="bbox 155 3981 1856 4061">
     <span class='ocr_line' id='line_1_42' title="bbox 155 3981 1856 4061; baseline -0.005 -17"><span class='ocrx_word' id='word_1_335' title='bbox 155 3987 504 4061; x_wconf 88' lang='lat' dir='ltr'>corporalia,</span> <span class='ocrx_word' id='word_1_336' title='bbox 556 3986 656 4041; x_wconf 89' lang='lat' dir='ltr'>sed</span> <span class='ocrx_word' id='word_1_337' title='bbox 698 3985 890 4040; x_wconf 89' lang='lat' dir='ltr'>omnia</span> <span class='ocrx_word' id='word_1_338' title='bbox 924 3982 1168 4038; x_wconf 88' lang='lat' dir='ltr'>visibilia</span> <span class='ocrx_word' id='word_1_339' title='bbox 1198 3983 1383 4038; x_wconf 89' lang='lat' dir='ltr'>dicere</span> <span class='ocrx_word' id='word_1_340' title='bbox 1413 3981 1611 4036; x_wconf 90' lang='lat' dir='ltr'>debui.</span> <span class='ocrx_word' id='word_1_341' title='bbox 1652 3983 1856 4036; x_wconf 85' lang='lat' dir='ltr'>Fateor</span> 
     </span>
    </p>
   </div>
   <div class='ocr_carea' id='block_1_43' title="bbox 157 4071 1851 4145">
    <p class='ocr_par' dir='ltr' id='par_1_43' title="bbox 157 4071 1851 4145">
     <span class='ocr_line' id='line_1_43' title="bbox 157 4071 1851 4145; baseline -0.005 -11"><span class='ocrx_word' id='word_1_342' title='bbox 157 4079 316 4134; x_wconf 88' lang='lat' dir='ltr'>enim</span> <span class='ocrx_word' id='word_1_343' title='bbox 337 4093 562 4144; x_wconf 89' lang='lat' dir='ltr'>sonum,</span> <span class='ocrx_word' id='word_1_344' title='bbox 593 4075 850 4141; x_wconf 89' lang='lat' dir='ltr'>odorem,</span> <span class='ocrx_word' id='word_1_345' title='bbox 881 4089 1166 4145; x_wconf 91' lang='lat' dir='ltr'>saporem,</span> <span class='ocrx_word' id='word_1_346' title='bbox 1189 4071 1545 4144; x_wconf 87' lang='lat' dir='ltr'>gravitatem,</span> <span class='ocrx_word' id='word_1_347' title='bbox 1582 4071 1851 4138; x_wconf 89' lang='lat' dir='ltr'>calorem,</span> 
     </span>
    </p>
   </div>
   <div class='ocr_carea' id='block_1_44' title="bbox 157 4159 1855 4236">
    <p class='ocr_par' dir='ltr' id='par_1_44' title="bbox 157 4159 1855 4236">
     <span class='ocr_line' id='line_1_44' title="bbox 157 4159 1855 4236; baseline -0.005 -15"><span class='ocrx_word' id='word_1_348' title='bbox 157 4171 218 4222; x_wconf 91' lang='lat' dir='ltr'>et</span> <span class='ocrx_word' id='word_1_349' title='bbox 246 4166 358 4221; x_wconf 91' lang='lat' dir='ltr'>alia</span> <span class='ocrx_word' id='word_1_350' title='bbox 416 4180 545 4236; x_wconf 74' lang='lat' dir='ltr'>quas</span> <span class='ocrx_word' id='word_1_351' title='bbox 585 4164 658 4219; x_wconf 90' lang='lat' dir='ltr'>ad</span> <span class='ocrx_word' id='word_1_352' title='bbox 697 4166 930 4218; x_wconf 73' lang='lat' dir='ltr'>caeteros</span> <span class='ocrx_word' id='word_1_353' title='bbox 960 4177 1156 4216; x_wconf 89' lang='lat' dir='ltr'>sensus</span> <span class='ocrx_word' id='word_1_354' title='bbox 1181 4159 1495 4232; x_wconf 86' lang='lat' dir='ltr'>pertinent,</span> <span class='ocrx_word' id='word_1_355' title='bbox 1525 4175 1855 4231; x_wconf 90' lang='lat' dir='ltr'>quanquam</span> 
     </span>
    </p>
   </div>
   <div class='ocr_carea' id='block_1_45' title="bbox 161 4249 1858 4324">
    <p class='ocr_par' dir='ltr' id='par_1_45' title="bbox 161 4249 1858 4324">
     <span class='ocr_line' id='line_1_45' title="bbox 161 4249 1858 4324; baseline -0.005 -13"><span class='ocrx_word' id='word_1_356' title='bbox 161 4254 363 4311; x_wconf 88' lang='lat' dir='ltr'>sentiri</span> <span class='ocrx_word' id='word_1_357' title='bbox 400 4254 522 4308; x_wconf 90' lang='lat' dir='ltr'>sine</span> <span class='ocrx_word' id='word_1_358' title='bbox 561 4251 893 4324; x_wconf 89' lang='lat' dir='ltr'>corporibus</span> <span class='ocrx_word' id='word_1_359' title='bbox 942 4254 1252 4322; x_wconf 83' lang='lat' dir='ltr'>nequeant,</span> <span class='ocrx_word' id='word_1_360' title='bbox 1296 4253 1353 4304; x_wconf 88' lang='lat' dir='ltr'>et</span> <span class='ocrx_word' id='word_1_361' title='bbox 1392 4253 1696 4320; x_wconf 89' lang='lat' dir='ltr'>propterea</span> <span class='ocrx_word' id='word_1_362' title='bbox 1745 4249 1858 4303; x_wconf 89' lang='lat' dir='ltr'>sint</span> 
     </span>
    </p>
   </div>
   <div class='ocr_carea' id='block_1_46' title="bbox 158 4337 1849 4415">
    <p class='ocr_par' dir='ltr' id='par_1_46' title="bbox 158 4337 1849 4415">
     <span class='ocr_line' id='line_1_46' title="bbox 158 4337 1849 4415; baseline -0.004 -15"><span class='ocrx_word' id='word_1_363' title='bbox 158 4342 504 4415; x_wconf 88' lang='lat' dir='ltr'>corporalia,</span> <span class='ocrx_word' id='word_1_364' title='bbox 542 4358 660 4397; x_wconf 91' lang='lat' dir='ltr'>non</span> <span class='ocrx_word' id='word_1_365' title='bbox 700 4345 894 4396; x_wconf 89' lang='lat' dir='ltr'>tamen</span> <span class='ocrx_word' id='word_1_366' title='bbox 924 4339 1102 4410; x_wconf 91' lang='lat' dir='ltr'>digito</span> <span class='ocrx_word' id='word_1_367' title='bbox 1133 4354 1298 4411; x_wconf 87' lang='lat' dir='ltr'>posse</span> <span class='ocrx_word' id='word_1_368' title='bbox 1335 4337 1660 4393; x_wconf 88' lang='lat' dir='ltr'>monstrari.</span> <span class='ocrx_word' id='word_1_369' title='bbox 1691 4339 1849 4405; x_wconf 86' lang='lat' dir='ltr'>Aug.</span> 
     </span>
    </p>
   </div>
   <div class='ocr_carea' id='block_1_47' title="bbox 159 4425 1859 4504">
    <p class='ocr_par' dir='ltr' id='par_1_47' title="bbox 159 4425 1859 4504">
     <span class='ocr_line' id='line_1_47' title="bbox 159 4425 1859 4504; baseline -0.006 -14"><span class='ocrx_word' id='word_1_370' title='bbox 159 4435 545 4504; x_wconf 85' lang='lat' dir='ltr'>Nunquamne</span> <span class='ocrx_word' id='word_1_371' title='bbox 565 4429 756 4486; x_wconf 91' lang='lat' dir='ltr'>vidisti</span> <span class='ocrx_word' id='word_1_372' title='bbox 783 4434 843 4484; x_wconf 87' lang='lat' dir='ltr'>ut</span> <span class='ocrx_word' id='word_1_373' title='bbox 864 4428 1127 4484; x_wconf 90' lang='lat' dir='ltr'>homines</span> <span class='ocrx_word' id='word_1_374' title='bbox 1148 4444 1277 4483; x_wconf 93' lang='lat' dir='ltr'>cum</span> <span class='ocrx_word' id='word_1_375' title='bbox 1300 4427 1486 4482; x_wconf 89' lang='lat' dir='ltr'>surdis</span> <span class='ocrx_word' id='word_1_376' title='bbox 1514 4431 1672 4498; x_wconf 91' lang='lat' dir='ltr'>gestu</span> <span class='ocrx_word' id='word_1_377' title='bbox 1697 4425 1859 4498; x_wconf 91' lang='lat' dir='ltr'>quasi</span> 
     </span>
    </p>
   </div>
   <div class='ocr_carea' id='block_1_48' title="bbox 160 4515 1858 4590">
    <p class='ocr_par' dir='ltr' id='par_1_48' title="bbox 160 4515 1858 4590">
     <span class='ocr_line' id='line_1_48' title="bbox 160 4515 1858 4590; baseline -0.005 -12"><span class='ocrx_word' id='word_1_378' title='bbox 160 4521 637 4582; x_wconf 79' lang='lat' dir='ltr'>sermocinemur,</span> <span class='ocrx_word' id='word_1_379' title='bbox 672 4518 896 4590; x_wconf 88' lang='lat' dir='ltr'>ipsique</span> <span class='ocrx_word' id='word_1_380' title='bbox 943 4516 1102 4573; x_wconf 91' lang='lat' dir='ltr'>surdi</span> <span class='ocrx_word' id='word_1_381' title='bbox 1149 4533 1265 4571; x_wconf 89' lang='lat' dir='ltr'>non</span> <span class='ocrx_word' id='word_1_382' title='bbox 1313 4515 1505 4570; x_wconf 88' lang='lat' dir='ltr'>minus</span> <span class='ocrx_word' id='word_1_383' title='bbox 1545 4519 1730 4586; x_wconf 89' lang='lat' dir='ltr'>gestu,</span> <span class='ocrx_word' id='word_1_384' title='bbox 1771 4515 1858 4570; x_wconf 90' lang='lat' dir='ltr'>vel</span> 
     </span>
    </p>
   </div>
   <div class='ocr_carea' id='block_1_49' title="bbox 160 4604 1862 4684">
    <p class='ocr_par' dir='ltr' id='par_1_49' title="bbox 160 4604 1862 4684">
     <span class='ocr_line' id='line_1_49' title="bbox 160 4604 1862 4684; baseline -0.005 -18"><span class='ocrx_word' id='word_1_385' title='bbox 160 4615 444 4684; x_wconf 69' lang='lat' dir='ltr'>quaerant,</span> <span class='ocrx_word' id='word_1_386' title='bbox 487 4609 576 4664; x_wconf 90' lang='lat' dir='ltr'>vel</span> <span class='ocrx_word' id='word_1_387' title='bbox 616 4608 1018 4681; x_wconf 88' lang='lat' dir='ltr'>respondeant,</span> <span class='ocrx_word' id='word_1_388' title='bbox 1067 4606 1156 4660; x_wconf 89' lang='lat' dir='ltr'>vel</span> <span class='ocrx_word' id='word_1_389' title='bbox 1195 4605 1456 4674; x_wconf 89' lang='lat' dir='ltr'>doceant,</span> <span class='ocrx_word' id='word_1_390' title='bbox 1485 4605 1571 4659; x_wconf 89' lang='lat' dir='ltr'>vel</span> <span class='ocrx_word' id='word_1_391' title='bbox 1608 4604 1862 4659; x_wconf 90' lang='lat' dir='ltr'>indicent</span> 
     </span>
    </p>
   </div>
   <div class='ocr_carea' id='block_1_50' title="bbox 160 4691 1859 4770">
    <p class='ocr_par' dir='ltr' id='par_1_50' title="bbox 160 4691 1859 4770">
     <span class='ocr_line' id='line_1_50' title="bbox 160 4691 1859 4770; baseline -0.006 -14"><span class='ocrx_word' id='word_1_392' title='bbox 160 4705 263 4756; x_wconf 89' lang='lat' dir='ltr'>aut</span> <span class='ocrx_word' id='word_1_393' title='bbox 290 4698 485 4755; x_wconf 90' lang='lat' dir='ltr'>omnia</span> <span class='ocrx_word' id='word_1_394' title='bbox 512 4715 641 4770; x_wconf 70' lang='lat' dir='ltr'>qua:</span> <span class='ocrx_word' id='word_1_395' title='bbox 670 4691 887 4764; x_wconf 83' lang='lat' dir='ltr'>volunt,</span> <span class='ocrx_word' id='word_1_396' title='bbox 921 4699 1019 4750; x_wconf 90' lang='lat' dir='ltr'>aut</span> <span class='ocrx_word' id='word_1_397' title='bbox 1048 4698 1196 4750; x_wconf 84' lang='lat' dir='ltr'>certe</span> <span class='ocrx_word' id='word_1_398' title='bbox 1226 4693 1474 4765; x_wconf 89' lang='lat' dir='ltr'>plurima</span> <span class='ocrx_word' id='word_1_399' title='bbox 1491 4696 1519 4749; x_wconf 88' lang='lat'><strong>?</strong></span> <span class='ocrx_word' id='word_1_400' title='bbox 1542 4693 1704 4758; x_wconf 89' lang='lat' dir='ltr'>Quod</span> <span class='ocrx_word' id='word_1_401' title='bbox 1731 4709 1859 4747; x_wconf 91' lang='lat' dir='ltr'>cum</span> 
     </span>
    </p>
   </div>
   <div class='ocr_carea' id='block_1_51' title="bbox 161 4781 1860 4858">
    <p class='ocr_par' dir='ltr' id='par_1_51' title="bbox 161 4781 1860 4858">
     <span class='ocr_line' id='line_1_51' title="bbox 161 4781 1860 4858; baseline -0.005 -14"><span class='ocrx_word' id='word_1_402' title='bbox 161 4789 250 4858; x_wconf 83' lang='lat' dir='ltr'>ﬁt,</span> <span class='ocrx_word' id='word_1_403' title='bbox 285 4805 400 4843; x_wconf 89' lang='lat' dir='ltr'>non</span> <span class='ocrx_word' id='word_1_404' title='bbox 427 4787 628 4858; x_wconf 88' lang='lat' dir='ltr'>utique</span> <span class='ocrx_word' id='word_1_405' title='bbox 667 4787 788 4842; x_wconf 92' lang='lat' dir='ltr'>sola</span> <span class='ocrx_word' id='word_1_406' title='bbox 815 4785 1060 4840; x_wconf 86' lang='lat' dir='ltr'>visibilia</span> <span class='ocrx_word' id='word_1_407' title='bbox 1091 4783 1213 4839; x_wconf 88' lang='lat' dir='ltr'>sine</span> <span class='ocrx_word' id='word_1_408' title='bbox 1240 4781 1428 4838; x_wconf 88' lang='lat' dir='ltr'>verbis</span> <span class='ocrx_word' id='word_1_409' title='bbox 1461 4782 1860 4847; x_wconf 88' lang='lat' dir='ltr'>ostenduntur,</span> 
     </span>
    </p>
   </div>
   <div class='ocr_carea' id='block_1_52' title="bbox 161 4871 1863 4946">
    <p class='ocr_par' dir='ltr' id='par_1_52' title="bbox 161 4871 1863 4946">
     <span class='ocr_line' id='line_1_52' title="bbox 161 4871 1863 4946; baseline -0.005 -13"><span class='ocrx_word' id='word_1_410' title='bbox 161 4878 264 4934; x_wconf 91' lang='lat' dir='ltr'>sed</span> <span class='ocrx_word' id='word_1_411' title='bbox 293 4881 348 4932; x_wconf 90' lang='lat' dir='ltr'>et</span> <span class='ocrx_word' id='word_1_412' title='bbox 379 4876 503 4932; x_wconf 91' lang='lat' dir='ltr'>soni</span> <span class='ocrx_word' id='word_1_413' title='bbox 533 4880 589 4932; x_wconf 90' lang='lat' dir='ltr'>et</span> <span class='ocrx_word' id='word_1_414' title='bbox 626 4891 876 4946; x_wconf 90' lang='lat' dir='ltr'>sapores,</span> <span class='ocrx_word' id='word_1_415' title='bbox 914 4877 969 4929; x_wconf 91' lang='lat' dir='ltr'>et</span> <span class='ocrx_word' id='word_1_416' title='bbox 998 4876 1203 4928; x_wconf 57' lang='lat' dir='ltr'>cratera</span> <span class='ocrx_word' id='word_1_417' title='bbox 1232 4871 1591 4943; x_wconf 88' lang='lat' dir='ltr'>hujusmodi.</span> <span class='ocrx_word' id='word_1_418' title='bbox 1634 4871 1777 4925; x_wconf 88' lang='lat' dir='ltr'>Nam</span> <span class='ocrx_word' id='word_1_419' title='bbox 1807 4874 1863 4925; x_wconf 90' lang='lat' dir='ltr'>et</span> 
     </span>
    </p>
   </div>
   <div class='ocr_carea' id='block_1_53' title="bbox 161 4959 1862 5021">
    <p class='ocr_par' dir='ltr' id='par_1_53' title="bbox 161 4959 1862 5021">
     <span class='ocr_line' id='line_1_53' title="bbox 161 4959 1862 5021; baseline -0.005 0"><span class='ocrx_word' id='word_1_420' title='bbox 161 4966 472 5021; x_wconf 85' lang='lat' dir='ltr'>histriones</span> <span class='ocrx_word' id='word_1_421' title='bbox 493 4969 639 5020; x_wconf 89' lang='lat' dir='ltr'>totas</span> <span class='ocrx_word' id='word_1_422' title='bbox 668 4965 729 5018; x_wconf 88' lang='lat' dir='ltr'>in</span> <span class='ocrx_word' id='word_1_423' title='bbox 750 4962 987 5019; x_wconf 84' lang='lat' dir='ltr'>theatris</span> <span class='ocrx_word' id='word_1_424' title='bbox 1003 4961 1224 5018; x_wconf 88' lang='lat' dir='ltr'>fabulas</span> <span class='ocrx_word' id='word_1_425' title='bbox 1253 4961 1374 5014; x_wconf 84' lang='lat' dir='ltr'>sine</span> <span class='ocrx_word' id='word_1_426' title='bbox 1397 4959 1586 5014; x_wconf 83' lang='lat' dir='ltr'>verbis</span> <span class='ocrx_word' id='word_1_427' title='bbox 1605 4959 1862 5014; x_wconf 88' lang='lat' dir='ltr'>saltando</span> 
     </span>
    </p>
   </div>
   <div class='ocr_carea' id='block_1_54' title="bbox 162 5047 1866 5126">
    <p class='ocr_par' dir='ltr' id='par_1_54' title="bbox 162 5047 1866 5126">
     <span class='ocr_line' id='line_1_54' title="bbox 162 5047 1866 5126; baseline -0.004 -17"><span class='ocrx_word' id='word_1_428' title='bbox 162 5055 506 5126; x_wconf 87' lang='lat' dir='ltr'>plerumque</span> <span class='ocrx_word' id='word_1_429' title='bbox 519 5051 786 5124; x_wconf 90' lang='lat' dir='ltr'>aperiunt</span> <span class='ocrx_word' id='word_1_430' title='bbox 805 5055 861 5106; x_wconf 88' lang='lat' dir='ltr'>et</span> <span class='ocrx_word' id='word_1_431' title='bbox 882 5053 1196 5121; x_wconf 84' lang='lat' dir='ltr'>exponunt.</span> <span class='ocrx_word' id='word_1_432' title='bbox 1211 5048 1328 5104; x_wconf 88' lang='lat' dir='ltr'>Ad.</span> <span class='ocrx_word' id='word_1_433' title='bbox 1350 5047 1500 5102; x_wconf 90' lang='lat' dir='ltr'>Nihil</span> <span class='ocrx_word' id='word_1_434' title='bbox 1513 5047 1693 5101; x_wconf 90' lang='lat' dir='ltr'>habeo</span> <span class='ocrx_word' id='word_1_435' title='bbox 1712 5047 1866 5119; x_wconf 91' lang='lat' dir='ltr'>quod</span> 
     </span>
    </p>
   </div>
   <div class='ocr_carea' id='block_1_55' title="bbox 164 5136 1868 5211">
    <p class='ocr_par' dir='ltr' id='par_1_55' title="bbox 164 5136 1868 5211">
     <span class='ocr_line' id='line_1_55' title="bbox 164 5136 1868 5211; baseline -0.005 -12"><span class='ocrx_word' id='word_1_436' title='bbox 164 5142 574 5210; x_wconf 91' lang='lat' dir='ltr'>contradicam,</span> <span class='ocrx_word' id='word_1_437' title='bbox 606 5141 718 5195; x_wconf 90' lang='lat' dir='ltr'>nisi</span> <span class='ocrx_word' id='word_1_438' title='bbox 748 5139 900 5211; x_wconf 91' lang='lat' dir='ltr'>quod</span> <span class='ocrx_word' id='word_1_439' title='bbox 929 5139 1094 5204; x_wconf 90' lang='lat' dir='ltr'>illud,</span> <span class='ocrx_word' id='word_1_440' title='bbox 1127 5154 1212 5207; x_wconf 71' lang='lat' dir='ltr'>ex,</span> <span class='ocrx_word' id='word_1_441' title='bbox 1249 5153 1362 5192; x_wconf 93' lang='lat' dir='ltr'>non</span> <span class='ocrx_word' id='word_1_442' title='bbox 1398 5137 1571 5192; x_wconf 92' lang='lat' dir='ltr'>modo</span> <span class='ocrx_word' id='word_1_443' title='bbox 1610 5152 1737 5207; x_wconf 87' lang='lat' dir='ltr'>ego,</span> <span class='ocrx_word' id='word_1_444' title='bbox 1769 5136 1868 5191; x_wconf 89' lang='lat' dir='ltr'>sed</span> 
     </span>
    </p>
   </div>
   <div class='ocr_carea' id='block_1_56' title="bbox 166 5224 1866 5302">
    <p class='ocr_par' dir='ltr' id='par_1_56' title="bbox 166 5224 1866 5302">
     <span class='ocr_line' id='line_1_56' title="bbox 166 5224 1866 5302; baseline -0.005 -15"><span class='ocrx_word' id='word_1_445' title='bbox 166 5249 274 5287; x_wconf 91' lang='lat' dir='ltr'>nec</span> <span class='ocrx_word' id='word_1_446' title='bbox 302 5232 425 5302; x_wconf 89' lang='lat' dir='ltr'>ipse</span> <span class='ocrx_word' id='word_1_447' title='bbox 456 5231 690 5302; x_wconf 90' lang='lat' dir='ltr'>quidem</span> <span class='ocrx_word' id='word_1_448' title='bbox 724 5229 960 5283; x_wconf 89' lang='lat' dir='ltr'>saltator</span> <span class='ocrx_word' id='word_1_449' title='bbox 985 5227 1186 5283; x_wconf 91' lang='lat' dir='ltr'>histrio</span> <span class='ocrx_word' id='word_1_450' title='bbox 1219 5226 1324 5283; x_wconf 87' lang='lat' dir='ltr'>tibi</span> <span class='ocrx_word' id='word_1_451' title='bbox 1365 5227 1485 5282; x_wconf 89' lang='lat' dir='ltr'>sine</span> <span class='ocrx_word' id='word_1_452' title='bbox 1513 5224 1701 5282; x_wconf 88' lang='lat' dir='ltr'>verbis</span> <span class='ocrx_word' id='word_1_453' title='bbox 1730 5224 1866 5296; x_wconf 90' lang='lat' dir='ltr'>quid</span> 
     </span>
    </p>
   </div>
   <div class='ocr_carea' id='block_1_57' title="bbox 168 5316 1012 5394">
    <p class='ocr_par' dir='ltr' id='par_1_57' title="bbox 168 5316 1012 5394">
     <span class='ocr_line' id='line_1_57' title="bbox 168 5316 1012 5394; baseline -0.008 -17"><span class='ocrx_word' id='word_1_454' title='bbox 168 5321 454 5394; x_wconf 88' lang='lat' dir='ltr'>signiﬁcet</span> <span class='ocrx_word' id='word_1_455' title='bbox 480 5323 672 5391; x_wconf 86' lang='lat' dir='ltr'>posset</span> <span class='ocrx_word' id='word_1_456' title='bbox 695 5316 1012 5373; x_wconf 90' lang='lat' dir='ltr'>ostendere.</span> 
     </span>
    </p>
   </div>
   <div class='ocr_carea' id='block_1_58' title="bbox 239 5403 1866 5478">
    <p class='ocr_par' dir='ltr' id='par_1_58' title="bbox 239 5403 1866 5478">
     <span class='ocr_line' id='line_1_58' title="bbox 239 5403 1866 5478; baseline -0.005 -12"><span class='ocrx_word' id='word_1_457' title='bbox 239 5414 293 5466; x_wconf 87' lang='lat'>6.</span> <span class='ocrx_word' id='word_1_458' title='bbox 329 5412 481 5478; x_wconf 92' lang='lat' dir='ltr'>Aug.</span> <span class='ocrx_word' id='word_1_459' title='bbox 523 5409 734 5464; x_wconf 83' lang='lat' dir='ltr'>Verum</span> <span class='ocrx_word' id='word_1_460' title='bbox 781 5405 1021 5461; x_wconf 87' lang='lat' dir='ltr'>fortasse</span> <span class='ocrx_word' id='word_1_461' title='bbox 1069 5403 1242 5459; x_wconf 89' lang='lat' dir='ltr'>dicis:</span> <span class='ocrx_word' id='word_1_462' title='bbox 1282 5403 1380 5459; x_wconf 89' lang='lat' dir='ltr'>sed</span> <span class='ocrx_word' id='word_1_463' title='bbox 1414 5403 1698 5475; x_wconf 89' lang='lat' dir='ltr'>ﬁngamus</span> <span class='ocrx_word' id='word_1_464' title='bbox 1735 5419 1866 5458; x_wconf 92' lang='lat' dir='ltr'>eum</span> 
     </span>
    </p>
   </div>
   <div class='ocr_carea' id='block_1_59' title="bbox 168 5491 1868 5572">
    <p class='ocr_par' dir='ltr' id='par_1_59' title="bbox 168 5491 1868 5572">
     <span class='ocr_line' id='line_1_59' title="bbox 168 5491 1868 5572; baseline -0.005 -17"><span class='ocrx_word' id='word_1_465' title='bbox 168 5516 374 5572; x_wconf 87' lang='lat' dir='ltr'>posse;</span> <span class='ocrx_word' id='word_1_466' title='bbox 408 5514 544 5559; x_wconf 88' lang='lat' dir='ltr'>non.</span> <span class='ocrx_word' id='word_1_467' title='bbox 577 5501 643 5552; x_wconf 91' lang='lat' dir='ltr'>ut</span> <span class='ocrx_word' id='word_1_468' title='bbox 670 5495 952 5562; x_wconf 74' lang='lat' dir='ltr'>arbitror,</span> <span class='ocrx_word' id='word_1_469' title='bbox 987 5491 1234 5560; x_wconf 89' lang='lat' dir='ltr'>dubitas,</span> <span class='ocrx_word' id='word_1_470' title='bbox 1265 5492 1524 5565; x_wconf 84' lang='lat' dir='ltr'>quisquis</span> <span class='ocrx_word' id='word_1_471' title='bbox 1552 5493 1648 5548; x_wconf 91' lang='lat' dir='ltr'>ille</span> <span class='ocrx_word' id='word_1_472' title='bbox 1677 5496 1868 5547; x_wconf 88' lang='lat' dir='ltr'>motus</span> 
     </span>
    </p>
   </div>
   <div class='ocr_carea' id='block_1_60' title="bbox 169 5577 1867 5658">
    <p class='ocr_par' dir='ltr' id='par_1_60' title="bbox 169 5577 1867 5658">
     <span class='ocr_line' id='line_1_60' title="bbox 169 5577 1867 5658; baseline -0.006 -16"><span class='ocrx_word' id='word_1_473' title='bbox 169 5585 422 5658; x_wconf 88' lang='lat' dir='ltr'>corporis</span> <span class='ocrx_word' id='word_1_474' title='bbox 456 5584 646 5650; x_wconf 87' lang='lat' dir='ltr'>fuerit,</span> <span class='ocrx_word' id='word_1_475' title='bbox 681 5599 795 5654; x_wconf 90' lang='lat' dir='ltr'>quo</span> <span class='ocrx_word' id='word_1_476' title='bbox 840 5579 981 5635; x_wconf 91' lang='lat' dir='ltr'>mihi</span> <span class='ocrx_word' id='word_1_477' title='bbox 1024 5596 1144 5635; x_wconf 89' lang='lat' dir='ltr'>rem</span> <span class='ocrx_word' id='word_1_478' title='bbox 1184 5596 1312 5652; x_wconf 81' lang='lat' dir='ltr'>quae</span> <span class='ocrx_word' id='word_1_479' title='bbox 1341 5581 1450 5634; x_wconf 89' lang='lat' dir='ltr'>hoc</span> <span class='ocrx_word' id='word_1_480' title='bbox 1479 5579 1651 5635; x_wconf 90' lang='lat' dir='ltr'>verbo</span> <span class='ocrx_word' id='word_1_481' title='bbox 1682 5577 1867 5650; x_wconf 89' lang='lat' dir='ltr'>signi-</span> 
     </span>
    </p>
   </div>
   <div class='ocr_carea' id='block_1_61' title="bbox 1691 322 2260 390">
    <p class='ocr_par' dir='ltr' id='par_1_61' title="bbox 1691 322 2260 390">
     <span class='ocr_line' id='line_1_61' title="bbox 1691 322 2260 390; baseline 0.002 -14"><span class='ocrx_word' id='word_1_482' title='bbox 1691 322 1901 378; x_wconf 79' lang='lat' dir='ltr'>LIBER</span> <span class='ocrx_word' id='word_1_483' title='bbox 1945 322 2146 379; x_wconf 87' lang='lat' dir='ltr'>UNUS.</span> <span class='ocrx_word' id='word_1_484' title='bbox 2244 383 2260 390; x_wconf 51' lang='grc'>,</span> 
     </span>
    </p>
   </div>
   <div class='ocr_carea' id='block_1_62' title="bbox 3532 339 3666 391">
    <p class='ocr_par' dir='ltr' id='par_1_62' title="bbox 3532 339 3666 391">
     <span class='ocr_line' id='line_1_62' title="bbox 3532 339 3666 391; baseline 0 -1"><span class='ocrx_word' id='word_1_485' title='bbox 3532 339 3666 391; x_wconf 82' lang='lat' dir='ltr'>H98</span> 
     </span>
    </p>
   </div>
   <div class='ocr_carea' id='block_1_63' title="bbox 1969 445 3661 524">
    <p class='ocr_par' dir='ltr' id='par_1_63' title="bbox 1969 445 3661 524">
     <span class='ocr_line' id='line_1_63' title="bbox 1969 445 3661 524; baseline 0.008 -25"><span class='ocrx_word' id='word_1_486' title='bbox 1969 445 2191 514; x_wconf 87' lang='lat' dir='ltr'>ﬁcatur,</span> <span class='ocrx_word' id='word_1_487' title='bbox 2223 448 2612 504; x_wconf 89' lang='lat' dir='ltr'>demonstrare</span> <span class='ocrx_word' id='word_1_488' title='bbox 2656 451 2973 520; x_wconf 88' lang='lat' dir='ltr'>conabitur,</span> <span class='ocrx_word' id='word_1_489' title='bbox 3027 468 3145 506; x_wconf 90' lang='lat' dir='ltr'>non</span> <span class='ocrx_word' id='word_1_490' title='bbox 3188 454 3371 524; x_wconf 90' lang='lat' dir='ltr'>ipsam</span> <span class='ocrx_word' id='word_1_491' title='bbox 3415 471 3536 510; x_wconf 91' lang='lat' dir='ltr'>rem</span> <span class='ocrx_word' id='word_1_492' title='bbox 3577 459 3661 512; x_wconf 90' lang='lat' dir='ltr'>fu-</span> 
     </span>
    </p>
   </div>
   <div class='ocr_carea' id='block_1_64' title="bbox 1968 539 3660 615">
    <p class='ocr_par' dir='ltr' id='par_1_64' title="bbox 1968 539 3660 615">
     <span class='ocr_line' id='line_1_64' title="bbox 1968 539 3660 615; baseline 0.007 -26"><span class='ocrx_word' id='word_1_493' title='bbox 1968 539 2154 590; x_wconf 86' lang='lat' dir='ltr'>turam</span> <span class='ocrx_word' id='word_1_494' title='bbox 2172 553 2314 606; x_wconf 90' lang='lat' dir='ltr'>esse,</span> <span class='ocrx_word' id='word_1_495' title='bbox 2335 539 2432 592; x_wconf 89' lang='lat' dir='ltr'>sed</span> <span class='ocrx_word' id='word_1_496' title='bbox 2453 539 2700 609; x_wconf 89' lang='lat' dir='ltr'>signum.</span> <span class='ocrx_word' id='word_1_497' title='bbox 2725 541 2909 605; x_wconf 88' lang='lat' dir='ltr'>Quare</span> <span class='ocrx_word' id='word_1_498' title='bbox 2935 541 3028 595; x_wconf 90' lang='lat' dir='ltr'>hic</span> <span class='ocrx_word' id='word_1_499' title='bbox 3043 558 3273 613; x_wconf 88' lang='lat' dir='ltr'>quoque</span> <span class='ocrx_word' id='word_1_500' title='bbox 3293 559 3406 597; x_wconf 90' lang='lat' dir='ltr'>non</span> <span class='ocrx_word' id='word_1_501' title='bbox 3429 545 3660 615; x_wconf 91' lang='lat' dir='ltr'>quidem</span> 
     </span>
    </p>
   </div>
   <div class='ocr_carea' id='block_1_65' title="bbox 1967 624 3661 700">
    <p class='ocr_par' dir='ltr' id='par_1_65' title="bbox 1967 624 3661 700">
     <span class='ocr_line' id='line_1_65' title="bbox 1967 624 3661 700; baseline 0.006 -24"><span class='ocrx_word' id='word_1_502' title='bbox 1967 624 2138 678; x_wconf 89' lang='lat' dir='ltr'>verbo</span> <span class='ocrx_word' id='word_1_503' title='bbox 2171 625 2429 691; x_wconf 86' lang='lat' dir='ltr'>verbum,</span> <span class='ocrx_word' id='word_1_504' title='bbox 2460 627 2558 680; x_wconf 92' lang='lat' dir='ltr'>sed</span> <span class='ocrx_word' id='word_1_505' title='bbox 2596 631 2788 682; x_wconf 87' lang='lat' dir='ltr'>tamen</span> <span class='ocrx_word' id='word_1_506' title='bbox 2821 628 2985 699; x_wconf 88' lang='lat' dir='ltr'>signo</span> <span class='ocrx_word' id='word_1_507' title='bbox 3020 629 3250 700; x_wconf 89' lang='lat' dir='ltr'>signum</span> <span class='ocrx_word' id='word_1_508' title='bbox 3289 630 3661 687; x_wconf 90' lang='lat' dir='ltr'>nihilominus</span> 
     </span>
    </p>
   </div>
   <div class='ocr_carea' id='block_1_66' title="bbox 1967 711 3658 792">
    <p class='ocr_par' dir='ltr' id='par_1_66' title="bbox 1967 711 3658 792">
     <span class='ocr_line' id='line_1_66' title="bbox 1967 711 3658 792; baseline 0.007 -27"><span class='ocrx_word' id='word_1_509' title='bbox 1967 711 2268 781; x_wconf 85' lang='lat' dir='ltr'>indicabit;</span> <span class='ocrx_word' id='word_1_510' title='bbox 2297 717 2358 767; x_wconf 91' lang='lat' dir='ltr'>ut</span> <span class='ocrx_word' id='word_1_511' title='bbox 2383 717 2439 768; x_wconf 90' lang='lat' dir='ltr'>et</span> <span class='ocrx_word' id='word_1_512' title='bbox 2467 715 2577 769; x_wconf 91' lang='lat' dir='ltr'>hoc</span> <span class='ocrx_word' id='word_1_513' title='bbox 2609 718 3087 787; x_wconf 88' lang='lat' dir='ltr'>monosyllabum,</span> <span class='ocrx_word' id='word_1_514' title='bbox 3123 735 3210 784; x_wconf 69' lang='lat' dir='ltr'>ear,</span> <span class='ocrx_word' id='word_1_515' title='bbox 3241 723 3297 773; x_wconf 90' lang='lat' dir='ltr'>et</span> <span class='ocrx_word' id='word_1_516' title='bbox 3324 720 3420 774; x_wconf 90' lang='lat' dir='ltr'>ille</span> <span class='ocrx_word' id='word_1_517' title='bbox 3447 726 3658 792; x_wconf 90' lang='lat' dir='ltr'>gestus,</span> 
     </span>
    </p>
   </div>
   <div class='ocr_carea' id='block_1_67' title="bbox 1966 803 3662 878">
    <p class='ocr_par' dir='ltr' id='par_1_67' title="bbox 1966 803 3662 878">
     <span class='ocr_line' id='line_1_67' title="bbox 1966 803 3662 878; baseline 0.005 -24"><span class='ocrx_word' id='word_1_518' title='bbox 1966 817 2141 855; x_wconf 87' lang='lat' dir='ltr'>unam</span> <span class='ocrx_word' id='word_1_519' title='bbox 2159 818 2277 856; x_wconf 89' lang='lat' dir='ltr'>rem</span> <span class='ocrx_word' id='word_1_520' title='bbox 2296 803 2605 873; x_wconf 88' lang='lat' dir='ltr'>quamdam</span> <span class='ocrx_word' id='word_1_521' title='bbox 2619 803 2957 874; x_wconf 87' lang='lat' dir='ltr'>signiﬁcent,</span> <span class='ocrx_word' id='word_1_522' title='bbox 2983 823 3154 877; x_wconf 91' lang='lat' dir='ltr'>quam</span> <span class='ocrx_word' id='word_1_523' title='bbox 3175 807 3315 861; x_wconf 91' lang='lat' dir='ltr'>mihi</span> <span class='ocrx_word' id='word_1_524' title='bbox 3330 824 3436 878; x_wconf 90' lang='lat' dir='ltr'>ego</span> <span class='ocrx_word' id='word_1_525' title='bbox 3458 810 3662 864; x_wconf 89' lang='lat' dir='ltr'>vellem</span> 
     </span>
    </p>
   </div>
   <div class='ocr_carea' id='block_1_68' title="bbox 1967 890 3660 967">
    <p class='ocr_par' dir='ltr' id='par_1_68' title="bbox 1967 890 3660 967">
     <span class='ocr_line' id='line_1_68' title="bbox 1967 890 3660 967; baseline 0.005 -25"><span class='ocrx_word' id='word_1_526' title='bbox 1967 904 2084 943; x_wconf 91' lang='lat' dir='ltr'>non</span> <span class='ocrx_word' id='word_1_527' title='bbox 2096 890 2470 960; x_wconf 87' lang='lat' dir='ltr'>signiﬁcando</span> <span class='ocrx_word' id='word_1_528' title='bbox 2485 893 2812 946; x_wconf 89' lang='lat' dir='ltr'>monstrari.</span> <span class='ocrx_word' id='word_1_529' title='bbox 2823 897 2870 947; x_wconf 91' lang='lat' dir='ltr'>A</span> <span class='ocrx_word' id='word_1_530' title='bbox 2879 894 3050 958; x_wconf 85' lang='lat' dir='ltr'>d.Qui</span> <span class='ocrx_word' id='word_1_531' title='bbox 3063 900 3250 966; x_wconf 87' lang='lat' dir='ltr'>potest</span> <span class='ocrx_word' id='word_1_532' title='bbox 3263 897 3414 966; x_wconf 92' lang='lat' dir='ltr'>quod</span> <span class='ocrx_word' id='word_1_533' title='bbox 3429 897 3660 967; x_wconf 68' lang='lat' dir='ltr'>quaeris,</span> 
     </span>
    </p>
   </div>
   <div class='ocr_carea' id='block_1_69' title="bbox 1966 979 3663 1057">
    <p class='ocr_par' dir='ltr' id='par_1_69' title="bbox 1966 979 3663 1057">
     <span class='ocr_line' id='line_1_69' title="bbox 1966 979 3663 1057; baseline 0.005 -25"><span class='ocrx_word' id='word_1_534' title='bbox 1966 994 2064 1032; x_wconf 93' lang='lat' dir='ltr'>oro</span> <span class='ocrx_word' id='word_1_535' title='bbox 2096 979 2198 1033; x_wconf 84' lang='lat' dir='ltr'>te?</span> <span class='ocrx_word' id='word_1_536' title='bbox 2238 982 2387 1046; x_wconf 90' lang='lat' dir='ltr'>Aug.</span> <span class='ocrx_word' id='word_1_537' title='bbox 2436 980 2733 1044; x_wconf 89' lang='lat' dir='ltr'>Quomodo</span> <span class='ocrx_word' id='word_1_538' title='bbox 2781 982 2970 1051; x_wconf 89' lang='lat' dir='ltr'>paries</span> <span class='ocrx_word' id='word_1_539' title='bbox 3012 984 3218 1053; x_wconf 88' lang='lat' dir='ltr'>potuit.</span> <span class='ocrx_word' id='word_1_540' title='bbox 3269 986 3383 1039; x_wconf 88' lang='lat' dir='ltr'>Ad.</span> <span class='ocrx_word' id='word_1_541' title='bbox 3428 988 3509 1040; x_wconf 89' lang='lat' dir='ltr'>Ne</span> <span class='ocrx_word' id='word_1_542' title='bbox 3538 987 3663 1057; x_wconf 88' lang='lat' dir='ltr'>ipse</span> 
     </span>
    </p>
   </div>
   <div class='ocr_carea' id='block_1_70' title="bbox 1967 1067 3663 1142">
    <p class='ocr_par' dir='ltr' id='par_1_70' title="bbox 1967 1067 3663 1142">
     <span class='ocr_line' id='line_1_70' title="bbox 1967 1067 3663 1142; baseline 0.005 -21"><span class='ocrx_word' id='word_1_543' title='bbox 1967 1067 2223 1138; x_wconf 91' lang='lat' dir='ltr'>quidem,</span> <span class='ocrx_word' id='word_1_544' title='bbox 2267 1073 2548 1138; x_wconf 90' lang='lat' dir='ltr'>quantum</span> <span class='ocrx_word' id='word_1_545' title='bbox 2596 1069 2742 1122; x_wconf 89' lang='lat' dir='ltr'>ratio</span> <span class='ocrx_word' id='word_1_546' title='bbox 2774 1071 3147 1140; x_wconf 87' lang='lat' dir='ltr'>progrediens</span> <span class='ocrx_word' id='word_1_547' title='bbox 3190 1073 3401 1142; x_wconf 91' lang='lat' dir='ltr'>docuit,</span> <span class='ocrx_word' id='word_1_548' title='bbox 3441 1076 3663 1129; x_wconf 89' lang='lat' dir='ltr'>ostendi</span> 
     </span>
    </p>
   </div>
   <div class='ocr_carea' id='block_1_71' title="bbox 1967 1155 3663 1235">
    <p class='ocr_par' dir='ltr' id='par_1_71' title="bbox 1967 1155 3663 1235">
     <span class='ocr_line' id='line_1_71' title="bbox 1967 1155 3663 1235; baseline 0.005 -25"><span class='ocrx_word' id='word_1_549' title='bbox 1967 1155 2088 1210; x_wconf 89' lang='lat' dir='ltr'>sine</span> <span class='ocrx_word' id='word_1_550' title='bbox 2110 1156 2274 1226; x_wconf 92' lang='lat' dir='ltr'>signo</span> <span class='ocrx_word' id='word_1_551' title='bbox 2293 1161 2501 1227; x_wconf 90' lang='lat' dir='ltr'>potest.</span> <span class='ocrx_word' id='word_1_552' title='bbox 2527 1158 2668 1211; x_wconf 89' lang='lat' dir='ltr'>Nam</span> <span class='ocrx_word' id='word_1_553' title='bbox 2697 1162 2753 1211; x_wconf 91' lang='lat' dir='ltr'>et</span> <span class='ocrx_word' id='word_1_554' title='bbox 2773 1157 3016 1212; x_wconf 86' lang='lat' dir='ltr'>intentio</span> <span class='ocrx_word' id='word_1_555' title='bbox 3039 1159 3204 1229; x_wconf 87' lang='lat' dir='ltr'>digiti</span> <span class='ocrx_word' id='word_1_556' title='bbox 3227 1178 3343 1215; x_wconf 91' lang='lat' dir='ltr'>non</span> <span class='ocrx_word' id='word_1_557' title='bbox 3362 1167 3448 1217; x_wconf 91' lang='lat' dir='ltr'>est</span> <span class='ocrx_word' id='word_1_558' title='bbox 3462 1163 3663 1235; x_wconf 87' lang='lat' dir='ltr'>utique</span> 
     </span>
    </p>
   </div>
   <div class='ocr_carea' id='block_1_72' title="bbox 1965 1245 3655 1318">
    <p class='ocr_par' dir='ltr' id='par_1_72' title="bbox 1965 1245 3655 1318">
     <span class='ocr_line' id='line_1_72' title="bbox 1965 1245 3655 1318; baseline 0.006 -21"><span class='ocrx_word' id='word_1_559' title='bbox 1965 1245 2173 1314; x_wconf 90' lang='lat' dir='ltr'>paries,</span> <span class='ocrx_word' id='word_1_560' title='bbox 2194 1245 2292 1298; x_wconf 91' lang='lat' dir='ltr'>sed</span> <span class='ocrx_word' id='word_1_561' title='bbox 2313 1246 2544 1315; x_wconf 87' lang='lat' dir='ltr'>signum</span> <span class='ocrx_word' id='word_1_562' title='bbox 2562 1246 2729 1300; x_wconf 90' lang='lat' dir='ltr'>datur</span> <span class='ocrx_word' id='word_1_563' title='bbox 2748 1262 2849 1316; x_wconf 90' lang='lat' dir='ltr'>per</span> <span class='ocrx_word' id='word_1_564' title='bbox 2871 1247 3022 1318; x_wconf 82' lang='lat' dir='ltr'>quod</span> <span class='ocrx_word' id='word_1_565' title='bbox 3052 1249 3240 1317; x_wconf 87' lang='lat' dir='ltr'>paries</span> <span class='ocrx_word' id='word_1_566' title='bbox 3258 1251 3436 1318; x_wconf 88' lang='lat' dir='ltr'>possit</span> <span class='ocrx_word' id='word_1_567' title='bbox 3459 1252 3655 1306; x_wconf 91' lang='lat' dir='ltr'>videri.</span> 
     </span>
    </p>
   </div>
   <div class='ocr_carea' id='block_1_73' title="bbox 1965 1332 3655 1408">
    <p class='ocr_par' dir='ltr' id='par_1_73' title="bbox 1965 1332 3655 1408">
     <span class='ocr_line' id='line_1_73' title="bbox 1965 1332 3655 1408; baseline 0.004 -21"><span class='ocrx_word' id='word_1_568' title='bbox 1965 1332 2116 1387; x_wconf 89' lang='lat' dir='ltr'>Nihil</span> <span class='ocrx_word' id='word_1_569' title='bbox 2141 1333 2332 1404; x_wconf 87' lang='lat' dir='ltr'>itaque</span> <span class='ocrx_word' id='word_1_570' title='bbox 2355 1333 2518 1388; x_wconf 91' lang='lat' dir='ltr'>video</span> <span class='ocrx_word' id='word_1_571' title='bbox 2540 1335 2692 1404; x_wconf 90' lang='lat' dir='ltr'>quod</span> <span class='ocrx_word' id='word_1_572' title='bbox 2713 1335 2834 1388; x_wconf 92' lang='lat' dir='ltr'>sine</span> <span class='ocrx_word' id='word_1_573' title='bbox 2857 1335 3034 1407; x_wconf 89' lang='lat' dir='ltr'>signis</span> <span class='ocrx_word' id='word_1_574' title='bbox 3055 1338 3275 1392; x_wconf 91' lang='lat' dir='ltr'>ostendi</span> <span class='ocrx_word' id='word_1_575' title='bbox 3298 1343 3489 1408; x_wconf 87' lang='lat' dir='ltr'>queat.</span> <span class='ocrx_word' id='word_1_576' title='bbox 3507 1343 3655 1407; x_wconf 80' lang='lat' dir='ltr'>Aug.</span> 
     </span>
    </p>
   </div>
   <div class='ocr_carea' id='block_1_74' title="bbox 1963 1421 3662 1497">
    <p class='ocr_par' dir='ltr' id='par_1_74' title="bbox 1963 1421 3662 1497">
     <span class='ocr_line' id='line_1_74' title="bbox 1963 1421 3662 1497; baseline 0.002 -22"><span class='ocrx_word' id='word_1_577' title='bbox 1963 1421 2130 1487; x_wconf 91' lang='lat' dir='ltr'>Quid,</span> <span class='ocrx_word' id='word_1_578' title='bbox 2163 1422 2209 1475; x_wconf 92' lang='lat' dir='ltr'>si</span> <span class='ocrx_word' id='word_1_579' title='bbox 2239 1438 2306 1476; x_wconf 81' lang='lat' dir='ltr'>ex</span> <span class='ocrx_word' id='word_1_580' title='bbox 2337 1427 2390 1476; x_wconf 92' lang='lat' dir='ltr'>te</span> <span class='ocrx_word' id='word_1_581' title='bbox 2421 1439 2738 1492; x_wconf 77' lang='lat' dir='ltr'>quaererem</span> <span class='ocrx_word' id='word_1_582' title='bbox 2768 1423 2902 1493; x_wconf 89' lang='lat' dir='ltr'>quid</span> <span class='ocrx_word' id='word_1_583' title='bbox 2927 1423 3001 1478; x_wconf 90' lang='lat' dir='ltr'>sit</span> <span class='ocrx_word' id='word_1_584' title='bbox 3026 1424 3339 1491; x_wconf 88' lang='lat' dir='ltr'>ambulare,</span> <span class='ocrx_word' id='word_1_585' title='bbox 3365 1442 3662 1497; x_wconf 90' lang='lat' dir='ltr'>surgeres-</span> 
     </span>
    </p>
   </div>
   <div class='ocr_carea' id='block_1_75' title="bbox 1965 1510 3664 1584">
    <p class='ocr_par' dir='ltr' id='par_1_75' title="bbox 1965 1510 3664 1584">
     <span class='ocr_line' id='line_1_75' title="bbox 1965 1510 3664 1584; baseline 0.002 -20"><span class='ocrx_word' id='word_1_586' title='bbox 1965 1527 2076 1582; x_wconf 91' lang='lat' dir='ltr'>que</span> <span class='ocrx_word' id='word_1_587' title='bbox 2107 1515 2164 1564; x_wconf 93' lang='lat' dir='ltr'>et</span> <span class='ocrx_word' id='word_1_588' title='bbox 2192 1510 2248 1565; x_wconf 92' lang='lat' dir='ltr'>id</span> <span class='ocrx_word' id='word_1_589' title='bbox 2280 1512 2522 1580; x_wconf 82' lang='lat' dir='ltr'>ageres?</span> <span class='ocrx_word' id='word_1_590' title='bbox 2553 1527 2745 1565; x_wconf 91' lang='lat' dir='ltr'>nonne</span> <span class='ocrx_word' id='word_1_591' title='bbox 2784 1527 2845 1565; x_wconf 92' lang='lat' dir='ltr'>re</span> <span class='ocrx_word' id='word_1_592' title='bbox 2877 1511 3001 1582; x_wconf 89' lang='lat' dir='ltr'>ipsa</span> <span class='ocrx_word' id='word_1_593' title='bbox 3039 1513 3234 1582; x_wconf 84' lang='lat' dir='ltr'>potius</span> <span class='ocrx_word' id='word_1_594' title='bbox 3273 1529 3444 1584; x_wconf 89' lang='lat' dir='ltr'>quam</span> <span class='ocrx_word' id='word_1_595' title='bbox 3479 1513 3664 1568; x_wconf 89' lang='lat' dir='ltr'>verbis</span> 
     </span>
    </p>
   </div>
   <div class='ocr_carea' id='block_1_76' title="bbox 1964 1598 3658 1670">
    <p class='ocr_par' dir='ltr' id='par_1_76' title="bbox 1964 1598 3658 1670">
     <span class='ocr_line' id='line_1_76' title="bbox 1964 1598 3658 1670; baseline 0.001 -18"><span class='ocrx_word' id='word_1_596' title='bbox 1964 1598 2034 1652; x_wconf 89' lang='lat' dir='ltr'>ad</span> <span class='ocrx_word' id='word_1_597' title='bbox 2067 1614 2158 1652; x_wconf 88' lang='lat' dir='ltr'>me</span> <span class='ocrx_word' id='word_1_598' title='bbox 2195 1599 2532 1664; x_wconf 89' lang='lat' dir='ltr'>docendum,</span> <span class='ocrx_word' id='word_1_599' title='bbox 2566 1605 2666 1653; x_wconf 91' lang='lat' dir='ltr'>aut</span> <span class='ocrx_word' id='word_1_600' title='bbox 2695 1598 2828 1652; x_wconf 89' lang='lat' dir='ltr'>ullis</span> <span class='ocrx_word' id='word_1_601' title='bbox 2858 1599 2984 1652; x_wconf 88' lang='lat' dir='ltr'>aliis</span> <span class='ocrx_word' id='word_1_602' title='bbox 3019 1599 3196 1670; x_wconf 89' lang='lat' dir='ltr'>signis</span> <span class='ocrx_word' id='word_1_603' title='bbox 3224 1600 3464 1654; x_wconf 89' lang='lat' dir='ltr'>utereris</span> <span class='ocrx_word' id='word_1_604' title='bbox 3486 1603 3514 1654; x_wconf 82' lang='lat'><strong>?</strong></span> <span class='ocrx_word' id='word_1_605' title='bbox 3543 1601 3658 1654; x_wconf 88' lang='lat' dir='ltr'>Ad.</span> 
     </span>
    </p>
   </div>
   <div class='ocr_carea' id='block_1_77' title="bbox 1965 1686 3662 1759">
    <p class='ocr_par' dir='ltr' id='par_1_77' title="bbox 1965 1686 3662 1759">
     <span class='ocr_line' id='line_1_77' title="bbox 1965 1686 3662 1759; baseline 0.001 -19"><span class='ocrx_word' id='word_1_606' title='bbox 1965 1687 2166 1740; x_wconf 84' lang='lat' dir='ltr'>Fateor</span> <span class='ocrx_word' id='word_1_607' title='bbox 2193 1686 2272 1740; x_wconf 90' lang='lat' dir='ltr'>ita</span> <span class='ocrx_word' id='word_1_608' title='bbox 2301 1703 2442 1750; x_wconf 84' lang='lat' dir='ltr'>esse.</span> <span class='ocrx_word' id='word_1_609' title='bbox 2478 1691 2532 1741; x_wconf 90' lang='lat' dir='ltr'>et</span> <span class='ocrx_word' id='word_1_610' title='bbox 2561 1688 2740 1758; x_wconf 89' lang='lat' dir='ltr'>pudet</span> <span class='ocrx_word' id='word_1_611' title='bbox 2768 1704 2859 1741; x_wconf 91' lang='lat' dir='ltr'>me</span> <span class='ocrx_word' id='word_1_612' title='bbox 2882 1704 3006 1742; x_wconf 91' lang='lat' dir='ltr'>rem</span> <span class='ocrx_word' id='word_1_613' title='bbox 3033 1693 3152 1741; x_wconf 87' lang='lat' dir='ltr'>tam</span> <span class='ocrx_word' id='word_1_614' title='bbox 3173 1688 3232 1741; x_wconf 90' lang='lat' dir='ltr'>in</span> <span class='ocrx_word' id='word_1_615' title='bbox 3252 1694 3528 1758; x_wconf 89' lang='lat' dir='ltr'>promptu</span> <span class='ocrx_word' id='word_1_616' title='bbox 3556 1706 3662 1759; x_wconf 90' lang='lat' dir='ltr'>po-</span> 
     </span>
    </p>
   </div>
   <div class='ocr_carea' id='block_1_78' title="bbox 1962 1774 3660 1845">
    <p class='ocr_par' dir='ltr' id='par_1_78' title="bbox 1962 1774 3660 1845">
     <span class='ocr_line' id='line_1_78' title="bbox 1962 1774 3660 1845; baseline 0.002 -18"><span class='ocrx_word' id='word_1_617' title='bbox 1962 1774 2129 1828; x_wconf 89' lang='lat' dir='ltr'>sitam</span> <span class='ocrx_word' id='word_1_618' title='bbox 2157 1790 2274 1829; x_wconf 91' lang='lat' dir='ltr'>non</span> <span class='ocrx_word' id='word_1_619' title='bbox 2312 1774 2554 1829; x_wconf 89' lang='lat' dir='ltr'>vidisse:</span> <span class='ocrx_word' id='word_1_620' title='bbox 2587 1792 2654 1829; x_wconf 86' lang='lat' dir='ltr'>ex</span> <span class='ocrx_word' id='word_1_621' title='bbox 2695 1791 2810 1845; x_wconf 86' lang='lat' dir='ltr'>qua</span> <span class='ocrx_word' id='word_1_622' title='bbox 2853 1775 3025 1830; x_wconf 91' lang='lat' dir='ltr'>etiam</span> <span class='ocrx_word' id='word_1_623' title='bbox 3059 1776 3202 1830; x_wconf 91' lang='lat' dir='ltr'>mihi</span> <span class='ocrx_word' id='word_1_624' title='bbox 3245 1777 3428 1830; x_wconf 93' lang='lat' dir='ltr'>millia</span> <span class='ocrx_word' id='word_1_625' title='bbox 3468 1793 3660 1833; x_wconf 90' lang='lat' dir='ltr'>rerum</span> 
     </span>
    </p>
   </div>
   <div class='ocr_carea' id='block_1_79' title="bbox 1955 1862 3659 1935">
    <p class='ocr_par' dir='ltr' id='par_1_79' title="bbox 1955 1862 3659 1935">
     <span class='ocr_line' id='line_1_79' title="bbox 1955 1862 3659 1935; baseline 0.001 -19"><span class='ocrx_word' id='word_1_626' title='bbox 1955 1862 2077 1933; x_wconf 88' lang='lat' dir='ltr'>jam</span> <span class='ocrx_word' id='word_1_627' title='bbox 2117 1867 2438 1930; x_wconf 87' lang='lat' dir='ltr'>occurrunt,</span> <span class='ocrx_word' id='word_1_628' title='bbox 2492 1878 2621 1933; x_wconf 69' lang='lat' dir='ltr'>quae</span> <span class='ocrx_word' id='word_1_629' title='bbox 2665 1863 2804 1932; x_wconf 67' lang='lat' dir='ltr'>ipsae</span> <span class='ocrx_word' id='word_1_630' title='bbox 2860 1879 2963 1933; x_wconf 90' lang='lat' dir='ltr'>per</span> <span class='ocrx_word' id='word_1_631' title='bbox 3008 1880 3066 1917; x_wconf 91' lang='lat' dir='ltr'>se</span> <span class='ocrx_word' id='word_1_632' title='bbox 3104 1864 3349 1931; x_wconf 89' lang='lat' dir='ltr'>valeant,</span> <span class='ocrx_word' id='word_1_633' title='bbox 3397 1881 3515 1918; x_wconf 91' lang='lat' dir='ltr'>non</span> <span class='ocrx_word' id='word_1_634' title='bbox 3555 1881 3659 1935; x_wconf 87' lang='lat' dir='ltr'>per</span> 
     </span>
    </p>
   </div>
   <div class='ocr_carea' id='block_1_80' title="bbox 1963 1950 3658 2021">
    <p class='ocr_par' dir='ltr' id='par_1_80' title="bbox 1963 1950 3658 2021">
     <span class='ocr_line' id='line_1_80' title="bbox 1963 1950 3658 2021; baseline 0.002 -18"><span class='ocrx_word' id='word_1_635' title='bbox 1963 1950 2127 2020; x_wconf 91' lang='lat' dir='ltr'>signa</span> <span class='ocrx_word' id='word_1_636' title='bbox 2157 1951 2485 2018; x_wconf 87' lang='lat' dir='ltr'>monstrari,</span> <span class='ocrx_word' id='word_1_637' title='bbox 2513 1955 2579 2005; x_wconf 90' lang='lat' dir='ltr'>ut</span> <span class='ocrx_word' id='word_1_638' title='bbox 2620 1952 2812 2020; x_wconf 90' lang='lat' dir='ltr'>edere,</span> <span class='ocrx_word' id='word_1_639' title='bbox 2843 1951 3060 2019; x_wconf 89' lang='lat' dir='ltr'>bibere,</span> <span class='ocrx_word' id='word_1_640' title='bbox 3093 1952 3310 2021; x_wconf 85' lang='lat' dir='ltr'>sedere,</span> <span class='ocrx_word' id='word_1_641' title='bbox 3341 1957 3510 2019; x_wconf 89' lang='lat' dir='ltr'>stare,</span> <span class='ocrx_word' id='word_1_642' title='bbox 3543 1952 3658 2007; x_wconf 92' lang='lat' dir='ltr'>cla-</span> 
     </span>
    </p>
   </div>
   <div class='ocr_carea' id='block_1_81' title="bbox 1961 2039 3658 2112">
    <p class='ocr_par' dir='ltr' id='par_1_81' title="bbox 1961 2039 3658 2112">
     <span class='ocr_line' id='line_1_81' title="bbox 1961 2039 3658 2112; baseline 0.001 -19"><span class='ocrx_word' id='word_1_643' title='bbox 1961 2055 2138 2102; x_wconf 89' lang='lat' dir='ltr'>mare,</span> <span class='ocrx_word' id='word_1_644' title='bbox 2173 2044 2230 2094; x_wconf 91' lang='lat' dir='ltr'>et</span> <span class='ocrx_word' id='word_1_645' title='bbox 2266 2039 2712 2095; x_wconf 88' lang='lat' dir='ltr'>innumerabilia</span> <span class='ocrx_word' id='word_1_646' title='bbox 2752 2045 2975 2095; x_wconf 62' lang='lat' dir='ltr'>caetera.</span> <span class='ocrx_word' id='word_1_647' title='bbox 3021 2043 3174 2108; x_wconf 85' lang='lat' dir='ltr'>Aug.</span> <span class='ocrx_word' id='word_1_648' title='bbox 3204 2045 3346 2112; x_wconf 81' lang='lat' dir='ltr'>Age,</span> <span class='ocrx_word' id='word_1_649' title='bbox 3378 2058 3532 2096; x_wconf 90' lang='lat' dir='ltr'>nunc</span> <span class='ocrx_word' id='word_1_650' title='bbox 3570 2041 3658 2096; x_wconf 91' lang='lat' dir='ltr'>dic</span> 
     </span>
    </p>
   </div>
   <div class='ocr_carea' id='block_1_82' title="bbox 1961 2126 3663 2198">
    <p class='ocr_par' dir='ltr' id='par_1_82' title="bbox 1961 2126 3663 2198">
     <span class='ocr_line' id='line_1_82' title="bbox 1961 2126 3663 2198; baseline 0.002 -18"><span class='ocrx_word' id='word_1_651' title='bbox 1961 2126 2125 2193; x_wconf 88' lang='lat' dir='ltr'>mihi,</span> <span class='ocrx_word' id='word_1_652' title='bbox 2159 2126 2207 2180; x_wconf 89' lang='lat' dir='ltr'>si</span> <span class='ocrx_word' id='word_1_653' title='bbox 2235 2126 2470 2181; x_wconf 89' lang='lat' dir='ltr'>omnino</span> <span class='ocrx_word' id='word_1_654' title='bbox 2501 2127 2757 2182; x_wconf 90' lang='lat' dir='ltr'>nesciens</span> <span class='ocrx_word' id='word_1_655' title='bbox 2786 2127 2956 2198; x_wconf 87' lang='lat' dir='ltr'>hujus</span> <span class='ocrx_word' id='word_1_656' title='bbox 2978 2127 3135 2182; x_wconf 93' lang='lat' dir='ltr'>verbi</span> <span class='ocrx_word' id='word_1_657' title='bbox 3163 2127 3300 2195; x_wconf 91' lang='lat' dir='ltr'>vim,</span> <span class='ocrx_word' id='word_1_658' title='bbox 3328 2128 3426 2182; x_wconf 89' lang='lat' dir='ltr'>abs</span> <span class='ocrx_word' id='word_1_659' title='bbox 3455 2133 3512 2183; x_wconf 90' lang='lat' dir='ltr'>te</span> <span class='ocrx_word' id='word_1_660' title='bbox 3543 2145 3663 2183; x_wconf 88' lang='lat' dir='ltr'>am-</span> 
     </span>
    </p>
   </div>
   <div class='ocr_carea' id='block_1_83' title="bbox 1959 2215 3660 2286">
    <p class='ocr_par' dir='ltr' id='par_1_83' title="bbox 1959 2215 3660 2286">
     <span class='ocr_line' id='line_1_83' title="bbox 1959 2215 3660 2286; baseline 0.001 -17"><span class='ocrx_word' id='word_1_661' title='bbox 1959 2215 2192 2269; x_wconf 91' lang='lat' dir='ltr'>bulante</span> <span class='ocrx_word' id='word_1_662' title='bbox 2224 2231 2541 2285; x_wconf 73' lang='lat' dir='ltr'>quaererem</span> <span class='ocrx_word' id='word_1_663' title='bbox 2581 2215 2719 2286; x_wconf 90' lang='lat' dir='ltr'>quid</span> <span class='ocrx_word' id='word_1_664' title='bbox 2765 2215 2838 2270; x_wconf 91' lang='lat' dir='ltr'>sit</span> <span class='ocrx_word' id='word_1_665' title='bbox 2880 2215 3192 2281; x_wconf 91' lang='lat' dir='ltr'>ambulare,</span> <span class='ocrx_word' id='word_1_666' title='bbox 3239 2216 3529 2286; x_wconf 91' lang='lat' dir='ltr'>quomodo</span> <span class='ocrx_word' id='word_1_667' title='bbox 3568 2232 3660 2270; x_wconf 92' lang='lat' dir='ltr'>me</span> 
     </span>
    </p>
   </div>
   <div class='ocr_carea' id='block_1_84' title="bbox 1961 2301 3663 2374">
    <p class='ocr_par' dir='ltr' id='par_1_84' title="bbox 1961 2301 3663 2374">
     <span class='ocr_line' id='line_1_84' title="bbox 1961 2301 3663 2374; baseline 0.001 -18"><span class='ocrx_word' id='word_1_668' title='bbox 1961 2302 2191 2357; x_wconf 91' lang='lat' dir='ltr'>doceres</span> <span class='ocrx_word' id='word_1_669' title='bbox 2211 2301 2238 2355; x_wconf 89' lang='lat'><strong>?</strong></span> <span class='ocrx_word' id='word_1_670' title='bbox 2265 2303 2378 2357; x_wconf 87' lang='lat' dir='ltr'>Ad.</span> <span class='ocrx_word' id='word_1_671' title='bbox 2422 2302 2676 2374; x_wconf 85' lang='lat' dir='ltr'>Idipsum</span> <span class='ocrx_word' id='word_1_672' title='bbox 2713 2319 2942 2374; x_wconf 88' lang='lat' dir='ltr'>agerem</span> <span class='ocrx_word' id='word_1_673' title='bbox 2973 2303 3267 2374; x_wconf 89' lang='lat' dir='ltr'>aliquanto</span> <span class='ocrx_word' id='word_1_674' title='bbox 3298 2304 3558 2371; x_wconf 89' lang='lat' dir='ltr'>celerius,</span> <span class='ocrx_word' id='word_1_675' title='bbox 3598 2308 3663 2358; x_wconf 91' lang='lat' dir='ltr'>ut</span> 
     </span>
    </p>
   </div>
   <div class='ocr_carea' id='block_1_85' title="bbox 1961 2391 3662 2462">
    <p class='ocr_par' dir='ltr' id='par_1_85' title="bbox 1961 2391 3662 2462">
     <span class='ocr_line' id='line_1_85' title="bbox 1961 2391 3662 2462; baseline 0.001 -17"><span class='ocrx_word' id='word_1_676' title='bbox 1961 2395 2089 2462; x_wconf 90' lang='lat' dir='ltr'>post</span> <span class='ocrx_word' id='word_1_677' title='bbox 2139 2391 2648 2461; x_wconf 88' lang='lat' dir='ltr'>interrogationem</span> <span class='ocrx_word' id='word_1_678' title='bbox 2692 2395 2852 2445; x_wconf 91' lang='lat' dir='ltr'>tuam</span> <span class='ocrx_word' id='word_1_679' title='bbox 2882 2391 3072 2461; x_wconf 88' lang='lat' dir='ltr'>aliqua</span> <span class='ocrx_word' id='word_1_680' title='bbox 3103 2392 3349 2446; x_wconf 87' lang='lat' dir='ltr'>novitate</span> <span class='ocrx_word' id='word_1_681' title='bbox 3393 2393 3662 2446; x_wconf 90' lang='lat' dir='ltr'>admone-</span> 
     </span>
    </p>
   </div>
   <div class='ocr_carea' id='block_1_86' title="bbox 1961 2479 3663 2550">
    <p class='ocr_par' dir='ltr' id='par_1_86' title="bbox 1961 2479 3663 2550">
     <span class='ocr_line' id='line_1_86' title="bbox 1961 2479 3663 2550; baseline 0 -18"><span class='ocrx_word' id='word_1_682' title='bbox 1961 2479 2104 2533; x_wconf 89' lang='lat' dir='ltr'>reris</span> <span class='ocrx_word' id='word_1_683' title='bbox 2123 2499 2137 2546; x_wconf 90' lang='lat'>;</span> <span class='ocrx_word' id='word_1_684' title='bbox 2153 2482 2209 2534; x_wconf 89' lang='lat' dir='ltr'>et</span> <span class='ocrx_word' id='word_1_685' title='bbox 2225 2483 2420 2533; x_wconf 91' lang='lat' dir='ltr'>tamen</span> <span class='ocrx_word' id='word_1_686' title='bbox 2435 2479 2579 2534; x_wconf 88' lang='lat' dir='ltr'>nihil</span> <span class='ocrx_word' id='word_1_687' title='bbox 2598 2480 2754 2535; x_wconf 86' lang='lat' dir='ltr'>aliud</span> <span class='ocrx_word' id='word_1_688' title='bbox 2775 2480 2957 2547; x_wconf 88' lang='lat' dir='ltr'>ﬁeret,</span> <span class='ocrx_word' id='word_1_689' title='bbox 2982 2496 3154 2550; x_wconf 91' lang='lat' dir='ltr'>quam</span> <span class='ocrx_word' id='word_1_690' title='bbox 3171 2480 3228 2534; x_wconf 91' lang='lat' dir='ltr'>id</span> <span class='ocrx_word' id='word_1_691' title='bbox 3253 2481 3408 2550; x_wconf 91' lang='lat' dir='ltr'>quod</span> <span class='ocrx_word' id='word_1_692' title='bbox 3431 2480 3663 2535; x_wconf 88' lang='lat' dir='ltr'>deberet</span> 
     </span>
    </p>
   </div>
   <div class='ocr_carea' id='block_1_87' title="bbox 1963 2567 3657 2635">
    <p class='ocr_par' dir='ltr' id='par_1_87' title="bbox 1963 2567 3657 2635">
     <span class='ocr_line' id='line_1_87' title="bbox 1963 2567 3657 2635; baseline -0.002 -13"><span class='ocrx_word' id='word_1_693' title='bbox 1963 2567 2206 2622; x_wconf 90' lang='lat' dir='ltr'>ostendi.</span> <span class='ocrx_word' id='word_1_694' title='bbox 2241 2571 2390 2635; x_wconf 87' lang='lat' dir='ltr'>Aug.</span> <span class='ocrx_word' id='word_1_695' title='bbox 2434 2567 2626 2622; x_wconf 77' lang='lat' dir='ltr'>Scisne</span> <span class='ocrx_word' id='word_1_696' title='bbox 2674 2568 2825 2624; x_wconf 84' lang='lat' dir='ltr'>aliud</span> <span class='ocrx_word' id='word_1_697' title='bbox 2867 2585 2985 2622; x_wconf 90' lang='lat' dir='ltr'>esse</span> <span class='ocrx_word' id='word_1_698' title='bbox 3021 2569 3335 2635; x_wconf 87' lang='lat' dir='ltr'>ambulare,</span> <span class='ocrx_word' id='word_1_699' title='bbox 3377 2569 3533 2624; x_wconf 87' lang='lat' dir='ltr'>aliud</span> <span class='ocrx_word' id='word_1_700' title='bbox 3576 2567 3657 2620; x_wconf 89' lang='lat' dir='ltr'>fe-</span> 
     </span>
    </p>
   </div>
   <div class='ocr_carea' id='block_1_88' title="bbox 1963 2656 3658 2728">
    <p class='ocr_par' dir='ltr' id='par_1_88' title="bbox 1963 2656 3658 2728">
     <span class='ocr_line' id='line_1_88' title="bbox 1963 2656 3658 2728; baseline 0.004 -19"><span class='ocrx_word' id='word_1_701' title='bbox 1963 2656 2218 2711; x_wconf 88' lang='lat' dir='ltr'>stinare?</span> <span class='ocrx_word' id='word_1_702' title='bbox 2250 2657 2391 2710; x_wconf 87' lang='lat' dir='ltr'>Nam</span> <span class='ocrx_word' id='word_1_703' title='bbox 2422 2662 2478 2711; x_wconf 92' lang='lat' dir='ltr'>et</span> <span class='ocrx_word' id='word_1_704' title='bbox 2507 2657 2606 2728; x_wconf 91' lang='lat' dir='ltr'>qui</span> <span class='ocrx_word' id='word_1_705' title='bbox 2637 2657 2912 2723; x_wconf 90' lang='lat' dir='ltr'>ambulat,</span> <span class='ocrx_word' id='word_1_706' title='bbox 2943 2674 3057 2712; x_wconf 90' lang='lat' dir='ltr'>non</span> <span class='ocrx_word' id='word_1_707' title='bbox 3087 2658 3279 2712; x_wconf 86' lang='lat' dir='ltr'>statim</span> <span class='ocrx_word' id='word_1_708' title='bbox 3306 2659 3574 2728; x_wconf 89' lang='lat' dir='ltr'>festinat;</span> <span class='ocrx_word' id='word_1_709' title='bbox 3601 2665 3658 2715; x_wconf 90' lang='lat' dir='ltr'>et</span> 
     </span>
    </p>
   </div>
   <div class='ocr_carea' id='block_1_89' title="bbox 1961 2745 3662 2817">
    <p class='ocr_par' dir='ltr' id='par_1_89' title="bbox 1961 2745 3662 2817">
     <span class='ocr_line' id='line_1_89' title="bbox 1961 2745 3662 2817; baseline 0.003 -19"><span class='ocrx_word' id='word_1_710' title='bbox 1961 2745 2062 2817; x_wconf 91' lang='lat' dir='ltr'>qui</span> <span class='ocrx_word' id='word_1_711' title='bbox 2091 2745 2338 2810; x_wconf 85' lang='lat' dir='ltr'>festinat,</span> <span class='ocrx_word' id='word_1_712' title='bbox 2371 2762 2483 2799; x_wconf 92' lang='lat' dir='ltr'>non</span> <span class='ocrx_word' id='word_1_713' title='bbox 2516 2746 2786 2800; x_wconf 88' lang='lat' dir='ltr'>continuo</span> <span class='ocrx_word' id='word_1_714' title='bbox 2818 2746 3110 2800; x_wconf 87' lang='lat' dir='ltr'>ambulat:</span> <span class='ocrx_word' id='word_1_715' title='bbox 3147 2747 3391 2801; x_wconf 89' lang='lat' dir='ltr'>dicimus</span> <span class='ocrx_word' id='word_1_716' title='bbox 3421 2749 3574 2803; x_wconf 91' lang='lat' dir='ltr'>enim</span> <span class='ocrx_word' id='word_1_717' title='bbox 3605 2754 3662 2803; x_wconf 89' lang='lat' dir='ltr'>et</span> 
     </span>
    </p>
   </div>
   <div class='ocr_carea' id='block_1_90' title="bbox 1960 2832 3660 2905">
    <p class='ocr_par' dir='ltr' id='par_1_90' title="bbox 1960 2832 3660 2905">
     <span class='ocr_line' id='line_1_90' title="bbox 1960 2832 3660 2905; baseline 0.003 -19"><span class='ocrx_word' id='word_1_718' title='bbox 1960 2832 2020 2886; x_wconf 92' lang='lat' dir='ltr'>in</span> <span class='ocrx_word' id='word_1_719' title='bbox 2058 2833 2356 2887; x_wconf 88' lang='lat' dir='ltr'>scribendo</span> <span class='ocrx_word' id='word_1_720' title='bbox 2388 2838 2444 2888; x_wconf 90' lang='lat' dir='ltr'>et</span> <span class='ocrx_word' id='word_1_721' title='bbox 2479 2834 2537 2887; x_wconf 92' lang='lat' dir='ltr'>in</span> <span class='ocrx_word' id='word_1_722' title='bbox 2577 2835 2838 2904; x_wconf 90' lang='lat' dir='ltr'>legendo,</span> <span class='ocrx_word' id='word_1_723' title='bbox 2869 2834 3110 2905; x_wconf 90' lang='lat' dir='ltr'>aliisque</span> <span class='ocrx_word' id='word_1_724' title='bbox 3140 2834 3660 2892; x_wconf 90' lang='lat' dir='ltr'>innumerabilibus</span> 
     </span>
    </p>
   </div>
   <div class='ocr_carea' id='block_1_91' title="bbox 1959 2920 3658 2994">
    <p class='ocr_par' dir='ltr' id='par_1_91' title="bbox 1959 2920 3658 2994">
     <span class='ocr_line' id='line_1_91' title="bbox 1959 2920 3658 2994; baseline 0.003 -21"><span class='ocrx_word' id='word_1_725' title='bbox 1959 2920 2130 2974; x_wconf 91' lang='lat' dir='ltr'>rebus</span> <span class='ocrx_word' id='word_1_726' title='bbox 2160 2921 2603 2976; x_wconf 78' lang='lat' dir='ltr'>festinationem.</span> <span class='ocrx_word' id='word_1_727' title='bbox 2660 2923 2844 2986; x_wconf 89' lang='lat' dir='ltr'>Quare</span> <span class='ocrx_word' id='word_1_728' title='bbox 2883 2938 3012 2975; x_wconf 89' lang='lat' dir='ltr'>cum</span> <span class='ocrx_word' id='word_1_729' title='bbox 3053 2922 3193 2976; x_wconf 91' lang='lat' dir='ltr'>illud</span> <span class='ocrx_word' id='word_1_730' title='bbox 3235 2924 3385 2993; x_wconf 89' lang='lat' dir='ltr'>quod</span> <span class='ocrx_word' id='word_1_731' title='bbox 3428 2925 3658 2994; x_wconf 88' lang='lat' dir='ltr'>agebas,</span> 
     </span>
    </p>
   </div>
   <div class='ocr_carea' id='block_1_92' title="bbox 1959 3009 3658 3082">
    <p class='ocr_par' dir='ltr' id='par_1_92' title="bbox 1959 3009 3658 3082">
     <span class='ocr_line' id='line_1_92' title="bbox 1959 3009 3658 3082; baseline 0.003 -21"><span class='ocrx_word' id='word_1_732' title='bbox 1959 3009 2200 3062; x_wconf 91' lang='lat' dir='ltr'>celerius</span> <span class='ocrx_word' id='word_1_733' title='bbox 2227 3025 2425 3079; x_wconf 79' lang='lat' dir='ltr'>ageres</span> <span class='ocrx_word' id='word_1_734' title='bbox 2455 3013 2583 3080; x_wconf 89' lang='lat' dir='ltr'>post</span> <span class='ocrx_word' id='word_1_735' title='bbox 2611 3010 3128 3080; x_wconf 88' lang='lat' dir='ltr'>interrogationem</span> <span class='ocrx_word' id='word_1_736' title='bbox 3157 3027 3366 3075; x_wconf 89' lang='lat' dir='ltr'>meam,</span> <span class='ocrx_word' id='word_1_737' title='bbox 3392 3017 3658 3082; x_wconf 89' lang='lat' dir='ltr'>putarem</span> 
     </span>
    </p>
   </div>
   <div class='ocr_carea' id='block_1_93' title="bbox 1960 3097 3658 3169">
    <p class='ocr_par' dir='ltr' id='par_1_93' title="bbox 1960 3097 3658 3169">
     <span class='ocr_line' id='line_1_93' title="bbox 1960 3097 3658 3169; baseline 0.003 -19"><span class='ocrx_word' id='word_1_738' title='bbox 1960 3097 2252 3150; x_wconf 89' lang='lat' dir='ltr'>ambulare</span> <span class='ocrx_word' id='word_1_739' title='bbox 2281 3097 2423 3150; x_wconf 90' lang='lat' dir='ltr'>nihil</span> <span class='ocrx_word' id='word_1_740' title='bbox 2459 3113 2580 3151; x_wconf 90' lang='lat' dir='ltr'>esse</span> <span class='ocrx_word' id='word_1_741' title='bbox 2634 3098 2789 3152; x_wconf 92' lang='lat' dir='ltr'>aliud</span> <span class='ocrx_word' id='word_1_742' title='bbox 2839 3114 3012 3169; x_wconf 90' lang='lat' dir='ltr'>quam</span> <span class='ocrx_word' id='word_1_743' title='bbox 3059 3099 3362 3154; x_wconf 86' lang='lat' dir='ltr'>festinare:</span> <span class='ocrx_word' id='word_1_744' title='bbox 3404 3101 3461 3155; x_wconf 92' lang='lat' dir='ltr'>id</span> <span class='ocrx_word' id='word_1_745' title='bbox 3503 3101 3658 3155; x_wconf 90' lang='lat' dir='ltr'>enim</span> 
     </span>
    </p>
   </div>
   <div class='ocr_carea' id='block_1_94' title="bbox 1960 3183 3660 3250">
    <p class='ocr_par' dir='ltr' id='par_1_94' title="bbox 1960 3183 3660 3250">
     <span class='ocr_line' id='line_1_94' title="bbox 1960 3183 3660 3250; baseline 0.004 -13"><span class='ocrx_word' id='word_1_746' title='bbox 1960 3183 2092 3238; x_wconf 90' lang='lat' dir='ltr'>novi</span> <span class='ocrx_word' id='word_1_747' title='bbox 2122 3184 2457 3250; x_wconf 88' lang='lat' dir='ltr'>addideras;</span> <span class='ocrx_word' id='word_1_748' title='bbox 2506 3189 2562 3239; x_wconf 88' lang='lat' dir='ltr'>et</span> <span class='ocrx_word' id='word_1_749' title='bbox 2608 3186 2680 3240; x_wconf 93' lang='lat' dir='ltr'>ob</span> <span class='ocrx_word' id='word_1_750' title='bbox 2728 3187 2837 3240; x_wconf 90' lang='lat' dir='ltr'>hoc</span> <span class='ocrx_word' id='word_1_751' title='bbox 2865 3186 3111 3242; x_wconf 84' lang='lat' dir='ltr'>fallerer.</span> <span class='ocrx_word' id='word_1_752' title='bbox 3145 3187 3260 3241; x_wconf 87' lang='lat' dir='ltr'>Ad.</span> <span class='ocrx_word' id='word_1_753' title='bbox 3298 3189 3501 3243; x_wconf 85' lang='lat' dir='ltr'>Fateor</span> <span class='ocrx_word' id='word_1_754' title='bbox 3535 3206 3660 3245; x_wconf 90' lang='lat' dir='ltr'>rem</span> 
     </span>
    </p>
   </div>
   <div class='ocr_carea' id='block_1_95' title="bbox 1958 3274 3664 3348">
    <p class='ocr_par' dir='ltr' id='par_1_95' title="bbox 1958 3274 3664 3348">
     <span class='ocr_line' id='line_1_95' title="bbox 1958 3274 3664 3348; baseline 0.004 -20"><span class='ocrx_word' id='word_1_755' title='bbox 1958 3289 2075 3328; x_wconf 91' lang='lat' dir='ltr'>non</span> <span class='ocrx_word' id='word_1_756' title='bbox 2097 3290 2259 3344; x_wconf 90' lang='lat' dir='ltr'>posse</span> <span class='ocrx_word' id='word_1_757' title='bbox 2290 3290 2392 3328; x_wconf 90' lang='lat' dir='ltr'>nos</span> <span class='ocrx_word' id='word_1_758' title='bbox 2418 3278 2735 3328; x_wconf 88' lang='lat' dir='ltr'>monstrare</span> <span class='ocrx_word' id='word_1_759' title='bbox 2767 3274 2890 3329; x_wconf 91' lang='lat' dir='ltr'>sine</span> <span class='ocrx_word' id='word_1_760' title='bbox 2915 3274 3100 3344; x_wconf 90' lang='lat' dir='ltr'>signo,</span> <span class='ocrx_word' id='word_1_761' title='bbox 3133 3275 3181 3328; x_wconf 92' lang='lat' dir='ltr'>si</span> <span class='ocrx_word' id='word_1_762' title='bbox 3203 3292 3333 3330; x_wconf 93' lang='lat' dir='ltr'>cum</span> <span class='ocrx_word' id='word_1_763' title='bbox 3357 3277 3415 3332; x_wconf 91' lang='lat' dir='ltr'>id</span> <span class='ocrx_word' id='word_1_764' title='bbox 3438 3278 3664 3348; x_wconf 90' lang='lat' dir='ltr'>agimus</span> 
     </span>
    </p>
   </div>
   <div class='ocr_carea' id='block_1_96' title="bbox 1958 3361 3664 3438">
    <p class='ocr_par' dir='ltr' id='par_1_96' title="bbox 1958 3361 3664 3438">
     <span class='ocr_line' id='line_1_96' title="bbox 1958 3361 3664 3438; baseline 0.003 -22"><span class='ocrx_word' id='word_1_765' title='bbox 1958 3361 2418 3432; x_wconf 88' lang='lat' dir='ltr'>interrogemur:</span> <span class='ocrx_word' id='word_1_766' title='bbox 2465 3362 2512 3415; x_wconf 91' lang='lat' dir='ltr'>si</span> <span class='ocrx_word' id='word_1_767' title='bbox 2563 3362 2717 3416; x_wconf 92' lang='lat' dir='ltr'>enim</span> <span class='ocrx_word' id='word_1_768' title='bbox 2765 3361 2908 3416; x_wconf 91' lang='lat' dir='ltr'>nihil</span> <span class='ocrx_word' id='word_1_769' title='bbox 2949 3363 3245 3428; x_wconf 90' lang='lat' dir='ltr'>addamus,</span> <span class='ocrx_word' id='word_1_770' title='bbox 3290 3365 3517 3435; x_wconf 89' lang='lat' dir='ltr'>putabit</span> <span class='ocrx_word' id='word_1_771' title='bbox 3560 3367 3664 3438; x_wconf 90' lang='lat' dir='ltr'>qui</span> 
     </span>
    </p>
   </div>
   <div class='ocr_carea' id='block_1_97' title="bbox 1959 3451 3663 3522">
    <p class='ocr_par' dir='ltr' id='par_1_97' title="bbox 1959 3451 3663 3522">
     <span class='ocr_line' id='line_1_97' title="bbox 1959 3451 3663 3522; baseline 0.003 -18"><span class='ocrx_word' id='word_1_772' title='bbox 1959 3455 2139 3522; x_wconf 89' lang='lat' dir='ltr'>rogat,</span> <span class='ocrx_word' id='word_1_773' title='bbox 2174 3451 2328 3506; x_wconf 90' lang='lat' dir='ltr'>nolle</span> <span class='ocrx_word' id='word_1_774' title='bbox 2359 3466 2462 3505; x_wconf 91' lang='lat' dir='ltr'>nos</span> <span class='ocrx_word' id='word_1_775' title='bbox 2501 3451 2826 3520; x_wconf 87' lang='lat' dir='ltr'>ostendere,</span> <span class='ocrx_word' id='word_1_776' title='bbox 2872 3454 3315 3522; x_wconf 75' lang='lat' dir='ltr'>contemptoque</span> <span class='ocrx_word' id='word_1_777' title='bbox 3360 3470 3440 3521; x_wconf 91' lang='lat' dir='ltr'>se,</span> <span class='ocrx_word' id='word_1_778' title='bbox 3497 3454 3556 3508; x_wconf 90' lang='lat' dir='ltr'>in</span> <span class='ocrx_word' id='word_1_779' title='bbox 3594 3471 3663 3509; x_wconf 91' lang='lat' dir='ltr'>eo</span> 
     </span>
    </p>
   </div>
   <div class='ocr_carea' id='block_1_98' title="bbox 1960 3539 3662 3614">
    <p class='ocr_par' dir='ltr' id='par_1_98' title="bbox 1960 3539 3662 3614">
     <span class='ocr_line' id='line_1_98' title="bbox 1960 3539 3662 3614; baseline 0.002 -20"><span class='ocrx_word' id='word_1_780' title='bbox 1960 3539 2113 3611; x_wconf 89' lang='lat' dir='ltr'>quod</span> <span class='ocrx_word' id='word_1_781' title='bbox 2139 3540 2452 3612; x_wconf 88' lang='lat' dir='ltr'>agebamus</span> <span class='ocrx_word' id='word_1_782' title='bbox 2480 3556 2862 3611; x_wconf 87' lang='lat' dir='ltr'>perseverare.</span> <span class='ocrx_word' id='word_1_783' title='bbox 2895 3540 3002 3594; x_wconf 91' lang='lat' dir='ltr'>Sed</span> <span class='ocrx_word' id='word_1_784' title='bbox 3035 3539 3082 3593; x_wconf 91' lang='lat' dir='ltr'>si</span> <span class='ocrx_word' id='word_1_785' title='bbox 3113 3540 3183 3594; x_wconf 91' lang='lat' dir='ltr'>de</span> <span class='ocrx_word' id='word_1_786' title='bbox 3214 3539 3304 3594; x_wconf 91' lang='lat' dir='ltr'>his</span> <span class='ocrx_word' id='word_1_787' title='bbox 3333 3546 3499 3613; x_wconf 87' lang='lat' dir='ltr'>roget</span> <span class='ocrx_word' id='word_1_788' title='bbox 3531 3559 3662 3614; x_wconf 66' lang='lat' dir='ltr'>quas</span> 
     </span>
    </p>
   </div>
   <div class='ocr_carea' id='block_1_99' title="bbox 1960 3630 3665 3700">
    <p class='ocr_par' dir='ltr' id='par_1_99' title="bbox 1960 3630 3665 3700">
     <span class='ocr_line' id='line_1_99' title="bbox 1960 3630 3665 3700; baseline 0.003 -19"><span class='ocrx_word' id='word_1_789' title='bbox 1960 3643 2127 3698; x_wconf 91' lang='lat' dir='ltr'>agere</span> <span class='ocrx_word' id='word_1_790' title='bbox 2158 3644 2478 3698; x_wconf 91' lang='lat' dir='ltr'>possumus,</span> <span class='ocrx_word' id='word_1_791' title='bbox 2518 3644 2621 3681; x_wconf 91' lang='lat' dir='ltr'>nec</span> <span class='ocrx_word' id='word_1_792' title='bbox 2658 3644 2724 3682; x_wconf 90' lang='lat' dir='ltr'>eo</span> <span class='ocrx_word' id='word_1_793' title='bbox 2762 3632 2955 3681; x_wconf 90' lang='lat' dir='ltr'>tamen</span> <span class='ocrx_word' id='word_1_794' title='bbox 2991 3631 3252 3697; x_wconf 90' lang='lat' dir='ltr'>tempore</span> <span class='ocrx_word' id='word_1_795' title='bbox 3281 3644 3396 3698; x_wconf 90' lang='lat' dir='ltr'>quo</span> <span class='ocrx_word' id='word_1_796' title='bbox 3437 3630 3665 3700; x_wconf 90' lang='lat' dir='ltr'>agimus</span> 
     </span>
    </p>
   </div>
   <div class='ocr_carea' id='block_1_100' title="bbox 1959 3715 3662 3789">
    <p class='ocr_par' dir='ltr' id='par_1_100' title="bbox 1959 3715 3662 3789">
     <span class='ocr_line' id='line_1_100' title="bbox 1959 3715 3662 3789; baseline 0.002 -19"><span class='ocrx_word' id='word_1_797' title='bbox 1959 3721 2136 3787; x_wconf 84' lang='lat' dir='ltr'>roget,</span> <span class='ocrx_word' id='word_1_798' title='bbox 2169 3732 2476 3786; x_wconf 86' lang='lat' dir='ltr'>possumus</span> <span class='ocrx_word' id='word_1_799' title='bbox 2497 3721 2624 3786; x_wconf 87' lang='lat' dir='ltr'>post</span> <span class='ocrx_word' id='word_1_800' title='bbox 2644 3716 2767 3786; x_wconf 86' lang='lat' dir='ltr'>ejus</span> <span class='ocrx_word' id='word_1_801' title='bbox 2788 3715 3300 3786; x_wconf 89' lang='lat' dir='ltr'>interrogationem</span> <span class='ocrx_word' id='word_1_802' title='bbox 3331 3717 3384 3771; x_wconf 89' lang='lat' dir='ltr'>id</span> <span class='ocrx_word' id='word_1_803' title='bbox 3413 3719 3662 3789; x_wconf 89' lang='lat' dir='ltr'>agendo,</span> 
     </span>
    </p>
   </div>
   <div class='ocr_carea' id='block_1_101' title="bbox 1959 3802 3661 3876">
    <p class='ocr_par' dir='ltr' id='par_1_101' title="bbox 1959 3802 3661 3876">
     <span class='ocr_line' id='line_1_101' title="bbox 1959 3802 3661 3876; baseline 0.002 -18"><span class='ocrx_word' id='word_1_804' title='bbox 1959 3819 2021 3858; x_wconf 90' lang='lat' dir='ltr'>re</span> <span class='ocrx_word' id='word_1_805' title='bbox 2053 3803 2178 3873; x_wconf 89' lang='lat' dir='ltr'>ipsa</span> <span class='ocrx_word' id='word_1_806' title='bbox 2207 3803 2398 3873; x_wconf 87' lang='lat' dir='ltr'>potius</span> <span class='ocrx_word' id='word_1_807' title='bbox 2441 3818 2614 3873; x_wconf 88' lang='lat' dir='ltr'>quam</span> <span class='ocrx_word' id='word_1_808' title='bbox 2656 3802 2820 3873; x_wconf 90' lang='lat' dir='ltr'>signo</span> <span class='ocrx_word' id='word_1_809' title='bbox 2849 3803 3242 3857; x_wconf 89' lang='lat' dir='ltr'>demonstrare</span> <span class='ocrx_word' id='word_1_810' title='bbox 3274 3805 3425 3872; x_wconf 88' lang='lat' dir='ltr'>quod</span> <span class='ocrx_word' id='word_1_811' title='bbox 3456 3810 3661 3876; x_wconf 88' lang='lat' dir='ltr'>rogat:</span> 
     </span>
    </p>
   </div>
   <div class='ocr_carea' id='block_1_102' title="bbox 1959 3891 3656 3965">
    <p class='ocr_par' dir='ltr' id='par_1_102' title="bbox 1959 3891 3656 3965">
     <span class='ocr_line' id='line_1_102' title="bbox 1959 3891 3656 3965; baseline 0.001 -19"><span class='ocrx_word' id='word_1_812' title='bbox 1959 3891 2072 3946; x_wconf 90' lang='lat' dir='ltr'>nisi</span> <span class='ocrx_word' id='word_1_813' title='bbox 2114 3891 2257 3946; x_wconf 89' lang='lat' dir='ltr'>forte</span> <span class='ocrx_word' id='word_1_814' title='bbox 2289 3893 2618 3962; x_wconf 91' lang='lat' dir='ltr'>loquentem</span> <span class='ocrx_word' id='word_1_815' title='bbox 2667 3907 2756 3944; x_wconf 90' lang='lat' dir='ltr'>me</span> <span class='ocrx_word' id='word_1_816' title='bbox 2796 3891 3111 3961; x_wconf 91' lang='lat' dir='ltr'>interroget</span> <span class='ocrx_word' id='word_1_817' title='bbox 3161 3891 3298 3962; x_wconf 91' lang='lat' dir='ltr'>quid</span> <span class='ocrx_word' id='word_1_818' title='bbox 3343 3893 3417 3947; x_wconf 90' lang='lat' dir='ltr'>sit</span> <span class='ocrx_word' id='word_1_819' title='bbox 3458 3894 3656 3965; x_wconf 91' lang='lat' dir='ltr'>loqui:</span> 
     </span>
    </p>
   </div>
   <div class='ocr_carea' id='block_1_103' title="bbox 1962 3979 3664 4051">
    <p class='ocr_par' dir='ltr' id='par_1_103' title="bbox 1962 3979 3664 4051">
     <span class='ocr_line' id='line_1_103' title="bbox 1962 3979 3664 4051; baseline 0.001 -17"><span class='ocrx_word' id='word_1_820' title='bbox 1962 3979 2242 4051; x_wconf 87' lang='lat' dir='ltr'>quidquid</span> <span class='ocrx_word' id='word_1_821' title='bbox 2275 3979 2428 4033; x_wconf 90' lang='lat' dir='ltr'>enim</span> <span class='ocrx_word' id='word_1_822' title='bbox 2453 3979 2670 4045; x_wconf 88' lang='lat' dir='ltr'>dixero,</span> <span class='ocrx_word' id='word_1_823' title='bbox 2694 3983 2758 4032; x_wconf 90' lang='lat' dir='ltr'>ut</span> <span class='ocrx_word' id='word_1_824' title='bbox 2780 3995 2911 4033; x_wconf 89' lang='lat' dir='ltr'>eum</span> <span class='ocrx_word' id='word_1_825' title='bbox 2935 3979 3190 4046; x_wconf 89' lang='lat' dir='ltr'>doceam,</span> <span class='ocrx_word' id='word_1_826' title='bbox 3215 3979 3417 4051; x_wconf 91' lang='lat' dir='ltr'>loquar</span> <span class='ocrx_word' id='word_1_827' title='bbox 3435 3997 3664 4036; x_wconf 88' lang='lat' dir='ltr'>necesse</span> 
     </span>
    </p>
   </div>
   <div class='ocr_carea' id='block_1_104' title="bbox 1962 4066 3658 4138">
    <p class='ocr_par' dir='ltr' id='par_1_104' title="bbox 1962 4066 3658 4138">
     <span class='ocr_line' id='line_1_104' title="bbox 1962 4066 3658 4138; baseline 0.001 -17"><span class='ocrx_word' id='word_1_828' title='bbox 1962 4079 2082 4122; x_wconf 83' lang='lat' dir='ltr'>est:</span> <span class='ocrx_word' id='word_1_829' title='bbox 2121 4083 2186 4121; x_wconf 83' lang='lat' dir='ltr'>ex</span> <span class='ocrx_word' id='word_1_830' title='bbox 2229 4083 2342 4138; x_wconf 92' lang='lat' dir='ltr'>quo</span> <span class='ocrx_word' id='word_1_831' title='bbox 2380 4071 2605 4121; x_wconf 89' lang='lat' dir='ltr'>secutus</span> <span class='ocrx_word' id='word_1_832' title='bbox 2635 4066 2869 4136; x_wconf 91' lang='lat' dir='ltr'>docebo,</span> <span class='ocrx_word' id='word_1_833' title='bbox 2903 4067 3081 4121; x_wconf 91' lang='lat' dir='ltr'>donec</span> <span class='ocrx_word' id='word_1_834' title='bbox 3112 4067 3163 4121; x_wconf 91' lang='lat' dir='ltr'>ei</span> <span class='ocrx_word' id='word_1_835' title='bbox 3189 4068 3426 4137; x_wconf 90' lang='lat' dir='ltr'>planum</span> <span class='ocrx_word' id='word_1_836' title='bbox 3454 4068 3658 4123; x_wconf 81' lang='lat' dir='ltr'>faciam</span> 
     </span>
    </p>
   </div>
   <div class='ocr_carea' id='block_1_105' title="bbox 1964 4155 3668 4229">
    <p class='ocr_par' dir='ltr' id='par_1_105' title="bbox 1964 4155 3668 4229">
     <span class='ocr_line' id='line_1_105' title="bbox 1964 4155 3668 4229; baseline 0.001 -19"><span class='ocrx_word' id='word_1_837' title='bbox 1964 4156 2118 4229; x_wconf 89' lang='lat' dir='ltr'>quod</span> <span class='ocrx_word' id='word_1_838' title='bbox 2150 4156 2287 4223; x_wconf 90' lang='lat' dir='ltr'>vult,</span> <span class='ocrx_word' id='word_1_839' title='bbox 2316 4171 2434 4210; x_wconf 92' lang='lat' dir='ltr'>non</span> <span class='ocrx_word' id='word_1_840' title='bbox 2459 4155 2729 4210; x_wconf 88' lang='lat' dir='ltr'>recedens</span> <span class='ocrx_word' id='word_1_841' title='bbox 2753 4172 2784 4209; x_wconf 88' lang='lat' dir='ltr'>a</span> <span class='ocrx_word' id='word_1_842' title='bbox 2809 4172 2870 4210; x_wconf 90' lang='lat' dir='ltr'>re</span> <span class='ocrx_word' id='word_1_843' title='bbox 2893 4155 3019 4227; x_wconf 90' lang='lat' dir='ltr'>ipsa</span> <span class='ocrx_word' id='word_1_844' title='bbox 3049 4172 3223 4226; x_wconf 90' lang='lat' dir='ltr'>quam</span> <span class='ocrx_word' id='word_1_845' title='bbox 3254 4155 3361 4210; x_wconf 91' lang='lat' dir='ltr'>sibi</span> <span class='ocrx_word' id='word_1_846' title='bbox 3378 4156 3556 4211; x_wconf 92' lang='lat' dir='ltr'>voluit</span> <span class='ocrx_word' id='word_1_847' title='bbox 3573 4157 3668 4212; x_wconf 88' lang='lat' dir='ltr'>de-</span> 
     </span>
    </p>
   </div>
   <div class='ocr_carea' id='block_1_106' title="bbox 1965 4243 3667 4316">
    <p class='ocr_par' dir='ltr' id='par_1_106' title="bbox 1965 4243 3667 4316">
     <span class='ocr_line' id='line_1_106' title="bbox 1965 4243 3667 4316; baseline 0.001 -17"><span class='ocrx_word' id='word_1_848' title='bbox 1965 4244 2294 4312; x_wconf 89' lang='lat' dir='ltr'>monstrari,</span> <span class='ocrx_word' id='word_1_849' title='bbox 2326 4260 2432 4298; x_wconf 92' lang='lat' dir='ltr'>nec</span> <span class='ocrx_word' id='word_1_850' title='bbox 2463 4243 2627 4315; x_wconf 91' lang='lat' dir='ltr'>signa</span> <span class='ocrx_word' id='word_1_851' title='bbox 2670 4261 2935 4316; x_wconf 66' lang='lat' dir='ltr'>quaerens</span> <span class='ocrx_word' id='word_1_852' title='bbox 2972 4243 3181 4316; x_wconf 90' lang='lat' dir='ltr'>quibus</span> <span class='ocrx_word' id='word_1_853' title='bbox 3219 4259 3344 4299; x_wconf 92' lang='lat' dir='ltr'>eam</span> <span class='ocrx_word' id='word_1_854' title='bbox 3375 4245 3667 4301; x_wconf 90' lang='lat' dir='ltr'>ostendam</span> 
     </span>
    </p>
   </div>
   <div class='ocr_carea' id='block_1_107' title="bbox 1963 4333 2405 4406">
    <p class='ocr_par' dir='ltr' id='par_1_107' title="bbox 1963 4333 2405 4406">
     <span class='ocr_line' id='line_1_107' title="bbox 1963 4333 2405 4406; baseline -0.002 -18"><span class='ocrx_word' id='word_1_855' title='bbox 1963 4337 2173 4406; x_wconf 63' lang='lat' dir='ltr'>praeter</span> <span class='ocrx_word' id='word_1_856' title='bbox 2203 4333 2405 4404; x_wconf 91' lang='lat' dir='ltr'>ipsam.</span> 
     </span>
    </p>
   </div>
   <div class='ocr_carea' id='block_1_108' title="bbox 2133 4421 3495 4490">
    <p class='ocr_par' dir='ltr' id='par_1_108' title="bbox 2133 4421 3495 4490">
     <span class='ocr_line' id='line_1_108' title="bbox 2133 4421 3495 4490; baseline -0.001 -13"><span class='ocrx_word' id='word_1_857' title='bbox 2133 4423 2357 4478; x_wconf 82' lang='lat' dir='ltr'><strong>CAPUT</strong></span> <span class='ocrx_word' id='word_1_858' title='bbox 2387 4421 2476 4476; x_wconf 91' lang='lat' dir='ltr'>IV.</span> <span class='ocrx_word' id='word_1_859' title='bbox 2511 4451 2578 4462; x_wconf 87' lang='lat'>—-</span> <span class='ocrx_word' id='word_1_860' title='bbox 2607 4423 2702 4476; x_wconf 87' lang='lat' dir='ltr'>An</span> <span class='ocrx_word' id='word_1_861' title='bbox 2733 4423 2893 4489; x_wconf 83' lang='lat' dir='ltr'>signa</span> <span class='ocrx_word' id='word_1_862' title='bbox 2914 4423 3086 4490; x_wconf 76' lang='lat' dir='ltr'>signis</span> <span class='ocrx_word' id='word_1_863' title='bbox 3114 4425 3495 4477; x_wconf 78' lang='lat' dir='ltr'>monstrentur.</span> 
     </span>
    </p>
   </div>
   <div class='ocr_carea' id='block_1_109' title="bbox 2036 4509 3667 4582">
    <p class='ocr_par' dir='ltr' id='par_1_109' title="bbox 2036 4509 3667 4582">
     <span class='ocr_line' id='line_1_109' title="bbox 2036 4509 3667 4582; baseline 0.001 -17"><span class='ocrx_word' id='word_1_864' title='bbox 2036 4516 2090 4567; x_wconf 86' lang='lat'>7.</span> <span class='ocrx_word' id='word_1_865' title='bbox 2135 4510 2280 4580; x_wconf 87' lang='lat' dir='ltr'>Aug.</span> <span class='ocrx_word' id='word_1_866' title='bbox 2324 4509 2664 4564; x_wconf 88' lang='lat' dir='ltr'>Acutissime</span> <span class='ocrx_word' id='word_1_867' title='bbox 2731 4510 3000 4564; x_wconf 89' lang='lat' dir='ltr'>omnino:</span> <span class='ocrx_word' id='word_1_868' title='bbox 3059 4527 3235 4582; x_wconf 90' lang='lat' dir='ltr'>quare</span> <span class='ocrx_word' id='word_1_869' title='bbox 3289 4511 3415 4565; x_wconf 89' lang='lat' dir='ltr'>vide</span> <span class='ocrx_word' id='word_1_870' title='bbox 3470 4514 3667 4568; x_wconf 90' lang='lat' dir='ltr'>utrum</span> 
     </span>
    </p>
   </div>
   <div class='ocr_carea' id='block_1_110' title="bbox 1967 4597 3671 4668">
    <p class='ocr_par' dir='ltr' id='par_1_110' title="bbox 1967 4597 3671 4668">
     <span class='ocr_line' id='line_1_110' title="bbox 1967 4597 3671 4668; baseline 0.002 -16"><span class='ocrx_word' id='word_1_871' title='bbox 1967 4598 2270 4654; x_wconf 85' lang='lat' dir='ltr'>conveniat</span> <span class='ocrx_word' id='word_1_872' title='bbox 2307 4599 2428 4668; x_wconf 89' lang='lat' dir='ltr'>jam</span> <span class='ocrx_word' id='word_1_873' title='bbox 2473 4598 2630 4653; x_wconf 91' lang='lat' dir='ltr'>inter</span> <span class='ocrx_word' id='word_1_874' title='bbox 2681 4614 2784 4653; x_wconf 89' lang='lat' dir='ltr'>nos</span> <span class='ocrx_word' id='word_1_875' title='bbox 2819 4614 2885 4652; x_wconf 90' lang='lat' dir='ltr'>ea</span> <span class='ocrx_word' id='word_1_876' title='bbox 2925 4614 3091 4668; x_wconf 89' lang='lat' dir='ltr'>posse</span> <span class='ocrx_word' id='word_1_877' title='bbox 3134 4597 3510 4652; x_wconf 89' lang='lat' dir='ltr'>demonstrari</span> <span class='ocrx_word' id='word_1_878' title='bbox 3549 4599 3671 4655; x_wconf 88' lang='lat' dir='ltr'>sine</span> 
     </span>
    </p>
   </div>
   <div class='ocr_carea' id='block_1_111' title="bbox 1973 4689 3673 4761">
    <p class='ocr_par' dir='ltr' id='par_1_111' title="bbox 1973 4689 3673 4761">
     <span class='ocr_line' id='line_1_111' title="bbox 1973 4689 3673 4761; baseline 0.001 -16"><span class='ocrx_word' id='word_1_879' title='bbox 1973 4690 2172 4761; x_wconf 89' lang='lat' dir='ltr'>signis,</span> <span class='ocrx_word' id='word_1_880' title='bbox 2214 4705 2344 4760; x_wconf 82' lang='lat' dir='ltr'>quae</span> <span class='ocrx_word' id='word_1_881' title='bbox 2391 4695 2490 4755; x_wconf 90' lang='lat' dir='ltr'>aut</span> <span class='ocrx_word' id='word_1_882' title='bbox 2538 4706 2657 4744; x_wconf 91' lang='lat' dir='ltr'>non</span> <span class='ocrx_word' id='word_1_883' title='bbox 2690 4689 2914 4760; x_wconf 89' lang='lat' dir='ltr'>agimns</span> <span class='ocrx_word' id='word_1_884' title='bbox 2958 4706 3086 4744; x_wconf 91' lang='lat' dir='ltr'>cum</span> <span class='ocrx_word' id='word_1_885' title='bbox 3124 4690 3567 4761; x_wconf 84' lang='lat' dir='ltr'>interrogamur,</span> <span class='ocrx_word' id='word_1_886' title='bbox 3617 4696 3673 4746; x_wconf 91' lang='lat' dir='ltr'>et</span> 
     </span>
    </p>
   </div>
   <div class='ocr_carea' id='block_1_112' title="bbox 1970 4778 3671 4850">
    <p class='ocr_par' dir='ltr' id='par_1_112' title="bbox 1970 4778 3671 4850">
     <span class='ocr_line' id='line_1_112' title="bbox 1970 4778 3671 4850; baseline 0 -15"><span class='ocrx_word' id='word_1_887' title='bbox 1970 4783 2166 4835; x_wconf 86' lang='lat' dir='ltr'>tamen</span> <span class='ocrx_word' id='word_1_888' title='bbox 2194 4778 2384 4833; x_wconf 90' lang='lat' dir='ltr'>statim</span> <span class='ocrx_word' id='word_1_889' title='bbox 2431 4794 2598 4850; x_wconf 88' lang='lat' dir='ltr'>agere</span> <span class='ocrx_word' id='word_1_890' title='bbox 2645 4795 2970 4849; x_wconf 89' lang='lat' dir='ltr'>possumus,</span> <span class='ocrx_word' id='word_1_891' title='bbox 3017 4783 3114 4833; x_wconf 89' lang='lat' dir='ltr'>aut</span> <span class='ocrx_word' id='word_1_892' title='bbox 3158 4778 3282 4850; x_wconf 90' lang='lat' dir='ltr'>ipsa</span> <span class='ocrx_word' id='word_1_893' title='bbox 3322 4780 3486 4850; x_wconf 89' lang='lat' dir='ltr'>signa</span> <span class='ocrx_word' id='word_1_894' title='bbox 3512 4781 3671 4844; x_wconf 82' lang='lat' dir='ltr'>forte</span> 
     </span>
    </p>
   </div>
   <div class='ocr_carea' id='block_1_113' title="bbox 1971 4867 3672 4940">
    <p class='ocr_par' dir='ltr' id='par_1_113' title="bbox 1971 4867 3672 4940">
     <span class='ocr_line' id='line_1_113' title="bbox 1971 4867 3672 4940; baseline 0 -16"><span class='ocrx_word' id='word_1_895' title='bbox 1971 4868 2214 4940; x_wconf 91' lang='lat' dir='ltr'>agimus.</span> <span class='ocrx_word' id='word_1_896' title='bbox 2252 4869 2394 4923; x_wconf 86' lang='lat' dir='ltr'>Cum</span> <span class='ocrx_word' id='word_1_897' title='bbox 2425 4867 2582 4922; x_wconf 91' lang='lat' dir='ltr'>enim</span> <span class='ocrx_word' id='word_1_898' title='bbox 2613 4867 2924 4939; x_wconf 87' lang='lat' dir='ltr'>loquimur,</span> <span class='ocrx_word' id='word_1_899' title='bbox 2972 4867 3134 4938; x_wconf 89' lang='lat' dir='ltr'>signa</span> <span class='ocrx_word' id='word_1_900' title='bbox 3165 4868 3424 4936; x_wconf 86' lang='lat' dir='ltr'>facimus,</span> <span class='ocrx_word' id='word_1_901' title='bbox 3459 4869 3528 4924; x_wconf 90' lang='lat' dir='ltr'>de</span> <span class='ocrx_word' id='word_1_902' title='bbox 3557 4886 3672 4940; x_wconf 89' lang='lat' dir='ltr'>quo</span> 
     </span>
    </p>
   </div>
   <div class='ocr_carea' id='block_1_114' title="bbox 1972 4956 3672 5028">
    <p class='ocr_par' dir='ltr' id='par_1_114' title="bbox 1972 4956 3672 5028">
     <span class='ocr_line' id='line_1_114' title="bbox 1972 4956 3672 5028; baseline -0.001 -15"><span class='ocrx_word' id='word_1_903' title='bbox 1972 4958 2187 5014; x_wconf 91' lang='lat' dir='ltr'>dictum</span> <span class='ocrx_word' id='word_1_904' title='bbox 2217 4961 2302 5011; x_wconf 90' lang='lat' dir='ltr'>est</span> <span class='ocrx_word' id='word_1_905' title='bbox 2333 4956 2681 5028; x_wconf 87' lang='lat' dir='ltr'>signiﬁcare.</span> <span class='ocrx_word' id='word_1_906' title='bbox 2711 4957 2828 5010; x_wconf 88' lang='lat' dir='ltr'>Ad.</span> <span class='ocrx_word' id='word_1_907' title='bbox 2859 4957 3150 5011; x_wconf 89' lang='lat' dir='ltr'>Convenit.</span> <span class='ocrx_word' id='word_1_908' title='bbox 3181 4961 3332 5026; x_wconf 90' lang='lat' dir='ltr'>Aug.</span> <span class='ocrx_word' id='word_1_909' title='bbox 3371 4959 3509 5013; x_wconf 90' lang='lat' dir='ltr'>Cum</span> <span class='ocrx_word' id='word_1_910' title='bbox 3536 4973 3672 5028; x_wconf 90' lang='lat' dir='ltr'>ergo</span> 
     </span>
    </p>
   </div>
   <div class='ocr_carea' id='block_1_115' title="bbox 1974 5045 3672 5118">
    <p class='ocr_par' dir='ltr' id='par_1_115' title="bbox 1974 5045 3672 5118">
     <span class='ocr_line' id='line_1_115' title="bbox 1974 5045 3672 5118; baseline -0.001 -16"><span class='ocrx_word' id='word_1_911' title='bbox 1974 5047 2044 5102; x_wconf 91' lang='lat' dir='ltr'>de</span> <span class='ocrx_word' id='word_1_912' title='bbox 2080 5045 2427 5117; x_wconf 88' lang='lat' dir='ltr'>quibusdam</span> <span class='ocrx_word' id='word_1_913' title='bbox 2470 5045 2649 5116; x_wconf 88' lang='lat' dir='ltr'>signis</span> <span class='ocrx_word' id='word_1_914' title='bbox 2682 5045 2983 5118; x_wconf 63' lang='lat' dir='ltr'>quaeritur,</span> <span class='ocrx_word' id='word_1_915' title='bbox 3014 5051 3254 5116; x_wconf 90' lang='lat' dir='ltr'>possunt</span> <span class='ocrx_word' id='word_1_916' title='bbox 3297 5047 3473 5118; x_wconf 91' lang='lat' dir='ltr'>signis</span> <span class='ocrx_word' id='word_1_917' title='bbox 3511 5046 3672 5115; x_wconf 89' lang='lat' dir='ltr'>signa</span> 
     </span>
    </p>
   </div>
   <div class='ocr_carea' id='block_1_116' title="bbox 1975 5133 3670 5206">
    <p class='ocr_par' dir='ltr' id='par_1_116' title="bbox 1975 5133 3670 5206">
     <span class='ocr_line' id='line_1_116' title="bbox 1975 5133 3670 5206; baseline -0.002 -15"><span class='ocrx_word' id='word_1_918' title='bbox 1975 5133 2304 5199; x_wconf 88' lang='lat' dir='ltr'>monstrari,</span> <span class='ocrx_word' id='word_1_919' title='bbox 2335 5150 2469 5188; x_wconf 91' lang='lat' dir='ltr'>cum</span> <span class='ocrx_word' id='word_1_920' title='bbox 2495 5139 2686 5189; x_wconf 90' lang='lat' dir='ltr'>autem</span> <span class='ocrx_word' id='word_1_921' title='bbox 2722 5135 2791 5188; x_wconf 87' lang='lat' dir='ltr'>de</span> <span class='ocrx_word' id='word_1_922' title='bbox 2820 5134 2990 5189; x_wconf 89' lang='lat' dir='ltr'>rebus</span> <span class='ocrx_word' id='word_1_923' title='bbox 3019 5151 3150 5206; x_wconf 62' lang='lat' dir='ltr'>quae</span> <span class='ocrx_word' id='word_1_924' title='bbox 3180 5135 3343 5206; x_wconf 89' lang='lat' dir='ltr'>signa</span> <span class='ocrx_word' id='word_1_925' title='bbox 3370 5150 3488 5188; x_wconf 88' lang='lat' dir='ltr'>non</span> <span class='ocrx_word' id='word_1_926' title='bbox 3518 5138 3670 5200; x_wconf 89' lang='lat' dir='ltr'>sunt,</span> 
     </span>
    </p>
   </div>
   <div class='ocr_carea' id='block_1_117' title="bbox 1976 5223 3675 5294">
    <p class='ocr_par' dir='ltr' id='par_1_117' title="bbox 1976 5223 3675 5294">
     <span class='ocr_line' id='line_1_117' title="bbox 1976 5223 3675 5294; baseline -0.002 -15"><span class='ocrx_word' id='word_1_927' title='bbox 1976 5227 2074 5279; x_wconf 88' lang='lat' dir='ltr'>aut</span> <span class='ocrx_word' id='word_1_928' title='bbox 2102 5240 2196 5278; x_wconf 89' lang='lat' dir='ltr'>eas</span> <span class='ocrx_word' id='word_1_929' title='bbox 2227 5223 2449 5293; x_wconf 89' lang='lat' dir='ltr'>agendo</span> <span class='ocrx_word' id='word_1_930' title='bbox 2479 5228 2611 5294; x_wconf 90' lang='lat' dir='ltr'>post</span> <span class='ocrx_word' id='word_1_931' title='bbox 2639 5223 3070 5294; x_wconf 88' lang='lat' dir='ltr'>inquisitionem</span> <span class='ocrx_word' id='word_1_932' title='bbox 3101 5224 3147 5278; x_wconf 94' lang='lat' dir='ltr'>si</span> <span class='ocrx_word' id='word_1_933' title='bbox 3174 5223 3266 5293; x_wconf 89' lang='lat' dir='ltr'>agi</span> <span class='ocrx_word' id='word_1_934' title='bbox 3288 5226 3544 5293; x_wconf 89' lang='lat' dir='ltr'>possunt,</span> <span class='ocrx_word' id='word_1_935' title='bbox 3577 5226 3675 5276; x_wconf 91' lang='lat' dir='ltr'>aut</span> 
     </span>
    </p>
   </div>
   <div class='ocr_carea' id='block_1_118' title="bbox 1975 5309 3672 5383">
    <p class='ocr_par' dir='ltr' id='par_1_118' title="bbox 1975 5309 3672 5383">
     <span class='ocr_line' id='line_1_118' title="bbox 1975 5309 3672 5383; baseline -0.001 -17"><span class='ocrx_word' id='word_1_936' title='bbox 1975 5311 2138 5383; x_wconf 90' lang='lat' dir='ltr'>signa</span> <span class='ocrx_word' id='word_1_937' title='bbox 2168 5310 2358 5366; x_wconf 89' lang='lat' dir='ltr'>dando</span> <span class='ocrx_word' id='word_1_938' title='bbox 2381 5326 2484 5382; x_wconf 90' lang='lat' dir='ltr'>per</span> <span class='ocrx_word' id='word_1_939' title='bbox 2513 5327 2642 5383; x_wconf 63' lang='lat' dir='ltr'>quas</span> <span class='ocrx_word' id='word_1_940' title='bbox 2673 5311 3050 5366; x_wconf 87' lang='lat' dir='ltr'>animadverti</span> <span class='ocrx_word' id='word_1_941' title='bbox 3080 5314 3314 5381; x_wconf 84' lang='lat' dir='ltr'>queant.</span> <span class='ocrx_word' id='word_1_942' title='bbox 3344 5309 3549 5363; x_wconf 88' lang='lat' dir='ltr'>Ad.1ta</span> <span class='ocrx_word' id='word_1_943' title='bbox 3569 5313 3672 5365; x_wconf 89' lang='lat' dir='ltr'>est.</span> 
     </span>
    </p>
   </div>
   <div class='ocr_carea' id='block_1_119' title="bbox 1974 5397 3679 5472">
    <p class='ocr_par' dir='ltr' id='par_1_119' title="bbox 1974 5397 3679 5472">
     <span class='ocr_line' id='line_1_119' title="bbox 1974 5397 3679 5472; baseline -0.001 -18"><span class='ocrx_word' id='word_1_944' title='bbox 1974 5403 2126 5469; x_wconf 89' lang='lat' dir='ltr'>Aug.</span> <span class='ocrx_word' id='word_1_945' title='bbox 2153 5401 2218 5455; x_wconf 88' lang='lat' dir='ltr'>In</span> <span class='ocrx_word' id='word_1_946' title='bbox 2251 5401 2358 5455; x_wconf 90' lang='lat' dir='ltr'>hac</span> <span class='ocrx_word' id='word_1_947' title='bbox 2389 5399 2567 5472; x_wconf 90' lang='lat' dir='ltr'>igitur</span> <span class='ocrx_word' id='word_1_948' title='bbox 2596 5400 2888 5471; x_wconf 87' lang='lat' dir='ltr'>tripartita</span> <span class='ocrx_word' id='word_1_949' title='bbox 2917 5398 3318 5454; x_wconf 87' lang='lat' dir='ltr'>distributione</span> <span class='ocrx_word' id='word_1_950' title='bbox 3346 5397 3507 5467; x_wconf 88' lang='lat' dir='ltr'>prius</span> <span class='ocrx_word' id='word_1_951' title='bbox 3536 5397 3679 5453; x_wconf 89' lang='lat' dir='ltr'>illud</span> 
     </span>
    </p>
   </div>
   <div class='ocr_carea' id='block_1_120' title="bbox 1975 5486 3650 5561">
    <p class='ocr_par' dir='ltr' id='par_1_120' title="bbox 1975 5486 3650 5561">
     <span class='ocr_line' id='line_1_120' title="bbox 1975 5486 3650 5561; baseline -0.001 -17"><span class='ocrx_word' id='word_1_952' title='bbox 1975 5488 2424 5556; x_wconf 90' lang='lat' dir='ltr'>consideremus,</span> <span class='ocrx_word' id='word_1_953' title='bbox 2467 5489 2515 5543; x_wconf 89' lang='lat' dir='ltr'>si</span> <span class='ocrx_word' id='word_1_954' title='bbox 2543 5490 2749 5560; x_wconf 88' lang='lat' dir='ltr'>placet,</span> <span class='ocrx_word' id='word_1_955' title='bbox 2781 5489 2930 5561; x_wconf 87' lang='lat' dir='ltr'>quod</span> <span class='ocrx_word' id='word_1_956' title='bbox 2963 5486 3136 5556; x_wconf 89' lang='lat' dir='ltr'>signis</span> <span class='ocrx_word' id='word_1_957' title='bbox 3165 5487 3328 5557; x_wconf 89' lang='lat' dir='ltr'>signa</span> <span class='ocrx_word' id='word_1_958' title='bbox 3354 5491 3650 5542; x_wconf 86' lang='lat' dir='ltr'>monstran</span> 
     </span>
    </p>
   </div>
   <div class='ocr_carea' id='block_1_121' title="bbox 1977 5575 3678 5646">
    <p class='ocr_par' dir='ltr' id='par_1_121' title="bbox 1977 5575 3678 5646">
     <span class='ocr_line' id='line_1_121' title="bbox 1977 5575 3678 5646; baseline -0.002 -12"><span class='ocrx_word' id='word_1_959' title='bbox 1977 5583 2072 5634; x_wconf 91' lang='lat' dir='ltr'>tur</span> <span class='ocrx_word' id='word_1_960' title='bbox 2096 5595 2108 5632; x_wconf 96' lang='lat'>:</span> <span class='ocrx_word' id='word_1_961' title='bbox 2137 5594 2277 5634; x_wconf 88' lang='lat' dir='ltr'>num</span> <span class='ocrx_word' id='word_1_962' title='bbox 2301 5578 2456 5632; x_wconf 91' lang='lat' dir='ltr'>enim</span> <span class='ocrx_word' id='word_1_963' title='bbox 2486 5579 2605 5633; x_wconf 88' lang='lat' dir='ltr'>sola</span> <span class='ocrx_word' id='word_1_964' title='bbox 2634 5579 2806 5634; x_wconf 87' lang='lat' dir='ltr'>verba</span> <span class='ocrx_word' id='word_1_965' title='bbox 2834 5575 3186 5645; x_wconf 82' lang='lat' dir='ltr'>suntsigna?</span> <span class='ocrx_word' id='word_1_966' title='bbox 3217 5575 3329 5630; x_wconf 80' lang='lat' dir='ltr'>Ad.</span> <span class='ocrx_word' id='word_1_967' title='bbox 3354 5575 3499 5630; x_wconf 89' lang='lat' dir='ltr'>Non.</span> <span class='ocrx_word' id='word_1_968' title='bbox 3523 5578 3678 5646; x_wconf 88' lang='lat' dir='ltr'>Aug.</span> 
     </span>
    </p>
   </div>
  </div>
