4074 6394
288 246 422 295 1119

285 362 518 417 Videtur
539 376 676 431 ergo
700 360 842 414 mihi
863 357 1150 430 loquendo
1165 373 1270 411 nos
1297 360 1394 412 aut
1413 357 1581 411 verba
1602 356 1729 427 ipsa
1750 357 1975 427 signare

284 450 492 518 verbis,
525 453 624 503 aut
647 447 766 519 alia
797 448 978 519 signa,
1010 448 1164 500 velut
1194 453 1418 515 gestum
1448 462 1576 500 cum
1608 446 1848 500 dicimus
1877 449 1977 499 aut

284 538 573 603 litteram;
622 552 757 590 nam
789 535 878 588 his
917 535 1137 589 duobus
1177 535 1363 588 verbis
1403 551 1529 605 quae
1559 533 1971 604 signiﬁcantur,

284 625 661 679 nihilominus
683 624 844 693 signa
864 629 1025 678 sunt:
1052 627 1148 677 aut
1169 623 1384 694 aliquid
1404 623 1557 676 aliud
1578 622 1729 692 quod
1747 621 1975 690 signum

283 730 398 768 non
429 713 521 778 sit,
555 712 708 766 velut
731 728 862 766 cum
892 711 1152 778 dicimus,
1185 713 1383 780 Lapis;
1417 711 1525 762 hoc
1554 709 1708 762 enim
1737 709 1976 762 verbum

285 801 510 872 signum
537 806 641 869 est,
673 817 807 855 nam
833 801 1115 872 signiﬁcat
1139 798 1376 870 aliquid,
1409 797 1504 851 sed
1534 796 1592 850 id
1624 798 1780 867 quod
1811 813 1876 850 eo
1906 796 1976 849 si-

283 889 604 957 gniﬁcatur,
656 904 775 942 non
838 888 1104 941 continuo
1148 886 1374 956 signum
1417 873 1534 937 est:
1585 885 1736 954 quod
1781 889 1975 938 tamen

282 994 484 1047 genus,
516 976 576 1030 id
606 981 690 1031 est
710 993 838 1031 cum
865 976 1048 1030 verbis
1077 992 1142 1028 ea
1167 990 1292 1044 quae
1315 974 1474 1043 signa
1497 989 1612 1027 non
1638 979 1770 1027 sunt
1796 975 1974 1044 signi-

284 1065 548 1134 ﬁcantur,
579 1082 694 1119 non
725 1066 973 1136 pertinet
991 1064 1060 1116 ad
1084 1063 1228 1116 hanc
1257 1067 1476 1131 partem
1498 1077 1671 1132 quam
1693 1061 1973 1116 discutere

279 1155 703 1225 proposuimus.
770 1151 1131 1221 Suscepimus
1189 1150 1343 1202 enim
1399 1150 1754 1204 considerare
1807 1151 1969 1218 illud,

284 1244 436 1312 quod
481 1242 656 1312 signis
689 1241 850 1310 signa
892 1241 1296 1306 monstrantur,
1329 1244 1386 1291 et
1417 1242 1605 1308 partes
1635 1238 1692 1292 in
1723 1255 1790 1292 eo
1833 1240 1973 1293 duas

281 1330 684 1401 comperimus,
708 1345 836 1382 cum
870 1331 966 1381 aut
994 1325 1192 1380 eadem
1218 1331 1319 1379 aut
1347 1325 1457 1378 alia
1477 1326 1639 1396 signa
1669 1326 1844 1396 signis
1871 1328 1972 1380 do-

279 1434 473 1472 cemus
492 1419 577 1471 vel
601 1430 1150 1470 commemoramus:
1176 1430 1248 1467 an
1279 1429 1394 1467 non
1422 1413 1527 1467 tibi
1550 1413 1786 1468 videbus
1806 1414 1835 1466 ?
1853 1414 1970 1469 Ad.

281 1507 640 1561 Manifestum
672 1509 776 1558 est.
801 1522 806 1526 ’

349 1597 398 1650 8.
434 1596 585 1661 Aug.
629 1594 727 1647 Dic
761 1608 894 1664 ergo
942 1592 1104 1663 signa
1146 1607 1274 1662 quae
1302 1591 1472 1645 verba
1511 1593 1663 1656 sunt,
1698 1589 1768 1644 ad
1799 1605 1972 1661 quem

279 1699 510 1738 sensum
529 1681 870 1753 pertineant.
894 1681 1002 1734 Ad.
1021 1681 1100 1734 Ad
1116 1681 1394 1734 auditum.
1410 1683 1558 1746 Aug.
1580 1679 1722 1742 Quid
1739 1680 1969 1750 gestus?

276 1773 391 1826 Ad.
435 1773 515 1826 Ad
565 1770 768 1824 visum.
817 1771 962 1836 Aug.
1007 1769 1174 1835 Quid,
1208 1784 1338 1822 cum
1371 1768 1538 1822 verba
1567 1768 1776 1838 scripta
1806 1767 1968 1821 inve-

276 1860 521 1914 nimus?
572 1875 709 1912 num
761 1859 929 1912 verba
977 1874 1092 1912 non
1143 1862 1294 1923 sunt,
1346 1873 1417 1910 an
1463 1857 1626 1926 signa
1664 1856 1970 1910 verborum

277 1949 466 2002 verius
509 1947 948 2018 intelliguntur?
991 1951 1052 2000 ut
1095 1947 1332 2000 verbum
1381 1945 1454 1999 sit
1501 1944 1655 2016 quod
1694 1960 1822 1998 cum
1866 1943 1972 1998 ali-

279 2053 391 2108 quo
432 2036 788 2118 signiﬁcatur
831 2035 1128 2088 articulata
1170 2049 1303 2088 voce
1333 2033 1657 2104 profertur;
1709 2049 1814 2087 vox
1868 2049 1968 2087 au-

277 2132 394 2181 tem
437 2125 594 2179 nullo
638 2124 751 2178 alio
798 2140 962 2178 sensu
1015 2140 1187 2194 quam
1229 2123 1430 2177 auditu
1471 2122 1688 2193 percipi
1742 2126 1964 2193 potest:

276 2214 356 2266 ita
390 2212 556 2266 ﬁt'ut
601 2227 733 2266 cum
763 2211 1027 2266 scribitur
1065 2212 1322 2277 verbum,
1373 2210 1600 2282 signum
1637 2211 1734 2264 ﬁat
1769 2211 1966 2278 oculis,

279 2317 391 2372 quo
423 2301 561 2354 illud
593 2301 743 2370 quod
771 2300 840 2354 ad
872 2317 1036 2354 aures
1058 2300 1326 2370 pertinet,
1358 2299 1588 2353 veniant
1607 2299 1667 2352 in
1694 2305 1963 2354 mentem.

275 2390 391 2443 Ad.
425 2390 670 2445 Omnino
718 2391 1013 2446 assentior.
1057 2393 1205 2456 Aug.
1249 2389 1310 2443 Id
1361 2404 1588 2460 quoque
1633 2392 1687 2442 te
1727 2388 1969 2443 arbitror

276 2479 558 2546 assentiri,
591 2495 722 2533 cum
765 2479 1027 2544 dicimus,
1071 2479 1307 2541 Nomen,
1356 2477 1674 2546 signiﬁcare
1716 2493 1818 2530 nos
1864 2477 1966 2530 ali-

276 2566 436 2636 quid.
468 2567 585 2620 Ad.
615 2567 820 2619 Verum
842 2571 942 2619 est.
969 2569 1121 2633 Aug.
1153 2565 1296 2629 Quid
1327 2566 1556 2618 tandem
1575 2566 1604 2618 ?
1632 2566 1744 2619 Ad.
1779 2565 1841 2619 Id
1867 2566 1969 2619 sci-

273 2653 406 2708 licet
428 2655 577 2724 quod
607 2654 860 2724 quidque
887 2654 1226 2724 appellatur,
1263 2654 1417 2707 velut
1440 2653 1734 2720 Romulus,
1766 2656 1963 2722 Roma,

273 2743 470 2808 virtus,
497 2742 723 2808 ﬂuvius,
743 2748 800 2796 et
816 2742 1253 2796 innumerabilia
1268 2747 1491 2796 caetera.
1511 2744 1660 2808 Aug.
1689 2742 1832 2796 Num
1858 2741 1967 2795 ista

275 2836 519 2901 quatuor
530 2831 760 2885 nomina
778 2833 963 2885 nullas
981 2847 1068 2885 res
1081 2831 1566 2901 signiﬁcant?Ad.
1588 2831 1707 2884 Imo
1723 2829 1961 2900 aliquas.

274 2921 422 2985 Aug.
458 2920 606 2973 Num
636 2920 780 2973 nihil
823 2920 995 2974 distat
1023 2920 1173 2973 inter
1201 2920 1320 2973 haec
1365 2918 1618 2985 nomina,
1658 2922 1713 2972 et
1744 2935 1838 2972 eas
1875 2935 1963 2971 res

273 3023 400 3078 qum
427 3008 517 3062 his
539 3009 935 3080 signiﬁcantur
954 3008 981 3062 ?
1010 3009 1114 3061 Ad.
1145 3009 1265 3062 Imo
1297 3008 1630 3080 plurimum.
1662 3011 1813 3076 Aug.
1836 3009 1962 3061 Vel-

271 3096 387 3150 lem
419 3096 517 3150 abs
561 3102 617 3151 te
658 3097 874 3162 audire,
910 3097 1183 3168 quidnam
1225 3097 1280 3150 id
1325 3096 1416 3151 sit.
1469 3096 1578 3150 Ad.
1629 3097 1740 3149 Hoc
1778 3096 1861 3149 vel
1903 3095 1962 3150 in

270 3186 491 3257 primis,
524 3187 676 3258 quod
699 3187 818 3240 hinc
847 3187 1010 3257 signa
1033 3191 1185 3255 sunt,
1209 3185 1304 3239 illa
1329 3202 1443 3240 non
1474 3189 1625 3239 sunt.
1664 3188 1816 3252 Aug.
1842 3186 1963 3239 Pla-

271 3281 429 3328 cetne
466 3276 818 3344 appellemus
861 3275 1257 3344 signiﬁcabilia
1298 3289 1363 3328 ea
1394 3291 1522 3345 quae
1561 3273 1736 3344 signis
1776 3274 1960 3344 signi-

270 3361 427 3416 ﬁcari
455 3366 694 3432 possunt
722 3366 776 3416 et
812 3362 971 3432 signa
1003 3378 1120 3416 non
1150 3366 1300 3424 sunt,
1334 3362 1479 3415 sicut
1506 3377 1573 3415 ea
1611 3378 1738 3432 quae.
1780 3363 1960 3417 videri

268 3455 527 3520 possunt,
549 3449 794 3504 visibilia
815 3451 1196 3516 nominamus,
1222 3454 1283 3503 ut
1305 3450 1372 3503 de
1399 3450 1487 3503 his
1505 3450 1772 3520 deinceps
1800 3468 1959 3505 com-

268 3538 493 3592 modius
515 3537 857 3591 disseramus
876 3539 904 3591 ?
925 3538 1038 3592 Ad.
1069 3539 1255 3592 Placet
1281 3554 1435 3592 vero.
1469 3538 1615 3605 Aug.
1644 3539 1787 3602 Quid
1807 3539 1834 3592 τ
1862 3541 1959 3594 illa

267 3634 515 3700 quatuor
560 3627 720 3699 signa
759 3644 886 3698 qua:
919 3628 1091 3697 paulo
1122 3633 1252 3681 ante
1290 3628 1692 3699 pronuntiasti,
1729 3630 1956 3684 nullone

268 3717 378 3770 alio
392 3716 554 3787 signo
569 3716 998 3786 signiﬁcantur?
1019 3716 1130 3770 Ad.
1157 3715 1330 3771 Miror
1348 3717 1498 3786 quod
1511 3717 1632 3786 jam
1649 3715 1791 3769 mihi
1810 3715 1956 3770 exci-

266 3804 747 3874 dissqarbitraris,
781 3804 936 3876 quod
964 3821 1029 3857 ea
1060 3819 1188 3875 quae
1218 3804 1564 3871 scribuntur,
1597 3821 1796 3859 eorum
1827 3822 1956 3876 quas

265 3909 397 3946 voce
435 3893 824 3963 proferuntur,
859 3892 1157 3963 signorum
1188 3892 1350 3963 signa
1380 3909 1500 3947 esse
1535 3893 1946 3964 comperimus.

263 3982 408 4047 Aug.
444 3981 540 4034 Dic
563 3980 710 4033 inter
737 3980 846 4034 ista
871 3981 1007 4051 quid
1033 3980 1242 4034 distet?
1263 3981 1372 4034 Ad.
1406 3981 1563 4044 Quod
1594 3981 1692 4035 illa
1714 3981 1955 4035 visibilia

263 4074 416 4133 sunt,
460 4069 580 4123 haec
621 4069 910 4123 audibilia.
959 4068 1070 4122 Cur
1107 4068 1261 4122 enim
1312 4073 1368 4122 et
1418 4069 1525 4122 hoc
1577 4085 1790 4123 nomen
1837 4086 1952 4124 non

265 4158 545 4224 admittas,
593 4158 639 4211 si
677 4158 1011 4212 admisimus
1041 4157 1480 4227 signiﬁcabilia?
1523 4158 1668 4225 Aug.
1717 4159 1952 4211 Prorsus

261 4247 518 4314 admitto,
545 4253 600 4301 et
626 4253 853 4317 gratum
879 4247 1079 4301 habeo.
1106 4247 1213 4301 Sed
1239 4262 1435 4299 rursus
1465 4263 1683 4317 quaero,
1707 4252 1953 4317 quatuor

260 4335 380 4388 hzec
391 4335 553 4404 signa
573 4335 806 4388 nullone
829 4335 938 4387 alio
956 4334 1118 4403 signo
1137 4332 1374 4387 audibili
1394 4333 1700 4403 signiﬁcari
1716 4341 1947 4404 queant,

260 4428 325 4478 ut
353 4423 593 4478 visibilia
620 4423 951 4478 recordatus
983 4424 1087 4477 es?
1119 4423 1227 4478 Ad.
1265 4425 1376 4477 Hoc
1407 4441 1635 4495 quoque
1664 4426 1949 4480 recentius

261 4512 476 4567 dictum
495 4513 777 4567 recordor.
807 4514 945 4566 Nam
971 4529 1180 4567 nomen
1202 4513 1603 4582 responderam
1624 4513 1947 4586 signiﬁcare

259 4601 498 4672 aliquid,
517 4606 573 4655 et
591 4600 721 4655 huic
739 4599 1144 4670 signiﬁcationi
1170 4605 1417 4672 quatuor
1437 4602 1538 4655 ista
1558 4603 1908 4673 subjeceram
1929 4621 1943 4671 ;

259 4694 316 4743 et
352 4689 493 4744 illud
524 4695 714 4743 autem
761 4693 818 4742 et
851 4689 996 4758 haec,
1028 4689 1074 4742 si
1114 4689 1348 4760 quidem
1391 4706 1525 4744 voce
1555 4692 1943 4762 proferuntur,

260 4777 531 4831 audibilia
553 4794 673 4831 esse
699 4793 999 4846 cognosco.
1021 4778 1168 4846 Aug.
1197 4777 1340 4842 Quid
1369 4795 1503 4850 ergo
1525 4779 1674 4834 inter
1692 4781 1944 4835 audibile

257 4865 483 4938 signum
507 4869 563 4921 et
586 4866 856 4920 audibilia
874 4865 1210 4937 signiﬁcata,
1239 4883 1367 4938 quae
1389 4885 1586 4923 rursus
1607 4869 1767 4939 signa
1789 4875 1939 4937 sunt,

255 4957 528 5010 interest?
544 4955 654 5010 Ad.
676 4954 981 5009 Interillud
994 4955 1225 5026 quidem
1243 4957 1396 5027 quod
1418 4957 1681 5025 dicimus,
1700 4959 1940 5026 Nomen,

255 5048 311 5098 et
356 5045 477 5098 haec
509 5047 750 5115 quatuor
792 5060 921 5115 quae
957 5044 1357 5114 signiﬁcationi
1402 5046 1524 5115 ejus
1571 5045 1938 5116 subjecimus,

252 5134 358 5187 hoc
388 5133 596 5188 distare
622 5131 802 5199 video,
838 5133 990 5204 quod
1021 5133 1162 5188 illud
1193 5133 1442 5188 audibile
1473 5135 1701 5204 signum
1751 5138 1834 5187 est
1863 5134 1938 5187 si-

252 5237 494 5292 gnorum
524 5221 864 5277 audibilinm
887 5239 900 5277 :
927 5223 1047 5276 haec
1067 5238 1198 5276 vero
1229 5221 1502 5276 audibilia
1523 5221 1756 5292 quidem
1777 5222 1940 5293 signa.

250 5314 399 5376 sunt,
433 5327 546 5364 non
588 5315 782 5366 tamen
814 5311 1128 5381 signorum,
1173 5310 1270 5364 sed
1315 5325 1509 5364 rerum
1553 5311 1762 5380 partim
1801 5313 1936 5365 visi-

249 5398 472 5464 bilium,
521 5399 668 5454 sicut
712 5404 797 5452 est
850 5399 1147 5460 Romulus,
1200 5399 1398 5467 Roma,
1446 5398 1688 5467 ﬂuvius;
1729 5402 1934 5469 partim

249 5485 718 5554 intelligihilium,
748 5486 892 5540 sicut
921 5491 1006 5541 est
1024 5485 1223 5542 virtus.

1508 235 1602 290 DE
1642 233 2021 302 MAGISTRO,
2065 232 2118 288 S.
2162 231 2544 288 AUGUSTINI

3645 237 3663 287 l
3676 235 3784 287 200

2155 359 2206 410 9.
2241 357 2384 424 Aug.
2427 354 2656 425 Accipio
2687 357 2743 408 et
2789 355 2968 426 probo
2996 371 3008 409 :
3061 355 3159 409 sed
3191 356 3372 410 scisne
3403 358 3598 411 omnia
3647 373 3783 429 quae

2083 459 2216 498 voce
2263 443 2561 498 articulata
2602 459 2731 496 cum
2782 443 2976 514 aliquo
3008 443 3331 514 signiﬁcatu
3383 446 3778 517 proferuntur,

2083 533 2253 587 verba
2271 530 2586 603 appellari?
2603 531 2715 585 Ad.
2731 531 2872 586 Scio.
2897 534 3048 600 Aug.
3076 535 3216 603 Ergo
3238 539 3293 586 et
3307 550 3515 588 nomen
3537 536 3778 598 verbum

2084 626 2186 687 est,
2219 620 2684 693 quandoquidem
2705 620 2762 674 id
2790 620 3046 674 videmus
3073 638 3202 675 cum
3233 622 3426 693 aliquo
3450 623 3777 692 signiﬁcatu

2085 710 2380 764 articulata
2402 726 2536 762 voce
2563 709 2807 780 proferri
2831 726 2844 775 ;
2868 714 2924 763 et
2952 725 3082 763 cum
3111 709 3351 763 dicimus
3380 710 3656 764 disertum
3680 711 3784 763 ho-

2084 798 2298 852 minem
2310 797 2671 852 bonisverbis
2687 796 2790 862 uti,
2810 796 2980 850 etiam
2996 797 3322 851 nominibus
3339 797 3538 868 utique
3561 797 3782 864 utitur;

2085 891 2141 941 et
2169 902 2295 940 cum
2329 885 2448 940 seni
2490 884 2722 939 domino
2763 885 2918 955 apud
2960 886 3287 940 Terentium
3327 902 3520 939 servus
3558 884 3780 950 retulit,

2085 977 2232 1029 Bona
2270 975 2433 1028 verba
2465 989 2640 1042 quaeso
2679 975 2766 1043 (In
2812 973 3053 1039 Andria,
3093 979 3197 1028 act.
3246 977 3293 1038 l,
3328 989 3467 1028 scen.
3497 977 3527 1027 ‘2
3568 990 3619 1027 υ.
3668 976 3781 1040 33),

2084 1063 2265 1117 multa
2292 1062 2387 1116 ille
2418 1063 2592 1116 etiam
2622 1062 2856 1116 nomina
2885 1061 3120 1117 dixerat.
3150 1062 3259 1116 Ad.
3292 1063 3603 1116 Assentior.
3628 1062 3778 1126 Aug.

2084 1151 2354 1206 Concedis
2386 1151 2563 1222 igitur
2594 1149 2664 1202 iis
2694 1149 2914 1204 duabus
2945 1149 3175 1221 syllabis
3205 1166 3344 1221 quas
3371 1150 3614 1216 edimus,
3647 1165 3780 1203 cum

2083 1240 2343 1307 dicimus,
2394 1239 2662 1304 Verbum,
2708 1255 2917 1292 nomen
2958 1255 3191 1308 quoque
3236 1239 3564 1308 signiﬁcari,
3608 1243 3664 1292 et
3706 1238 3780 1292 ob

2082 1327 2190 1380 hoc
2219 1327 2361 1380 illud
2391 1327 2563 1397 hujus
2593 1327 2818 1397 signum
2850 1343 2989 1382 esse.
3024 1328 3134 1382 Ad.
3167 1329 3446 1383 Concedo.
3480 1329 3625 1396 Aug.
3663 1329 3779 1380 Hoc

2081 1431 2310 1487 quoque
2357 1416 2700 1486 respondeas
2743 1416 2934 1470 velim.
2979 1417 3120 1471 Cum
3163 1417 3400 1471 verbum
3443 1417 3672 1487 signum
3704 1415 3782 1468 sit

2082 1502 2350 1566 nominis,
2376 1507 2432 1557 et
2459 1519 2670 1557 nomen
2697 1503 2926 1574 signum
2965 1504 3038 1558 sit
3068 1504 3349 1574 fluminis,
3379 1509 3435 1558 et
3465 1506 3678 1558 ﬁumen
3711 1502 3783 1556 si-

2083 1607 2260 1663 gnum
2285 1590 2356 1644 sit
2375 1590 2458 1644 rei
2478 1607 2606 1662 quae
2631 1591 2751 1661 jam
2777 1591 2955 1646 videri
2978 1598 3182 1663 potest,
3206 1598 3272 1647 ut
3300 1594 3450 1647 inter
3479 1595 3624 1646 hanc
3646 1607 3772 1645 rem

2082 1686 2138 1734 et
2186 1681 2421 1746 ﬁumen,
2466 1679 2524 1733 id
2572 1684 2653 1733 est
2687 1680 2914 1750 signum
2955 1681 3095 1751 ejus,
3130 1686 3187 1734 et
3216 1680 3365 1734 inter
3401 1680 3508 1733 hoc
3548 1678 3781 1748 signum

2081 1773 2137 1822 et
2166 1784 2372 1822 nomen
2418 1768 2574 1838 quod
2606 1769 2776 1838 hujus
2819 1760 2968 1839 si'gni
3015 1769 3246 1838 signum
3287 1774 3371 1822 est
3409 1767 3598 1822 dixisti
3636 1765 3780 1836 quid

2080 1857 2338 1924 intersit;
2380 1857 2518 1927 quid
2557 1855 2828 1911 interesse
2878 1858 3173 1911 arbitraris
3216 1857 3366 1911 inter
3403 1857 3630 1927 signum
3676 1871 3780 1908 no-

2079 1944 2268 2010 minis,
2299 1945 2452 2014 quod
2495 1944 2732 1999 verbum
2762 1961 2880 1999 esse
2911 1945 3314 2016 comperimus,
3349 1950 3404 2000 et
3440 1946 3630 2015 ipsum
3668 1959 3777 1997 no-

2078 2048 2213 2086 men
2232 2033 2393 2103 cujus
2413 2032 2641 2102 signum
2662 2037 2790 2088 est?
2806 2035 2922 2088 Ad.
2946 2036 3060 2088 Hoc
3085 2035 3295 2088 distare
3317 2033 3597 2104 intelligo,
3622 2032 3778 2104 quod

2078 2137 2143 2176 ea
2155 2137 2283 2192 quas
2296 2120 2687 2192 signiﬁcantur
2700 2123 2952 2190 nomine,
2969 2124 3136 2177 etiam
3153 2124 3321 2178 verbo
3341 2123 3772 2194 signiﬁcantur;

2077 2215 2143 2264 ut
2161 2209 2316 2263 enim
2336 2225 2544 2263 nomen
2567 2215 2650 2264 est
2668 2212 2921 2276 verbum,
2949 2211 3028 2265 ita
3053 2215 3109 2266 et
3135 2213 3351 2266 ﬁumen
3381 2212 3617 2265 verbum
3644 2213 3730 2264 est
3759 2226 3773 2264 :

2079 2313 2208 2367 quae
2253 2302 2443 2351 autem
2493 2297 2666 2352 verbo
2705 2298 3118 2369 signiﬁcantur,
3153 2316 3268 2354 non
3308 2299 3504 2353 omnia
3543 2297 3772 2368 signiﬁ-

2077 2392 2277 2440 cantur
2313 2390 2368 2440 et
2407 2387 2663 2441 nomine.’
2697 2389 2837 2442 Nam
2875 2395 2931 2443 et
2974 2389 3135 2456 illud,
3187 2392 3251 2452 si,
3294 2389 3444 2460 quod
3473 2389 3549 2441 'in
3589 2388 3774 2458 capite

2077 2477 2251 2531 habet
2278 2476 2377 2530 abs
2422 2481 2475 2530 te
2522 2477 2848 2548 propositus
2894 2495 3105 2540 versus,
3155 2483 3212 2533 et
3255 2480 3386 2546 hoc,
3417 2495 3504 2546 ea),
3553 2477 3620 2531 de
3651 2492 3773 2548 quo

2071 2566 2190 2637 jam
2242 2564 2337 2620 diu
2372 2570 2604 2636 agentes
2651 2565 2709 2618 in
2746 2567 2868 2620 haec
2919 2566 3059 2620 duce
3106 2567 3327 2621 ratione
3378 2565 3764 2637 pervenimus,

2075 2655 2246 2708 verba
2274 2659 2426 2722 sunt,
2457 2671 2561 2707 nec
2602 2659 2794 2708 tamen
2820 2655 3084 2722 nomina;
3116 2659 3172 2709 et
3221 2655 3356 2709 talia
3389 2655 3567 2708 multa
3610 2654 3770 2708 inve-

2075 2745 2331 2799 niuntur.
2363 2743 2744 2808 Quamobrem
2774 2761 2902 2798 cum
2934 2743 3128 2798 omnia
3165 2744 3399 2798 nomina
3427 2743 3597 2796 verba
3626 2742 3762 2808 sint,

2075 2849 2190 2886 non
2227 2835 2416 2886 autem
2455 2831 2648 2886 omnia
2688 2833 2859 2886 verba
2903 2833 3139 2886 nomina
3183 2833 3314 2899 sint,
3364 2833 3602 2903 planum
3638 2847 3760 2885 esse

2075 2921 2317 2976 arbitror
2353 2919 2491 2991 quid
2539 2921 2687 2974 inter
2733 2922 2970 2975 verbum
3015 2922 3181 2975 distet
3210 2926 3266 2975 et
3293 2937 3524 2986 nomen,
3577 2919 3636 2973 id
3680 2923 3768 2973 est

2071 3007 2220 3060 inter
2248 3007 2474 3078 signum
2519 3008 2667 3078 signi
2697 3009 2817 3080 ejus
2848 3010 2999 3080 quod
3031 3010 3187 3063 nulla
3230 3010 3339 3064 alia
3374 3010 3536 3081 signa
3580 3007 3766 3078 signi-

2071 3095 2218 3162 ﬁcat,
2252 3101 2308 3150 et
2326 3096 2555 3167 signum
2586 3097 2735 3166 signi
2764 3099 2885 3168 ejus
2912 3099 3068 3169 quod
3098 3115 3294 3152 rursus
3316 3099 3425 3152 alia
3455 3096 3760 3168 signiﬁcat.

2069 3186 2214 3252 Aug.
2252 3185 2598 3239 Concedisne
2647 3201 2876 3239 omnem
2933 3202 3146 3257 equum
3208 3186 3420 3240 animal
3467 3202 3608 3252 esse,
3657 3201 3766 3239 nec

2069 3273 2260 3324 tamen
2293 3287 2463 3324 omne
2506 3271 2716 3326 animal
2747 3288 2959 3342 equum
2996 3273 3156 3328 esse?
3189 3274 3304 3329 Ad.
3349 3273 3486 3338 Quis
3532 3273 3762 3328 dubita-

2069 3358 2254 3411 verit?
2282 3360 2427 3425 Aug.
2473 3361 2586 3413 Hoc
2615 3376 2748 3429 ergo
2792 3360 2944 3415 inter
2990 3378 3199 3416 nomen
3230 3367 3284 3416 et
3313 3363 3572 3432 verbum,
3605 3361 3757 3432 quod

2067 3445 2217 3500 inter
2245 3463 2457 3517 equum
2501 3453 2555 3501 et
2585 3449 2797 3502 animal
2833 3450 3086 3504 interest.
3124 3450 3237 3504 Nisi
3268 3451 3410 3505 forte
3453 3453 3523 3504 ab
3564 3465 3760 3503 assen-

2067 3534 2262 3589 tiendo
2289 3535 2346 3589 id
2376 3539 2430 3589 te
2458 3542 2701 3602 revocat,
2739 3537 2895 3607 quod
2925 3538 3163 3592 dicimus
3194 3543 3250 3593 et
3280 3539 3390 3593 alio
3434 3539 3604 3594 modo
3633 3554 3760 3592 ver-

2065 3622 2226 3689 bum,
2258 3639 2370 3694 quo
2407 3624 2798 3694 signiﬁcantur
2840 3643 2906 3680 ea
2950 3643 3077 3697 qua:
3123 3644 3226 3698 per
3275 3633 3537 3699 tempora
3586 3628 3761 3684 decli-

2066 3718 2296 3802 niantur,
2328 3716 2392 3766 ut
2432 3712 2614 3766 scribo
2647 3713 2866 3784 scripsi,
2899 3715 3026 3784 lego
3056 3716 3187 3785 legi,
3221 3733 3347 3787 qua:
3391 3718 3760 3776 manifestum

2066 3807 2150 3854 est
2170 3817 2284 3855 non
2313 3817 2430 3855 esse
2462 3802 2841 3858 nomina.Ad.
2876 3803 3071 3858 Dixisti
3101 3805 3336 3859 omnino
3362 3805 3513 3876 quod
3543 3823 3634 3862 me
3659 3809 3763 3862 du-

2063 3889 2245 3943 bitare
2291 3889 2548 3945 faciebat.
2591 3895 2739 3958 Aug.
2795 3893 2872 3946 Ne
2915 3897 2968 3946 te
3013 3891 3162 3947 istud
3206 3901 3449 3949 moveat.
3506 3896 3758 3952 Dicimus

2064 3979 2215 4032 enim
2237 3983 2293 4033 et
2318 3979 2477 4050 signa
2507 3979 2900 4035 universaliter
2931 3981 3126 4035 omnia
3152 3999 3281 4052 quae
3306 3982 3629 4054 signiﬁcant
3651 3986 3753 4039 ali-

2063 4067 2221 4138 quid,
2254 4069 2350 4121 ubi
2394 4069 2565 4122 etiam
2594 4069 2763 4124 verba
2801 4085 2918 4124 esse
2950 4071 3287 4125 invenimus.
3331 4073 3581 4127 Dicimus
3609 4074 3750 4130 item

2061 4155 2223 4225 signa
2250 4156 2540 4224 militaria,
2586 4174 2713 4228 quas
2737 4159 2859 4228 jam
2903 4160 3130 4230 proprie
3161 4161 3322 4232 signa
3357 4163 3750 4232 nominantur,

2061 4261 2174 4316 quo
2204 4247 2376 4300 verba
2410 4263 2529 4301 non
2573 4248 2888 4317 pertinent.
2931 4251 2996 4303 Et
3026 4255 3220 4304 tamen
3255 4251 3302 4304 si
3333 4252 3436 4306 tibi
3475 4252 3749 4322 dicerem,
3781 4303 3786 4306 _

2061 4339 2123 4388 ut
2142 4334 2327 4388 omnis
2347 4351 2527 4405 equus
2547 4335 2780 4403 animal,
2804 4354 2916 4391 non
2941 4343 3132 4392 autem
3152 4356 3317 4392 omne
3336 4340 3544 4393 animal
3568 4358 3750 4412 equus

2058 4429 2162 4491 est,
2177 4425 2254 4478 ita
2266 4440 2434 4478 omne
2455 4425 2690 4478 verbum
2713 4425 2959 4496 signum,
2975 4443 3091 4480 non
3112 4433 3304 4480 autem
3326 4443 3495 4481 omne
3517 4429 3750 4498 signum

2055 4513 2293 4566 verbum
2313 4519 2416 4581 est,
2435 4514 2598 4580 nihil,
2624 4520 2688 4568 ut
2712 4516 2936 4586 opinor,
2959 4516 3264 4571 dubitares.
3291 4516 3405 4569 Ad.
3428 4517 3551 4569 Jam
3576 4517 3747 4571 intel-

2055 4600 2192 4671 ligo,
2243 4607 2300 4655 et
2335 4618 2565 4672 prorsus
2608 4604 2908 4670 assentior,
2953 4604 3057 4665 hoc
3098 4603 3368 4658 interesse
3417 4603 3564 4656 inter
3613 4606 3745 4660 uni-

2053 4691 2266 4744 versale
2301 4691 2442 4746 illud
2471 4692 2707 4746 verbum
2738 4697 2795 4748 et
2821 4709 3050 4757 nomen,
3083 4691 3233 4763 quod
3265 4692 3418 4745 inter
3445 4692 3660 4748 animal
3693 4700 3752 4751 et

2055 4793 2289 4849 equum.

2128 4869 2212 4922 10.
2244 4867 2390 4935 Aug.
2423 4868 2613 4922 Scisne
2645 4868 2836 4930 etiam,
2863 4884 2991 4921 cum
3014 4867 3273 4934 dicimus,
3305 4868 3552 4937 Animal,
3586 4871 3745 4927 aliud

2054 4971 2171 5009 esse
2203 4956 2310 5010 hoc
2341 4957 2692 5028 trisyllabum
2717 4973 2946 5017 nomen,
2977 4955 3127 5026 quod
3159 4973 3290 5010 voce
3322 4960 3610 5028 prolatum
3640 4965 3744 5030 est,

2051 5045 2208 5099 aliud
2237 5043 2294 5099 id
2339 5047 2490 5116 quod
2537 5044 2931 5115 signiﬁcatur?
2960 5044 3076 5098 Ad.
3111 5045 3235 5098 Jam
3266 5046 3374 5100 hoc
3403 5063 3574 5118 supra
3606 5065 3743 5102 con-

2048 5134 2187 5188 cessi
2212 5135 2280 5189 de
2307 5134 2572 5188 omnibus
2598 5133 2773 5201 signis
2803 5138 2856 5186 et
2885 5133 3371 5204 signiﬁcabilibus.
3405 5139 3554 5202 Aug.
3593 5137 3742 5192 Num

2047 5221 2242 5275 omnia
2266 5221 2427 5291 signa
2449 5221 2552 5274 tibi
2578 5212 2841 5275 videntur
2862 5223 3015 5276 aliud
3039 5223 3358 5294 signiﬁcare
3385 5241 3558 5296 quam
3579 5230 3736 5294 sunt,

2048 5309 2190 5363 sicut
2221 5310 2328 5362 hoc
2374 5308 2751 5379 trisyllabum,
2799 5325 2927 5363 cum
2978 5311 3241 5379 dicimus,
3286 5315 3533 5380 Animal,
3577 5315 3738 5368 nullo

2046 5399 2218 5453 modo
2241 5397 2394 5451 idem
2417 5397 2698 5468 signiﬁcat
2725 5401 2875 5470 quod
2897 5410 2981 5454 est
3001 5401 3235 5472 ipsum?
3262 5403 3378 5457 Ad.
3408 5405 3533 5457 Non
3561 5419 3732 5458 sane:

2046 5503 2180 5544 nam
2209 5503 2337 5542 cum
2367 5486 2625 5559 dicimus,
2668 5489 2928 5560 Signum,
2961 5507 3076 5545 non
3123 5492 3309 5546 solum
3338 5491 3501 5563 signa
3528 5497 3735 5548 caetera
