4074 6392
258 399 382 452 1201
474 360 482 366 ’

251 537 630 592 quaecumque
677 525 828 588 sunt,
863 521 959 576 sed
1008 521 1181 575 etiam
1225 520 1478 592 seipsum
1523 521 1835 592 signiﬁcat;
1865 526 1950 576 est

250 611 408 665 enim
437 610 696 672 verbum,
719 614 775 664 et
803 609 1000 681 utique
1032 610 1228 664 omnia
1246 611 1417 664 verba
1433 610 1596 680 signa
1624 615 1775 665 sunt.
1799 613 1945 679 Aug.

253 699 439 764 Quid?
470 699 528 752 in
554 698 662 752 hoc
687 697 962 769 disyllabo
993 714 1123 752 cum
1152 697 1412 765 dicimus,
1446 699 1717 768 Verbum,
1757 715 1946 753 nonne

250 789 361 842 tale
388 787 605 858 aliquid
632 785 949 856 contingit?
980 788 1122 841 Nam
1147 787 1193 840 si
1223 803 1391 841 omne
1422 788 1576 858 quod
1604 804 1733 842 cum
1758 788 1948 858 aliquo

252 866 575 946 signiﬁcatu
605 875 898 930 articulate
927 892 1060 930 voce
1091 875 1395 946 profertur,
1427 877 1536 930 hoc
1563 877 1840 947 disyllabo
1873 876 1950 930 si-

251 966 576 1037 gniﬁcatur,
596 964 767 1018 etiam
789 964 978 1034 ipsum
1000 966 1108 1018 hoc
1136 980 1344 1035 genere
1376 965 1703 1020 includitur.
1727 965 1837 1020 Ad.
1865 967 1949 1019 Ita

251 1059 354 1110 est.
386 1054 531 1120 Aug.
567 1053 750 1118 Quid?
777 1068 991 1106 nomen
1036 1068 1224 1106 nonne
1265 1052 1530 1106 similiter
1567 1053 1777 1107 habet?
1807 1054 1948 1107 Nam

250 1147 307 1196 et
337 1142 595 1196 omnium
627 1157 904 1212 generum
933 1140 1168 1195 nomina
1200 1141 1508 1210 signiﬁcat,
1535 1145 1592 1196 et
1617 1141 1808 1212 ipsum
1837 1157 1944 1195 no-

249 1247 383 1286 men
409 1231 634 1301 generis
665 1229 855 1283 neutri
883 1245 1096 1284 nomen
1116 1232 1217 1284 est.
1241 1232 1352 1298 An,
1382 1229 1428 1284 si
1454 1245 1521 1284 ex
1543 1233 1598 1284 te
1630 1245 1947 1300 quarerem

248 1337 376 1391 quae
406 1336 540 1390 pars
580 1319 855 1374 orationis
901 1335 1131 1385 nomen,
1180 1334 1372 1389 posses
1410 1318 1553 1372 mihi
1599 1319 1948 1389 respondere

249 1412 421 1473 recte,
454 1406 586 1474 nisi,
620 1406 872 1461 nomen?
899 1406 1009 1460 Ad.
1045 1407 1254 1460 Verum
1285 1405 1442 1460 dicis.
1475 1408 1620 1473 Aug.
1645 1407 1790 1462 Sunt
1810 1423 1946 1476 ergo

250 1494 411 1564 signa
440 1511 570 1566 quae
600 1494 748 1548 inter
779 1494 890 1548 alia
918 1510 1045 1564 quae
1077 1494 1423 1565 signiﬁcant,
1450 1499 1504 1549 et
1546 1496 1732 1566 seipsa
1771 1495 1946 1566 signi-

248 1582 438 1637 ﬁcent.
465 1583 582 1638 Ad.
616 1583 775 1638 Sunt.
799 1583 943 1650 Aug.
974 1584 1120 1637 Num
1149 1583 1259 1637 tale
1289 1583 1393 1638 tibi
1424 1583 1645 1638 videtur
1672 1584 1777 1638 hoc
1807 1602 1949 1656 qua-

249 1671 625 1742 drisyllahum
663 1672 911 1743 signum,
953 1689 1084 1726 cum
1122 1671 1382 1738 dicimus,
1422 1673 1794 1743 Coujunctio?
1831 1674 1942 1729 Ad.

248 1761 414 1815 Nullo
437 1761 607 1814 modo
633 1777 645 1815 :
672 1777 803 1814 nam
826 1777 892 1814 ea
910 1777 1038 1831 quae
1064 1761 1368 1831 signiﬁcat,
1391 1777 1506 1816 non
1529 1767 1662 1816 sunt
1681 1764 1942 1830 nomina;

247 1849 353 1904 hoc
381 1854 574 1904 autem
603 1866 814 1903 nomen
846 1853 946 1903 est.

672 1938 898 1993 CAPUT
929 1938 991 1992 V.
1021 1968 1089 1977 —
1115 1939 1286 2006 Signa
1308 1944 1514 1994 mutua.

321 2031 401 2082 11.
436 2031 586 2094 Aug.
631 2027 782 2081 Bene
829 2027 1159 2082 attendisti:
1191 2044 1342 2081 nunc
1386 2028 1528 2083 illud
1574 2027 1702 2082 vide
1751 2031 1945 2083 utrum

246 2115 612 2170 inveniantur
657 2115 820 2187 signa
881 2132 1010 2187 quae
1060 2133 1118 2170 se
1174 2116 1419 2171 invicem
1487 2117 1834 2188 signiﬁcent,
1884 2121 1947 2172 ut

248 2205 731 2276 quemadmodum
757 2205 863 2258 hoc
894 2205 963 2258 ab
994 2205 1112 2270 illo,
1147 2204 1224 2258 sic
1253 2205 1395 2260 illud
1425 2206 1496 2260 ab
1528 2207 1635 2260 hoc
1663 2206 1944 2276 signiﬁce-

245 2297 368 2347 tur:
402 2309 520 2347 non
549 2292 702 2346 enim
740 2292 818 2346 ita
855 2297 990 2346 sunt
1023 2291 1171 2346 inter
1209 2309 1266 2347 se
1297 2293 1402 2347 hoc
1432 2294 1964 2366 quadrisyllabum,_

247 2397 377 2436 cum
409 2381 671 2450 dicimus,
718 2381 1073 2452 Conjunctio,
1115 2385 1171 2436 et
1199 2381 1296 2436 illa
1327 2398 1455 2452 quae
1489 2383 1559 2437 ab
1589 2383 1696 2437 hoc
1725 2383 1942 2454 signiﬁ-

246 2475 468 2540 cantur,
499 2486 628 2524 cum
646 2469 910 2538 dicimus,
931 2469 1009 2536 Si,
1033 2471 1135 2530 vel,
1161 2487 1315 2537 nam,
1337 2487 1606 2542 namque,
1630 2472 1760 2538 nisi,
1785 2489 1941 2543 ergo,

143 2607 148 2618 ,
248 2560 542 2630 quoniam,
574 2563 630 2612 et
659 2558 902 2626 similia;
933 2575 1065 2612 nam
1095 2559 1215 2613 haec
1243 2559 1340 2614 illo
1381 2576 1496 2614 uno
1527 2561 1942 2631 signiﬁcantur,

249 2648 405 2702 nullo
435 2652 627 2701 autem
665 2647 876 2701 horum
920 2663 1096 2702 unum
1142 2648 1285 2702 illud
1331 2649 1822 2722 quadrisyllabum
1870 2652 1942 2706 si-

244 2736 568 2808 gniﬁcatur.
628 2736 742 2790 Ad.
811 2736 1002 2803 Video,
1062 2741 1120 2790 et
1176 2753 1442 2808 quaenam
1496 2739 1658 2808 signa
1711 2739 1826 2794 sint
1882 2757 1941 2796 se

244 2825 488 2880 invicem
517 2825 917 2897 signiﬁcantia,
943 2825 1110 2894 cupio
1136 2842 1497 2897 cognoscere.
1524 2829 1668 2896 Aug.
1693 2829 1773 2882 Tu
1807 2844 1942 2898 ergo

245 2916 450 2981 nescis,
499 2931 628 2969 cum
677 2913 938 2980 dicimus,
990 2915 1210 2968 Nomen
1239 2919 1296 2968 et
1324 2914 1582 2982 verbum,
1630 2915 1744 2969 duo
1775 2916 1944 2970 verba

241 3021 348 3058 nos
378 3003 608 3058 dicere?
635 3003 753 3057 Ad.
794 3002 940 3058 Scio.
969 3005 1120 3069 Aug.
1172 3002 1357 3067 Quid?
1381 3003 1523 3056 illud
1567 3003 1769 3070 nescis,
1811 3021 1940 3059 cum

244 3093 506 3160 dicimus,
538 3093 754 3146 Nomen
785 3095 838 3145 et
870 3091 1125 3158 verbum,
1161 3090 1274 3145 duo
1319 3090 1552 3145 nomina
1583 3108 1688 3146 nos
1712 3092 1939 3148 dicere?

241 3182 352 3237 Ad.
377 3181 436 3235 Id
461 3195 689 3251 quoque
714 3179 845 3233 scio.
867 3179 1014 3246 Aug.
1037 3178 1153 3234 Scis
1172 3179 1351 3250 igitur
1370 3185 1487 3233 tam
1509 3196 1721 3236 nomen
1741 3182 1938 3251 verbo,

243 3286 417 3341 quam
447 3269 620 3323 etiam
659 3269 897 3323 verbum
938 3268 1172 3322 nomine
1215 3261 1546 3338 signiﬁcari.
1589 3270 1699 3325 Ad.
1733 3273 1939 3326 Assen-

239 3358 370 3412 tior.
415 3359 561 3425 Aug.
603 3358 841 3411 Potesne
891 3356 1097 3419 dicere,
1146 3362 1376 3427 excepto
1408 3374 1475 3412 eo
1515 3359 1670 3429 quod
1721 3360 1938 3414 diverse

240 3445 571 3501 scribuntur
615 3451 672 3500 et
721 3451 946 3512 sonant,
991 3445 1129 3516 quid
1168 3447 1320 3501 inter
1356 3463 1414 3502 se
1467 3447 1772 3503 differant?
1818 3450 1934 3504 Ad.

239 3537 476 3591 Possum
506 3534 769 3601 fortasse;
805 3550 938 3588 nam
963 3533 1022 3588 id
1058 3551 1177 3588 esse
1205 3535 1366 3590 video
1401 3536 1554 3608 quod
1594 3538 1764 3607 paulo
1807 3543 1939 3594 ante

241 3623 378 3680 dixi.
415 3623 596 3678 Verba
621 3623 776 3677 enim
807 3639 931 3677 cum
964 3622 1225 3689 dicimus,
1259 3640 1428 3678 omne
1459 3625 1609 3696 quod
1639 3625 1940 3680 articulata

240 3727 379 3765 voce
409 3727 538 3764 cum
569 3710 764 3781 aliquo
806 3710 1125 3781 signiﬁcatu
1165 3711 1471 3780 profertur,
1515 3711 1935 3782 signiﬁcamus;

241 3799 391 3854 unde
438 3815 608 3852 omne
638 3814 871 3864 nomen,
907 3803 961 3852 et
990 3797 1177 3867 ipsum
1209 3814 1338 3851 cum
1382 3798 1646 3865 dicimus,
1697 3800 1936 3860 Nomen,

239 3888 480 3943 verbum
509 3891 630 3940 est:
668 3891 726 3940 at
755 3902 872 3940 non
902 3901 1072 3939 omne
1101 3885 1334 3939 verbum
1364 3902 1573 3940 nomen
1602 3891 1703 3953 est,
1737 3903 1937 3958 quam-

240 3976 323 4031 vis
352 3990 567 4031 nomen
592 3974 683 4039 sit,
713 3991 844 4028 cum
873 3974 1134 4042 dicimus,
1165 3974 1435 4028 Verbum.

316 4067 399 4120 12.
423 4065 570 4132 Aug.
587 4063 754 4128 Quid,
771 4063 817 4116 si
838 4063 1142 4134 quisquam
1165 4062 1268 4118 tibi
1288 4062 1535 4117 afﬁrmet
1556 4067 1611 4118 et
1630 4063 1853 4135 probet,
1877 4069 1941 4118 ut

241 4170 413 4209 omne
430 4168 640 4207 nomen
654 4151 888 4205 verbum
908 4156 1010 4217 est,
1025 4151 1106 4204 ita
1119 4167 1288 4205 omne
1300 4151 1539 4205 verbum
1555 4168 1767 4207 nomen
1780 4168 1900 4206 esse
1913 4152 1940 4208 ?

239 4241 528 4314 poterisne
544 4239 799 4294 invenire
824 4239 959 4311 quid
982 4239 1212 4317 distent,
1236 4244 1446 4310 praeter
1462 4239 1748 4295 diversum
1774 4241 1835 4294 in
1856 4241 1941 4295 lit-

239 4329 378 4385 teris
406 4329 648 4382 sonum?
672 4327 780 4383 Ad.
806 4329 931 4388 Non
959 4332 1183 4397 potero,
1213 4345 1316 4383 nec
1346 4328 1584 4382 omnino
1617 4328 1824 4383 distare
1837 4329 1942 4383 ali-

242 4417 382 4490 quid
402 4421 562 4489 puto.
585 4419 730 4485 Aug.
751 4416 921 4483 Quid,
939 4417 985 4470 si
998 4416 1191 4471 omnia
1203 4417 1436 4488 quidem
1449 4433 1578 4488 qua:
1589 4433 1718 4472 voce
1731 4417 1939 4472 articu-

242 4507 359 4561 lata
372 4523 502 4561 cum
518 4507 712 4578 aliquo
735 4505 1057 4576 signiﬁcatu
1072 4506 1462 4576 proferuntur,
1480 4511 1535 4559 et
1551 4505 1720 4560 verba
1740 4511 1875 4560 sunt
1886 4510 1944 4560 et

243 4595 510 4661 nomina;
561 4594 660 4650 sed
706 4600 899 4650 tamen
943 4594 1054 4648 alia
1095 4595 1163 4649 de
1211 4611 1379 4649 causa
1421 4595 1615 4664 verba,
1651 4598 1707 4649 et
1733 4594 1844 4648 alia
1873 4595 1941 4649 de

245 4699 418 4738 causa
444 4683 681 4737 nomina
719 4684 888 4736 sunt?
915 4682 1136 4737 nihilne
1178 4681 1409 4737 distabit
1448 4682 1599 4736 inter
1644 4698 1859 4736 nomen
1888 4687 1946 4737 et

246 4771 523 4826 verbum?
549 4772 658 4826 Ad.
705 4772 1004 4836 Quomodo
1040 4771 1190 4826 istud
1221 4771 1292 4825 sit
1321 4787 1436 4824 non
1469 4771 1758 4841 intelligo.
1795 4773 1941 4840 Aug.

249 4863 364 4916 Hoc
395 4860 593 4914 saltem
646 4859 935 4931 intelligis,
980 4875 1150 4913 omne
1187 4860 1500 4914 coloratum
1545 4858 1763 4914 visibile
1801 4876 1942 4926 esse,

249 4955 307 5003 et
336 4965 504 5003 omne
541 4948 761 5003 visibile
800 4949 1138 5014 coloratum,
1175 4947 1433 5019 quamvis
1470 4947 1591 5002 haec
1629 4947 1742 5014 duo
1775 4949 1948 5002 verba

251 5039 512 5094 distincte
533 5038 971 5108 diﬁ'erenterque
994 5037 1333 5109 signiﬁcent.
1356 5037 1466 5092 Ad.
1493 5036 1773 5108 Intelligo.
1797 5038 1942 5104 Aug.

251 5125 398 5190 Quid
427 5124 473 5178 si
504 5141 640 5195 ergo
671 5123 750 5177 ita
779 5129 836 5177 et
865 5139 1035 5178 omne
1055 5123 1291 5178 verbum
1319 5139 1550 5188 nomen,
1578 5128 1635 5177 et
1661 5139 1828 5177 omne
1861 5141 1951 5178 no-

250 5230 385 5268 men
415 5214 654 5267 verbum
694 5217 796 5279 est,
829 5211 1087 5282 quamvis
1124 5213 1246 5266 haec
1275 5213 1397 5284 ipsa
1435 5212 1548 5266 duo
1579 5211 1833 5280 nomina,
1864 5213 1950 5266 vel

251 5303 366 5358 duo
393 5301 583 5367 verba,
617 5301 673 5355 id
704 5305 788 5354 est
825 5316 1037 5354 nomen
1068 5304 1124 5354 et
1151 5301 1412 5368 verbum,
1449 5300 1804 5356 dilferentem
1848 5301 1950 5354 ha-

249 5393 425 5447 beant
455 5389 967 5462 signiﬁcationem?
1004 5389 1113 5444 Ad.
1153 5391 1276 5444 Jam
1315 5390 1479 5444 video
1521 5405 1682 5461 posse
1713 5389 1770 5444 id
1807 5389 1950 5444 acci-

253 5478 422 5533 dere:
456 5478 553 5532 sed
590 5478 875 5550 quomodo
906 5477 962 5532 id
993 5476 1228 5544 accidat,
1256 5482 1518 5548 exspecto
1553 5483 1615 5533 ut
1637 5477 1943 5532 ostendas.

250 5568 399 5634 Aug.
432 5566 611 5622 Omne
631 5565 782 5638 quod
803 5581 933 5619 cum
949 5565 1143 5637 aliquo
1162 5565 1484 5635 signiﬁcatu
1505 5565 1804 5621 articulata
1823 5582 1954 5620 voce

255 5654 606 5726 prorumpit,
652 5653 1074 5721 animadvertis,
1100 5657 1162 5708 ut
1191 5654 1415 5725 opinor,
1448 5659 1505 5709 et
1531 5671 1729 5711 aurem
1752 5655 1954 5710 verbe-

1767 399 1981 457 LlBER
2035 401 2128 457 UN
2139 401 2238 458 US.

3624 409 3758 463 1202

2062 539 2208 592 rare,
2239 527 2305 578 ut
2331 523 2530 579 sentiri
2555 540 2570 590 ;
2594 527 2650 579 et
2673 523 2967 579 memoriae
2987 524 3271 592 mandari,
3294 531 3358 580 ut
3382 529 3752 600 noscipossit,

2057 613 2170 667 Ad.
2201 613 2623 667 Animadverte.
2657 617 2807 680 Aug.
2854 615 2974 668 Duo
3035 630 3170 686 ergo
3219 617 3484 686 quaedam
3531 619 3753 673 contin-

2061 705 2231 771 gunt,
2263 717 2394 755 cum
2424 700 2642 770 aliquid
2673 701 2773 755 tali
2801 718 2937 755 voce
2966 702 3333 773 proferimus.
3365 705 3483 761 Ad.
3516 707 3599 760 Ita
3635 711 3744 762 est.

2058 792 2210 858 Aug.
2236 789 2403 854 Quid,
2438 787 2486 842 si
2514 789 2722 843 horum
2753 789 2998 844 duorum
3025 807 3090 844 ex
3122 807 3239 846 uno
3293 793 3578 863 appellata
3621 801 3755 850 sunt

2058 879 2250 944 verba,
2283 893 2347 932 ex
2379 878 2556 931 altero
2578 877 2812 931 nomina
2836 898 2852 946 ;
2876 879 3046 933 verba
3073 879 3286 935 scilicet
3315 898 3348 935 a
3376 883 3750 951 verberando,

2058 967 2296 1021 nomina
2320 983 2453 1021 vero
2479 982 2512 1020 a
2528 967 2839 1033 noscendo,
2875 971 2940 1021 ut
2966 966 3107 1022 illud
3131 969 3383 1039 primum
3406 971 3476 1026 ab
3494 972 3751 1042 auribus,

2058 1056 2164 1110 hoc
2193 1059 2384 1110 autem
2416 1055 2730 1109 secundum
2760 1055 2830 1108 ab
2859 1055 3049 1108 animo
3077 1057 3266 1111 vocari
3296 1059 3572 1113 meruerit
3589 1062 3620 1114 ?

2135 1147 2216 1199 l3.
2258 1144 2368 1199 Ad.
2408 1144 2746 1211 Concedam,
2777 1159 2907 1196 cum
2930 1144 3244 1198 ostenderis
3273 1147 3566 1217 quomodo
3597 1152 3751 1202 recte

2058 1233 2342 1303 possimus
2369 1232 2564 1287 omnia
2593 1232 2765 1286 verba
2819 1231 3058 1285 nomina
3114 1231 3320 1288 dicere.
3376 1237 3526 1302 Aug.
3569 1237 3753 1291 Facile

2060 1327 2145 1374 est
2175 1341 2188 1376 :
2227 1337 2358 1375 nam
2393 1322 2562 1376 credo
2594 1325 2648 1376 te
2679 1320 2962 1390 accepisse
2992 1336 3056 1374 ac
3081 1325 3276 1376 tenere
3313 1339 3632 1392 pronomen
3664 1325 3753 1380 di-

2058 1413 2237 1478 ctum,
2271 1411 2424 1481 quod
2454 1426 2558 1480 pro
2591 1410 2713 1480 ipso
2744 1409 2979 1463 nomine
3008 1410 3210 1475 valeat,
3234 1427 3353 1464 rem
3372 1417 3566 1467 tamen
3593 1419 3754 1469 notet

2058 1498 2248 1552 minus
2277 1501 2449 1569 plena
2478 1499 2893 1568 signiﬁcatione
2915 1515 3088 1570 quam
3106 1515 3338 1554 nomen.
3361 1500 3524 1569 Nam,
3546 1505 3609 1555 ut
3629 1502 3752 1572 opi-

2057 1603 2180 1652 nor,
2215 1588 2474 1642 deﬁnivit
2502 1588 2597 1642 ille
2634 1588 2737 1656 ita,
2765 1604 2938 1659 quem
2985 1587 3356 1659 grammatico
3410 1589 3704 1644 reddidisti
3739 1608 3752 1644 :

2059 1678 2380 1731 Pronomen
2415 1681 2498 1731 est
2528 1693 2659 1748 pars
2689 1676 2979 1743 orationis,
3012 1692 3140 1742 qum
3170 1693 3274 1747 pro
3305 1676 3431 1748 ipso
3458 1679 3638 1749 posita
3659 1696 3755 1733 no-

2056 1765 2232 1830 mine,
2276 1765 2467 1820 minus
2519 1765 2754 1836 quidem
2797 1766 2985 1836 plene,
3016 1764 3171 1819 idem
3199 1770 3394 1819 tamen
3449 1766 3750 1836 signiﬁcat.

2056 1855 2168 1909 Ad.
2203 1855 2489 1909 Recordor
2519 1858 2574 1908 et
2597 1854 2798 1924 probo.
2830 1854 2982 1920 Aug.
3033 1853 3199 1907 Vides
3227 1853 3402 1924 igitur
3438 1857 3752 1910 secundum

2054 1945 2203 1999 hanc
2235 1944 2627 1998 deﬁnitionem
2657 1934 2832 1998 nullis
2885 1943 2994 1997 nisi
3025 1943 3354 1998 nominibus
3409 1945 3638 2014 servire,
3699 1951 3756 2000 et

2053 2049 2159 2104 pro
2188 2032 2276 2087 his
2303 2033 2438 2087 solis
2465 2032 2604 2102 poni
2636 2049 2800 2102 posse
2825 2031 3186 2102 pronomina,
3227 2032 3382 2086 velut
3429 2048 3560 2086 cum
3613 2033 3752 2087 dici-

2055 2137 2206 2188 mus,
2234 2121 2332 2188 Hie
2356 2121 2460 2186 vir,
2492 2121 2616 2192 ipse
2643 2137 2762 2187 rex,
2798 2121 2998 2175 eadem
3029 2120 3256 2187 mulier,
3279 2121 3388 2175 hoc
3433 2137 3659 2189 aurum,
3684 2122 3751 2176 il-

2057 2210 2152 2264 lud
2183 2214 2522 2280 argentum:
2558 2209 2670 2276 hic,
2699 2209 2840 2279 ipse,
2873 2209 3094 2276 eadem,
3127 2210 3254 2276 hoc,
3287 2208 3428 2264 illud
3458 2210 3751 2280 pronomi-

2054 2313 2131 2352 na
2150 2312 2307 2364 esse;
2339 2296 2448 2362 vir,
2475 2312 2594 2362 rex,
2631 2296 2858 2362 mulier,
2892 2311 3115 2364 aurum,
3140 2301 3467 2366 argentum,
3496 2297 3747 2362 nomina,

2055 2386 2262 2458 quibus
2291 2384 2516 2456 plenius
2539 2401 2714 2455 quam
2743 2384 2856 2438 illis
2885 2385 3320 2454 pronominibus
3351 2400 3440 2438 res
3471 2385 3751 2456 signiﬁca-

2054 2478 2129 2528 ta;
2160 2477 2313 2528 sunt.
2353 2472 2463 2527 Ad.
2500 2472 2672 2526 Video
2703 2475 2758 2526 et
2786 2471 3082 2526 assentior.
3101 2473 3267 2538 ,Aug.
3315 2472 3399 2525 Tu
3427 2487 3564 2542 ergo
3597 2489 3751 2527 nunc

2054 2559 2197 2615 mihi
2227 2575 2438 2630 paucas
2469 2559 2901 2631 conjunctiones
2929 2559 3212 2630 quaslibet
3237 2559 3490 2614 enuntia.
3518 2560 3635 2614 Ad.
3663 2562 3750 2630 Et,

2054 2664 2204 2720 quae,
2237 2653 2315 2715 at,
2349 2653 2538 2719 atque.
2579 2649 2729 2715 Aug.
2761 2649 2889 2702 ch
2919 2649 3112 2702 omnia
3149 2665 3278 2719 qua:
3310 2648 3519 2714 dixisti,
3561 2665 3750 2703 nonne

2054 2736 2438 2791 tibividentur
2462 2752 2581 2790 esse
2596 2736 2834 2790 nomina
2854 2740 2883 2789 ?
2904 2737 3016 2790 Ad.
3032 2737 3158 2790 Non
3177 2736 3434 2790 omnino.
3456 2739 3601 2806 Aug.
3634 2739 3750 2809 Ego

2052 2827 2254 2880 saltem
2285 2824 2390 2879 tibi
2421 2829 2570 2879 recte
2601 2825 2826 2879 locutus
2857 2824 3071 2890 videor,
3130 2841 3260 2878 cum
3296 2825 3565 2892 dicerem,
3617 2827 3746 2880 Haec

2055 2914 2247 2968 omnia
2275 2923 2405 2984 quae
2429 2913 2668 2967 dixisti?
2692 2913 2803 2967 Ad.
2837 2914 3007 2967 Recte
3037 2921 3268 2983 prorSus
3292 2930 3305 2980 ;
3333 2919 3390 2966 et
3428 2915 3548 2985 jam
3573 2913 3747 2968 intel-

2053 3003 2170 3073 ligo
2201 3018 2375 3073 quam
2405 3001 2744 3056 mirabiliter
2798 3001 3112 3056 ostenderis
3161 3017 3252 3055 me
3309 3001 3542 3056 nomina
3571 3017 3749 3056 enun-

2052 3092 2222 3147 tiasse
2256 3108 2268 3146 :
2303 3108 2418 3146 non
2448 3090 2601 3145 enim
2629 3090 2794 3145 aliter
2822 3090 2891 3144 de
2949 3090 3038 3144 his
3069 3094 3218 3143 recte
3275 3089 3388 3144 dici
3434 3090 3738 3160 potuisset.

2057 3181 2186 3234 Haec
2214 3179 2435 3235 omnia.
2468 3178 2576 3232 Sed
2603 3178 2758 3232 enim
2819 3193 3020 3232 vereor
3075 3178 3276 3245 adhuc,
3332 3194 3403 3232 ne
3445 3181 3746 3248 propterea

2053 3266 2200 3323 mihi
2231 3271 2382 3321 recte
2441 3267 2659 3320 locutus
2716 3265 2980 3335 videaris,
3011 3266 3163 3336 quod
3192 3267 3293 3320 has
3343 3271 3588 3337 quatuor
3615 3283 3746 3320 con-

2046 3356 2374 3429 junctiones
2401 3355 2572 3409 etiam
2605 3354 2776 3408 verba
2805 3370 2926 3408 esse
2959 3371 3071 3408 non
3100 3371 3275 3424 nego;
3310 3360 3372 3409 ut
3397 3355 3524 3408 ideo
3556 3355 3624 3409 de
3652 3355 3742 3409 his

2051 3453 2202 3502 recte
2233 3444 2344 3500 dici
2371 3443 2642 3514 potuerit,
2676 3444 2804 3497 Haec
2833 3443 3049 3512 omnia,
3093 3444 3368 3514 quoniam
3421 3448 3574 3498 recte
3603 3443 3743 3498 dici-

2049 3540 2165 3604 tur,
2196 3536 2325 3589 Haec
2355 3533 2527 3588 verba
2553 3532 2765 3587 omnia.
2799 3532 2858 3586 Si
2875 3537 3065 3586 autem
3094 3549 3127 3586 a
3154 3548 3243 3586 me
3273 3549 3494 3603 quaeras
3521 3549 3650 3603 quae
3672 3533 3744 3586 sit

2050 3640 2180 3694 pars
2205 3622 2499 3688 orationis,
2554 3621 2773 3688 Verba;
2802 3621 2947 3675 nihil
2979 3621 3132 3674 aliud
3163 3621 3516 3691 respondebo
3547 3639 3740 3693 quam,

2052 3714 2295 3766 Nomen.
2327 3711 2512 3774 Quare
2544 3709 2679 3764 huic
2732 3709 2956 3763 nomini
3013 3711 3246 3764 fortasse
3272 3726 3591 3779 pronomen
3641 3712 3742 3766 ad-

2042 3799 2310 3870 junctum
2335 3801 2437 3864 est,
2469 3801 2533 3851 ut
2563 3796 2659 3850 illa
2687 3801 2840 3850 recta
2865 3801 3010 3850 esset
3033 3796 3248 3852 locutio
3281 3801 3396 3852 tua.

2127 3887 2218 3942 14.
2253 3887 2398 3951 Aug.
2433 3887 2609 3938 Acute
2636 3883 2870 3954 quidem
2893 3882 3124 3951 falleris,
3144 3883 3241 3937 sed
3271 3889 3332 3938 ut
3361 3884 3476 3938 falli
3496 3885 3743 3956 desinas,

2050 3975 2270 4029 acutius
2296 3973 2524 4028 attende
2553 3973 2707 4044 quod
2735 3971 2941 4038 dicam,
2975 3971 3023 4026 si
3069 3976 3260 4025 tamen
3311 3971 3368 4026 id
3420 3972 3628 4038 dicere,
3682 3979 3747 4028 ut

2050 4063 2197 4130 volo,
2237 4063 2466 4117 valuere
2497 4078 2509 4116 :
2537 4078 2670 4116 nam
2691 4061 2876 4115 verbis
2905 4060 2974 4114 de
3004 4059 3190 4114 verbis
3220 4076 3387 4130 agere
3417 4065 3534 4114 tam
3559 4061 3746 4130 impli-

2051 4156 2239 4206 catum
2267 4155 2368 4214 est,
2399 4165 2574 4220 quam
2607 4148 2812 4220 digitos
2840 4147 3292 4218 digitisinserere
3313 4155 3366 4203 et
3395 4147 3702 4201 confricare
3727 4164 3742 4214 ;

2050 4240 2152 4294 ubi
2179 4239 2271 4293 vix
2301 4237 2672 4308 dignoscitur,
2695 4235 2807 4291 nisi
2834 4236 2904 4290 ab
2927 4253 2994 4290 eo
3015 4236 3138 4307 ipso
3168 4235 3266 4307 qui
3292 4235 3348 4290 id
3379 4235 3516 4306 agit,
3539 4235 3640 4305 qui
3660 4236 3744 4290 di-

2052 4329 2157 4401 giti
2179 4327 2456 4400 pruriant.
2489 4332 2546 4382 et
2574 4327 2673 4398 qui
2711 4326 3056 4380 auxiliantur
3073 4325 3482 4396 prurientibus.
3507 4325 3620 4381 Ad.
3666 4326 3745 4379 En

2051 4422 2172 4472 toto
2201 4416 2393 4470 animo
2425 4415 2646 4481 adsum,
2679 4430 2812 4468 nam
2829 4414 2936 4468 ista
2953 4413 3075 4467 huic
3092 4413 3406 4467 similitudo
3437 4429 3529 4467 me
3558 4413 3745 4467 inten-

2051 4506 2336 4561 tissimum
2367 4504 2520 4558 fecit.
2552 4505 2700 4572 Aug.
2725 4503 2909 4557 Verba
2937 4507 3088 4556 certe
3119 4518 3283 4570 sono,
3313 4506 3370 4555 et
3399 4501 3597 4555 litteris
3618 4518 3748 4556 con-

2055 4600 2224 4650 stant.
2256 4595 2367 4650 Ad.
2396 4595 2479 4647 lta
2509 4598 2610 4647 est.
2643 4594 2790 4659 Aug.
2825 4592 2968 4661 Ergo
2985 4595 3046 4644 ut
3074 4607 3141 4644 ea
3170 4591 3530 4660 potissimum
3561 4595 3750 4646 aucto-

2054 4684 2222 4738 ritate
2257 4687 2506 4750 utamur,
2567 4697 2696 4752 quaa
2753 4679 2917 4734 nobis
2969 4678 3303 4733 charissima
3355 4683 3458 4745 est,
3513 4695 3641 4734 cum
3673 4679 3752 4733 ait

2057 4773 2267 4828 Paulus
2297 4771 2609 4841 apostolus,
2640 4772 2758 4826 Non
2787 4773 2903 4823 erat
2923 4771 2980 4822 in
3011 4769 3219 4824 Christo
3251 4770 3349 4822 Est
3377 4773 3426 4822 et
3450 4770 3625 4844 Nunt,
3658 4768 3753 4823 sed

2059 4864 2155 4917 Est
2183 4863 2241 4914 in
2277 4860 2370 4913 illo
2400 4863 2522 4914 erat
2554 4858 2616 4926 (ll
2642 4859 2772 4912 Cor.
2806 4875 2845 4920 ι,
2881 4858 2993 4927 19),
3028 4873 3143 4910 non
3173 4855 3398 4928 opinor,
3431 4857 3751 4928 putandum

2058 4954 2142 5004 est
2170 4953 2284 5002 tres
2312 4947 2446 5001 istas
2473 4947 2710 5014 litteras,
2746 4962 2887 5018 quas
2915 4945 3284 5000 enuntiamus
3311 4961 3440 5000 cum
3488 4944 3748 5010 dicimus,

2058 5042 2156 5103 est,
2187 5036 2361 5090 fuisse
2391 5035 2450 5089 in
2500 5034 2746 5098 Christo,
2779 5034 2877 5088 sed
2910 5033 3050 5088 illud
3081 5034 3272 5105 potius
3318 5033 3469 5104 quod
3500 5032 3620 5086 istis
3648 5033 3750 5085 tri-

2059 5126 2164 5181 bus
2189 5123 2391 5178 litteris
2417 5123 2790 5194 signiﬁcatur.
2825 5123 2937 5178 Ad.
2964 5123 3169 5176 Verum
3188 5121 3348 5176 dicis.
3377 5119 3752 5188 Aug.lntelli-

2061 5213 2148 5285 gis
2177 5212 2354 5284 igitur
2379 5228 2512 5266 eum
2524 5211 2728 5283 quiait,
2752 5214 2850 5266 Est
2864 5214 2918 5266 in
2935 5212 3026 5266 illo
3048 5216 3184 5277 erat,
3208 5209 3349 5264 nihil
3368 5208 3525 5262 aliud
3547 5207 3752 5262 dixisse

2063 5318 2256 5374 quam,
2289 5302 2380 5354 Est
2407 5301 2730 5371 appellatur
2760 5300 2912 5371 quod
2950 5299 3011 5353 in
3064 5299 3163 5353 illo
3211 5300 3330 5351 erat
3357 5313 3369 5350 :
3402 5300 3674 5367 tanquam
3707 5296 3754 5349 si

2065 5389 2311 5457 dixisset,
2343 5388 2532 5442 Virtus
2564 5388 2622 5442 in
2649 5388 2748 5442 illo
2779 5392 2899 5442 erat
2928 5407 2943 5455 ;
2972 5403 3088 5440 non
3137 5385 3334 5454 utique
3366 5383 3520 5438 aliud
3550 5384 3753 5438 dixisse

2066 5478 2437 5548 acciperetur,
2470 5477 2602 5543 nisi,
2637 5477 2816 5531 virtus
2845 5475 3164 5546 appellatur
3193 5472 3346 5542 quod
3375 5471 3436 5525 in
3465 5471 3562 5526 illo
3593 5476 3750 5526 erat:

2065 5584 2138 5622 ne
2170 5567 2310 5621 duas
2328 5566 2464 5621 istas
2494 5566 2733 5637 syllabas
2754 5581 2894 5636 quas
2925 5560 3309 5628 enuntiamus,
3341 5577 3470 5615 cum
3512 5559 3756 5615 dicimus

2131 5666 2143 5698 ³
2179 5664 2273 5712 Ναὶ
2289 5664 2370 5710 καὶ
2397 5663 2471 5710 οὔ.
