4074 6360
378 308 510 362 1203

374 433 581 497 Virtus,
615 433 670 483 et
696 444 808 481 non
844 427 987 482 illud
1020 426 1173 498 quod
1200 425 1288 480 his
1313 426 1531 480 duabus
1560 424 1787 496 syllabis
1841 422 2060 494 signiﬁ-

374 524 552 586 catur,
587 518 647 571 in
675 516 771 569 illo
796 515 970 570 fuisse
1000 515 1427 570 arbitraremur.
1463 515 1572 569 Ad.
1611 513 1871 584 Intelligo
1901 528 1966 567 ac
1987 528 2064 565 se-

375 623 537 680 quor.
567 607 712 673 Aug.
747 604 941 669 Quid?
968 603 1110 658 illud
1147 619 1339 658 nonne
1378 603 1651 675 intelligis
1700 603 1873 657 etiam
1925 601 2066 655 nihil

374 697 647 751 interesse
675 699 867 747 utrum
915 692 1158 764 quisque
1188 693 1359 762 dicat,
1389 691 1572 746 Virtus
1603 692 1938 764 appellatur,
1971 706 2065 760 an,

377 785 566 839 Virtus
594 781 972 838 nominatur?
1000 783 1114 836 Ad.
1140 781 1493 836 Manifestum
1509 783 1610 834 est.
1641 782 1786 849 Aug.
1820 781 1964 850 Ergo
1989 778 2068 832 ita

379 871 740 928 manifestum
775 875 880 935 est,
911 870 1052 924 nihil
1084 870 1356 924 interesse
1390 874 1584 923 utrum
1617 869 1744 940 quis
1775 868 1942 934 dicat,
1978 869 2068 921 Est

378 961 716 1032 appellatur,
751 975 844 1026 an,
879 960 970 1012 Est
999 958 1329 1012 nominatur
1358 957 1512 1027 quod
1543 957 1601 1010 in
1629 957 1725 1011 illo
1781 960 1920 1010 erat.
1952 955 2062 1010 Ad.

379 1050 552 1104 Video
578 1052 634 1102 et
678 1047 770 1102 hic
793 1047 937 1100 nihil
987 1046 1212 1100 distare.
1249 1046 1399 1114 Aug.
1447 1047 1646 1100 Jamne
1704 1045 1880 1099 etiam
1909 1043 2066 1097 vides

378 1139 517 1209 quid
547 1137 715 1192 velim
747 1135 1086 1190 ostendere?
1112 1134 1221 1188 Ad.
1256 1133 1521 1188 Nondum
1549 1149 1702 1187 sane.
1736 1133 1882 1201 Aug.
1910 1133 2067 1185 Itane

379 1230 442 1281 tu
473 1243 588 1280 non
615 1225 769 1279 vides
799 1238 1008 1277 nomen
1061 1238 1181 1276 esse
1211 1222 1267 1275 id
1299 1238 1413 1292 quo
1443 1237 1532 1275 res
1581 1221 1772 1293 aliqua
1803 1220 2066 1274 nomina-

379 1316 520 1369 tur?
549 1314 658 1369 Ad.
697 1314 812 1366 Hoc
870 1312 1038 1381 plane
1070 1298 1210 1364 nihil
1249 1310 1456 1364 certius
1484 1309 1667 1364 video.
1722 1311 1869 1379 Aug.
1903 1308 2069 1362 Vides

379 1419 537 1473 ergo,
573 1403 666 1456 Est
679 1416 888 1454 nomen
909 1416 1050 1468 esse,
1072 1399 1354 1470 siquidem
1377 1399 1516 1452 illud
1548 1399 1698 1470 quod
1721 1405 1842 1452 erat
1869 1399 1929 1452 in
1949 1397 2066 1462 illo,

382 1493 475 1545 Est
506 1489 854 1543 nominatur.
887 1488 997 1543 Ad.
1051 1489 1266 1559 Negare
1293 1504 1407 1541 non
1437 1501 1690 1558 possum.
1727 1489 1872 1556 Aug.
1924 1488 1996 1540 At
2024 1485 2072 1540 si

381 1595 446 1634 ex
480 1582 536 1632 te
567 1593 886 1649 quaererem
917 1592 1045 1647 quae
1071 1576 1143 1630 sit
1163 1592 1295 1646 pars
1321 1575 1618 1644 orationis,
1642 1576 1764 1642 Est;
1804 1591 1922 1628 non
1949 1574 2069 1645 opi-

382 1683 488 1721 nor
536 1682 764 1733 nomen,
797 1666 895 1720 sed
945 1665 1181 1719 verbum
1223 1681 1345 1719 esse
1378 1665 1612 1731 diceres,
1669 1681 1798 1718 cum
1837 1664 1896 1718 id
1927 1665 2070 1718 ratio

380 1756 555 1810 etiam
582 1771 794 1809 nomen
825 1770 945 1808 esse
977 1754 1254 1808 docuerit.
1277 1754 1388 1808 Ad.
1422 1755 1505 1807 Ita
1534 1758 1618 1807 est
1637 1769 1871 1824 prorsus
1902 1758 1964 1806 ut
1993 1753 2073 1807 di-

379 1843 478 1898 cis.
509 1844 654 1912 Aug.
689 1844 836 1897 Num
856 1842 1042 1896 adhuc
1060 1841 1285 1896 dubitas
1313 1841 1452 1895 alias
1474 1857 1702 1913 quoque
1727 1847 1916 1912 partes
1946 1857 2071 1897 ora-

380 1931 556 1986 tionis
603 1931 804 1985 eodem
851 1930 1044 1996 modo,
1105 1946 1218 2001 quo
1273 1930 1804 1999 demonstravimus,
1839 1930 2076 1985 nomina

382 2036 503 2074 esse
523 2021 551 2073 ?
573 2020 689 2075 Ad.
727 2021 848 2073 Non
879 2018 1096 2085 dubito,
1121 2019 1588 2090 quandoquidem
1615 2018 1796 2072 fateor
1827 2018 2074 2090 easigni-

382 2108 550 2162 ﬁcare
581 2106 814 2178 aliquid.
834 2107 891 2163 Si
911 2111 1103 2160 autem
1124 2122 1213 2160 res
1234 2105 1370 2177 ipsa:
1403 2123 1544 2177 quas
1574 2106 2074 2178 signiﬁcant,quid

383 2196 626 2267 singulae
655 2196 1034 2266 appellentur,
1093 2194 1149 2248 id
1179 2200 1262 2248 est
1292 2195 1686 2264 nominentur,
1721 2195 2070 2267 interroges;

384 2285 726 2356 respondere
758 2300 877 2338 non
905 2299 1158 2354 possum,
1187 2283 1296 2337 nisi
1325 2300 1418 2337 eas
1449 2283 1600 2353 ipsas
1646 2287 1834 2354 partes
1871 2283 2074 2337 oratio-

384 2371 490 2438 nis,
523 2387 662 2442 quas
687 2370 920 2424 nomina
948 2386 1063 2423 non
1094 2385 1380 2436 vocamus,
1413 2369 1534 2440 sed,
1566 2374 1631 2424 ut
1659 2386 1847 2437 cerno,
1875 2385 2074 2426 vocare

386 2459 796 2514 convincimur.

459 2552 543 2602 15.
577 2550 719 2615 Aug.
748 2546 969 2601 Nihilne
998 2550 1053 2601 te
1080 2551 1290 2612 movet,
1324 2562 1396 2601 ne
1451 2546 1579 2619 quis
1612 2547 1814 2601 existat
1847 2547 1947 2618 qui
1979 2563 2076 2602 no-

385 2639 562 2690 stram
592 2635 760 2689 istam
815 2635 1097 2689 rationem
1151 2635 1450 2689 labefactet
1506 2635 1764 2702 dicendo,
1805 2637 2073 2706 Apostolo

385 2740 505 2779 non
529 2724 852 2790 verborum,
886 2724 982 2777 sed
1014 2739 1208 2777 rerum
1241 2723 1636 2778 auctoritatem
1667 2740 1788 2778 esse
1818 2724 2072 2778 tribuen-

386 2813 557 2879 dam;
587 2812 960 2883 quamobrem
1000 2811 1436 2866 fundamentum
1466 2811 1850 2882 persuasionis
1905 2812 2075 2883 hujus

384 2913 503 2952 non
539 2903 657 2952 tam
698 2914 817 2952 esse
873 2898 1103 2953 ﬁrmum
1161 2915 1334 2970 quam
1389 2904 1657 2970 putamus
1693 2915 1706 2953 :
1741 2899 1865 2954 ﬁeri
1921 2900 2073 2954 enim

385 3003 550 3058 posse
582 2991 644 3041 ut
677 2988 904 3054 Paulus,
931 3003 1261 3059 quanquam
1291 2988 1492 3042 vixerit
1521 2989 1966 3059 praeceperitque
1993 3004 2076 3043 re-

385 3074 658 3142 ctissme‘,
692 3075 884 3130 minus
935 3081 1127 3130 tamen
1165 3079 1314 3130 recte
1365 3077 1586 3130 locutus
1639 3077 1728 3142 sit,
1787 3093 1918 3130 cum
1975 3076 2074 3146 ait,

385 3165 482 3216 Est
505 3164 562 3215 in
596 3163 688 3217 illo
717 3168 865 3228 erat;
910 3162 1226 3232 praesertim
1276 3179 1405 3216 cum
1465 3179 1522 3216 se
1570 3163 1690 3234 ipse
1746 3163 2074 3233 imperitum

387 3265 648 3303 sermone
676 3249 966 3304 fateatur?
994 3249 1066 3318 (ΙΙ
1093 3250 1210 3306 Co-r.
1262 3266 1338 3314 x1,
1375 3249 1450 3320 6.)
1477 3267 1592 3321 quo
1621 3251 1854 3305 tandem
1903 3251 2074 3305 modo

385 3336 561 3391 istum
588 3337 959 3392 refellendum
996 3337 1332 3393 arbitraris?
1363 3338 1473 3391 Ad.
1508 3338 1660 3391 Nihil
1712 3338 1892 3392 habeo
1923 3338 2076 3409 quod

385 3425 792 3492 contradicam,
827 3431 880 3480 et
911 3430 966 3480 te
991 3441 1091 3478 oro
1141 3431 1208 3479 ut
1255 3425 1504 3496 aliquem
1535 3426 1604 3479 de
1651 3425 1764 3480 illis
1803 3426 2074 3498 reperias,

386 3514 594 3584 quibus
623 3515 926 3568 verborum
958 3513 1156 3568 notitia
1173 3529 1398 3567 summa
1416 3514 1762 3579 conceditur,
1792 3516 1954 3587 cujus
1981 3532 2076 3570 au-

384 3602 641 3656 ctoritate
667 3603 854 3674 potius
883 3602 940 3657 id
980 3603 1134 3674 quod
1188 3601 1347 3673 cupis
1404 3602 1633 3656 efﬁcias.
1694 3607 1841 3671 Aug.
1894 3605 2076 3659 Minus

385 3688 539 3742 enim
566 3689 669 3744 tibi
698 3689 924 3744 videtur
951 3689 1174 3754 idonea,
1203 3688 1437 3742 remotis
1467 3688 1915 3759 auctoritatibus,
1953 3690 2079 3762 ipsa

384 3777 552 3847 ratio,
581 3794 693 3849 qua
705 3777 1133 3832 demonstratur
1151 3777 1416 3832 omnibus
1433 3777 1690 3848 partibus
1707 3780 1983 3834 orationis
2005 3779 2076 3833 si-

385 3867 644 3938 gniﬁcari
672 3866 907 3938 aliquid,
931 3871 985 3920 et
1005 3884 1068 3920 ex
1087 3883 1152 3920 eo
1173 3866 1479 3937 appellari;
1505 3867 1753 3922 siautem
1775 3869 2073 3939 appellari,

385 3960 440 4010 et
465 3955 786 4022 nominari;
824 3955 871 4009 si
898 3955 1207 4024 nominari,
1236 3955 1468 4009 nomine
1501 3955 1696 4028 utique
1738 3957 2026 4011 nominari
2057 3974 2071 4012 :

385 4045 534 4114 quod
562 4044 623 4098 in
654 4044 885 4100 diversis
901 4045 1115 4115 linguis
1139 4043 1403 4098 facillime
1418 4043 1731 4114 judicatur.
1757 4045 1892 4109 Quis
1921 4045 2074 4100 enim

383 4149 501 4186 non
530 4133 736 4199 videat,
770 4133 816 4186 si
835 4149 1056 4204 quaeras
1087 4133 1223 4203 quid
1250 4133 1426 4187 Graeci
1460 4133 1760 4187 nominent
1789 4134 1942 4204 quod
1971 4151 2074 4188 nos

383 4221 770 4288 nominamus,
800 4220 954 4287 Quis,
996 4220 1348 4290 responderi,
1379 4218 1476 4274 τίς·
1511 4221 1647 4291 quid
1685 4221 1861 4275 Graeci
1891 4223 2072 4277 nomi-

384 4313 523 4362 nent
550 4309 704 4380 quod
736 4325 836 4362 nos
894 4308 1282 4373 nominamus,
1341 4307 1497 4373 Volo,
1529 4309 1879 4379 responderi.
1912 4309 2070 4356 θέλωο

382 4397 520 4468 quid
548 4396 726 4452 Graeci
757 4396 1061 4450 nominent
1089 4396 1241 4467 quod
1293 4412 1398 4448 nos
1457 4396 1846 4464 nominamus,
1904 4399 2072 4468 Bene,

383 4485 736 4555 responderi,
764 4483 958 4538 καλῶς’
992 4484 1131 4555 quid
1187 4484 1362 4539 Graeci
1418 4484 1717 4539 nominent
1763 4486 1914 4556 quod
1972 4503 2073 4541 nos

379 4574 770 4643 nominamus,
831 4572 1146 4643 Scriptum,
1215 4573 1568 4645 responderi,
1609 4575 1663 4620 τὸ
1698 4574 2068 4637 γεγραμμένον·

380 4665 517 4736 quid
547 4665 723 4720 Graeci
753 4664 1053 4718 nominent
1089 4665 1240 4734 quod
1299 4681 1404 4718 nos
1434 4664 1820 4732 nominamus,
1857 4667 1940 4732 Et,
1981 4683 2068 4721 re-

378 4753 664 4822 sponderi,
695 4751 778 4798 καὶ
803 4767 815 4778 ·
853 4751 990 4823 quid
1022 4752 1197 4807 Graeci
1229 4751 1523 4805 nominent
1561 4753 1708 4822 quod
1740 4768 1842 4807 nos
1884 4753 2067 4807 nomi-

378 4859 602 4910 namus,
656 4841 762 4908 Ab,
813 4841 1165 4912 responderi,
1199 4840 1332 4888 ἀπὸ·
1369 4841 1507 4912 quid
1560 4841 1737 4895 Graeci
1770 4841 2072 4898 nominent

378 4932 533 5004 quod
558 4948 660 4986 nos
672 4930 1056 4996 nominamus,
1081 4931 1220 4995 Heu,
1238 4929 1592 5000 responderi,
1611 4927 1658 4975 οἴ
1679 4943 1691 4956 ·
1716 4929 1958 5001 atquein
1981 4930 2069 4984 his

375 5021 638 5076 omnibus
664 5020 919 5091 partibus
942 5019 1396 5089 orationis,quas
1427 5035 1578 5072 nunc
1607 5018 1958 5086 enumeravi,
1977 5034 2066 5074 re-

375 5116 461 5165 cte
488 5110 648 5180 loqui
669 5125 800 5163 eum
822 5108 920 5179 qui
947 5107 1378 5178 sicinterroget:
1395 5107 1570 5179 quod,
1587 5107 1696 5161 nisi
1719 5107 1955 5161 nomina
1975 5123 2067 5162 es-

373 5203 518 5267 sent,
532 5198 656 5252 ﬁeri
669 5213 785 5251 non
797 5198 1019 5267 posset?
1033 5197 1140 5250 Hac
1160 5211 1293 5265 ergo
1307 5196 1560 5250 oratione
1578 5196 1818 5249 Paulum
1831 5200 2060 5265 aposto-

372 5287 490 5340 lum
509 5291 654 5340 recte
669 5287 920 5340 locutum
947 5300 1086 5352 esse,
1104 5300 1233 5337 cum
1250 5284 1485 5338 remotis
1506 5283 1764 5337 omnium
1787 5284 2058 5355 eloquen-

371 5374 515 5428 tium
541 5374 969 5429 auctoritatibus
1001 5372 1257 5427 obtinere
1283 5372 1609 5443 possimus;
1643 5371 1778 5441 quid
1810 5387 1953 5442 opus
1982 5377 2066 5427 est

371 5477 626 5533 quaerere
655 5465 815 5533 cujus
870 5477 1114 5532 persona
1167 5459 1452 5515 sententia
1502 5462 1699 5512 nostra
1752 5459 2064 5516 fulciatur?

433 5559 448 5592 ¹
480 5558 600 5606 Mss.
623 5558 837 5618 habent,
867 5558 1063 5608 dixerit
1077 5556 1495 5621 praceperilque
1514 5556 1808 5605 rectissime.

1620 303 1713 359 DE
1751 299 2134 368 MAGISTRO,
2178 299 2228 355 S.
2274 299 2659 356 AUGUSTlNI

3755 299 3901 354 1204

2248 425 2330 478 16.
2363 422 2471 478 Sed
2508 437 2580 476 ne
2619 423 2747 493 quis
2791 422 3011 477 tardior
3049 427 3149 476 aut
3184 421 3574 492 impudentior
3614 422 3883 477 nondum

2174 511 2354 579 cedat,
2387 514 2732 583 asseratque,
2771 509 2881 566 nisi
2912 511 3024 565 illis
3052 511 3395 578 auctoribus,
3428 510 3637 583 quibus
3667 511 3877 566 verbo-

2176 599 2304 656 run‘i
2328 601 2481 672 leges
2512 616 2791 654 consensu
2829 601 3086 655 omnium
3125 600 3475 669 tribuuntur,
3509 601 3667 654 nullo
3701 601 3902 672 modo,

2175 707 2294 745 esse
2323 705 2646 757 cessurum;
2672 689 2808 761 quid
2848 688 2906 742 in
2937 689 3112 743 latina
3150 690 3346 760 lingua
3377 688 3748 743 excellentius
3779 689 3876 744 Ci-

2174 794 2376 833 cerone
2418 777 2656 831 inveniri
2710 776 2928 847 potest?
2975 779 3046 831 At
3085 776 3177 832 hic
3228 777 3287 831 in
3331 777 3447 831 suis
3499 777 3876 832 nobilissimis

2175 865 2530 921 orationibus
2573 882 2712 936 quas
2750 865 3004 920 Verrinas
3039 871 3263 928 vocant,
3313 867 3535 933 Coram,
3583 865 3880 937 praeposi-

2176 955 2410 1022 tionem,
2433 955 2547 1009 sive
2565 954 2661 1008 illo
2686 955 2807 1008 loco
2829 955 3160 1009 adverbium
3184 955 3275 1024 sit,
3305 971 3518 1009 nomen
3539 953 3870 1025 appellavit.

2177 1042 2585 1098 Verumtamen
2614 1044 2749 1115 quia
2778 1043 2902 1098 ﬁeri
2922 1049 3110 1115 potest
3135 1048 3198 1098 ut
3222 1059 3327 1114 ego
3355 1044 3520 1098 illum
3547 1044 3736 1098 locum
3770 1044 3876 1097 mi-

2175 1149 2284 1186 nus
2313 1133 2457 1187 bene
2487 1133 2828 1204 intelligam,
2861 1137 3292 1204 exponaturque
3320 1133 3458 1186 alias
3490 1132 3679 1200 aliter,
3714 1132 3807 1186 vel
3843 1149 3878 1186 a

2177 1237 2268 1275 me
2308 1222 2394 1275 vel
2441 1222 2511 1276 ab
2543 1221 2684 1288 alio;
2717 1227 2802 1276 est
2837 1223 2907 1276 ad
2937 1222 3090 1294 quod
3130 1221 3466 1292 responderi
3507 1236 3676 1291 posse
3726 1219 3877 1274 nihil

2176 1315 2338 1380 puto.
2373 1310 2627 1364 Tradunt
2655 1310 2809 1364 enim
2838 1309 3178 1365 nobilissimi
3209 1309 3666 1380 disputationum
3688 1308 3881 1378 magi-

2178 1399 2300 1465 stri,
2349 1399 2582 1452 nomine
2622 1403 2679 1454 et
2725 1399 2894 1453 verbo
2938 1399 3168 1469 plenam
3206 1402 3463 1452 constare
3503 1396 3872 1463 sententiam,

2179 1503 2308 1557 quas
2353 1486 2627 1540 atﬁrmari
2677 1487 2986 1559 negarique
3032 1487 3242 1559 possit:
3295 1486 3449 1558 quod
3491 1503 3672 1558 genus
3718 1485 3874 1540 idem

2176 1575 2393 1630 Tullius
2440 1576 2692 1646 quodam
2740 1577 2863 1630 loco
2911 1576 3345 1647 pronuntiatum
3395 1580 3589 1630 vocat:
3643 1579 3699 1628 et
3746 1590 3880 1629 cum

2179 1663 2335 1718 verbi
2365 1663 2530 1717 tertia
2555 1679 2798 1733 persona
2819 1667 2923 1729 est,
2956 1663 3368 1717 nominativum
3407 1679 3537 1717 cum
3576 1679 3644 1717 ea
3683 1679 3882 1718 casum

2179 1752 2429 1807 nominis
2480 1752 2639 1806 aiunt
2676 1767 2796 1806 esse
2845 1755 3141 1822 Oportere;
3192 1756 3247 1806 et
3273 1756 3423 1806 recte
3473 1751 3676 1806 aiunt:
3719 1751 3880 1822 quod

2181 1849 2406 1896 meeum
2435 1841 2483 1895 si
2511 1841 2853 1910 consideres,
2877 1843 3030 1896 velut
3053 1857 3182 1894 cum
3206 1840 3468 1909 dicimus,
3495 1842 3674 1895 Homo
3697 1841 3880 1909 sedet,

2183 1931 2371 2001 Equus
2399 1930 2596 1997 currit,
2637 1930 2916 2001 agnoscis,
2955 1934 3019 1984 ut
3052 1929 3276 2000 opinor,
3310 1930 3423 1983 duo
3455 1945 3576 1984 esse
3608 1944 3882 2000 pronun—

2181 2019 2338 2073 tiata.
2371 2018 2480 2073 Ad.
2521 2020 2795 2089 Agnosco.
2845 2020 2996 2088 Aug.
3049 2018 3243 2073 Cernis
3271 2017 3330 2071 in
3369 2018 3606 2089 singulis
3652 2016 3884 2089 singula

2182 2123 2301 2161 esse
2330 2106 2578 2170 nomina,
2611 2107 2669 2160 in
2697 2123 2812 2161 uno
2839 2107 3035 2173 homo,
3067 2107 3128 2160 in
3160 2107 3336 2160 altero
3371 2123 3584 2179 equus;
3621 2111 3676 2160 et
3705 2105 3883 2160 verba

2182 2195 2426 2266 singula,
2473 2195 2534 2250 in
2583 2212 2697 2250 uno
2743 2197 2919 2265 sedet,
2951 2195 3009 2249 in
3043 2196 3217 2250 altero
3257 2195 3473 2250 currit?
3519 2195 3628 2250 Ad.
3673 2195 3879 2250 Cerno.

2181 2284 2331 2351 Aug.
2368 2285 2511 2354 Ergo
2543 2283 2589 2337 si
2629 2283 2898 2350 dicerem,
2936 2283 3088 2338 sedet
3122 2288 3366 2347 tantum,
3413 2287 3512 2337 aut
3539 2282 3717 2337 currit
3753 2286 3881 2336 tan-

2181 2377 2323 2435 tum,
2359 2375 2507 2426 recte
2536 2387 2568 2424 a
2597 2387 2688 2426 me
2718 2387 3024 2442 quaereres,
3060 2371 3188 2442 quis
3217 2372 3304 2425 vel
3339 2370 3510 2442 quid;
3547 2376 3612 2425 ut
3639 2385 3881 2440 respon-

2183 2460 2398 2529 derem,
2438 2461 2638 2524 Homo,
2669 2461 2757 2514 vel
2787 2476 2986 2530 equus,
3033 2461 3120 2514 vel
3171 2459 3403 2530 animal,
3449 2460 3535 2514 vel
3584 2459 3884 2530 quodlibet

2183 2548 2356 2615 aliud,
2389 2565 2502 2619 quo
2530 2547 2709 2619 possit
2729 2564 2938 2602 nomen
2968 2547 3254 2602 redditum
3279 2548 3449 2602 verbo
3481 2547 3720 2618 implere
3748 2563 3876 2618 pro~

2183 2637 2528 2697 nuntiatum,
2559 2637 2617 2690 id
2649 2641 2734 2691 est
2758 2637 2916 2690 illam
2965 2637 3304 2692 sententiam
3342 2653 3472 2708 qum
3518 2637 3793 2691 afﬁrmari
3825 2640 3884 2691 et

2182 2725 2380 2795 negari
2410 2728 2612 2795 potest.
2645 2725 2755 2778 Ad.
2787 2725 3067 2794 Intelligo.
3106 2725 3252 2792 Aug.
3281 2726 3526 2780 Attende
3565 2730 3789 2791 caetera,
3825 2729 3884 2779 et

2182 2813 2338 2884 ﬁnge
2363 2830 2466 2868 nos
2506 2813 2699 2867 videre
2730 2813 2944 2884 aliquid
2984 2814 3231 2884 longius,
3265 2817 3321 2867 et
3345 2814 3630 2868 incertum
3670 2813 3883 2868 habere

2182 2908 2378 2957 utrum
2429 2901 2638 2956 animal
2668 2901 2739 2955 sit
2774 2917 2847 2955 an
2895 2917 3114 2971 saxum,
3143 2902 3232 2956 vel
3263 2902 3402 2973 quid
3447 2902 3623 2970 aliud,
3673 2917 3884 2973 meque

2183 2991 2290 3045 tibi
2319 2991 2525 3057 dicere,
2559 2990 2702 3054 Quia
2725 2990 2898 3044 homo
2921 2995 3024 3057 est,
3057 2991 3266 3044 animal
3298 2994 3408 3057 est;
3445 3006 3635 3044 nonne
3665 2994 3884 3044 temere

2182 3077 2467 3132 dicerem?
2492 3077 2600 3132 Ad.
2632 3078 2865 3131 Temere
2897 3077 3166 3132 omnino:
3199 3077 3297 3132 sed
3328 3093 3440 3132 non
3470 3082 3684 3132 temere
3711 3077 3884 3147 plane

2183 3167 2418 3234 diceres,
2446 3165 2505 3220 Si
2533 3167 2703 3219 homo
2750 3171 2854 3233 est,
2889 3166 3102 3220 animal
3149 3170 3249 3219 est.
3304 3167 3454 3233 Aug.
3506 3167 3673 3220 Recte
3715 3165 3877 3220 dicis.

2185 3256 2383 3326 Itaque
2412 3254 2473 3307 in
2505 3253 2789 3308 locutione
2809 3259 2906 3309 tua
2936 3255 3122 3325 placet
3143 3254 3304 3321 mihi,
3327 3253 3414 3320 Si;
3445 3255 3631 3325 placet
3659 3258 3715 3308 et
3736 3254 3841 3309 tibi
3864 3270 3878 3309 :

2183 3341 2412 3412 utrique
2440 3346 2632 3395 autem
2667 3345 2922 3396 nostrum
2954 3342 3015 3396 in
3051 3357 3176 3397 mea
3205 3342 3536 3413 disciplicet,
3571 3342 3732 3408 Quia.
3764 3337 3876 3399 Ad.

2183 3429 2495 3483 Assentior.
2528 3431 2671 3497 Aug.
2718 3429 2857 3484 Vide
2881 3431 3001 3502 jam
3038 3435 3232 3484 utrum
3261 3430 3382 3485 istae
3415 3432 3542 3486 duae
3578 3432 3880 3487 sententias

2183 3519 2354 3588 plena
2399 3519 2771 3588 pronuntiata
2825 3518 2974 3573 sint:
3030 3519 3217 3573 Placet
3263 3520 3326 3588 si,
3387 3518 3666 3590 displicet,
3719 3522 3875 3591 quia.

2184 3607 2293 3662 Ad.
2327 3608 2502 3661 Plena
2531 3608 2784 3662 omnino.
2814 3610 2965 3676 Aug.
2994 3610 3136 3680 Age,
3169 3624 3319 3662 nunc
3349 3609 3437 3663 dic
3466 3607 3609 3663 mihi
3639 3624 3766 3680 quae
3798 3609 3880 3664 ibi

2185 3695 2297 3749 sint
2319 3695 2510 3762 verba,
2556 3711 2684 3766 quae
2725 3695 2974 3749 nomina.
3022 3696 3132 3750 Ad.
3187 3696 3370 3751 Verba
3416 3696 3496 3751 ibi
3526 3696 3688 3751 video
3733 3713 3879 3763 esse,

2183 3782 2385 3853 placet,
2415 3788 2490 3849 et,
2522 3783 2815 3854 displicet:
2870 3783 3104 3838 nomina
3146 3801 3280 3838 vero
3315 3784 3452 3856 quid
3494 3785 3649 3840 aliud
3680 3802 3875 3857 quam,

2185 3871 2249 3937 si,
2277 3874 2352 3938 et,
2384 3871 2555 3942 quia?
2584 3873 2727 3940 Aug.
2759 3873 2868 3926 Has
2898 3887 3034 3942 ergo
3066 3872 3205 3927 duas
3236 3873 3668 3944 conjunctiones
3703 3875 3880 3930 etiam

2183 3958 2418 4012 nomina
2447 3975 2567 4013 esse
2598 3959 2730 4013 satis
2778 3960 3084 4030 probatum
3133 3965 3234 4015 est.
3269 3961 3378 4015 Ad.
3428 3963 3666 4016 Prorsus
3705 3962 3871 4017 satis.

2183 4047 2329 4114 Aug.
2353 4049 2591 4101 Potesne
2615 4048 2739 4118 ipse
2759 4065 2862 4119 per
2881 4053 2936 4102 te
2963 4049 3020 4102 in
3051 4048 3177 4102 aliis
3198 4049 3455 4120 partibus
3475 4050 3749 4105 orationis
3769 4051 3881 4105 hoc

2183 4134 2337 4189 idem
2368 4136 2436 4190 ad
2465 4137 2726 4190 eamdem
2756 4136 3014 4208 regulam
3047 4137 3285 4193 docere?
3313 4139 3419 4192 Ad.
3450 4139 3704 4194 Possum.

2443 4225 2666 4280 CAPUT
2696 4226 2786 4279 VI.
2819 4255 2887 4266 —-
2916 4226 3092 4294 Signa
3119 4229 3207 4281 sui
3235 4229 3616 4297 signiﬁcativa.

2257 4316 2340 4367 l7.
2370 4315 2516 4380 Aug.
2565 4315 2943 4369 Transeamus
2989 4331 3126 4385 ergo
3179 4315 3333 4382 hinc,
3379 4319 3433 4369 et
3464 4315 3584 4386 jam
3617 4315 3706 4370 dic
3735 4316 3880 4372 mihi

2182 4405 2373 4456 utrum
2405 4402 2550 4456 sicut
2596 4402 2790 4457 omnia
2837 4403 3005 4458 verba
3047 4405 3298 4469 nomina,
3331 4408 3386 4457 et
3412 4403 3606 4458 omnia
3644 4406 3882 4462 nomina

2180 4491 2352 4544 verba
2409 4507 2529 4545 esse
2576 4491 2981 4562 comperimus,
3030 4491 3109 4545 ita
3155 4491 3257 4546 tibi
3305 4495 3362 4545 et
3405 4491 3595 4544 omnia
3636 4495 3882 4550 nomina

2179 4578 2468 4646 vocabula,
2503 4584 2560 4634 et
2584 4580 2776 4634 omnia
2799 4580 3072 4635 vocabula
3109 4579 3341 4634 nomina
3379 4595 3500 4632 esse
3543 4578 3871 4639 videantur.

2178 4668 2288 4722 Ad.
2324 4669 2496 4723 Plane
2527 4668 2674 4723 inter
2700 4669 2822 4724 haec
2851 4669 2986 4740 quid
3014 4668 3182 4722 distet
3209 4670 3416 4738 praeter
3444 4667 3732 4724 diversum
3764 4674 3878 4742 syl-

2179 4755 2437 4809 labarum
2469 4772 2674 4810 sonum
2701 4773 2817 4810 non
2847 4755 3031 4810 video.
3066 4755 3211 4820 Aug.
3248 4755 3358 4808 Nec
3387 4770 3492 4826 ego
3525 4755 3757 4812 interim
3785 4775 3877 4814 re-

2178 4842 2333 4908 sisto,
2383 4859 2712 4916 quanquam
2746 4859 2860 4898 non
2890 4842 3078 4897 desint
3107 4842 3206 4913 qui
3236 4842 3406 4897 etiam
3454 4843 3874 4916 signiﬁcatione

2175 4930 2280 4984 ista
2310 4931 2655 4998 discernunt,
2689 4946 2930 5001 quorum
2953 4931 3294 4986 sententiam
3324 4933 3493 4988 modo
3515 4934 3874 4991 considerare

2175 5035 2291 5074 non
2322 5036 2465 5091 opus
2495 5023 2596 5073 est.
2649 5019 2753 5073 Sed
2784 5022 2933 5071 certe
2983 5017 3389 5074 animadvertis
3420 5021 3490 5076 ad
3535 5037 3601 5076 ea
3641 5023 3763 5093 jam
3796 5025 3872 5079 si-

2174 5123 2285 5178 gna
2317 5124 2418 5162 nos
2447 5107 2787 5178 pervenisse,
2820 5123 2946 5178 qua:
2974 5123 3033 5161 se
3064 5107 3307 5163 invicem
3339 5110 3678 5181 signiﬁcent,
3712 5114 3872 5168 nulla

2171 5202 2380 5267 praeter
2403 5212 2605 5250 sonum
2637 5195 2922 5263 distantia,
2956 5200 3010 5250 et
3039 5213 3166 5268 quae
3189 5198 3375 5269 seipsa
3396 5200 3715 5270 significent
3737 5218 3868 5258 cum

2171 5283 2388 5338 caeteris
2415 5283 2680 5337 omnibus
2700 5284 2959 5353 partibus
2985 5285 3279 5340 orationis.
3305 5288 3414 5342 Ad.
3442 5288 3561 5342 Non
3582 5288 3864 5360 intelligo.

2171 5373 2314 5438 Aug.
2351 5373 2472 5425 Non
2503 5387 2638 5443 ergo
2668 5371 2942 5444 intelligis
2969 5378 3025 5428 et
3053 5390 3264 5429 nomen
3303 5377 3576 5431 vocabulo
3604 5381 3660 5431 et
3693 5395 3867 5433 voca-

2168 5460 2367 5515 bulum
2398 5460 2630 5514 nomine
2660 5460 2998 5532 signiﬁcari;
3032 5467 3088 5517 et
3116 5463 3192 5516 ita
3223 5467 3285 5517 ut
3313 5469 3519 5535 praeter
3548 5481 3754 5521 sonum
3777 5468 3867 5523 lit-

2172 5553 2420 5604 terarum
2460 5548 2604 5604 nihil
2643 5549 2886 5618 intersit,
2932 5555 3210 5622 quantum
3248 5552 3318 5608 ad
3353 5556 3617 5624 generale
3652 5571 3866 5613 nomen
