4074 6346
255 386 271 435 1
284 384 386 436 205

245 508 534 578 pertinet:
567 524 702 563 nam
722 514 777 562 et
805 509 1049 579 speciale
1081 525 1292 564 nomen
1314 509 1576 578 dicimus,
1613 511 1763 582 quod
1788 510 1940 566 inter

246 601 373 652 octo
397 601 587 669 partes
609 597 881 652 orationis
909 597 982 653 ita
1017 603 1122 663 est,
1160 603 1224 654 ut
1249 599 1386 654 alias
1415 605 1633 672 septem
1658 617 1775 654 non
1805 617 1937 656 con-

244 686 445 740 tineat.
491 686 606 740 Ad.
642 686 921 757 Intelligo.
955 687 1100 756 Aug.
1132 689 1203 742 At
1246 689 1354 742 hoc
1401 695 1484 743 est
1522 691 1676 761 quod
1715 689 1849 758 dixi,
1881 705 1939 744 se

242 774 488 830 invicem
522 775 843 845 signiﬁcare
874 775 1209 830 vocabulum
1242 782 1295 830 et
1322 794 1550 832 nomen.

319 867 404 920 18.
439 865 551 919 Ad.
573 865 782 931 Teneo,
807 865 904 919 sed
935 881 1131 936 quaero
1163 865 1301 937 quid
1333 867 1561 933 dixeris,
1598 867 1737 922 Cum
1765 867 1937 922 etiam

241 953 431 1024 seipsa
463 952 788 1023 signiﬁcant
824 969 952 1007 cum
991 955 1118 1008 aliis
1146 955 1405 1025 partibus
1455 955 1746 1011 orationis.
1791 958 1933 1024 Aug.

241 1043 443 1097 Nonne
473 1042 736 1113 superior
763 1042 908 1096 ratio
921 1042 1112 1097 docuit
1132 1059 1256 1110 nos,
1291 1060 1488 1098 omnes
1508 1050 1698 1116 partes
1727 1043 1935 1099 oratio-

239 1130 349 1197 nis,
401 1135 456 1184 et
506 1129 743 1185 nomina
770 1146 932 1201 posse
964 1131 1074 1186 dici
1105 1136 1161 1186 et
1189 1133 1480 1199 vocabula,
1514 1133 1574 1188 id
1622 1137 1705 1188 est
1751 1138 1805 1188 et
1835 1149 1936 1188 no-

241 1219 398 1274 mine
429 1224 484 1274 et
515 1219 790 1274 vocabulo
821 1236 986 1290 posse
1016 1220 1370 1290 signiﬁcari?
1399 1222 1510 1276 Ad.
1539 1223 1621 1276 Ita
1651 1226 1753 1276 est.
1787 1224 1932 1289 Aug.

239 1307 386 1372 Quid
407 1310 436 1362 ?
466 1308 654 1378 ipsum
687 1324 919 1374 nomen,
942 1308 998 1362 id
1027 1314 1108 1363 est
1137 1326 1341 1363 sonum
1371 1309 1548 1364 istum
1581 1310 1800 1365 duabus
1825 1312 1933 1381 syl-

242 1397 387 1452 labis
435 1413 785 1468 expressum,
843 1397 890 1451 si
942 1414 1010 1452 ex
1060 1403 1114 1452 te
1170 1415 1425 1468 quaeram
1475 1399 1614 1470 quid
1662 1400 1932 1471 appelles,

241 1501 433 1552 nonne
478 1490 626 1540 recte
656 1485 799 1540 mihi
829 1486 1224 1557 respondebis,
1277 1488 1542 1543 Nomen?
1590 1489 1697 1542 Ad.
1742 1490 1930 1543 Recte.

237 1574 386 1640 Aug.
422 1575 567 1628 Num
599 1573 678 1628 ita
701 1590 758 1629 se
790 1574 1068 1645 significat
1095 1577 1204 1630 hoc
1243 1575 1472 1647 signum
1503 1577 1659 1648 quod
1689 1581 1936 1648 quatuor

238 1661 469 1733 syllabis
517 1663 883 1717 enuntiemus
922 1680 1052 1718 cum
1098 1664 1358 1730 dicimus,
1404 1666 1788 1736 Conjunctio?
1820 1668 1934 1720 Hoc

235 1750 391 1805 enim
423 1767 632 1806 nomen
664 1751 815 1805 inter
845 1751 943 1806 illa
971 1769 1100 1823 quas
1145 1753 1446 1823 signiﬁcat,
1495 1754 1786 1808 numerari
1815 1771 1930 1809 non

234 1845 443 1911 potest.
477 1841 588 1895 Ad.
618 1841 790 1896 Recte
819 1841 1050 1911 accipio.
1099 1843 1252 1909 Aug.
1301 1843 1360 1896 Id
1409 1846 1496 1896 est
1534 1844 1690 1914 quod
1718 1843 1930 1898 dictum

236 1932 323 1982 est
353 1944 564 1983 nomen
592 1929 842 2000 seipsum
873 1929 1194 2000 signiﬁcare
1225 1946 1353 1985 cum
1384 1931 1510 1985 aliis
1555 1948 1684 2003 quae
1711 1932 1929 2003 signiﬁ-

235 2021 360 2084 cat;
393 2017 547 2088 quod
580 2017 751 2071 etiam
781 2018 850 2072 de
881 2018 1149 2072 vocabulo
1180 2019 1307 2073 licet
1338 2035 1440 2091 per
1473 2020 1720 2091 teipsum
1762 2019 1928 2074 intel-

235 2106 398 2178 ligas.
430 2106 540 2161 Ad.
571 2107 696 2160 Jam
724 2106 885 2161 facile
941 2111 1026 2162 est
1072 2123 1084 2161 :
1119 2109 1218 2162 sed
1248 2107 1392 2162 illud
1426 2108 1570 2162 mihi
1600 2124 1750 2162 nunc
1776 2108 1932 2163 venit

236 2195 295 2249 in
333 2200 599 2258 mentem,
634 2212 848 2250 nomen
878 2200 933 2250 et
960 2197 1306 2267 generaliter
1336 2202 1392 2252 et
1419 2198 1740 2269 specialiter
1778 2199 1924 2266 dici;

234 2283 572 2338 vocabulum
603 2289 795 2339 autem
824 2285 975 2340 inter
1005 2289 1128 2340 octo
1157 2290 1349 2356 partes
1389 2287 1664 2342 orationis
1693 2304 1810 2342 non
1839 2302 1927 2342 ac-

234 2372 385 2442 cipi:
419 2389 595 2443 quare
626 2373 732 2427 hoc
754 2389 980 2445 quoque
1001 2373 1151 2428 inter
1180 2391 1237 2428 se
1269 2379 1478 2444 praeter
1507 2375 1794 2430 diversum
1838 2392 1926 2431 so-

233 2477 375 2516 num
404 2461 631 2516 diﬁ'erre
661 2462 924 2518 arbitror.
954 2463 1099 2531 Aug.
1136 2463 1330 2527 Quid?
1360 2479 1566 2518 nomen
1597 2469 1654 2518 et
1681 2463 1834 2526 ὄνομα
1849 2464 1929 2519 di-

231 2553 381 2604 stare
410 2549 561 2604 inter
588 2568 645 2604 se
677 2550 892 2622 aliquid
915 2555 1079 2622 putas
1110 2555 1317 2622 praeter
1344 2569 1572 2622 sonum,
1603 2569 1716 2624 quo
1755 2552 1928 2607 etiam

228 2638 442 2708 linguas
466 2639 1060 2694 discernunturlatina
1079 2645 1250 2712 atque
1274 2657 1458 2711 graeca
1476 2642 1502 2695 ?
1531 2642 1643 2695 Ad.
1674 2641 1772 2695 Hic
1794 2657 1926 2696 vero

231 2726 374 2781 nihil
404 2727 554 2782 aliud
588 2727 867 2798 intelligo.
898 2729 1046 2797 Aug.
1086 2731 1429 2802 Perventum
1461 2733 1545 2783 est
1578 2745 1715 2800 ergo
1756 2729 1826 2784 ad
1863 2746 1928 2784 ea

230 2815 394 2886 signa
420 2831 547 2888 quas
579 2820 634 2870 et
663 2816 847 2888 seipsa
877 2816 1221 2888 signiﬁcent,
1255 2821 1310 2871 et
1339 2816 1491 2871 aliud
1529 2818 1600 2871 ab
1639 2816 1749 2870 alio
1781 2816 1924 2870 invi-

229 2921 356 2959 cem
385 2905 757 2975 signiﬁcetur,
791 2910 848 2959 et
875 2905 1156 2976 quidquid
1186 2905 1254 2959 ab
1305 2921 1419 2959 uno
1450 2905 1556 2959 hoc
1585 2909 1642 2959 et
1674 2905 1742 2958 ab
1776 2904 1922 2971 alio;

228 2998 286 3048 et
313 2993 457 3049 nihil
504 2998 716 3065 praeter
768 3010 970 3048 sonum
1010 2993 1161 3049 inter
1204 3010 1262 3046 se
1293 2993 1596 3048 differant:
1643 3009 1775 3047 nam
1819 2994 1927 3047 hoc

229 3086 499 3153 quartum
529 3083 698 3137 modo
729 3082 1086 3149 invenimus;
1120 3081 1229 3137 tria
1249 3082 1401 3136 enim
1437 3081 1753 3153 superiora,
1786 3086 1842 3136 et
1857 3082 1926 3136 de

229 3170 460 3224 nomine
483 3176 540 3225 et
550 3171 722 3237 verbo
738 3171 1155 3241 intelliguntur.
1171 3171 1280 3225 Ad.
1299 3169 1546 3226 Omnino
1561 3174 1920 3241 perventum.

338 3260 562 3315 CAPUT
590 3260 706 3314 VlI.
738 3289 806 3300 —
825 3261 1085 3330 Epilogus
1101 3259 1517 3330 precedentium
1555 3262 1814 3328 capitum.

305 3350 388 3401 l9.
420 3348 568 3418 Aug.
602 3349 726 3403 Jam
747 3351 876 3419 quae
908 3347 1340 3402 sermocinando
1371 3347 1780 3414 invenerimus,
1826 3363 1922 3400 ve-

227 3435 332 3490 lim
379 3451 697 3491 recenseas.
756 3438 868 3492 Ad.
910 3437 1130 3492 Faciam
1163 3441 1444 3509 quantum
1473 3452 1727 3508 possum.
1783 3437 1922 3490 Nam

223 3523 414 3596 primo
433 3525 692 3580 omnium
707 3527 974 3580 recordor
993 3525 1326 3597 aliquandiu
1341 3541 1445 3580 nos
1463 3524 1732 3596 quasisse
1753 3541 1924 3596 quam

224 3613 535 3668 obcausam
555 3615 882 3685 loquamur,
912 3614 1323 3685 inventumque
1354 3630 1474 3668 esse
1506 3613 1746 3667 docendi
1775 3629 1925 3667 com-

225 3703 653 3757 memorandive
697 3703 877 3773 gratia
920 3719 1024 3757 nos
1073 3703 1252 3772 loqui,
1302 3701 1770 3772 quandoquidem
1820 3717 1924 3755 nec

222 3808 354 3846 cum
383 3791 826 3860 interrogamus,
855 3791 1007 3844 aliud
1037 3790 1261 3861 agimus
1291 3805 1466 3858 quam
1495 3800 1557 3843 ut
1585 3789 1680 3842 ille
1710 3788 1810 3860 qui
1840 3789 1922 3842 in-

221 3884 546 3951 terrogatur
576 3879 754 3933 discat
775 3878 911 3949 quid
940 3878 1181 3932 velimus
1202 3877 1426 3943 audire;
1448 3881 1505 3931 et
1535 3877 1592 3930 in
1621 3877 1920 3944 cantando,

223 3967 378 4041 quod
403 3966 795 4022 delectationis
817 3982 985 4020 causa
1013 3966 1198 4020 facere
1227 3965 1508 4031 videmur,
1541 3981 1660 4020 non
1688 3965 1759 4020 sit
1788 3982 1921 4036 pro-

221 4056 416 4129 prium
444 4055 788 4122 locutionis;
840 4055 901 4109 in
931 4055 1148 4110 orando
1181 4055 1318 4120 Deo,
1349 4069 1523 4124 quem
1581 4053 1771 4108 doceri
1827 4058 1924 4109 aut

222 4144 663 4200 commemorari
691 4144 1014 4199 existimare
1043 4159 1162 4197 non
1201 4141 1604 4213 possumus,id
1634 4142 1806 4197 verba
1824 4159 1923 4197 va-

223 4235 398 4301 leant,
431 4239 496 4289 ut
536 4234 622 4287 vel
675 4250 778 4287 nos
836 4233 990 4303 ipsos
1041 4231 1635 4298 commonefaciamus,
1687 4233 1773 4285 vel
1826 4232 1922 4286 alii

221 4325 696 4377 commoneantur
723 4321 1101 4375 doceanturve
1133 4336 1235 4391 per
1263 4336 1389 4374 nos.
1426 4320 1636 4375 Deinde
1657 4336 1788 4374 cum
1832 4335 1921 4374 sa-

225 4412 297 4466 tis
325 4410 669 4465 constitisset
697 4409 869 4464 verba
899 4409 1044 4463 nihil
1075 4408 1226 4464 aliud
1267 4425 1387 4464 esse
1422 4425 1594 4480 quam
1624 4409 1824 4479 signa;
1855 4426 1922 4464 ea

224 4515 356 4553 vero
387 4514 515 4569 quae
537 4514 651 4551 non
678 4497 896 4569 aliquid
918 4497 1258 4568 signiﬁcent,
1279 4497 1440 4568 signa
1458 4515 1577 4552 esse
1599 4515 1711 4552 non
1730 4513 1917 4569 posse,

225 4587 570 4659 proposuisti
601 4603 849 4654 versum,
883 4587 1045 4657 cujus
1083 4585 1253 4640 verba
1279 4586 1504 4657 singula
1533 4586 1670 4658 quid
1703 4586 1917 4658 signiﬁ-

224 4681 440 4741 carent,
473 4691 708 4730 conarer
735 4675 1069 4730 ostendere:
1103 4675 1150 4729 is
1181 4679 1370 4730 autem
1401 4679 1555 4729 erat:

411 4764 464 4813 Si
495 4763 625 4813 nihil
650 4778 712 4813 ex
746 4768 893 4814 tanta
919 4763 1132 4828 Superis
1154 4764 1326 4826 placet
1355 4763 1480 4813 urbe
1510 4764 1752 4827 relinqui.

224 4855 397 4924 Cujus
428 4854 740 4908 secundum
772 4854 1008 4908 verbum
1040 4851 1298 4924 quamvis
1328 4851 1690 4906 notissimum
1720 4856 1775 4906 et
1796 4869 1918 4906 ma-

223 4941 675 5011 nifestissimum,
731 4941 869 5012 quid
918 4945 1114 4996 tamen
1168 4939 1532 5011 signiﬁcaret,
1585 4956 1705 4994 non
1758 4957 1920 5010 repe-

223 5030 536 5085 riebamus.
578 5032 835 5100 Cumque
864 5029 1008 5084 mihi
1039 5029 1329 5084 videretur
1359 5045 1475 5083 non
1505 5029 1714 5082 frustra
1744 5045 1844 5082 nos
1864 5029 1920 5084 id

223 5119 283 5174 in
311 5119 601 5190 loquendo
635 5119 1018 5188 interponere,
1051 5119 1148 5173 sed
1179 5119 1330 5190 quod
1362 5134 1429 5172 eo
1464 5117 1676 5188 aliquid
1719 5119 1919 5172 docea-

224 5223 357 5261 mus
382 5207 729 5273 audientem,
762 5192 944 5276 ipsam
975 5207 1180 5260 mentis
1223 5207 1598 5272 affectionem,
1633 5222 1763 5260 cum
1799 5223 1918 5260 rem

224 5313 401 5369 quam
431 5295 660 5367 quaerit,
694 5311 808 5349 non
832 5311 952 5349 esse
981 5294 1220 5364 invenit,
1251 5297 1339 5350 vel
1360 5295 1642 5350 invenisse
1657 5311 1714 5349 se
1735 5299 1918 5365 putat,

224 5385 334 5440 hoc
365 5385 540 5439 verbo
572 5385 808 5439 fortasse
845 5383 1088 5437 indicari
1117 5403 1132 5451 ;
1164 5384 1508 5455 respondisti
1556 5388 1618 5437 tu
1665 5383 1919 5455 quidem,

225 5474 325 5529 sed
383 5479 576 5528 tamen
632 5472 821 5527 nescio
865 5488 1040 5543 quam
1097 5473 1544 5542 profunditatem
1591 5471 1922 5543 quaestionis

219 5563 353 5634 joco
384 5563 622 5624 evitans,
654 5561 712 5616 in
743 5562 898 5616 aliud
940 5566 1163 5633 tempus
1193 5561 1591 5617 illustrandam
1612 5560 1918 5615 distulisti:

225 5665 330 5705 nec
360 5666 452 5704 me
485 5650 658 5706 debiti
687 5666 913 5722 quoque
946 5649 1031 5705 tui
1047 5649 1287 5704 oblitum
1306 5654 1498 5721 putes.
1536 5650 1669 5704 Inde
1689 5648 1920 5704 tertium

1772 387 1983 444 LIBER
2026 387 2118 443 UN
2128 387 2235 444 US.

3624 392 3638 442 l
3652 388 3756 443 206

2051 511 2108 568 in
2140 527 2305 566 versu
2352 512 2587 566 verbum
2636 528 2763 566 cum
2809 515 3129 581 satagerem
3175 526 3477 581 exponere,
3511 512 3757 583 urgebar

2047 600 2147 654 abs
2179 605 2254 664 te,
2285 605 2349 655 ut
2378 617 2495 654 non
2525 601 2762 655 verbum
2812 600 2967 654 aliud
3001 600 3153 670 quod
3185 598 3338 653 idem
3371 599 3602 667 valeret,
3646 601 3742 654 sed

2047 703 2169 745 rem
2198 690 2382 760 ipsam
2411 690 2600 760 potius
2626 706 2753 760 quin
2782 706 2884 760 per
2915 687 3083 742 verba
3111 687 3526 759 signiﬁcaretur
3555 693 3740 743 osten-

2047 779 2254 834 derem.
2292 779 2548 850 Cumque
2593 779 2651 833 id
2699 778 3212 832 sermocinantibus
3258 778 3422 832 nobis
3467 778 3594 832 ﬁeri
3626 795 3739 833 non

2046 884 2208 939 posse
2236 867 2521 934 dixissem,
2555 870 2785 920 ventum
2817 875 2896 922 est
2922 867 2990 920 ad
3014 883 3076 919 ea
3104 883 3230 937 quze
3254 866 3740 936 interrogantibus

2046 956 2223 1027 digito
2256 959 2663 1010 monstrantur.
2714 957 2841 1008 Haec
2900 971 3002 1026 ego
3051 955 3369 1024 corporalia
3398 972 3515 1008 esse
3549 955 3738 1010 omnia

2045 1045 2384 1114 arbitrabar,
2441 1045 2539 1099 sed
2568 1043 2892 1098 invenimus
2917 1044 3032 1096 sola
3080 1044 3338 1097 visibilia.
3378 1044 3516 1098 Hinc
3550 1046 3738 1099 nescio

2045 1135 2330 1205 quomodo
2381 1134 2454 1188 ad
2503 1133 2707 1187 surdos
2757 1136 2814 1186 et
2865 1131 3172 1186 histriones
3233 1133 3584 1200 devenimus,
3639 1134 3739 1204 qui

2045 1239 2162 1277 non
2193 1240 2319 1294 quas
2353 1223 2475 1277 sola
2517 1221 2698 1276 videri
2727 1225 2984 1292 possunt,
3019 1221 3114 1274 sed
3163 1222 3340 1274 multa
3369 1227 3646 1291 praeterea
3676 1240 3738 1276 ac

2043 1328 2223 1383 prope
2256 1311 2449 1366 omnia
2476 1328 2602 1383 quas
2630 1311 2944 1381 loquimur,
2977 1313 3138 1380 gestu
3171 1308 3292 1362 sine
3341 1326 3470 1364 voce
3512 1311 3734 1379 signiﬁ-

2043 1405 2210 1467 cant;
2241 1401 2470 1454 eosdem
2525 1405 2717 1454 tamen
2750 1403 2940 1469 gestus
2977 1397 3141 1468 signa
3169 1413 3288 1451 esse
3331 1399 3732 1469 comperimus,

2043 1490 2187 1543 Tum
2217 1505 2414 1542 rursus
2459 1505 2717 1561 quaerere
2763 1487 3059 1559 coepimus,
3107 1487 3396 1558 quomodo
3448 1503 3538 1540 res
3586 1486 3735 1558 ipsas

2043 1593 2170 1648 qua:
2204 1576 2380 1648 signis
2419 1576 2832 1647 signiﬁcantur,
2875 1575 2995 1629 sine
3038 1573 3171 1628 ullis
3208 1573 3386 1645 signis
3418 1575 3736 1630 valeremus

2042 1666 2356 1732 ostendere,
2383 1681 2512 1719 cum
2543 1670 2600 1720 et
2627 1665 2724 1719 ille
2755 1665 2963 1736 paries,
2995 1668 3051 1719 et
3077 1665 3255 1732 color,
3295 1667 3351 1717 et
3379 1680 3547 1718 omne
3595 1664 3734 1718 visi-

2039 1754 2174 1823 bile,
2203 1754 2356 1825 quod
2381 1754 2696 1808 intentione
2728 1753 2892 1823 digiti
2915 1752 3254 1817 ostenditur,
3287 1751 3451 1822 signo
3483 1753 3732 1823 quodam

2039 1843 2466 1897 convinceretur
2489 1841 2728 1897 ostendi.
2756 1843 2853 1896 Hic
2873 1857 2977 1912 ego
2997 1857 3192 1895 errans
3212 1856 3341 1895 cum
3363 1841 3604 1894 inveniri
3620 1844 3733 1897 tale

2040 1931 2182 1985 nihil
2213 1948 2376 2003 posse
2405 1931 2692 2000 dixissem,
2713 1930 3218 1985 tandeminternos
3230 1929 3502 1994 constitit,
3525 1945 3591 1984 ea
3606 1946 3734 2000 pos-

2039 2035 2096 2074 se
2126 2019 2506 2075 demonstrari
2536 2019 2657 2073 sine
2688 2019 2871 2089 signo,
2903 2035 3032 2090 qua
3062 2033 3191 2072 cum
3213 2017 3430 2071 anobis
3461 2033 3729 2088 quaerun-

2038 2112 2151 2176 tur,
2165 2125 2281 2164 non
2313 2108 2556 2179 agimus,
2573 2113 2628 2163 et
2639 2113 2766 2179 post
2777 2108 3203 2179 inquisitionem
3217 2122 3383 2177 agere
3397 2123 3728 2176 possumus;

2037 2198 2387 2253 locutionem
2408 2202 2610 2264 tamen
2641 2214 2707 2251 ex
2737 2213 2804 2252 eo
2835 2213 2949 2251 non
2966 2212 3084 2250 esse
3107 2212 3346 2267 genere:
3380 2195 3664 2266 siquidem
3677 2201 3734 2251 et

2037 2287 2340 2358 loquentes
2356 2303 2485 2341 cum
2500 2286 2924 2358 interrogamur
2945 2285 3082 2356 quid
3105 2285 3176 2338 sit
3196 2284 3424 2352 locutio,
3441 2286 3608 2340 istam
3628 2301 3733 2357 per

2039 2375 2283 2446 seipsam
2311 2377 2699 2432 demonstrare
2729 2375 2891 2429 facile
2923 2390 3040 2428 esse
3074 2373 3208 2427 satis
3232 2373 3516 2444 apparuit.

2108 2467 2195 2520 20.
2233 2467 2305 2520 Ex
2338 2481 2450 2536 quo
2471 2464 2749 2519 admoniti
2779 2479 2979 2518 sumus
3017 2467 3114 2517 aut
3143 2462 3320 2532 signis
3363 2464 3526 2533 signa
3565 2479 3732 2518 mon-

2038 2555 2221 2622 strari,
2257 2560 2356 2610 aut
2385 2555 2563 2626 signis
2585 2555 2694 2609 alia
2725 2571 2853 2626 quae
2884 2554 3046 2625 signa
3079 2569 3195 2607 non
3226 2557 3377 2618 sunt,
3425 2556 3522 2606 aut
3559 2553 3732 2608 etiam

2037 2645 2158 2699 sine
2189 2643 2352 2715 signo
2383 2661 2472 2698 res
2504 2661 2643 2715 quas
2674 2660 2842 2714 agere
2892 2646 3020 2713 post
3049 2641 3558 2712 interrogationem
3607 2658 3735 2712 pos-

2037 2750 2232 2788 sumus
2257 2749 2270 2787 :
2302 2733 2626 2803 horumque
2642 2733 2819 2787 trium
2843 2732 3094 2802 primum
3127 2729 3459 2800 diligentius
3479 2729 3732 2784 conside-

2037 2823 2279 2877 randum
2328 2821 2864 2892 discutiendumque
2905 2819 3274 2889 suscepimus.
3308 2818 3430 2882 Qua
3476 2818 3728 2887 disputa-

2038 2911 2191 2964 tione
2244 2910 2592 2964 declaratum
2640 2913 2742 2974 est,
2787 2909 2995 2979 partim
3040 2922 3160 2960 esse
3191 2905 3370 2975 signa,
3403 2921 3532 2976 quas
3563 2907 3634 2960 ab
3662 2906 3731 2960 iis

2036 2999 2214 3069 signis
2245 3015 2374 3070 quas
2404 2997 2810 3069 signiﬁcarent,
2843 2995 3150 3064 signiﬁcari
3167 2993 3414 3047 vicissim
3449 3010 3566 3047 non
3597 3010 3730 3064 pos-

2036 3092 2179 3154 sent,
2241 3091 2300 3141 ut
2337 3091 2419 3141 est
2463 3087 2568 3141 hoc
2625 3083 3111 3156 quadrisyllabum
3157 3099 3309 3149 cum,
3369 3082 3728 3152 Conjunctio,

2034 3173 2306 3230 dicimus:
2341 3175 2553 3246 partim
2604 3191 2733 3245 quas
2782 3177 3036 3244 possent,
3091 3175 3157 3226 ut
3181 3187 3311 3224 cum
3343 3170 3603 3238 dicimus,
3645 3171 3728 3225 Si-

2036 3279 2236 3334 gnum,
2266 3263 2440 3318 etiam
2471 3263 2707 3318 verbum
2743 3262 3130 3332 signiﬁcamus
3155 3277 3168 3327 ;
3214 3263 3270 3313 et
3299 3275 3430 3313 cum
3459 3257 3723 3324 dicimus,

2035 3353 2304 3420 Verbum,
2334 3352 2506 3406 etiam
2537 3352 2763 3423 signum
2796 3350 3218 3421 signiﬁcamus;
3247 3364 3381 3402 nam
3410 3347 3639 3417 signum
3676 3353 3732 3402 et

2035 3443 2303 3508 Verbum,
2334 3445 2390 3497 et
2419 3441 2531 3496 duo
2565 3441 2748 3511 signa.
2778 3445 2834 3494 et
2863 3440 2975 3494 duo
3007 3437 3176 3491 verba
3206 3441 3355 3490 sunt.
3390 3437 3454 3490 In
3483 3437 3591 3490 hoc
3621 3452 3727 3490 au-

2034 3537 2152 3586 tem
2183 3546 2413 3602 genere,
2448 3547 2559 3601 quo
2600 3529 2842 3583 invicem
2887 3544 2944 3581 se
2991 3527 3154 3597 signa
3198 3524 3538 3595 signiﬁcant,
3574 3541 3728 3594 quee-

2032 3620 2165 3674 dam
2219 3635 2336 3673 non
2388 3622 2632 3683 tantum,
2685 3617 2948 3688 quaedam
2993 3619 3238 3681 tantum,
3288 3613 3552 3683 quaedam
3599 3629 3728 3666 vero

2033 3707 2206 3762 etiam
2236 3707 2386 3761 idem
2418 3707 2606 3760 valere
2637 3708 3016 3760 monstratum
3047 3707 3148 3756 est.
3175 3701 3396 3755 Etenim
3424 3701 3528 3754 hoc
3559 3699 3726 3770 disyl-

2032 3796 2245 3861 labum,
2306 3795 2460 3866 quod
2508 3798 2668 3848 sonat
2714 3809 2846 3847 cum
2889 3791 3151 3857 dicimus,
3201 3789 3460 3858 Signum,
3494 3804 3727 3859 prorsus

2032 3883 2225 3937 omnia
2255 3883 2464 3953 quibus
2493 3882 2744 3952 quidque
2764 3879 3118 3949 signiﬁcatur
3143 3877 3452 3946 signiﬁcat:
3479 3893 3593 3929 non
3625 3892 3728 3930 au-

2031 3974 2149 4024 tem
2167 3970 2438 4048 .omnium
2458 3970 2754 4040 signorum
2783 3969 3011 4038 signum
3033 3969 3116 4020 est
3145 3981 3274 4019 cum
3306 3965 3564 4031 dicimus,
3598 3965 3727 4018 Ver-

2030 4058 2189 4125 bum,
2226 4059 2320 4113 sed
2353 4062 2577 4112 tantum
2615 4073 2817 4112 eorum
2862 4073 2991 4128 quae
3042 4054 3337 4108 articulata
3368 4069 3499 4107 voce
3528 4052 3724 4123 profe-

2032 4151 2253 4201 runtur.
2312 4148 2467 4202 Unde
2515 4146 2884 4200 manifestum
2931 4149 3034 4210 est,
3089 4143 3348 4214 quamvis
3403 4146 3460 4196 et
3488 4141 3724 4196 verbum

2031 4234 2215 4305 signo,
2273 4234 2504 4304 signum
2549 4234 2751 4297 verbo,
2806 4233 2862 4286 id
2903 4237 2988 4286 est
3042 4235 3098 4285 et
3139 4231 3266 4284 duae
3314 4229 3433 4282 ista:
3495 4228 3725 4299 syllabae

2030 4323 2157 4390 illis,
2193 4328 2249 4378 et
2293 4323 2405 4378 illze
2453 4322 2574 4377 istis
2604 4321 3019 4394 signiﬁcentur,
3071 4321 3199 4390 plus
3256 4323 3450 4372 tamen
3497 4317 3726 4388 signum

2029 4413 2212 4468 valere
2243 4428 2417 4484 quam
2445 4413 2705 4478 verbum,
2754 4411 2922 4481 plura
2969 4408 3184 4462 scilicet
3230 4406 3340 4460 illis
3372 4406 3592 4460 duabus
3622 4408 3727 4477 syl-

2029 4501 2192 4566 labis,
2223 4518 2397 4573 quam
2445 4501 2564 4555 istis
2603 4498 3076 4570 signiﬁcantibus.
3121 4495 3498 4550 Tantumdcm
3531 4498 3724 4549 autem

2029 4591 2175 4646 valet
2220 4591 2484 4661 generale
2533 4589 2789 4657 verbum,
2839 4592 2895 4642 et
2939 4585 3202 4657 generale
3251 4600 3483 4637 nomen.
3527 4584 3725 4638 Docuit

2028 4678 2180 4732 enim
2202 4679 2346 4733 ratio
2378 4695 2575 4733 omnes
2604 4682 2793 4749 partes
2822 4674 3093 4730 orationis
3120 4673 3292 4727 etiam
3321 4672 3557 4727 nomina
3579 4688 3722 4740 esse,

2029 4767 2181 4838 quod
2213 4771 2267 4821 et
2305 4766 2648 4837 pronomina
2677 4765 2763 4819 his
2794 4763 2924 4819 addi
2970 4765 3230 4833 possunt,
3263 4765 3318 4815 et
3345 4761 3413 4816 de
3461 4761 3724 4832 omnibus

2028 4854 2138 4909 dici
2169 4859 2354 4926 potest
2383 4855 2538 4926 quod
2565 4853 2780 4925 aliquid
2809 4851 3128 4916 nominent,
3163 4853 3219 4904 et
3243 4850 3400 4904 nulla
3432 4865 3628 4904 earum
3651 4848 3723 4902 sit

2029 4959 2159 5014 quas
2180 4959 2295 4997 non
2324 4943 2494 4997 verbo
2517 4943 2786 5012 adjuncto
2800 4939 3238 5011 pronuntiatum
3260 4938 3441 5008 possit
3461 4937 3718 5006 implere.

2028 5029 2138 5086 Sed
2167 5047 2296 5086 cum
2351 5031 2709 5086 tantumdem
2754 5030 2978 5083 valeant
3028 5043 3242 5082 nomen
3285 5030 3338 5080 et
3367 5026 3622 5089 verbum,
3655 5039 3722 5076 eo

2030 5120 2185 5190 quod
2216 5119 2409 5172 omnia
2436 5136 2564 5191 qua:
2595 5119 2764 5173 verba
2795 5122 2946 5181 sunt,
2977 5117 3090 5171 sint
3119 5116 3289 5170 etiam
3319 5113 3582 5178 nomina;
3603 5127 3722 5165 non

2028 5213 2223 5262 tamen
2272 5207 2420 5262 idem
2471 5208 2678 5262 valent.
2714 5206 2840 5261 Alia
2871 5207 3084 5277 quippe
3119 5205 3186 5259 de
3234 5217 3401 5256 causa
3438 5199 3630 5265 verba,
3665 5203 3722 5253 et

2029 5297 2141 5350 alia
2169 5295 2406 5350 nomina
2435 5295 2780 5366 nuncupari,
2810 5296 2945 5349 satis
2976 5291 3346 5365 probabiliter
3369 5287 3722 5357 disputatum

2031 5389 2131 5439 est.
2165 5385 2457 5456 Siquidem
2473 5387 2715 5439 alterum
2737 5385 2943 5438 horum
2974 5382 3044 5436 ad
3066 5380 3216 5434 auris
3244 5375 3719 5440 verberationem,

2031 5475 2271 5528 alterum
2301 5475 2373 5528 ad
2406 5473 2581 5528 animi
2606 5469 3222 5541 commemorationem
3252 5464 3561 5518 notandam
3599 5478 3721 5516 esse

2031 5566 2406 5632 compertum,
2440 5563 2527 5616 vel
2559 5578 2622 5615 ex
2672 5563 2778 5615 hoc
2834 5557 3077 5626 intelligi
3120 5557 3325 5626 potest,
3356 5551 3508 5624 quod
3553 5549 3612 5604 in
3642 5550 3707 5604 lo-

2036 5650 2262 5724 quendo
2292 5648 2598 5706 rectissime
2627 5647 2884 5713 dicimus,
2917 5645 3075 5714 Quod
3097 5647 3182 5699 est
3205 5641 3337 5698 huic
3364 5641 3448 5696 rei
3486 5653 3719 5706 nomen,
