4074 6390
382 287 402 338 l
413 286 514 338 207

379 425 504 465 rem
550 404 844 463 memoriae
874 403 1147 458 mandare
1194 401 1527 474 cupientes;
1564 401 1726 467 Quod
1755 405 1838 457 est
1881 405 2070 456 autem

381 497 516 554 huic
539 495 622 550 rei
668 494 924 558 verbum,
957 492 1143 547 dicere
1175 507 1293 546 non
1339 491 1606 545 solemus.
1627 490 1762 555 Qua
1783 506 1914 545 vero
1944 505 2070 563 non

383 588 570 641 solum
589 582 972 647 tantumdem,
995 581 1093 635 sed
1115 581 1288 634 etiam
1311 579 1462 634 idem
1475 579 1709 634 omnino
1730 579 2071 651 signiﬁcent,

384 678 440 728 et
465 673 616 726 inter
634 686 763 742 qua
783 669 928 724 nihil
951 672 1158 740 prater
1186 668 1508 722 litterarum
1528 668 1701 722 distet
1721 683 1943 735 sonum,
1979 683 2075 720 no-

385 777 519 816 men
549 765 606 814 et
628 757 782 820 ὄνομια
809 757 1149 811 invenimus.
1183 756 1328 810 Illud
1352 772 1487 810 sane
1516 756 1654 809 mihi
1676 757 1934 826 elapsum
1955 757 2077 808 erat

385 849 445 903 in
477 849 581 902 hoc
609 861 838 916 genere,
871 845 930 898 in
961 861 1076 916 quo
1115 843 1357 898 invicem
1389 860 1447 898 se
1478 843 1822 915 signiﬁcant,
1853 843 2076 896 nullum

386 954 491 992 nos
511 936 737 1006 signum
766 933 1126 1004 comperisse,
1180 934 1332 1004 quod
1365 949 1480 986 non
1527 933 1677 986 inter
1705 937 1910 986 catera
1949 946 2078 1002 qua

390 1025 692 1097 signiﬁcat,
724 1038 781 1076 se
811 1037 1039 1093 quoque
1069 1020 1376 1093 signiﬁcet.
1417 1023 1547 1076 Hac
1594 1025 1874 1091 quantum
1915 1019 2081 1089 potui

391 1112 716 1168 recordatus
744 1127 889 1165 sum.
918 1111 998 1164 Tu
1023 1110 1143 1180 jam
1186 1109 1414 1178 videris,
1453 1125 1627 1180 quem
1655 1107 1799 1162 nihil
1843 1112 1982 1178 puto
2022 1107 2082 1160 in

392 1203 500 1257 hoc
531 1215 791 1254 sermone
824 1197 935 1252 nisi
965 1198 1238 1252 scientem
1267 1201 1600 1268 certumque
1630 1195 1856 1263 dixisse,
1888 1200 2082 1250 utrum

393 1291 500 1345 ista
535 1289 680 1342 bene
711 1286 1085 1356 ordinateque
1108 1285 1466 1356 digesserim.

395 1378 621 1434 CAPUT
654 1375 790 1443 Vlll.
828 1404 888 1415 -—
928 1376 1047 1430 Non
1076 1376 1291 1441 frustra
1337 1375 1445 1428 hac
1498 1374 1793 1444 disputari.
1826 1377 1956 1429 Item
2007 1375 2086 1427 si-

467 1467 588 1534 gnis
618 1464 822 1517 auditis
879 1465 1139 1529 animum,
1192 1467 1251 1516 ut
1282 1464 1643 1529 interroganti
1680 1463 2086 1532 respondeatur,

471 1553 544 1607 ad
569 1567 652 1606 res
674 1553 1010 1621 signiﬁcatus
1035 1566 1145 1605 esse
1165 1550 1524 1616 referendum.

469 1645 559 1696 2t.
612 1640 758 1708 Aug.
792 1638 937 1694 Satis
981 1643 1045 1692 tu
1091 1639 1322 1710 quidem
1371 1638 1705 1692 memoriter
1743 1638 1935 1693 omnia
1963 1653 2091 1709 qua

401 1728 604 1782 vellem
635 1725 952 1793 recoluisti;
985 1729 1060 1792 et,
1105 1729 1169 1779 ut
1194 1724 1300 1780 tibi
1333 1724 1533 1794 fatear,
1567 1725 1746 1779 multo
1778 1724 2094 1779 evidentius

403 1814 548 1870 mihi
578 1829 729 1868 nunc
779 1813 1044 1868 videntur
1070 1813 1178 1866 ista
1219 1813 1502 1880 distincta,
1550 1829 1724 1885 quam
1754 1830 1882 1866 cum
1913 1830 1979 1868 ea
2007 1813 2093 1867 in-

405 1902 685 1974 quirendo
713 1917 776 1956 ac
803 1901 1126 1956 disserendo
1149 1901 1217 1956 de
1233 1901 1418 1955 nescio
1441 1900 1647 1971 quibus
1677 1900 1904 1954 latebris
1932 1899 2096 1953 ambo

405 2005 752 2044 erueremus.
787 1988 898 2043 Sed
929 1988 1362 2059 quonamtantis
1387 1988 1722 2058 ambagibus
1749 1992 1939 2042 tecum
1970 2003 2098 2058 per-

405 2078 600 2134 venire
631 2078 854 2142 moliar,
897 2077 1128 2132 difﬁcile
1164 2077 1315 2131 dictu
1359 2081 1443 2130 est
1489 2077 1594 2130 hoc
1641 2077 1786 2131 loco.
1831 2077 1912 2130 Tu
1944 2076 2098 2129 enim

407 2168 639 2222 fortasse
667 2171 763 2220 aut
784 2166 981 2220 ludere
1001 2181 1127 2232 nos,
1161 2169 1216 2220 et
1245 2182 1277 2218 a
1313 2165 1474 2219 seriis
1505 2165 1675 2218 rebus
1711 2180 1944 2218 avocare
1978 2163 2098 2217 ani-

408 2272 590 2320 mum,
614 2254 778 2326 quasi
808 2254 1146 2325 quibusdam
1177 2253 1494 2324 puerilibus
1526 2252 1976 2325 quaestiunculis,
2011 2268 2099 2306 ar-

412 2343 658 2410 bitraris,
695 2346 793 2396 aut
815 2357 1042 2412 parvam
1073 2342 1160 2394 vel
1191 2341 1536 2395 mediocrem
1591 2341 1842 2412 aliquam
1888 2339 2100 2394 utilita-

411 2438 530 2487 tem
559 2431 892 2502 requirere;
942 2434 1040 2484 aut
1077 2429 1123 2483 si
1172 2445 1448 2501 magnum
1496 2429 1771 2500 quiddam
1817 2428 2102 2501 parturire

412 2521 579 2575 istam
630 2519 1078 2589 disputationem
1128 2518 1450 2588 suspicaris,
1488 2518 1840 2590 jamjamque
1876 2518 1934 2572 id
1963 2517 2104 2571 scire

416 2609 531 2662 sive
564 2609 764 2661 saltem
813 2606 1010 2660 audire
1065 2606 1369 2661 desideras.
1405 2608 1518 2677 Ego
1555 2612 1746 2660 autem
1775 2607 1968 2661 credas
2010 2622 2104 2660 ve-

416 2697 538 2762 lim,
576 2711 761 2766 neque
791 2710 882 2749 me
910 2694 1044 2748 vilia
1073 2694 1290 2751 ludicra
1321 2695 1429 2749 hoc
1462 2695 1773 2749 instituisse
1819 2710 2102 2760 sermone,

416 2783 675 2856 quamvis
702 2783 936 2836 fortasse
966 2782 1246 2846 ludamus,
1303 2782 1476 2852 idque
1527 2782 1716 2852 ipsum
1755 2786 1948 2836 tamen
1990 2797 2106 2835 non

416 2871 624 2943 puerili
657 2886 827 2924 sensu
857 2870 1260 2924 astimandum
1285 2870 1358 2923 sit
1384 2891 1398 2936 ;
1423 2886 1611 2942 neque
1649 2887 1822 2942 parva
1850 2871 1998 2924 bona
2020 2871 2104 2924 vel

416 2959 726 3015 mediocria
784 2959 1050 3030 cogitare.
1107 2959 1174 3012 Et
1220 2963 1414 3012 tamen
1464 2958 1511 3012 si
1559 2959 1742 3013 dicam
1784 2958 1956 3013 vitam
1987 2975 2106 3012 esse

417 3048 725 3120 quamdam
789 3047 1036 3114 beatam,
1095 3047 1467 3118 eamdemque
1515 3047 1944 3118 sempiternam,
1996 3064 2109 3118 quo

417 3153 520 3191 nos
545 3138 658 3192 Deo
691 3135 854 3202 duce,
889 3135 945 3190 id
985 3140 1068 3189 est
1095 3135 1220 3205 ipsa
1257 3135 1512 3201 veritate,
1545 3135 1816 3206 gradibus
1872 3136 2107 3207 quibus-

419 3225 550 3279 dam
575 3223 806 3278 inﬁrmo
837 3223 1056 3294 gressui
1082 3227 1276 3276 nostro
1303 3223 1740 3278 accommodatis
1761 3223 1994 3295 perduci
2019 3240 2112 3278 cu-

419 3313 600 3383 piam;
660 3327 861 3365 vereor
915 3329 986 3365 ne
1043 3311 1314 3365 ridiculus
1363 3311 1574 3374 videar,
1625 3311 1727 3383 qui
1756 3329 1873 3366 non
1917 3329 2111 3367 rerum

420 3401 676 3472 ipsarum
706 3416 835 3471 qua
865 3399 1279 3470 signiﬁcantur,
1311 3399 1406 3454 sed
1440 3400 1898 3454 consideratione
1929 3400 2111 3471 signo-

421 3504 553 3543 rum
582 3492 798 3542 tantam
837 3487 985 3540 viam
1015 3486 1242 3557 ingredi
1270 3489 1558 3558 coeperim.
1594 3487 1762 3542 Dabis
1801 3487 1980 3559 igitur
2020 3505 2112 3543 ve-

424 3577 603 3645 niam,
662 3575 709 3629 si
753 3575 1012 3647 praludo
1059 3579 1250 3629 tecum
1305 3591 1424 3630 non
1474 3576 1708 3630 ludendi
1758 3577 1960 3648 gratia,
2015 3577 2113 3632 sed

425 3664 723 3720 exercendi
753 3665 901 3719 vires
922 3668 978 3718 et
1003 3663 1210 3718 mentis
1222 3664 1420 3733 aciem,
1447 3664 1653 3735 quibus
1666 3664 1916 3736 regionis
1938 3665 2112 3732 illius,

425 3755 527 3810 ubi
549 3755 713 3808 beata
752 3753 866 3807 vita
902 3757 1003 3821 est,
1041 3753 1288 3808 calorem
1330 3769 1394 3807 ac
1423 3753 1609 3808 lucem
1650 3771 1764 3808 non
1793 3754 1964 3809 modo
1988 3771 2113 3809 sus-

427 3843 630 3908 tinere,
662 3857 861 3896 verum
896 3841 1066 3896 etiam
1097 3857 1287 3895 amare
1317 3842 1618 3912 possimus.
1653 3841 1769 3897 Ad.
1803 3844 1981 3912 Perge
2010 3857 2114 3912 po-

426 3931 539 3987 tius
565 3935 630 3985 ut
656 3930 904 4001 capisti:
941 3946 1073 3984 nam
1106 3945 1399 4000 nunquam
1430 3946 1536 4002 ego
1563 3930 1980 3984 contemnenda
2008 3946 2115 4001 pu-

426 4025 543 4076 tem
573 4035 702 4092 qua
727 4025 790 4074 tu
811 4019 1049 4074 dicenda
1073 4019 1160 4072 vel
1191 4019 1409 4088 agenda
1440 4019 1744 4090 putaveris.

501 4112 585 4164 22.
624 4109 770 4176 Aug.
815 4109 956 4178 Age,
983 4107 1104 4178 jam
1143 4123 1280 4177 ergo
1328 4107 1485 4161 illam
1532 4111 1754 4178 partem
1793 4106 2117 4162 considere-

433 4212 584 4265 mus,
613 4212 741 4250 cum
771 4195 948 4267 signis
985 4211 1099 4248 non
1129 4195 1238 4248 alia
1262 4195 1425 4266 signa
1471 4195 1879 4266 signiﬁcantur,
1919 4195 2013 4250 sed
2055 4211 2120 4249 ea

436 4299 564 4355 qua
620 4281 1016 4353 signiﬁcabilia
1054 4297 1341 4335 vocamus.
1406 4282 1470 4335 Et
1531 4283 1785 4353 primum
1835 4283 1923 4338 dic
1977 4283 2122 4338 mihi

435 4376 629 4426 utrum
659 4371 855 4434 homo,
896 4371 1066 4423 homo
1099 4369 1187 4422 sit.
1221 4370 1326 4424 Ad.
1364 4371 1522 4423 Nunc
1555 4386 1687 4424 vero
1724 4386 1798 4424 an
1836 4372 1994 4426 ludas
2028 4388 2122 4426 ne-

438 4459 572 4514 scio.
601 4460 746 4526 Aug.
781 4457 922 4522 Quid
953 4456 1080 4510 ita?
1137 4457 1253 4511 Ad.
1319 4458 1464 4522 Quia
1513 4459 1889 4529 quaerendum
1936 4477 2002 4514 ex
2032 4477 2123 4515 me

437 4563 651 4610 censes,
700 4551 895 4600 utrum
938 4546 1109 4600 homo
1153 4545 1304 4600 aliud
1333 4548 1404 4600 sit
1433 4563 1608 4618 quam
1635 4548 1825 4604 homo.
1861 4551 2005 4616 Aug.
2039 4551 2126 4603 Ita

439 4636 605 4690 credo
629 4641 684 4688 te
710 4635 869 4689 illudi
901 4635 1277 4699 arbitrareris,
1311 4634 1358 4688 si
1386 4635 1557 4689 etiam
1582 4652 1898 4707 quarerem
1929 4643 2122 4693 utrum

437 4724 626 4795 prima
664 4725 833 4794 hujus
870 4723 1119 4777 nominis
1161 4724 1376 4794 syllaba
1404 4724 1556 4778 aliud
1589 4724 1660 4777 sit
1701 4742 1894 4796 quam,
1944 4727 2041 4798 ho,
2072 4732 2127 4782 et

442 4812 596 4867 aliud
627 4811 873 4865 secunda
910 4827 1101 4882 quam,
1136 4827 1248 4865 mo.
1294 4812 1410 4866 Ad.
1450 4813 1532 4866 Ita
1560 4811 1814 4868 omnino.
1847 4818 1999 4880 Aug.
2056 4816 2128 4868 At

441 4901 549 4955 ista
579 4901 705 4953 dua
734 4901 965 4970 syllaba
995 4902 1332 4972 conjuncta,
1365 4902 1537 4956 homo
1577 4907 1693 4956 est:
1739 4918 1811 4956 an
1842 4903 2128 4972 negabis?

441 4991 552 5045 Ad.
587 4987 721 5053 Quis
748 4989 958 5057 neget?
985 4990 1128 5057 Aug.
1161 4988 1364 5052 Quaro
1387 5005 1544 5059 ergo,
1570 5006 1709 5043 num
1741 4995 1800 5043 tu
1840 4990 1968 5044 dua
2005 4991 2128 5044 ista

443 5077 672 5149 syllaba
703 5077 1019 5145 conjuncta
1050 5077 1141 5130 sis.
1182 5077 1293 5132 Ad.
1343 5079 1506 5131 Nullo
1555 5079 1764 5132 modo:
1820 5079 1918 5133 sed
1964 5079 2127 5134 video

443 5183 557 5237 quo
589 5165 808 5219 tendas.
845 5166 987 5230 Aug.
1025 5165 1202 5218 Dicito
1230 5181 1387 5236 ergo,
1419 5182 1489 5220 ne
1519 5182 1610 5220 me
1655 5168 2130 5222 contumeliosum

442 5261 630 5325 putes.
665 5253 777 5308 Ad.
817 5251 1087 5307 Concludi
1119 5251 1406 5306 existimas
1445 5255 1599 5324 quod
1631 5254 1804 5308 homo
1835 5271 1950 5309 non
1998 5256 2128 5310 sim.

444 5342 590 5408 Aug.
619 5341 784 5405 Quid.
833 5347 894 5395 tu
939 5357 1052 5394 non
1077 5340 1227 5395 idem
1265 5340 1574 5406 existimas,
1604 5343 1702 5412 qui
1733 5344 1925 5397 omnia
1959 5361 2129 5416 supe-

444 5429 600 5482 riora
627 5446 695 5484 ex
729 5429 936 5500 quibus
960 5429 1069 5483 hoc
1110 5429 1428 5483 confectum
1472 5434 1575 5492 est,
1613 5446 1746 5484 vera
1780 5448 1898 5486 esse
1937 5449 2132 5487 conce-

448 5515 586 5569 dis?
636 5517 745 5571 Ad.
809 5518 929 5572 Non
959 5516 1062 5572 tibi
1102 5533 1208 5587 ego
1247 5516 1430 5572 dicam
1477 5517 1615 5588 quid
1657 5517 1990 5586 existimem,
2025 5520 2132 5574 nisi

1589 278 1685 334 DE
1723 278 2114 344 MAGISTRO,
2157 278 2212 332 S.
2255 275 2637 333 AUGUSTlNl

3749 269 3767 318 l
3778 267 3883 320 208

2181 401 2344 472 prius
2373 400 2472 456 abs
2518 403 2576 454 te
2621 396 2879 461 audiero,
2936 409 3069 449 cum
3117 406 3404 464 quareres
3429 395 3628 446 utrum
3680 387 3878 451 homo,

2179 492 2354 546 homo
2381 489 2473 556 sit,
2505 488 2573 543 de
2605 487 2824 541 duabus
2852 483 2974 538 istis
2995 481 3248 555 syllabis,
3273 497 3349 534 an
3377 479 3448 536 de
3468 495 3530 533 re
3557 477 3682 550 ipsa
3701 491 3878 549 quam

2182 578 2522 649 signiﬁcant,
2564 592 2655 630 me
2711 571 3201 645 interrogaveris?
3247 570 3395 638 Aug.
3457 569 3536 622 Tu
3573 566 3768 638 potius
3796 580 3881 619 re-

2173 667 2401 740 ‘sponde
2431 683 2497 721 ex
2519 681 2632 738 qua
2656 668 2815 735 parte
2826 661 3108 734 acceperis
3130 657 3640 730 interrogationem
3656 669 3875 710 meam:

2185 773 2317 811 nam
2347 755 2394 809 si
2426 759 2510 808 est
2559 752 2847 822 ambiglm.
2897 750 3057 819 prius
3086 750 3192 803 hoc
3233 762 3432 801 cavere
3463 743 3734 809 debuisti,
3779 757 3880 796 ne-

2186 861 2296 917 que
2326 843 2467 898 mihi
2514 841 2859 912 respondere
2889 844 3195 908 antequam
3224 842 3411 890 certus
3430 834 3596 889 ﬁeres
3626 845 3883 904 quonam

2187 933 2358 988 modo
2406 930 2744 1002 rogaverim.
2777 928 2893 982 Ad.
2945 926 3088 991 Quid
3118 925 3274 980 enim
3306 940 3398 978 me
3428 921 3734 994 impediret
3763 921 3888 974 hac

2189 1020 2550 1092 ambiguitas,
2613 1033 2743 1071 cum
2803 1031 2908 1087 ego
2957 1015 3028 1070 ad
3087 1019 3399 1084 utrumque
3449 1007 3886 1082 responderim;

2189 1111 2363 1165 homo
2401 1107 2553 1162 enim
2578 1122 2811 1178 prorsus
2840 1107 3016 1160 homo
3046 1107 3169 1157 est:
3205 1118 3338 1156 nam
3363 1104 3421 1155 et
3455 1099 3578 1154 ista
3619 1099 3749 1153 dua
3773 1097 3887 1167 syl-

2193 1197 2336 1252 laba
2361 1196 2506 1251 nihil
2556 1195 2711 1249 aliud
2746 1200 2880 1249 sunt
2923 1209 3098 1265 quam
3126 1191 3248 1246 ista
3281 1191 3410 1245 dua
3439 1187 3704 1260 syllaba;
3743 1190 3802 1240 et
3835 1185 3893 1239 id

2194 1287 2346 1358 quod
2387 1285 2724 1357 signiﬁcant,
2755 1283 2897 1337 nihil
2927 1282 3081 1336 aliud
3112 1285 3216 1349 est,
3263 1295 3436 1352 quam
3481 1278 3539 1333 id
3578 1276 3736 1348 quod
3784 1278 3889 1328 est.

2197 1379 2343 1444 Aug.
2378 1374 2524 1429 Scite
2556 1374 2662 1427 hoc
2691 1372 2961 1444 quidem:
2994 1371 3091 1424 sed
3120 1385 3221 1424 cur
3249 1369 3358 1424 hoc
3396 1368 3582 1422 solum
3611 1365 3765 1438 quod
3805 1363 3895 1418 di-

2197 1469 2351 1520 ctum
2381 1467 2464 1517 est
2499 1464 2694 1531 homo,
2724 1477 2839 1514 non
2869 1459 3041 1514 etiam
3061 1463 3264 1512 catera
3301 1473 3430 1530 qua
3448 1455 3634 1510 ‘tocuti
3671 1469 3894 1520 sumus,

2201 1554 2270 1608 ad
2315 1557 2623 1622 utrumque
2660 1548 2971 1619 accepisti?
3004 1547 3118 1602 Ad.
3178 1546 3335 1601 Unde
3383 1545 3538 1599 enim
3587 1542 3901 1598 convincar

2201 1641 2358 1713 quod
2415 1645 2472 1694 et
2523 1643 2725 1694 catera
2773 1653 2889 1691 non
2935 1636 3015 1691 sic
3058 1634 3421 1706 acceperim?
3469 1634 3616 1700 Aug.
3665 1632 3738 1686 Ut
3787 1629 3903 1684 alia

2202 1725 2482 1791 omittam,
2515 1739 2642 1777 eam
2685 1722 2869 1793 ipsam
2923 1720 3171 1792 primam
3217 1718 3573 1789 rogationem
3605 1730 3816 1779 meam,
3855 1713 3904 1767 si

2202 1817 2382 1868 totam
2429 1827 2495 1866 ex
2539 1828 2603 1865 ea
2631 1815 2790 1882 parte
2847 1809 3176 1880 accepisses,
3231 1824 3345 1878 qua
3386 1805 3617 1876 syllaba
3667 1805 3900 1868 sonant,

2205 1900 2349 1956 nihil
2376 1898 2519 1954 mihi
2539 1897 2962 1968 respondisses;
2987 1911 3215 1967 possem
3237 1893 3343 1948 tibi
3363 1893 3518 1947 enim
3543 1889 3724 1946 videri
3754 1888 3903 1944 nihil

2206 1988 2378 2043 etiam
2411 1987 2786 2056 interrogasse
2807 2001 2821 2039 :
2845 2000 2997 2038 nunc
3025 1999 3158 2037 vero
3189 1999 3319 2037 cum
3350 1980 3460 2035 tria
3488 1980 3661 2034 verba
3689 1993 3903 2032 sonue-

2207 2077 2340 2136 rim.
2379 2091 2626 2148 quorum
2655 2089 2835 2128 unum
2865 2073 2924 2127 in
2954 2072 3144 2127 medio
3191 2070 3431 2141 repetivi
3473 2069 3667 2124 dicens
3710 2071 3907 2121 utrum

2208 2167 2401 2229 homo,
2436 2166 2611 2219 homo
2642 2163 2732 2232 sit,
2774 2162 3027 2234 primum
3069 2165 3126 2215 et
3170 2160 3440 2214 ultimum
3495 2157 3758 2224 verbum,
3789 2171 3909 2210 non

2211 2255 2522 2309 secundum
2553 2252 2676 2325 ipsa
2694 2251 2878 2324 signa,
2906 2251 3008 2305 sed
3035 2249 3347 2303 secundum
3377 2264 3444 2302 ea
3472 2262 3601 2318 qua
3624 2245 3712 2300 his
3733 2244 3911 2316 signi-

2211 2344 2455 2398 ﬁcantur
2509 2347 2564 2396 te
2621 2339 2922 2411 accepisse,
2955 2339 3042 2392 vel
3086 2339 3194 2392 hoc
3225 2337 3344 2390 solo
3376 2335 3747 2390 manifestum
3795 2337 3910 2401 est,

2213 2431 2364 2504 quod
2390 2430 2581 2484 statim
2609 2433 2792 2483 certus
2821 2443 2885 2481 ac
2915 2426 3095 2481 ﬁdens
3126 2423 3412 2496 rogationi
3438 2422 3910 2494 respondendum

2212 2519 2441 2591 putasti.
2473 2518 2583 2572 Ad.
2633 2519 2841 2570 Verum
2893 2515 3050 2570 dicis.
3083 2516 3228 2582 Aug.
3277 2514 3388 2568 Cur
3421 2528 3558 2583 ergo
3592 2511 3651 2566 id
3682 2515 3913 2566 tantum

2215 2608 2366 2680 quod
2390 2607 2450 2660 in
2479 2605 2669 2660 medio
2682 2604 2932 2676 positum
2949 2601 3446 2670 est,etsecundum
3475 2601 3530 2654 id
3555 2600 3708 2671 quod
3722 2603 3916 2666 sonat,

2215 2702 2272 2750 et
2300 2694 2615 2749 secundum
2661 2694 2718 2748 id
2771 2692 2924 2764 quod
2967 2691 3264 2762 signiﬁcat,
3311 2695 3367 2745 te
3423 2689 3679 2760 accipere
3699 2688 3919 2743 libuit?

2214 2785 2322 2840 Ad.
2377 2785 2513 2838 Ecce
2539 2783 2656 2854 jam
2688 2786 2871 2836 totum
2901 2797 2969 2835 ex
3000 2796 3065 2835 ea
3093 2784 3318 2834 tantum
3358 2782 3518 2849 parte
3568 2793 3684 2848 qua
3731 2776 3918 2849 signi-

2217 2874 2418 2928 ﬁcatur
2439 2871 2688 2942 accipio:
2725 2869 3002 2925 assentior
3043 2867 3199 2922 enim
3232 2867 3357 2932 tibi,
3409 2865 3782 2921 sermocinari
3811 2882 3920 2920 nos

2217 2961 2452 3016 omnino
2481 2976 2597 3014 non
2627 2974 2808 3030 posse,
2849 2957 2956 3012 nisi
2989 2956 3200 3011 auditis
3245 2955 3432 3010 verbis
3477 2955 3548 3009 ad
3587 2970 3655 3008 ea
3697 2953 3924 3008 feratur

2220 3051 2464 3117 animus,
2481 3065 2747 3121 ,quorum
2773 3049 2879 3101 ista
2901 3050 3034 3100 sunt
3057 3045 3237 3118 signa.
3272 3045 3456 3110 Quare
3475 3043 3710 3099 ostende
3740 3059 3920 3110 nunc,

2220 3137 2505 3210 quomodo
2531 3137 2638 3190 ista
2677 3134 3109 3190 ratiocinatione
3153 3133 3426 3203 deceptus
3473 3148 3622 3197 sum,
3672 3147 3788 3203 qua
3826 3149 3925 3186 me

2219 3226 2515 3282 hominem
2570 3241 2688 3280 non
2733 3240 2853 3279 esse
2895 3222 3270 3278 concluditur.
3340 3224 3492 3291 Aug.
3545 3222 3666 3275 Imo
3715 3221 3920 3275 eadem

2219 3322 2415 3370 rursus
2463 3314 2848 3385 interrogabo,
2889 3316 2956 3366 ut
2981 3312 3101 3384 ipse
3144 3309 3402 3365 invenias
3439 3310 3538 3364 ubi
3587 3311 3780 3381 lapsus
3818 3308 3919 3364 sis.

2220 3403 2332 3458 Ad.
2358 3404 2506 3457 Bene
2535 3401 2690 3456 facis.

2292 3493 2382 3545 23.
2408 3491 2556 3559 Aug.
2589 3489 2735 3543 Illud
2773 3503 2908 3559 ergo
2941 3488 3092 3558 quod
3129 3486 3319 3558 primo
3367 3486 3730 3559 quasieram,
3781 3487 3925 3558 quia

2218 3577 2337 3649 jam
2391 3576 2614 3643 dedisti,
2647 3591 2764 3630 non
2803 3591 3078 3647 quaram.
3147 3574 3282 3630 Vide
3335 3574 3515 3647 igitur
3561 3574 3920 3646 diligentius,

2222 3670 2415 3720 utrum
2443 3665 2677 3736 syllaba,
2696 3665 2792 3731 ho,
2816 3663 2960 3718 nihil
2995 3663 3151 3719 aliud
3179 3663 3252 3718 sit
3272 3679 3467 3735 quam,
3485 3664 3593 3731 ho;
3624 3668 3682 3718 et
3703 3667 3925 3731 utrum,

2224 3771 2340 3824 mo,
2385 3753 2534 3808 nihil
2563 3753 2717 3807 aliud
2777 3752 2849 3806 sit
2876 3769 3071 3824 quam,
3107 3769 3222 3808 mo.
3265 3752 3378 3808 Ad.
3412 3752 3510 3806 Hic
3539 3768 3746 3824 prosus
3776 3751 3925 3806 nihil

2224 3843 2383 3898 aliud
2411 3843 2594 3896 video.
2613 3843 2757 3909 Aug.
2779 3841 2915 3896 Vide
2941 3842 3114 3896 etiam
3140 3857 3280 3896 num
3305 3841 3429 3896 istis
3451 3842 3674 3897 duabus
3681 3841 3924 3912 junctis,

2225 3933 2416 3998 homo,
2443 3930 2562 3985 ﬁat.
2591 3931 2707 3985 Ad.
2742 3931 3115 4002 Nequaquam
3141 3929 3250 3984 hoc
3277 3929 3648 3984 concesserim
3673 3946 3684 3983 :
3706 3929 3929 4001 placuit

2227 4020 2406 4088 enim,
2437 4023 2493 4074 et
2521 4023 2670 4074 recte
2697 4019 2928 4090 placuit,
2963 4018 3127 4091 signo
3184 4020 3314 4074 dato
3351 4019 3410 4074 id
3439 4019 3595 4091 quod
3626 4017 3924 4090 signiﬁca-

2226 4113 2321 4163 tur
2349 4108 2662 4175 attendere,
2695 4111 2750 4161 et
2781 4124 2846 4161 ex
2876 4107 3000 4177 ejus
3043 4106 3498 4162 consideratione
3530 4106 3617 4160 vel
3647 4106 3803 4176 dare,
3834 4106 3928 4160 vel

2228 4213 2437 4267 negare
2468 4197 2620 4267 quod
2653 4195 2880 4252 dicitur.
2911 4197 3028 4251 Illa
3057 4201 3250 4250 autem
3281 4196 3586 4268 separatim
3612 4195 3930 4250 enuntiata

2229 4285 2478 4357 syllaba,
2525 4284 2660 4356 quia
2687 4285 2807 4338 sine
2835 4285 2954 4340 ulla
3000 4284 3411 4356 signiﬁcatione
3449 4287 3788 4353 sonuerunt,
3818 4283 3932 4339 hoc

2230 4391 2323 4428 eas
2349 4390 2468 4428 esse
2507 4373 2660 4445 quod
2716 4390 2958 4429 sonuere
3005 4389 3337 4428 concessum
3384 4377 3488 4426 est.
3538 4374 3686 4442 Aug.
3735 4374 3932 4428 Placet

2231 4461 2426 4533 igitur.
2487 4461 2832 4534 ﬁrmumque
2889 4462 3078 4517 animo
3125 4466 3282 4516 tenes
3314 4476 3428 4515 non
3460 4460 3931 4530 respondendum

2233 4569 2352 4606 esse
2381 4550 2928 4622 interrogationibus
2975 4550 3085 4604 nisi
3143 4567 3209 4604 ex
3258 4549 3326 4602 iis
3360 4547 3527 4602 rebus
3568 4563 3698 4618 qua
3737 4549 3932 4604 verbis

2233 4641 2651 4712 signiﬁcantur.
2703 4641 2815 4696 Ad.
2868 4641 2990 4694 Non
3036 4639 3294 4709 intelligo
3349 4652 3450 4691 cur
3511 4636 3834 4706 displiceat,
3885 4638 3930 4691 si

2233 4730 2403 4784 modo
2432 4729 2602 4783 verba
2633 4729 2763 4784 sint.
2798 4730 2938 4796 Aug.
2976 4728 3187 4782 Vellem
3221 4726 3364 4779 scire
3405 4725 3700 4797 quomodo
3722 4725 3810 4780 illi
3841 4743 3931 4780 re-

2235 4819 2483 4888 sisteres,
2531 4818 2599 4872 de
2656 4835 2768 4890 quo
2813 4817 3069 4888 jocantes
3114 4815 3362 4868 solemus
3393 4813 3609 4875 audire,
3663 4815 3818 4885 quod
3863 4833 3931 4870 ex

2237 4907 2358 4976 ejus
2383 4922 2479 4960 ore
2509 4922 2636 4960 cum
2668 4921 2781 4978 quo
2811 4903 3153 4975 disputabat,
3185 4902 3412 4957 leonem
3442 4903 3782 4974 processisse
3805 4919 3932 4958 con-

2236 4993 2484 5048 cluserit.
2520 4993 2661 5047 Cum
2692 4991 2844 5045 enim
2884 4989 3200 5060 quaesisset,
3231 4995 3424 5044 utrum
3471 5005 3537 5044 ea
3567 5005 3696 5061 qua
3725 4989 3930 5062 loque-

2235 5097 2450 5148 remur,
2507 5085 2699 5134 nostro
2729 5094 2825 5132 ore
2866 5077 3259 5148 procederent,
3299 5082 3469 5148 atque
3514 5077 3607 5131 ille
3651 5093 3767 5131 non
3828 5095 3929 5149 po-

2236 5169 2437 5223 tuisset
2483 5183 2731 5236 negare;
2761 5166 2914 5238 quod
2969 5165 3134 5219 facile
3175 5165 3306 5236 fuit,
3355 5166 3475 5238 egit
3511 5182 3638 5220 cum
3669 5167 3926 5232 homine,

2239 5262 2301 5311 ut
2328 5257 2387 5310 in
2413 5255 2696 5327 loquendo
2723 5255 2944 5309 leonem
2969 5255 3299 5308 nominaret
3323 5271 3335 5310 :
3357 5254 3462 5309 hoc
3477 5253 3797 5308 ubifactum
3824 5259 3928 5318 est,

2238 5343 2476 5398 ridicule
2517 5343 2788 5398 insultare
2816 5343 2988 5416 capit
3007 5348 3064 5398 et
3076 5359 3359 5415 premere,
3381 5347 3445 5397 ut
3473 5342 3747 5414 quoniam
3765 5343 3930 5414 quid-

2240 5432 2378 5504 quid
2409 5431 2718 5504 loquimur,
2753 5448 2850 5487 ore
2897 5436 3092 5487 nostro
3142 5432 3295 5487 exire
3353 5432 3641 5486 confessus
3689 5436 3833 5497 erat,
3877 5437 3933 5485 et

2239 5523 2464 5577 leonem
2493 5537 2552 5576 se
2575 5521 2833 5578 locutum
2862 5537 2980 5576 esse
3002 5521 3274 5593 nequibat
3303 5520 3574 5587 abnuere,
3617 5520 3789 5575 homo
3820 5537 3931 5575 non
