4074 6370
177 313 298 365 1209

168 431 339 487 malus
370 434 486 484 tam
541 426 854 484 immanem
903 427 1148 484 bestiam
1204 429 1495 486 videretur
1540 433 1844 488 vomuisse.

167 521 268 576 Ad.
301 517 528 575 Minime
554 534 686 571 vero
714 523 837 572 erat
865 518 1110 573 arduum
1140 535 1349 575 scurrae
1380 521 1512 574 huic
1544 522 1840 591 resistere;

166 625 276 665 non
305 607 454 661 enim
486 607 856 661 concederem
889 623 986 661 ore
1016 612 1215 662 nostro
1264 609 1422 663 exire
1444 611 1849 683 quodcumque

167 696 465 769 loquimur.
503 697 645 750 Nam
669 711 798 767 quae
828 695 1142 767 loquimur,
1176 714 1243 752 ea
1272 698 1660 768 significamus
1691 720 1706 766 ;
1736 717 1849 754 non

168 792 348 840 autem
379 799 508 855 quae
540 800 628 837 res
680 784 1054 854 signiﬁcatur,
1086 786 1185 839 sed
1222 786 1451 857 signum
1482 804 1595 859 quo
1623 789 1842 859 signiﬁ-

168 879 318 928 catur
360 871 644 944 loquentis
674 888 771 926 ore
803 873 1080 942 procedit,
1111 874 1221 928 nisi
1265 892 1394 929 cum
1424 876 1547 947 ipsa
1577 877 1739 949 signa
1768 878 1849 932 si-

169 962 501 1034 gniticantur
529 977 542 1014 :
576 961 730 1032 quod
759 977 941 1032 genus
970 963 1140 1032 paulo
1171 968 1302 1018 ante
1334 965 1716 1021 tractavimus.

233 1052 316 1106 24.
348 1052 492 1118 Aug.
522 1051 672 1104 Bene
695 1056 753 1104 tu
783 1050 1017 1121 quidem
1043 1051 1152 1106 hoc
1179 1053 1347 1107 modo
1379 1054 1649 1108 adversus
1684 1054 1850 1110 illum

171 1156 309 1196 esses
350 1143 581 1209 paratus
613 1154 627 1192 :
675 1143 1070 1194 verumtamen
1101 1139 1245 1194 mihi
1288 1141 1426 1212 quid
1458 1143 1847 1212 respondebis,

169 1234 354 1283 utrum
384 1227 556 1280 homo
585 1243 798 1281 nomen
829 1227 902 1282 sit
947 1228 1316 1299 requirenti?
1343 1230 1452 1285 Ad.
1514 1231 1681 1299 Quid,
1739 1232 1850 1286 nisi

171 1330 283 1369 esse
311 1329 520 1368 nomen
539 1314 567 1367 τ
596 1315 739 1382 Aug.
771 1315 916 1380 Quid
935 1315 963 1369 ?
989 1333 1117 1370 cum
1146 1321 1199 1371 te
1228 1318 1416 1386 video,
1467 1336 1607 1374 num
1637 1337 1850 1375 nomen

166 1403 323 1458 video
341 1401 368 1453 ?
396 1403 506 1457 Ad.
531 1404 675 1457 Non.
703 1406 847 1471 Aug.
874 1404 1039 1458 Visne
1057 1405 1234 1476 igitur
1259 1407 1443 1462 dicam
1475 1410 1627 1479 quod
1658 1410 1849 1480 sequi-

167 1490 294 1546 tur?
320 1491 432 1545 Αά.
462 1491 540 1545 Ne
570 1507 763 1562 quaeso
789 1509 801 1559 ;
835 1509 969 1546 nam
1000 1494 1143 1548 mihi
1172 1494 1292 1566 ipse
1321 1497 1610 1563 renuntio,
1642 1513 1732 1552 me
1754 1499 1852 1552 ho-

165 1579 369 1634 minem
399 1595 517 1633 non
547 1595 688 1646 esse,
717 1579 816 1651 qui
860 1596 1071 1635 nomen
1101 1597 1220 1636 esse
1271 1584 1689 1655 responderim,
1719 1601 1851 1640 cum

163 1668 329 1722 homo
359 1671 552 1721 utrum
581 1683 794 1722 nomen
825 1674 971 1723 esset
995 1669 1335 1740 inquireres.
1389 1673 1513 1727 Jam
1543 1675 1696 1727 enim
1727 1676 1848 1745 pla-

166 1761 372 1822 cuerat,
402 1773 468 1810 ex
497 1772 564 1809 ea
611 1773 674 1810 re
728 1772 858 1828 quae
915 1757 1351 1829 significaretur,
1409 1765 1507 1816 aut
1560 1763 1846 1830 assentiri,

162 1851 256 1899 aut
282 1860 489 1916 negare
519 1845 672 1917 quod
700 1845 925 1900 dicitur.
956 1847 1103 1915 Aug.
1162 1851 1234 1902 At
1285 1848 1429 1903 mihi
1458 1849 1680 1905 videtur
1732 1868 1851 1907 non

164 1938 214 1988 te
243 1933 450 1988 frustra
473 1933 533 1987 in
562 1923 707 1988 hanc
737 1934 1170 2004 responsionem
1201 1936 1478 1992 decidisse
1504 1955 1518 2006 ;
1550 1953 1684 1993 nam
1712 1939 1851 2010 vigi-

163 2021 392 2076 lantiam
414 2026 571 2075 tuam
600 2021 889 2076 mentibus
918 2024 1127 2077 nostris
1146 2023 1327 2078 indita
1356 2025 1478 2096 ipsa
1506 2027 1597 2080 lex
1618 2026 1851 2081 rationis

165 2111 326 2166 evicit
353 2127 366 2165 :
406 2127 540 2165 nam
569 2110 617 2164 si
647 2126 968 2182 quaererem
998 2112 1136 2183 quid
1187 2117 1335 2167 esset
1361 2113 1556 2180 homo,
1611 2130 1850 2186 respon-

164 2200 321 2254 deres
372 2200 632 2266 fortasse,
684 2199 948 2267 Animal;
1009 2200 1056 2254 si
1106 2204 1298 2256 autem
1351 2218 1668 2273 quaererem
1720 2221 1847 2275 quae

161 2305 288 2360 pars
311 2287 586 2342 orationis
636 2292 783 2342 esset
835 2289 1030 2356 homo,
1064 2289 1221 2344 nullo
1278 2291 1448 2346 modo
1477 2307 1672 2362 posses
1694 2299 1846 2348 recte

163 2377 498 2448 respondere
535 2375 662 2441 nisi,
713 2378 934 2431 Nomen
963 2393 978 2431 :
1010 2379 1385 2448 quamobrem
1428 2396 1559 2435 cum
1592 2381 1764 2436 homo
1795 2388 1852 2437 et

161 2481 384 2532 nomen,
413 2468 470 2518 et
498 2465 710 2519 animal
743 2481 864 2520 esse
890 2465 1235 2536 inveniatur,
1263 2467 1405 2522 illud
1440 2468 1646 2524 dicitur
1687 2487 1754 2524 ex
1784 2487 1851 2526 ea

159 2558 316 2626 parte
346 2569 462 2625 qua
488 2553 716 2624 signum
749 2558 850 2620 est,
886 2554 994 2609 hoc
1023 2571 1090 2609 ex
1119 2561 1280 2626 parte
1307 2556 1391 2611 rei
1419 2574 1593 2629 quam
1632 2559 1849 2629 signifi-

159 2646 259 2696 cat.
291 2641 400 2706 Qui
429 2657 567 2712 ergo
591 2641 799 2713 quaerit
830 2647 1024 2697 utrum
1055 2644 1226 2698 homo
1257 2661 1470 2700 nomen
1501 2646 1594 2714 sit,
1627 2647 1771 2702 nihil
1799 2648 1850 2702 ei

155 2730 304 2785 aliud
335 2746 511 2801 quam
541 2746 661 2784 esse
689 2731 1068 2801 respondeam
1093 2748 1107 2787 :
1130 2732 1266 2786 satis
1294 2733 1450 2788 enim
1479 2734 1763 2805 significat
1783 2753 1850 2792 ex

157 2834 220 2872 ea
250 2826 408 2889 parte
437 2834 496 2872 se
526 2818 670 2872 velle
699 2819 917 2882 audire,
967 2837 1081 2890 qua
1136 2821 1365 2892 signum
1413 2826 1514 2878 est.
1550 2823 1607 2878 Si
1659 2829 1849 2880 autem

156 2906 364 2978 quaerit
395 2911 588 2960 utrum
622 2906 832 2960 animal
862 2907 953 2974 sit,
984 2909 1166 2962 multo
1195 2910 1503 2980 proclivius
1551 2928 1800 2967 annuam
1833 2931 1845 2967 :

153 2994 424 3066 quoniam
460 2994 510 3047 si
538 3000 730 3048 tacens
761 2999 817 3049 et
845 3011 1055 3050 nomen
1085 3001 1141 3050 et
1170 2998 1403 3066 animal,
1457 3003 1679 3054 tantum
1710 3001 1847 3073 quid

151 3087 294 3137 esset
321 3083 497 3137 homo
526 3083 864 3154 requireret,
893 3084 1099 3156 placita
1129 3085 1224 3140 illa
1244 3087 1519 3158 loquendi
1550 3091 1746 3159 regula
1775 3091 1847 3144 ad

148 3170 206 3226 id
236 3173 393 3243 quod
424 3173 648 3227 duabus
669 3174 1290 3245 syllabissignilicatur,
1324 3175 1550 3230 animus
1570 3183 1842 3244 curreret;

148 3276 331 3332 neque
353 3261 674 3332 quidquam
709 3263 1150 3332 responderetur
1169 3263 1276 3318 nisi
1306 3265 1541 3334 animal,
1563 3265 1648 3318 vel
1671 3265 1844 3320 etiam

146 3355 264 3405 tota
293 3350 554 3406 deﬁnitio
587 3350 886 3418 diceretur,
917 3351 976 3407 id
1007 3357 1092 3407 est
1117 3353 1329 3408 animal
1382 3353 1658 3409 rationale
1689 3371 1843 3410 mor-

147 3439 258 3493 tale
305 3455 319 3493 :
375 3456 449 3494 an
494 3439 600 3494 tibi
645 3456 761 3494 non
818 3439 1083 3496 videtur?
1131 3442 1240 3497 Ad.
1295 3444 1530 3497 Prorsus
1570 3443 1794 3499 videtur
1831 3460 1844 3498 :

147 3527 242 3581 sed
265 3544 398 3582 cum
439 3545 561 3583 esse
590 3545 800 3583 nomen
855 3530 1322 3601 concesserimus,
1371 3533 1658 3603 quomodo
1686 3533 1844 3589 illam

146 3618 571 3673 conclusionem
627 3619 794 3674 nimis
846 3621 1256 3675 contumeliosa
1314 3621 1672 3689 evitabimus,
1733 3640 1846 3694 qua

146 3722 247 3760 nos
295 3707 566 3762 homines
621 3724 738 3762 non
795 3724 915 3762 esse
969 3709 1314 3764 conﬁcitur?
1351 3711 1496 3777 Aug.
1547 3711 1842 3774 Quomodo

145 3800 329 3865 putas,
360 3797 476 3852 nisi
505 3797 758 3851 docendo
814 3813 931 3850 non
989 3812 1057 3851 ex
1107 3813 1174 3851 ea
1230 3801 1390 3866 parte
1442 3797 1681 3866 illatam,
1732 3814 1846 3869 qua

142 3883 526 3956 interroganti
594 3883 1098 3939 assentiebanzur'.’
1150 3887 1264 3939 Aut
1325 3885 1371 3939 si
1422 3901 1491 3939 ex
1554 3902 1620 3939 ea
1687 3893 1843 3956 parte

142 3970 295 4028 illam
323 3991 383 4028 se
415 3973 630 4027 fatetur
656 3971 889 4039 inferre,
923 3973 1082 4028 nullo
1114 3974 1282 4029 modo
1330 3979 1414 4028 est
1442 3973 1840 4030 formidanda:

142 4060 278 4132 quid
311 4062 474 4117 enim
503 4065 752 4116 metuam
778 4060 1092 4130 hominem,
1124 4061 1182 4118 id
1236 4066 1321 4116 est
1349 4067 1462 4117 tres
1492 4062 1627 4116 istas
1675 4065 1842 4135 sylla-

140 4148 238 4204 bas
267 4167 390 4206 non
421 4166 544 4205 esse
573 4165 665 4204 me
695 4149 1002 4205 conﬁteri?
1029 4151 1138 4206 Ad.
1175 4150 1324 4205 Nihil
1373 4156 1460 4206 est
1485 4151 1692 4206 verius.
1732 4153 1845 4207 Cur

140 4253 276 4309 ergo
304 4239 571 4295 animum
604 4238 863 4300 offendit,
895 4255 1027 4294 cum
1055 4238 1284 4306 dicitur,
1316 4255 1433 4293 non
1461 4256 1520 4294 es
1549 4240 1726 4311 igitur
1753 4243 1841 4296 hov

139 4343 271 4395 mo;
306 4344 444 4383 cum
477 4328 790 4382 secundum
822 4327 920 4382 illa
949 4344 1236 4397 concessa,
1295 4328 1442 4383 nihil
1493 4329 1681 4383 verius
1733 4329 1840 4384 dici

137 4415 400 4486 potuerit
428 4417 458 4470 ?
491 4417 633 4483 Aug.
677 4414 820 4480 Quia
870 4431 984 4470 non
1016 4431 1250 4486 possum
1282 4431 1397 4469 non
1455 4420 1656 4487 putare
1685 4417 1754 4471 ad
1788 4417 1842 4472 id

138 4505 564 4560 conclusionem
590 4505 810 4571 referri,
861 4504 1016 4576 quod
1073 4503 1161 4558 his
1215 4504 1434 4558 duabus
1487 4505 1718 4575 syllabis
1775 4505 1844 4558 si-

136 4595 471 4664 gniﬁcatur,
503 4593 672 4648 simul
729 4599 898 4664 atque
928 4593 1036 4648 ista
1065 4593 1236 4647 verba
1264 4592 1580 4656 sonuerint,
1603 4609 1668 4647 ea
1694 4593 1845 4648 scili-

137 4689 225 4737 cet
273 4683 504 4755 regula,
563 4699 691 4754 quae
749 4681 1088 4736 naturaliter
1135 4682 1454 4752 plurimum
1513 4682 1682 4750 valet,
1740 4699 1844 4736 au-

137 4771 270 4825 ditis
299 4771 489 4843 signis
519 4771 588 4825 ad
619 4787 708 4825 res
761 4771 1105 4842 signiﬁcatas
1146 4771 1360 4824 feratur
1401 4770 1660 4825 intentio.
1711 4773 1832 4827 Ad.

132 4860 366 4932 Accipio
397 4859 558 4931 quod
582 4859 741 4914 dicis.

134 4949 364 5004 CAPUT
395 4950 488 5004 IX.
513 4978 582 4990 —-
611 4951 703 5004 An
731 4965 814 5003 res
841 4965 1083 5020 quaque,
1119 4950 1204 5004 vel
1239 4950 1356 5019 ejus
1395 4951 1628 5018 cognitio
1665 4951 1843 5019 pluris

515 5037 764 5093 habenda
793 5041 866 5093 sit
895 5054 1060 5108 quam
1086 5041 1258 5110 ipsius
1289 5041 1470 5108 signa.

199 5131 290 5181 25.
322 5129 473 5194 Aug.
508 5128 633 5181 Jam
666 5142 804 5197 ergo
831 5126 1115 5199 intelligas
1141 5129 1292 5194 volo,
1325 5143 1414 5181 res
1457 5143 1587 5200 qua:
1617 5126 1838 5197 signifi-

127 5220 356 5283 cantur,
391 5215 578 5288 pluris
609 5231 783 5287 quam
815 5215 976 5286 signa
1008 5233 1127 5270 esse
1157 5216 1515 5287 pendendas.
1555 5217 1843 5288 Quidquid

127 5304 284 5359 enim
317 5310 565 5376 propter
593 5304 750 5358 aliud
779 5306 883 5372 est,
932 5303 1100 5358 vilius
1155 5304 1228 5359 sit
1249 5321 1475 5360 necesse
1531 5309 1616 5360 est
1668 5321 1844 5377 quam

126 5390 184 5446 id
213 5398 466 5464 propter
493 5392 644 5463 quod
679 5395 794 5458 est;
823 5390 930 5445 nisi
961 5396 1019 5445 tu
1049 5391 1204 5446 aliud
1233 5393 1539 5448 existimas.
1585 5393 1697 5447 Ad.
1750 5393 1843 5446 Vi-

128 5479 300 5534 detur
329 5479 484 5535 mihi
514 5496 627 5534 non
653 5485 868 5535 temere
901 5480 994 5534 hic
1035 5497 1158 5534 esse
1197 5482 1626 5536 assentiendum
1660 5498 1673 5536 :
1709 5498 1841 5536 nam

130 5585 261 5625 cum
293 5569 568 5639 dicimus,
600 5571 854 5638 Caenum,
890 5571 1057 5641 longe
1088 5570 1194 5624 hoc
1226 5586 1439 5626 nomen
1469 5571 1716 5627 arbitror
1760 5571 1844 5625 rei

1674 310 1885 367 LIBER
1926 312 2128 367 UNUS.

3522 310 3655 362 l210

1967 452 2139 508 quam
2171 436 2452 509 signiﬁcat
2480 436 2838 500 antecellere,
2887 432 3050 498 Quod
3081 431 3237 486 enim
3269 446 3371 485 nos
3421 430 3657 486 offendit

1960 526 2274 593 audientes,
2303 543 2421 581 non
2452 525 2522 579 ad
2553 525 2732 596 ipsius
2763 522 2919 577 verbi
2972 520 3220 592 pertinet
3275 535 3511 587 sonum;
3546 536 3658 574 caa-

1959 630 2099 668 num
2130 615 2284 669 enim
2315 630 2544 678 nomen,
2580 618 2796 667 mutata
2824 627 2936 664 una
2967 610 3158 664 littera
3186 609 3391 664 cmlum
3418 613 3536 672 est;
3573 608 3657 661 in-

1958 707 2045 757 ter
2069 703 2166 757 illa
2189 719 2322 757 vero
2355 719 2484 774 quin
2516 701 2604 755 his
2633 700 2960 755 nominibus
3008 697 3418 768 significantur,
3467 711 3656 768 quan-

1958 796 2082 846 tum
2113 792 2282 846 distet
2333 792 2610 846 videmus.
2670 790 3051 852 Quamobrem
3110 801 3475 858 nequaquam
3524 785 3657 840 huic

1959 881 2122 952 signo
2154 880 2477 945 tribuerim,
2510 879 2662 950 quod
2691 879 2750 932 in
2783 893 2842 931 re
2872 893 3046 948 quam
3074 875 3357 947 significat
3395 873 3648 943 odimus;

1960 951 2348 1041 etipropterea
2379 969 2489 1023 hoc
2520 967 2604 1022 illi
2626 967 2756 1038 jure
2809 951 3093 1034 antepono
3127 981 3139 1018 :
3173 963 3442 1018 libentius
3499 961 3654 1016 enim

1959 1058 2064 1113 hoc
2092 1059 2377 1124 audimus,
2411 1073 2583 1128 quam
2611 1056 2728 1109 ullo
2759 1070 2926 1108 sensu
2958 1053 3101 1106 illud
3122 1051 3474 1122 attingimus.
3498 1055 3652 1120 Aug.

1963 1148 2410 1217 Vigilantissime
2438 1145 2691 1200 omnino.
2728 1145 2922 1214 Itaque
2954 1142 3159 1194 falsum
3190 1147 3292 1206 est,
3325 1156 3523 1194 omnes
3563 1155 3654 1192 res

1959 1236 2139 1308 pluris
2170 1252 2340 1308 quam
2376 1251 2572 1288 earum
2603 1233 2766 1303 signa
2792 1247 2912 1284 esse
2951 1229 3294 1302 pendendas.
3329 1229 3436 1282 Ad.
3468 1230 3550 1282 Ita
3578 1227 3656 1281 vi-

1961 1325 2142 1379 detur.
2175 1329 2327 1393 Aug.
2357 1324 2455 1379 Dic
2485 1340 2619 1394 ergo
2653 1320 2793 1376 mihi
2824 1319 2964 1391 quid
2991 1317 3279 1372 arbitreris
3308 1332 3404 1370 eos
3432 1320 3654 1370 secutos

1961 1430 2104 1480 esse,
2137 1414 2234 1485 qui
2263 1413 2394 1466 huic
2417 1411 2498 1466 rei
2528 1417 2644 1465 tam
2670 1409 2834 1464 foedae
2865 1413 3034 1478 atque
3058 1404 3402 1475 aspernabili
3439 1419 3652 1457 nomen

1961 1503 2328 1565 indiderunt;
2369 1502 2456 1556 vel
2487 1506 2680 1555 utrum
2711 1515 2808 1552 eos
2835 1499 3058 1569 probes,
3093 1512 3166 1549 an
3197 1493 3504 1564 improhes.
3536 1493 3652 1548 Ad.

1964 1593 2079 1661 Ego
2109 1607 2242 1646 vero
2272 1591 2398 1645 illos
2453 1606 2558 1644 nec
2615 1589 2875 1660 probare,
2931 1602 3034 1641 nec
3090 1583 3417 1655 improbare
3448 1581 3654 1648 audeo,

1960 1696 2066 1735 nec
2086 1680 2219 1751 quid
2247 1679 2463 1734 fuerint
2483 1678 2658 1733 secuti
2687 1676 2821 1736 scio.
2852 1676 2995 1743 Aug.
3031 1676 3268 1729 Potesne
3294 1673 3496 1726 saltem
3515 1668 3656 1725 scire

1960 1769 2099 1841 quid
2127 1784 2190 1823 tu
2213 1768 2485 1839 sequaris,
2519 1783 2648 1820 cum
2681 1767 2788 1819 hoc
2814 1779 3024 1818 nomen
3054 1759 3361 1816 enuntias?
3390 1759 3503 1813 Ad.
3543 1760 3658 1813 Hoc

1961 1860 2129 1930 plane
2160 1874 2428 1928 possum;
2460 1854 2925 1926 namsignificare
2954 1852 3103 1911 volo,
3129 1855 3194 1903 ut
3224 1864 3356 1904 eum
3387 1864 3517 1902 cum
3538 1863 3651 1920 quo

1961 1948 2169 2018 loquor
2198 1946 2432 2000 doceam
2462 1945 2550 1998 vel
2583 1945 2920 1998 admoneam
2951 1940 3019 1994 de
3048 1955 3110 1992 re
3170 1937 3287 2003 illa,
3324 1937 3477 2009 quod
3523 1951 3656 1989 eum

1962 2033 2152 2090 doceri
2179 2035 2266 2089 vel
2293 2033 2589 2089 admoneri
2646 2035 2908 2102 Oportere
2967 2027 3230 2082 arbitror.
3263 2026 3408 2093 Aug.
3461 2024 3655 2089 Quid?

1959 2124 2150 2196 ipsum
2183 2125 2384 2178 docere
2410 2128 2508 2177 aut
2539 2122 2866 2186 admonere,
2925 2117 3039 2172 sive
3071 2115 3263 2172 doceri
3316 2119 3415 2169 aut
3451 2115 3654 2168 admo-

1960 2213 2110 2282 neri,
2172 2213 2324 2284 quod
2378 2213 2465 2266 vel
2524 2216 2588 2266 tu
2639 2210 2869 2264 exhibes
2921 2205 3219 2262 commode
3269 2219 3373 2276 per
3427 2204 3531 2257 hoc
3560 2218 3657 2256 no-

1962 2318 2117 2370 men,
2145 2303 2234 2356 vel
2265 2301 2560 2356 exhibetur
2588 2299 2730 2366 tibi;
2765 2313 2954 2352 nonne
2983 2295 3208 2350 charius
3260 2309 3434 2364 quam
3465 2291 3655 2362 ipsum

1961 2407 2171 2445 nomen
2197 2389 2528 2444 habendum
2550 2388 2679 2443 est?
2708 2387 2826 2442 Ad.
2850 2385 3106 2441 Concedo
3127 2383 3310 2454 ipsam
3336 2380 3654 2449 scientiam,

1962 2496 2092 2551 quae
2123 2495 2226 2550 per
2255 2479 2363 2532 hoc
2390 2477 2618 2548 signum
2649 2475 2857 2535 evenit.
2900 2475 3080 2529 eidem
3110 2473 3275 2542 signo
3332 2487 3455 2524 esse
3491 2474 3651 2523 ante-

1960 2566 2326 2640 ponendam;
2362 2566 2455 2620 sed
2488 2581 2603 2619 non
2635 2565 2763 2618 ideo
2785 2563 2957 2617 etiam
2988 2578 3110 2616 rem
3139 2561 3322 2631 ipsam
3353 2563 3512 2629 puto.

2029 2659 2120 2710 26.
2142 2657 2292 2723 Aug.
2326 2656 2390 2709 In
2419 2654 2518 2708 illa
2537 2654 2712 2724 igitur
2738 2651 3020 2706 sententia
3072 2654 3286 2717 nostra,
3327 2659 3656 2718 quanquam

1961 2743 2033 2798 sit
2060 2743 2288 2808 falsum,
2320 2759 2409 2796 res
2440 2758 2640 2796 omnes
2683 2740 2860 2812 signis
2907 2739 3021 2793 suis
3050 2735 3309 2809 praeponi
3361 2739 3654 2806 oportere;

1959 2848 2075 2886 non
2107 2837 2298 2886 tamen
2328 2831 2534 2885 falsum
2564 2835 2667 2897 est,
2701 2845 2871 2883 omne
2903 2827 3058 2899 quod
3084 2830 3321 2897 propter
3365 2823 3517 2877 aliud
3549 2826 3653 2887 est,

1958 2919 2125 2974 vilius
2154 2935 2273 2973 esse
2303 2935 2478 2990 quam
2508 2917 2562 2972 id
2593 2922 2830 2988 propter
2861 2915 3130 2987 quodest.
3156 2911 3417 2983 Cognitio
3438 2911 3652 2983 quippe

1959 3008 2125 3074 caeni,
2158 3012 2392 3079 propter
2421 3022 2594 3078 quam
2627 3007 2733 3058 hoc
2760 3021 2967 3058 nomen
2993 3007 3078 3057 est
3102 3002 3450 3064 institutum,
3475 2997 3656 3071 pluris

1956 3095 2219 3150 habenda
2248 3102 2333 3149 est
2356 3094 2478 3166 ipso
2525 3093 2776 3159 nomine,
2811 3091 2967 3163 quod
2998 3091 3182 3145 eidem
3235 3105 3396 3143 cceno
3429 3103 3654 3159 praepo-

1956 3184 2213 3239 nendum
2241 3200 2360 3238 esse
2392 3182 2797 3253 comperimus.
2836 3182 2959 3235 Non
3011 3179 3168 3233 enim
3229 3178 3302 3232 ob
3352 3176 3507 3230 aliud
3550 3176 3657 3228 ista

1957 3274 2207 3344 cognitio
2238 3273 2424 3344 signo,
2457 3273 2526 3326 de
2557 3288 2670 3343 quo
2700 3272 2924 3342 agimus
2948 3269 3197 3323 antelata
3226 3271 3330 3332 est,
3361 3265 3471 3320 nisi
3523 3265 3660 3336 quia

1956 3361 2097 3416 illud
2125 3367 2364 3432 propter
2392 3361 2559 3430 hanc,
2591 3377 2705 3414 non
2750 3361 2872 3414 hmo
2920 3362 3155 3431 propter
3202 3355 3342 3411 illud
3371 3371 3490 3409 esse
3521 3370 3654 3408 con-

1955 3447 2218 3503 vincitur.
2255 3449 2397 3502 Nam
2427 3447 2504 3501 ita
2536 3463 2667 3500 cum
2725 3445 2958 3517 quidam
3009 3447 3258 3510 vorator,
3308 3440 3653 3510 ventrisque,

1955 3542 2019 3592 ut
2051 3538 2122 3591 ab
2148 3537 2414 3607 Apostolo
2445 3536 2675 3604 dicitur,
2709 3537 2894 3590 cultor
2923 3534 3092 3605 (Rom.
3139 3548 3250 3600 xvx,
3304 3532 3412 3598 18),
3445 3529 3659 3583 diceret

1956 3625 2086 3679 ideo
2112 3642 2169 3678 se
2219 3625 2428 3692 vivere,
2462 3630 2526 3678 ut
2563 3630 2920 3689 vesceretur;
2951 3638 3066 3676 non
3093 3621 3222 3674 tulit
3256 3619 3356 3690 qui
3385 3617 3655 3672 audiebat

1954 3712 2106 3781 frugi
2134 3711 2328 3778 homo,
2362 3715 2440 3778 et,
2467 3712 2702 3778 Quanto,
2721 3771 2723 3773 1
2742 3709 2950 3781 inquit,
2981 3709 3172 3762 melius
3223 3706 3342 3760 ideo
3370 3706 3653 3759 vescererz’s

1954 3803 2014 3852 ut
2042 3801 2244 3853 viveres
2263 3800 2292 3853 ?
2312 3797 2467 3869 quod
2498 3798 2696 3869 utique
2725 3815 2790 3852 ex
2823 3799 3022 3852 eadem
3052 3797 3163 3850 ista
3186 3795 3386 3865 regula
3434 3795 3654 3848 locutus

1955 3891 2039 3941 est
2069 3888 2107 3941 ί.
2147 3889 2288 3941 Nam
2319 3903 2506 3958 neque
2535 3887 2647 3940 alia
2689 3887 2757 3941 de
2811 3902 2978 3940 causa
3031 3885 3128 3939 ille
3177 3883 3482 3955 displicuit,
3542 3882 3653 3936 nisi

1956 3975 2110 4042 quod
2138 3974 2312 4028 vitam
2345 3990 2506 4028 suam
2533 3979 2650 4028 tam
2682 3973 3136 4045 parvipenderet,
3168 3977 3232 4026 ut
3261 3987 3386 4025 eam
3419 3970 3652 4024 duceret

1954 4063 2200 4134 gutturis
2228 4064 2515 4133 voluptate
2544 4062 2823 4129 viliorem,
2845 4061 3082 4116 dicendo
3104 4076 3162 4114 se
3188 4063 3422 4130 propter
3451 4058 3650 4128 epulas

1954 4151 2141 4206 vivere
2175 4169 2188 4206 :
2221 4167 2408 4223 neque
2437 4151 2529 4205 hic
2559 4151 2631 4204 ob
2662 4149 2814 4204 aliud
2838 4151 2969 4220 jure
3017 4149 3306 4214 laudatur,
3359 4146 3470 4201 nisi
3497 4144 3646 4217 quod

1952 4239 2014 4294 in
2043 4240 2113 4294 iis
2142 4241 2364 4295 duobus
2394 4239 2530 4311 quid
2564 4243 2797 4310 propter
2841 4237 2976 4309 quid
3009 4237 3192 4303 ﬁeret,
3224 4237 3332 4290 hoc
3381 4241 3465 4290 est
3512 4235 3650 4307 quid

1955 4327 2046 4381 cui
2077 4327 2395 4397 subjectum
2425 4330 2572 4381 esset
2598 4326 2946 4396 intelligens,
3006 4324 3314 4380 cibandum
3370 4323 3560 4394 potius
3589 4327 3657 4377 ut

1954 4416 2229 4482 vivamus,
2264 4431 2435 4487 quam
2469 4415 2772 4470 vivendum
2804 4420 2866 4468 ut
2891 4414 3168 4480 cibemur,
3203 4413 3521 4468 admonuit.
3563 4413 3650 4468 Si-

1955 4505 2168 4559 militer
2192 4509 2245 4558 et
2276 4509 2337 4558 tu
2367 4505 2622 4570 fortasse,
2655 4509 2711 4557 et
2739 4503 2984 4574 quilibet
3008 4503 3309 4557 hominum
3341 4502 3650 4572 nonimpe-

1953 4594 2060 4648 rite
2091 4609 2180 4647 res
2209 4592 2638 4658 aestimantium,
2697 4591 2908 4646 dicenti
2952 4591 3200 4662 cuipiam
3236 4590 3462 4662 loquaci
3492 4606 3650 4644 ama-

1953 4684 2180 4754 torique
2210 4683 2536 4735 verborum.
2570 4681 2700 4735 ideo
2732 4682 2904 4735 doceo
2925 4685 2986 4733 ut
3015 4682 3236 4750 loquar,
3272 4680 3650 4750 respondere-

1954 4773 2048 4838 tis,
2081 4773 2283 4832 Homo,
2314 4786 2416 4824 cur
2455 4786 2568 4824 non
2600 4769 2789 4840 potius
2819 4769 2945 4823 ideo
3002 4768 3255 4839 loqueris
3311 4773 3375 4822 ut
3403 4769 3604 4837 doceas
3624 4769 3652 4820 ‘?

1955 4861 2113 4926 Quod
2145 4860 2188 4914 si
2218 4861 2338 4914 haec
2368 4876 2498 4912 vera
2551 4863 2700 4924 sunt,
2757 4857 2922 4912 sicuti
2961 4873 3080 4912 esse
3138 4856 3447 4928 cognoscis,
3499 4857 3654 4911 vides

1952 4950 2202 5021 profecto
2230 4953 2445 5020 quanto
2475 4948 2646 5001 verba
2677 4945 2912 5000 minoris
2939 4945 3200 5000 habenda
3227 4946 3360 5012 sint,
3389 4962 3562 5017 quam
3593 4945 3651 5000 id

1953 5043 2189 5110 propter
2218 5037 2372 5107 quod
2403 5036 2618 5089 utimur
2646 5034 2830 5088 verbis
2855 5051 2868 5100 ;
2895 5051 3024 5088 cum
3042 5034 3160 5105 ipse
3186 5050 3322 5087 usus
3343 5033 3650 5086 verborum

1949 5127 2070 5198 jam
2100 5126 2172 5179 sit
2200 5124 2386 5179 verbis
2417 5124 2884 5194 anteponendas:
2921 5123 3090 5178 verba
3118 5123 3269 5177 enim
3303 5126 3432 5175 sunt
3471 5125 3534 5173 ut
3562 5121 3650 5174 his

1955 5221 2224 5280 utamur;
2259 5213 2478 5268 utimur
2503 5220 2694 5267 autem
2722 5213 2811 5268 his
2842 5214 2909 5267 ad
2941 5212 3262 5267 docendum
3315 5211 3535 5274 Quanto
3563 5213 3650 5262 est

1953 5320 2088 5374 ergo
2121 5303 2322 5357 melius
2337 5302 2540 5356 docere
2553 5319 2726 5373 quam
2740 5302 2915 5373 loqui,
2943 5306 3099 5355 tanto
3129 5299 3331 5353 melior
3359 5303 3446 5352 est
3473 5313 3649 5368 quam

1953 5393 2142 5460 verba,
2202 5391 2432 5446 locutio.
2497 5392 2668 5447 Multo
2712 5408 2846 5461 ergo
2905 5391 3106 5444 melior
3157 5382 3417 5442 doctrina
3473 5403 3646 5458 quam

2017 5519 2029 5551 ¹
2056 5517 2176 5565 Mss.
2209 5517 2274 5566 At
2293 5516 2346 5565 in
2381 5515 2532 5574 Edd.,
2565 5519 2628 5567 ut
2656 5519 2854 5567 viveres
2875 5520 2902 5564 ι’
2927 5517 3147 5576 uterque
3169 5514 3344 5561 tamen
3370 5524 3436 5562 ex
3460 5511 3645 5562 eadem

1955 5579 2145 5642 regula
2167 5580 2368 5641 locutus
2388 5581 2476 5629 est.
