4074 6354
489 370 615 422 1211

485 486 677 540 verba.
707 483 818 540 Sed
845 483 1014 554 cupio
1056 481 1254 536 audire
1310 479 1450 553 quid
1501 479 1647 534 forte
1675 475 2176 532 contradicendum

487 578 668 646 putes.

557 666 644 716 2‘7.
678 662 795 718 Ad.
845 658 1137 715 Assentior
1165 657 1396 730 quidem
1444 655 1738 710 meliorem
1785 669 1956 725 quam
2008 653 2175 708 verba

488 767 608 804 esse
640 749 998 816 doctrinam;
1029 748 1126 802 sed
1180 750 1371 800 utrum
1402 743 1668 798 adversus
1696 743 1864 797 istam
1917 743 2174 814 regulam

486 853 599 909 qua
629 837 854 905 dicitur,
878 839 1058 894 Omne
1084 835 1232 907 quod
1285 837 1520 904 propter
1571 832 1727 886 aliud
1779 836 1884 901 est,
1938 831 2174 886 inferius

490 942 610 981 esse
642 942 816 998 quam
847 926 902 980 id
933 929 1171 996 propter
1217 921 1369 992 quod
1407 924 1511 987 est,
1545 919 1687 974 nihil
1719 920 1791 974 sit
1819 920 1971 991 quod
2004 918 2174 990 objici

485 1015 685 1086 possit,
716 1015 937 1086 ignoro.
971 1015 1113 1079 Aug.
1151 1009 1302 1064 Alias
1340 1008 1448 1062 hoc
1503 1009 1880 1080 opportunius
1927 1009 2170 1080 diligen-

484 1104 712 1175 tiusque
741 1100 1106 1157 tractabimus
1139 1113 1151 1151 :
1182 1112 1332 1152 nunc
1360 1096 1501 1152 illud
1531 1098 1680 1169 quod
1712 1097 1994 1164 concedis,
2039 1097 2172 1151 satis

487 1197 572 1247 est
601 1191 670 1245 ad
701 1191 757 1245 id
792 1189 940 1261 quod
971 1186 1248 1240 conﬁcere
1274 1185 1494 1240 studeo.
1527 1187 1637 1240 Das
1686 1185 1839 1240 enim
1895 1184 2170 1256 cognitio-

489 1297 621 1334 nem
653 1294 844 1333 rerum
863 1291 1034 1348 quam
1063 1275 1224 1346 signa
1249 1290 1441 1329 rerum
1459 1291 1579 1329 esse
1604 1274 1941 1330 chariorem.
1970 1275 2174 1339 Quam-

484 1369 680 1424 obrem
710 1364 961 1436 cognitio
991 1380 1185 1418 rerum
1225 1380 1354 1435 quae
1393 1363 1805 1434 signiﬁcantur,
1860 1362 2173 1433 cognitioni

480 1456 777 1526 signorum
805 1452 1175 1507 auteferenda
1203 1456 1288 1506 est
1320 1469 1333 1506 :
1362 1469 1434 1506 an
1463 1452 1566 1506 tibi
1591 1468 1706 1506 non
1735 1452 1957 1506 videtur
1977 1451 2004 1506 ?
2053 1453 2169 1506 Ad.

480 1545 626 1599 Num
650 1559 756 1614 ego
788 1541 1175 1612 cognitionem
1205 1556 1396 1594 rerum
1411 1540 1730 1612 cognitione
1759 1541 2079 1611 signorum,
2111 1557 2174 1595 ac

477 1648 594 1688 non
619 1629 795 1704 signis
843 1629 978 1702 ipsis
1005 1628 1466 1701 praestantiorem
1498 1646 1618 1684 esse
1657 1629 1953 1684 concessi?
1997 1645 2173 1701 quare

478 1737 679 1776 vereor
708 1724 772 1774 ut
799 1719 893 1774 hic
921 1718 1028 1774 tibi
1057 1718 1349 1773 assentiar.
1383 1719 1528 1783 Quid
1585 1717 1631 1772 si
1661 1718 1814 1773 enim
1845 1722 1907 1773 ut
1947 1735 2173 1773 caenum

480 1825 690 1865 nomen
721 1807 926 1862 melius
957 1811 1040 1861 est
1061 1823 1126 1861 ea
1157 1823 1218 1861 re
1249 1823 1420 1878 quam
1447 1806 1760 1878 signiﬁcat;
1795 1806 1874 1861 ita
1904 1809 1960 1861 et
2003 1807 2174 1878 hujus

480 1895 731 1953 nominis
760 1895 1010 1966 cognitio
1042 1894 1354 1967 cognitioni
1383 1912 1609 1968 quoque
1630 1895 1783 1950 illius
1809 1895 1992 1950 reiest
2019 1899 2174 1950 ante-

475 1987 761 2060 ponenda,
794 1985 1052 2057 quamvis
1077 2001 1143 2039 ea
1171 1985 1496 2056 cognitione
1526 1985 1598 2039 sit
1623 1985 1814 2056 ipsum
1845 2001 2054 2039 nomen
2085 1985 2172 2039 in-

479 2075 653 2131 ferius
677 2072 705 2128 ?
725 2073 981 2138 Quatuor
1009 2072 1223 2144 quippe
1254 2077 1386 2127 sunt
1409 2089 1422 2126 :
1454 2089 1688 2141 nomen,
1711 2076 1764 2127 et
1789 2089 1897 2136 res,
1924 2071 2175 2144 cognitio

478 2162 742 2229 nominis,
780 2166 836 2216 et
865 2161 1116 2233 cognitio
1145 2161 1246 2215 rei.
1283 2161 1436 2216 Sicut
1460 2177 1594 2231 ergo
1632 2161 1880 2232 primum
1905 2161 2171 2228 secundo,

479 2268 581 2308 cur
605 2267 723 2306 non
754 2255 811 2306 et
828 2249 1062 2306 tertium
1091 2254 1294 2321 quarto
1324 2249 1667 2304 antecellat?
1697 2250 1805 2306 Sed
1835 2254 1899 2305 ut
1927 2266 2041 2304 non
2073 2265 2172 2304 an-

478 2339 722 2404 tecellat,
746 2353 885 2392 num
917 2337 1086 2391 etiam
1113 2335 1526 2408 subjiciendum
1549 2335 1680 2390 est?

548 2430 637 2482 28.
673 2429 825 2494 Aug.
854 2426 988 2482 Mire
1021 2424 1257 2480 omnino
1303 2429 1357 2479 te
1401 2423 1566 2478 video
1625 2427 1681 2478 et
1732 2423 1980 2478 tenuisse
2036 2424 2173 2496 quid

482 2514 848 2583 concesseris,
883 2519 937 2569 et
963 2513 1271 2585 explicasse
1300 2512 1438 2584 quid
1463 2512 1721 2566 senseris.
1779 2512 1909 2576 Sed,
1942 2516 2004 2566 ut
2057 2513 2175 2583 opi-

479 2619 606 2671 nor,
639 2603 932 2674 intelligis,
986 2603 1094 2656 hoc
1145 2602 1500 2673 trisyllabum
1547 2617 1781 2668 nomen,
1830 2601 1982 2672 quod
2012 2605 2176 2655 sonat

481 2707 610 2746 cum
663 2691 925 2757 dicimus,
969 2689 1204 2756 Vitium,
1262 2689 1468 2744 melius
1525 2706 1646 2744 esse
1704 2705 1875 2761 quam
1906 2689 1959 2744 id
2019 2690 2172 2762 quod

479 2779 797 2851 signiﬁcat;
853 2795 984 2834 cum
1037 2778 1217 2850 ipsius
1265 2777 1518 2849 cognitio
1563 2777 1814 2833 nominis
1872 2779 2055 2833 multo
2103 2780 2176 2833 sit

479 2867 723 2922 inferior
772 2866 1098 2938 cognitione
1153 2865 1439 2920 vitiorum.
1496 2865 1649 2920 Licet
1706 2864 1900 2936 itaque
1973 2865 2174 2919 consti-

483 2960 608 3011 tuas
665 2955 836 3010 etiam
893 2955 1002 3010 ista
1057 2960 1302 3026 quatuor
1357 2957 1527 3025 atque
1589 2953 1929 3021 consideres,
1960 2969 2174 3008 nomen

481 3051 537 3100 et
566 3061 711 3115 rem,
743 3045 1124 3117 cognitionem
1156 3043 1401 3098 nominis
1423 3047 1478 3098 et
1503 3043 1890 3114 cognitionem
1919 3041 2003 3097 rei
2023 3043 2171 3113 ;pri-

482 3151 640 3189 mum
674 3135 921 3189 secundo
943 3133 1074 3204 jure
1107 3131 1527 3203 praeponimus.
1580 3133 1694 3186 Hoc
1723 3131 1876 3185 enim
1923 3131 2174 3202 positum

482 3240 693 3279 nomen
722 3223 782 3278 in
809 3222 1082 3287 carmine,
1115 3237 1246 3276 cum
1295 3221 1371 3275 ait
1417 3220 1662 3286 Persius,
1713 3221 1819 3276 Sed
1863 3225 2040 3290 stupet
2089 3220 2174 3274 hic

481 3314 616 3367 vitio
641 3311 867 3382 (Satyra
897 3313 948 3373 3,
982 3325 1036 3364 υ.
1067 3310 1174 3378 32),
1224 3325 1341 3363 non
1393 3309 1562 3363 modo
1595 3309 1740 3363 nihil
1793 3308 1917 3362 vitii
1942 3308 2073 3363 fecit
2112 3309 2172 3362 in

483 3415 670 3463 versu,
703 3399 798 3454 sed
827 3398 1094 3453 nonnihil
1132 3398 1300 3451 etiam
1333 3401 1566 3452 ornatus
1591 3397 1784 3453 dedit:
1820 3413 1949 3451 cum
1981 3402 2173 3451 tamen

480 3504 571 3542 res
601 3488 725 3559 ipsa
754 3504 883 3559 quas
917 3486 1267 3558 signiﬁcatur
1294 3486 1402 3540 hoc
1433 3485 1663 3540 nomine
1693 3485 1755 3539 in
1813 3501 2173 3556 quocumque

482 3576 651 3643 inest,
707 3581 874 3648 cogat
904 3592 1024 3630 esse
1069 3574 1354 3631 vitiosum.
1411 3577 1482 3629 At
1532 3591 1649 3628 non
1701 3573 1780 3628 ita
1835 3578 1890 3627 et
1939 3573 2173 3628 tertium

485 3671 710 3736 quarto,
743 3666 839 3720 sed
873 3669 1142 3737 quartum
1173 3664 1340 3719 tertio
1370 3664 1625 3719 videmus
1663 3664 1957 3720 excellere.
1995 3665 2174 3736 Hujus

483 3755 639 3810 enim
669 3755 921 3826 cognitio
954 3753 1206 3810 nominis
1235 3754 1362 3809 vilis
1393 3759 1477 3809 est
1505 3771 1623 3825 prae
1651 3753 1971 3824 cognitione
2013 3753 2175 3808 vitio-

481 3860 628 3900 rum.
658 3845 775 3900 Ad.
811 3845 1068 3900 Etiamne
1099 3860 1229 3898 cum
1256 3843 1362 3898 ista
1391 3843 1640 3915 cognitio
1669 3843 1995 3898 miseriores
2018 3842 2172 3912 facit,

485 3949 679 3988 censes
725 3949 844 3988 esse
870 3932 1285 4005 praeferendam
1306 3933 1334 3988 ?
1364 3933 1505 3988 Nam
1534 3932 1688 3987 idem
1739 3931 1964 3987 Persius
1993 3932 2174 3986 omni-

476 4021 586 4076 bus
614 4021 818 4092 posnis,
850 4037 992 4093 quas
1021 4025 1398 4092 tyrannorum
1426 4021 1513 4076 vel
1544 4020 1848 4075 crudelitas
1885 4020 2171 4091 excogita-

487 4110 566 4165 vit
593 4111 680 4165 vel
711 4110 990 4181 cupiditas
1019 4109 1239 4180 pendit,
1269 4109 1416 4164 hanc
1465 4125 1642 4164 unam
1692 4108 2010 4180 anteponit,
2059 4125 2174 4180 qua

477 4198 806 4253 cruciantur
833 4197 1093 4253 homines
1123 4198 1222 4269 qui
1251 4197 1386 4251 vitia
1413 4213 1542 4268 qua:
1563 4197 1740 4251 vitare
1772 4213 1886 4252 non
1912 4201 2167 4268 possunt,

480 4288 765 4354 coguntur
795 4301 1120 4355 agnoscere.
1150 4286 1296 4353 Aug.
1320 4287 1488 4340 Potes
1510 4284 1618 4339 hoc
1647 4285 1817 4340 modo
1861 4285 2172 4355 cognitioni

478 4373 648 4442 hujus
678 4373 927 4427 nominis
955 4374 1137 4444 ipsam
1185 4389 1415 4444 quoque
1453 4373 1731 4428 virtutum
1785 4373 2172 4444 cognitionem

483 4477 695 4532 negare
716 4461 1129 4532 prazferendam
1155 4479 1167 4518 :
1191 4462 1328 4534 quia
1341 4462 1608 4517 virtutem
1633 4462 1823 4517 videre
1840 4479 1945 4518 nec
1957 4468 2167 4531 tenere,

481 4549 827 4621 supplicium
857 4555 975 4605 est:
1006 4568 1120 4622 quo
1170 4551 1324 4606 idem
1373 4552 1468 4606 ille
1525 4551 1798 4623 satyricus
1845 4553 2074 4624 tyranni
2107 4557 2172 4608 ut

484 4639 797 4710 puniantur
822 4640 1036 4711 optavit
1089 4641 1288 4710 (Ibid.,
1320 4657 1374 4698 υ.
1427 4643 1637 4709 35ο38).
1669 4643 1790 4697 Ad.
1827 4643 1975 4696 Deus
2025 4641 2170 4698 hanc

485 4731 703 4782 avertat
727 4728 1036 4783 amentiam
1069 4747 1082 4785 :
1105 4730 1225 4800 jam
1258 4729 1410 4784 enim
1441 4729 1697 4802 intelligo
1756 4747 1873 4786 non
1901 4731 2050 4802 ipsas
2082 4749 2170 4788 co-

479 4813 788 4886 gnitiones,
838 4817 1045 4888 quibus
1096 4818 1354 4874 animum
1409 4818 1615 4874 imbuit
1670 4819 1883 4890 optima
1911 4820 2168 4875 omnium

478 4903 798 4976 disciplina,
829 4921 948 4961 esse
975 4907 1285 4978 culpandas
1309 4927 1322 4969 ;
1359 4908 1458 4962 sed
1503 4924 1600 4963 eos
1627 4909 1885 4964 omnium
1914 4910 2167 4964 miserri-

477 5008 600 5047 mos
616 4993 981 5064 judicandos,
1010 4995 1157 5050 sicut
1194 5001 1251 5051 et
1279 4997 1536 5051 Persium
1572 4997 1857 5068 judicasse
1902 4998 2166 5066 arbitror,

477 5080 578 5152 qui
607 5081 704 5135 tali
734 5083 934 5138 morbo
967 5083 1150 5138 affecti
1181 5090 1333 5150 sunt,
1384 5086 1478 5140 cui
1542 5102 1644 5140 nec
1694 5090 1852 5140 tanta
1886 5087 2170 5141 medicina

481 5170 799 5226 subveniat.
821 5172 967 5240 Aug.
1000 5173 1148 5227 Bene
1169 5173 1480 5244 intelligis:
1513 5174 1607 5228 sed
1639 5189 1870 5246 quoquo
1911 5176 2080 5231 modo
2111 5192 2170 5231 se

475 5259 684 5315 habeat
709 5261 976 5316 Persiana
992 5261 1292 5328 sententia,
1326 5263 1462 5333 quid
1495 5264 1563 5318 ad
1580 5280 1682 5318 nos
1700 5265 1729 5317 ?
1752 5265 1875 5318 Non
1901 5263 2052 5318 enim
2071 5264 2168 5318 ho-

478 5365 606 5403 rum
639 5349 962 5406 auctoritati
992 5350 1232 5422 subjecti
1247 5351 1515 5406 sumusin
1528 5351 1736 5406 talibus
1753 5353 1939 5407 rebus.
1960 5351 2170 5406 Deinde

475 5437 523 5490 si
557 5454 670 5508 qua
701 5439 951 5511 cognitio
981 5440 1292 5512 cognitioni
1321 5441 1672 5512 prmferenda
1701 5440 1794 5506 sit,
1826 5457 1938 5494 non
1973 5441 2062 5494 hic
2085 5440 2168 5494 fa-

476 5526 579 5580 cile
627 5532 712 5582 est
772 5530 1075 5600 explicare.
1135 5529 1280 5584 Satis
1336 5529 1516 5584 habeo
1565 5531 1718 5602 quod
1779 5529 2041 5585 effectum
2085 5531 2170 5584 est

481 5616 871 5687 cognitionem
902 5633 1094 5674 rerum
1123 5635 1252 5689 quae
1265 5618 1676 5690 signiﬁcantur,
1711 5619 1814 5672 etsi
1843 5634 1957 5672 non
1984 5619 2170 5690 cogni-

1717 357 1809 410 DE
1849 353 2226 420 MAGISTRO,
2269 352 2322 408 S.
2367 350 2750 409 AUGUSTINI

3861 347 3987 400 1212

2291 474 2444 528 tione
2470 473 2787 544 signorum,
2838 473 2976 544 ipsis
3027 476 3216 527 tamen
3277 471 3456 542 signis
3509 488 3631 526 esse
3677 471 3986 542 potiorem.

2292 563 2476 628 Quare
2503 565 2622 634 jam
2654 562 2792 618 illud
2822 562 3006 634 magis
3036 561 3334 633 magisque
3391 559 3782 627 discutiamus,
3822 561 3989 632 quale

2288 652 2362 707 sit
2383 668 2561 723 genus
2589 668 2781 706 rerum
2813 668 2954 724 quas
2983 651 3103 705 sine
3118 650 3296 722 signis
3318 650 3624 704 monstrari
3647 665 3819 720 posse
3845 648 3991 704 dice-

2285 740 2490 796 bamus
2513 757 2614 811 per
2641 740 2870 812 seipsas,
2899 743 2961 794 ut
2993 740 3170 811 loqui,
3202 738 3520 808 ambulare,
3554 738 3988 808 sedere,jacere,

2286 834 2455 902 atque
2484 830 2811 900 hujusmodi
2843 833 3062 884 caetera.
3096 828 3206 883 Ad.
3239 829 3364 882 Jam
3393 829 3582 882 recolo
3635 827 3776 899 quid
3813 827 3986 881 dicas.

2286 920 2507 974 CAPUT
2537 920 2594 973 Χ.
2630 948 2699 958 -
2727 919 2818 973 Αη
2859 918 3107 987 quendam
3154 918 3337 971 doceri
3387 919 3502 972 sine
3549 917 3722 986 signis
3767 919 3987 984 queant.

2637 1012 2735 1069 Res
2759 1022 2862 1060 non
2894 1007 3152 1061 dicuntur
3170 1021 3272 1076 per
3300 1007 3421 1074 ipsa
3442 1005 3624 1059 verba.

2357 1097 2445 1151 39.
2475 1097 2624 1163 Aug.
2661 1095 2937 1150 Omniane
2992 1094 3098 1149 tibi
3154 1093 3443 1160 videntur,
3474 1109 3604 1164 quae
3642 1091 3986 1161 interrogati

2286 1199 2418 1237 mox
2448 1199 2615 1254 agere
2644 1199 2964 1254 possumus,
2995 1181 3117 1236 sine
3148 1181 3312 1252 signo
3343 1198 3506 1252 posse
3528 1180 3891 1234 monstrari?
3915 1197 3984 1232 an

2285 1271 2501 1344 aliquid
2527 1271 2734 1343 excipis
2755 1275 2782 1325 ?
2811 1272 2926 1325 Ad.
2959 1272 3072 1342 Ego
3096 1286 3230 1324 vero
3277 1271 3448 1325 etiam
3483 1273 3651 1341 atque
3681 1269 3860 1323 etiam
3889 1284 3985 1338 ge—

2286 1379 2393 1416 nus
2423 1362 2530 1416 hoc
2558 1367 2740 1416 totum
2773 1361 3158 1426 considerans,
3191 1359 3334 1414 nihil
3365 1360 3549 1415 adhuc
3577 1358 3811 1413 invenio
3831 1357 3986 1430 quod

2285 1450 2406 1504 sine
2445 1450 2606 1521 signo
2635 1451 2820 1504 valeat
2854 1451 3064 1518 doceri,
3099 1449 3210 1504 nisi
3258 1450 3401 1504 forte
3443 1448 3820 1514 locutionem,
3855 1451 3912 1500 et
3943 1448 3987 1500 si

2284 1540 2429 1594 forte
2457 1539 2534 1593 idi
2543 1555 2707 1610 psum
2737 1539 3020 1612 quispiam
3035 1543 3274 1611 quaerat,
3302 1538 3437 1609 quid
3466 1538 3539 1592 sit
3568 1538 3791 1592 docere.
3811 1537 3985 1591 Video

2286 1628 2441 1683 enim
2470 1644 2624 1698 eum,
2655 1629 2936 1700 quidquid
2951 1632 3081 1700 post
3110 1629 3234 1699 ejus
3260 1626 3770 1698 interrogationem
3799 1626 3986 1680 fecero

2283 1722 2350 1772 ut
2374 1718 2570 1785 discat,
2603 1717 2673 1772 ab
2702 1734 2767 1772 ea
2798 1718 2916 1788 ipsa
2950 1734 3008 1772 re
3029 1733 3148 1772 non
3171 1717 3384 1772 discere
3414 1732 3586 1788 quam
3618 1715 3987 1770 sibidemon-

2286 1805 2450 1860 strari
2481 1807 2638 1877 cupit
2671 1823 2684 1861 :
2716 1823 2851 1861 nam
2881 1807 2927 1860 si
2987 1823 3080 1861 me
3137 1812 3471 1873 cessantem,
3503 1809 3566 1858 ut
3619 1804 3839 1859 dictum
3882 1808 3985 1869 est,

2285 1897 2374 1950 vel
2395 1895 2548 1950 aliud
2577 1899 2842 1966 agentem
2876 1900 3036 1966 roget
3065 1893 3349 1966 quispiam
3381 1893 3517 1965 quid
3569 1893 3641 1947 sit
3665 1891 3985 1959 ambulare,

2285 1988 2340 2039 et
2369 1999 2474 2054 ego
2503 1984 2694 2038 statim
2727 1983 3096 2050 ambulando,
3122 1998 3256 2038 eum
3273 1983 3424 2054 quod
3439 1982 3659 2053 rogavit
3671 1981 3796 2036 sine
3815 1981 3984 2052 signo

2286 2071 2460 2127 c'oner
2489 2073 2688 2127 docere
2715 2092 2730 2140 ;
2757 2073 2908 2128 unde
2930 2073 3139 2127 cavebo
3193 2088 3263 2126 ne
3294 2072 3350 2126 id
3403 2076 3625 2126 tantum
3667 2075 3838 2142 putet
3865 2085 3986 2126 esse

2286 2161 2600 2228 ambulare,
2632 2166 2911 2233 quantum
2932 2178 3038 2233 ego
3068 2161 3431 2216 ambulavero
3450 2159 3478 2214 7
3499 2159 3653 2232 quod
3676 2159 3722 2214 si
3754 2164 3985 2230 putave-

2285 2251 2380 2317 rit,
2418 2250 2776 2321 decipietur:
2825 2251 3079 2323 quisquis
3121 2250 3272 2305 enim
3322 2250 3454 2320 plus
3498 2249 3758 2303 minusve
3808 2265 3984 2320 quam

2287 2356 2391 2410 ego
2429 2339 2820 2403 ambulaverit,
2854 2340 3006 2395 hunc
3047 2339 3143 2395 ille
3175 2339 3494 2420 ambulasse
3521 2354 3637 2393 non
3679 2337 3984 2392 arbitrabi-

2285 2431 2397 2482 tur.
2431 2429 2495 2482 Et
2523 2428 2674 2499 quod
2707 2429 2775 2483 de
2800 2429 2905 2483 hoc
2935 2444 3046 2483 uno
3076 2428 3247 2483 verbo
3282 2427 3419 2495 dixi,
3452 2426 3656 2481 transit
3700 2427 3761 2480 in
3787 2426 3987 2481 omnia

2287 2533 2416 2588 quae
2443 2516 2564 2571 sine
2593 2516 2756 2587 signo
2783 2517 3092 2572 monstrari
3119 2533 3312 2588 possse
3341 2531 3741 2571 consenseram
3772 2519 3990 2586 praeter

2286 2605 2398 2661 duo
2424 2605 2520 2659 illa
2551 2621 2678 2676 quae
2709 2605 3048 2676 excepimus.

2357 2695 2442 2747 30.
2482 2694 2625 2762 Aug.
2675 2693 2905 2764 Accipio
2961 2693 3193 2765 quidem
3245 2693 3442 2747 istud:
3497 2708 3689 2748 nonne
3745 2691 3852 2748 tibi
3896 2692 3984 2746 vi-

2287 2781 2456 2836 detur
2479 2782 2632 2835 aliud
2657 2797 2775 2835 esse
2804 2781 3152 2852 loqui,aliud
3167 2781 3408 2836 docere?
3426 2781 3538 2837 Ad.
3571 2781 3805 2836 Videtur
3824 2797 3984 2835 sane:

2287 2870 2422 2925 nam
2452 2870 2499 2924 si
2517 2875 2662 2924 esset
2677 2870 2850 2940 idem,
2881 2887 3000 2925 non
3022 2871 3251 2926 doceret
3263 2870 3567 2942 quisquam
3580 2869 3689 2924 nisi
3718 2871 3986 2942 loquens;

2285 2975 2415 3014 cum
2448 2975 2578 3013 vero
2609 2964 2664 3014 et
2692 2959 2819 3014 aliis
2850 2959 3050 3030 signis,
3084 2963 3293 3031 praeter
3322 2959 3513 3026 verba,
3563 2960 3748 3014 multa
3777 2958 3984 3013 docea-

2286 3065 2432 3114 mus,
2460 3048 2587 3120 quis
2617 3048 2686 3103 de
2716 3049 2823 3102 ista
2851 3048 3172 3103 diﬂerentia
3200 3047 3593 3103 dubitaverit?
3619 3049 3771 3115 Aug.
3793 3047 3987 3112 Quid?

2284 3138 2487 3193 docere
2516 3141 2572 3191 et
2609 3137 2949 3208 signiﬁcare,
2972 3136 3193 3191 nihilne
3220 3135 3498 3190 interest?
3529 3151 3602 3189 an
3629 3134 3847 3206 aliquid
3878 3134 3985 3191 dif-

2285 3227 2517 3282 ferunt?
2537 3227 2646 3281 Ad.
2681 3227 2835 3281 Idem
2860 3230 2998 3297 puto
3020 3241 3160 3280 esse.
3189 3227 3336 3294 Aug.
3381 3225 3582 3279 Nonne
3627 3228 3780 3278 recte
3818 3223 3980 3289 dicit,

2285 3314 2386 3387 qui
2410 3313 2547 3368 dicit
2567 3313 2694 3368 ideo
2723 3330 2826 3368 nos
2846 3314 3166 3385 signiﬁcare
3194 3317 3256 3367 ut
3287 3313 3632 3368 doceamus?
3659 3313 3774 3367 Ad.
3808 3313 3986 3367 Recte

2284 3418 2534 3474 prorsus.
2565 3402 2709 3471 Aug.
2743 3401 2910 3466 Quid,
2944 3402 2992 3455 si
3018 3402 3166 3456 dicat
3191 3401 3338 3456 alius
3369 3402 3498 3456 ideo
3527 3418 3632 3456 nos
3677 3402 3881 3456 docere
3917 3411 3986 3457 ut

2285 3489 2714 3562 signiﬁcemus?
2739 3506 2930 3545 nonne
2967 3490 3131 3544 facile
3159 3491 3453 3561 superiore
3482 3489 3764 3546 sententia
3805 3491 3981 3546 refel-

2286 3580 2478 3634 letur?
2506 3579 2616 3634 Ad.
2649 3580 2732 3633 Ita
2761 3583 2862 3633 est.
2901 3581 3046 3648 Aug.
3069 3579 3126 3634 Si
3169 3595 3304 3650 ergo
3343 3579 3731 3651 signiﬁcamus
3776 3584 3839 3634 ut
3881 3581 3984 3634 do-

2285 3683 2534 3734 ceamus,
2555 3683 2670 3721 non
2697 3667 2962 3722 docemus
2993 3672 3056 3722 ut
3077 3667 3466 3739 signiﬁcemus
3491 3685 3504 3735 ;
3550 3668 3706 3723 aliud
3752 3674 3838 3724 est
3885 3669 3985 3724 do-

2285 3772 2430 3823 cere,
2475 3756 2630 3810 aliud
2668 3755 3009 3826 signiﬁcare.
3040 3757 3150 3811 Ad.
3203 3757 3410 3810 Verum
3462 3752 3633 3826 dicis,
3677 3773 3782 3811 nec
3826 3760 3984 3812 recte

2282 3845 2437 3900 idem
2465 3860 2586 3899 esse
2613 3848 2918 3916 utrumque
2931 3845 3224 3916 respondi.
3248 3846 3394 3914 Aug.
3412 3845 3724 3901 Nuncillud
3743 3861 3985 3916 respon-

2283 3935 2373 4004 de,
2396 3939 2592 3989 utrum
2630 3934 2729 4006 qui
2785 3934 2948 3989 docet
2997 3934 3136 4006 quid
3181 3934 3249 3988 sit
3288 3934 3511 4000 docere,
3554 3934 3888 4005 signiﬁcado
3923 3935 3983 3991 id

2283 4027 2436 4094 agat,
2464 4039 2538 4078 an
2569 4023 2751 4078 aliter.
2787 4023 2902 4078 Ad.
2927 4024 3053 4078 Non
3083 4023 3247 4078 video
3278 4023 3569 4094 quomodo
3587 4023 3750 4077 aliter
3773 4023 3979 4094 possit.

2283 4113 2428 4182 Aug.
2461 4113 2684 4167 Falsum
2714 4116 2798 4166 est
2818 4112 2995 4182 igitur
3016 4113 3169 4184 quod
3192 4113 3364 4182 paulo
3393 4115 3526 4166 ante
3552 4112 3762 4178 dixisti,
3785 4113 3981 4167 doceri

2282 4217 2401 4254 rem
2428 4217 2592 4272 posse
2624 4201 2746 4255 sine
2777 4201 2976 4272 signis,
3007 4217 3135 4256 cum
3169 4200 3448 4272 quaeritur
3477 4201 3615 4272 quid
3667 4200 3738 4253 sit
3786 4199 3981 4271 ipsum

2281 4291 2483 4345 docere
2509 4307 2522 4356 ;
2565 4291 2796 4361 quando
2825 4307 2898 4345 ne
2937 4291 3046 4346 hoc
3074 4290 3308 4362 quidem
3355 4289 3615 4343 videmus
3645 4289 3767 4343 sine
3799 4289 3982 4361 signi-

2281 4379 2546 4434 ﬁcatione
2576 4379 2668 4451 agi
2693 4396 2884 4450 posse,
2916 4396 3044 4434 cum
3077 4379 3230 4433 aliud
3271 4394 3391 4432 esse
3446 4377 3790 4448 signiﬁcare,
3820 4379 3980 4434 aliud

2283 4467 2487 4522 docere
2517 4469 2880 4523 concesseris.
2912 4468 2968 4523 Si
2995 4467 3149 4522 enim
3180 4466 3398 4521 diversa
3426 4470 3578 4534 sunt,
3618 4465 3765 4520 sicut
3796 4483 3980 4538 appa-

2285 4561 2389 4622 ret,
2425 4572 2610 4627 neque
2637 4557 2746 4611 hoc
2775 4556 2884 4611 nisi
2923 4573 3027 4627 per
3056 4555 3193 4610 illud
3246 4553 3580 4615 ostenditur,
3613 4569 3730 4608 non
3760 4571 3870 4625 per
3919 4574 3980 4613 se

2286 4645 2483 4716 utique
2514 4646 2852 4713 ostenditur,
2904 4645 3047 4699 sicut
3067 4643 3169 4698 tibi
3207 4642 3388 4696 visum
3419 4645 3558 4696 erat.
3589 4642 3980 4707 Quamobrem

2281 4733 2424 4788 nihil
2447 4734 2635 4789 adhuc
2664 4734 2955 4788 inventum
2982 4737 3086 4798 est,
3102 4730 3256 4802 quod
3285 4731 3591 4784 monstrari
3607 4733 3980 4803 perseipsum

2281 4829 2453 4894 queat
2488 4827 2699 4894 praeter
2726 4821 3089 4889 locutionem,
3115 4835 3240 4890 quaz
3259 4819 3409 4874 inter
3433 4818 3544 4874 alia
3571 4836 3630 4874 se
3652 4837 3883 4891 quoque
3906 4823 3979 4876 si-

2280 4911 2552 4984 gniﬁcat:
2585 4927 2714 4982 quae
2776 4913 2968 4964 tamen
3024 4923 3152 4962 cum
3211 4907 3384 4962 etiam
3433 4907 3556 4979 ipsa
3609 4909 3839 4978 signum
3881 4910 3977 4974 sit,

2288 5001 2537 5056 nondum
2563 5014 2793 5071 prorsus
2823 5001 3006 5050 exstat
3036 4997 3190 5068 quod
3219 4997 3340 5051 sine
3372 4996 3550 5068 signis
3581 4997 3770 5052 doceri
3809 5015 3978 5071 posse

2283 5089 2564 5144 videatur.
2593 5088 2703 5143 Ad.
2730 5085 2880 5140 Nihil
2904 5085 3085 5139 habeo
3115 5102 3216 5140 cur
3244 5102 3362 5140 non
3391 5086 3684 5140 assentiar.

2351 5180 2436 5230 3t.
2471 5176 2614 5244 Aug.
2650 5173 2980 5228 Confectum
3013 5178 3096 5228 est
3128 5174 3303 5244 igitur
3361 5179 3416 5228 et
3459 5174 3601 5228 nihil
3642 5173 3764 5228 sine
3794 5173 3974 5246 signis

2287 5265 2498 5329 doceri,
2531 5269 2587 5318 et
2615 5263 3000 5334 cognitionem
3033 5263 3214 5335 ipsam
3242 5264 3416 5335 signis
3454 5263 3661 5334 quibus
3685 5263 3978 5334 cognosci-

2279 5368 2430 5420 mus,
2463 5351 2783 5407 chariorem
2831 5351 2994 5406 nobis
3052 5369 3170 5407 esse
3202 5355 3464 5423 oportere
3495 5368 3508 5406 :
3543 5351 3804 5422 quamvis
3856 5369 3975 5408 non

2280 5439 2474 5495 omnia
2504 5457 2633 5510 quae
2665 5440 3058 5511 signiﬁcantur
3085 5439 3304 5511 possint
3332 5440 3506 5511 signis
3537 5440 3652 5494 suis
3691 5456 3815 5495 esse
3866 5458 3973 5512 po-

2279 5530 2445 5593 tiora,
2476 5530 2584 5584 Ad.
2617 5530 2701 5584 Ita
2727 5529 2971 5584 videtur.
3005 5531 3150 5598 Aug.
3209 5529 3429 5595 Quanto
3459 5529 3690 5584 tandem
3728 5529 3976 5585 circuitu

2281 5635 2370 5673 res
2400 5619 2618 5674 tantilla
2652 5623 2880 5690 peracta
2907 5618 2998 5686 sit,
3029 5618 3439 5686 meministine,
3465 5634 3659 5688 quaeso
3678 5618 3705 5673 ?
3730 5619 3873 5673 Nam
3905 5635 3972 5672 ex
