4074 6380
146 353 266 405 1213

137 487 241 544 quo
269 469 413 524 inter
432 483 537 522 nos
561 468 733 522 verba
745 468 1086 540 jaculamur,
1108 469 1268 540 quod
1284 474 1400 526 tam
1427 469 1525 524 diu
1550 468 1810 537 fecimus,

133 561 245 615 haec
271 557 374 613 tria
402 562 463 611 ut
498 556 894 613 invenirentur
929 559 1251 614 laboratum
1277 564 1397 614 est:
1438 561 1634 613 utrum
1668 557 1809 612 nihil

133 648 244 703 sine
271 645 442 718 signis
469 646 651 717 possit
671 647 890 716 doceri;
921 653 979 703 et
1006 653 1200 703 utrum
1225 648 1340 703 sint
1363 648 1622 719 quaedam
1645 646 1810 718 signa

133 736 286 790 rebus
325 750 465 805 quas
501 733 824 805 signiﬁcant
854 736 1240 807 praeferenda;
1271 740 1329 790 et
1371 740 1566 790 utrum
1608 734 1808 788 melior

131 839 291 896 quam
319 822 478 894 signa
505 822 576 876 sit
602 839 796 878 rerum
825 824 947 896 ipsa
967 824 1238 896 cognitio.
1271 825 1378 880 Sed
1401 828 1670 896 quartum
1701 827 1803 890 est,

129 912 266 984 quod
311 910 555 966 breviter
596 913 696 966 abs
734 917 789 967 te
823 914 1028 968 vellem
1070 929 1429 986 cognoscere,
1471 918 1804 967 utrumnam

126 999 224 1053 ista
266 999 491 1055 inventa
535 1000 612 1054 sic
661 1007 847 1072 putes,
885 1007 949 1057 ut
985 1003 1108 1074 jam
1156 1003 1225 1058 de
1255 1003 1343 1058 his
1385 1002 1644 1057 dubitare
1693 1016 1806 1054 non

126 1087 313 1160 possis.
357 1088 468 1143 Ad.
505 1090 717 1144 Vellem
762 1091 995 1162 quidem
1038 1092 1209 1146 tantis
1252 1091 1586 1163 ambagibus
1632 1095 1803 1160 atque

127 1176 454 1231 anfractibus
485 1182 632 1233 esset
666 1179 736 1234 ad
765 1183 918 1234 certa
946 1185 1285 1250 perventum
1310 1202 1325 1249 ;
1357 1181 1453 1236 sed
1486 1185 1542 1235 et
1572 1180 1678 1234 ista
1707 1195 1804 1233 ro-

125 1265 264 1337 gatio
289 1272 384 1320 tua
422 1267 611 1322 nescio
656 1269 948 1340 quomodo
992 1285 1082 1324 me
1110 1269 1389 1338 sollicitat,
1422 1275 1479 1325 et
1507 1269 1578 1324 ab
1607 1285 1804 1322 assen-

125 1355 270 1408 sione
305 1355 570 1412 deterret.
621 1357 838 1412 Videris
884 1357 1040 1412 enim
1089 1359 1231 1413 mihi
1276 1375 1393 1412 non
1439 1358 1562 1412 haec
1592 1357 1660 1411 de
1710 1371 1802 1410 me

123 1443 282 1498 fuisse
322 1446 686 1517 quaesiturus,
736 1446 845 1501 nisi
882 1448 1118 1502 haberes
1157 1448 1311 1519 quod
1348 1446 1797 1503 eontradiceres:

123 1536 174 1586 et
199 1533 315 1604 ipsa
339 1550 532 1590 rerum
563 1535 876 1607 implicatio
907 1540 1089 1591 totum
1115 1553 1206 1591 me
1237 1537 1535 1608 inspicere,
1559 1552 1622 1589 ac
1642 1550 1804 1590 secu-

121 1637 238 1676 rum
268 1625 608 1694 respondere
637 1641 754 1681 non
783 1625 939 1693 sinit,
971 1631 1261 1681 verentem
1282 1643 1353 1681 ne
1385 1625 1521 1698 quid
1546 1625 1606 1680 in
1631 1624 1802 1679 tantis

121 1713 411 1768 involucris
460 1716 650 1781 lateat,
699 1714 853 1786 quod
908 1714 1056 1769 acies
1110 1715 1318 1769 mentis
1363 1731 1507 1770 mea).
1559 1717 1800 1779 lustrare

119 1817 228 1855 non
256 1802 444 1873 possit.
475 1803 622 1872 Aug.
660 1802 1085 1858 Dubitationem
1114 1808 1274 1858 tuam
1309 1819 1423 1857 non
1467 1802 1679 1857 invitus
1708 1818 1797 1857 ac-

119 1890 255 1961 cipio
280 1911 294 1958 ;
323 1891 606 1962 signiﬁcat
636 1892 789 1946 enim
829 1892 1089 1947 animum
1118 1891 1358 1946 minime
1387 1892 1758 1947 temerarium
1783 1909 1795 1946 :

120 1995 237 2050 quae
266 1980 517 2035 custodia
547 1980 974 2052 tranquillitatis
996 1985 1080 2035 est
1109 1981 1377 2037 maxima.
1409 1982 1550 2036 Nam
1579 1980 1800 2035 ditﬁcil-

119 2067 308 2122 limum
329 2068 563 2123 omnino
591 2074 671 2124 est
700 2085 819 2124 non
837 2069 1186 2140 perturbari,
1210 2086 1341 2125 cum
1370 2086 1437 2124 ea
1465 2087 1592 2141 quae
1617 2085 1799 2141 prona

119 2161 169 2210 et
195 2158 438 2228 procliva
467 2158 879 2229 approbatione
911 2160 1245 2214 tenebamus
1275 2159 1574 2214 contrariis
1603 2160 1797 2230 dispu-

119 2246 409 2301 tationibus
438 2247 869 2316 labefactentur,
901 2252 956 2303 et
984 2248 1146 2320 quasi
1176 2247 1584 2320 extorquentur
1613 2265 1641 2302 e
1671 2265 1796 2301 ma-

119 2333 293 2388 nibus.
325 2335 528 2406 Quare,
559 2340 622 2391 ut
650 2352 881 2408 aequum
907 2339 989 2390 est
1009 2337 1154 2392 bene
1175 2336 1545 2391 consideratis
1573 2352 1800 2407 perspe-

117 2422 322 2495 ctisque
355 2425 673 2480 rationibus
712 2425 934 2492 cedere,
978 2425 1057 2480 ita
1094 2425 1388 2498 incognita
1417 2443 1522 2498 pro
1553 2426 1798 2499 cognitis

115 2511 311 2567 habere
358 2513 766 2585 periculosum.
813 2516 991 2570 Metus
1039 2519 1123 2570 est
1169 2515 1325 2571 enim
1359 2531 1431 2570 ne
1470 2532 1601 2570 cum
1648 2531 1798 2586 saepe

115 2601 457 2658 subruuntur
487 2619 614 2675 quae
652 2602 978 2658 ﬁrmissime
1019 2608 1235 2659 statura
1261 2609 1319 2659 et
1343 2621 1613 2660 mansura
1644 2621 1799 2675 pres—

113 2691 398 2757 sumimus,
431 2691 494 2745 in
529 2696 750 2746 tantum
772 2692 967 2747 odium
999 2693 1085 2747 vel
1113 2694 1378 2749 timorem
1399 2694 1634 2749 rationis
1662 2695 1800 2748 inci-

113 2775 322 2844 damus,
374 2783 436 2832 ut
483 2795 554 2833 ne
603 2779 714 2851 ipsi
754 2780 986 2852 quidem
1035 2781 1348 2854 perspicua).
1392 2781 1618 2837 veritati
1659 2782 1799 2839 ﬁdes

111 2862 357 2921 habenda
386 2867 664 2923 videatur.

177 2954 258 3006 32.
291 2952 394 3008 Sed
445 2970 572 3025 age,
624 2971 776 3009 nunc
823 2955 1141 3026 expeditius
1188 2961 1560 3011 retractemus
1605 2961 1798 3012 utrum

112 3044 251 3094 recte
277 3040 382 3096 ista
419 3043 733 3098 dubitanda
768 3044 1074 3115 putaveris.
1117 3046 1259 3100 Nam
1286 3062 1482 3117 quaero
1513 3046 1612 3100 abs
1641 3051 1717 3114 te,
1752 3045 1799 3100 si

111 3129 402 3201 quisquam
431 3137 666 3203 ignarus
696 3133 1049 3205 deceptionis
1085 3135 1298 3202 avium,
1330 3152 1459 3206 quae
1483 3135 1713 3190 calamis
1744 3141 1800 3190 et

111 3216 248 3272 visco
278 3219 596 3288 affectatur,
634 3221 856 3276 obviam
892 3223 1056 3278 ﬁeret
1097 3224 1323 3295 aucupi,
1357 3223 1530 3278 armis
1566 3223 1797 3295 quidem

109 3302 217 3357 suis
247 3305 548 3373 instructo,
579 3323 697 3361 non
726 3311 917 3362 tamen
947 3309 1272 3379 aucupanti,
1306 3309 1402 3363 sed
1429 3309 1538 3364 iter
1567 3309 1758 3380 agenti
1784 3330 1798 3376 ;

109 3407 215 3462 quo
235 3394 351 3449 viso
374 3401 662 3466 premeret
680 3397 942 3468 gradum,
969 3413 1296 3469 secumque,
1320 3403 1381 3453 ut
1401 3398 1484 3466 ﬁt,
1509 3400 1800 3455 admirans

109 3481 373 3552 cogitaret
401 3489 461 3537 et
490 3492 770 3554 quaareret
790 3485 1067 3557 quidnam
1097 3485 1205 3540 sibi
1228 3487 1478 3542 hominis
1504 3488 1600 3543 ille
1632 3489 1800 3544 vellet

109 3575 360 3637 ornatus;
415 3588 624 3645 anceps
673 3578 863 3628 autem
894 3591 1025 3630 cum
1056 3575 1117 3630 in
1147 3593 1204 3631 se
1234 3575 1449 3631 videret
1495 3581 1799 3648 attentum,

107 3661 421 3717 ostentandi
449 3676 509 3715 se
540 3662 724 3717 studio
749 3679 953 3717 cannas
983 3664 1294 3734 expediret,
1325 3670 1382 3720 et
1406 3682 1587 3736 prope
1613 3666 1797 3721 anim-

107 3747 390 3804 adversam
421 3751 678 3822 aliquam
714 3752 995 3807 aviculam
1033 3753 1226 3808 ﬁstula
1256 3759 1313 3808 et
1351 3753 1615 3824 accipitre
1654 3754 1798 3824 ﬁge-

107 3839 202 3901 ret,
241 3839 535 3908 subigeret
577 3843 634 3894 et
671 3845 932 3910 caperet;
978 3857 1172 3895 nonne
1210 3841 1375 3895 illum
1422 3846 1798 3912 spectatorem

108 3941 266 3980 suum
298 3928 532 3982 doceret
561 3927 719 3981 nullo
751 3927 1093 3999 signiﬁcatu,
1127 3929 1226 3983 sed
1255 3945 1316 3983 re
1342 3929 1487 4001 ipsa,
1521 3932 1672 4002 quod
1703 3931 1798 3987 ille

107 4013 238 4068 scire
269 4014 578 4087 cupiebat?
611 4016 719 4070 Ad.
758 4016 942 4071 Metuo
972 4033 1045 4071 ne
1075 4017 1212 4088 quid
1243 4018 1334 4072 hic
1364 4020 1475 4073 tale
1507 4019 1598 4087 sit,
1632 4021 1798 4092 quale

106 4101 168 4156 de
193 4104 288 4159 illo
317 4105 458 4172 dixi,
484 4104 582 4176 qui
599 4105 809 4176 quaerit
829 4105 966 4176 quid
987 4106 1060 4160 sit
1089 4107 1401 4162 ambulare.
1428 4109 1621 4180 Neque
1645 4110 1798 4164 enim

104 4191 275 4263 video,
308 4199 365 4249 et
388 4194 486 4249 hic
518 4197 703 4248 totum
734 4194 875 4249 illud
906 4195 1216 4266 aucupium
1245 4213 1364 4251 esse
1394 4201 1793 4253 monstratum.

103 4281 240 4349 Aug.
294 4284 480 4338 Facile
526 4286 611 4337 est
655 4283 760 4337 hac
792 4299 927 4337 cura
957 4287 1010 4338 te
1043 4300 1281 4350 exuere;
1335 4285 1482 4340 addo
1533 4285 1706 4353 enim,
1751 4286 1797 4340 si

104 4369 191 4424 ille
219 4371 297 4426 ita
326 4371 658 4442 intelligens
691 4375 858 4439 esset,
892 4376 955 4426 ut
987 4388 1055 4428 ex
1082 4372 1188 4427 hoc
1217 4374 1369 4445 quod
1415 4374 1572 4440 vidit,
1613 4379 1796 4428 totum

100 4457 237 4515 illud
266 4478 450 4532 genus
477 4459 615 4514 artis
645 4465 1007 4531 agnosceret:
1033 4461 1166 4516 satis
1189 4466 1271 4515 est
1291 4478 1540 4533 namque
1562 4463 1631 4517 ad
1653 4479 1794 4531 rem,

101 4551 153 4602 et
203 4549 272 4604 de
326 4549 673 4621 quibusdam
730 4550 898 4604 rebus
959 4551 1186 4605 tametsi
1231 4566 1349 4605 non
1402 4551 1690 4618 omnibus,
1741 4557 1798 4606 et

100 4638 376 4708 quosdam
415 4637 680 4692 homines
728 4637 920 4692 doceri
963 4654 1127 4709 posse
1157 4638 1278 4692 sine
1309 4638 1494 4710 signo.
1524 4640 1634 4693 Ad.
1681 4641 1798 4695 Hoc

99 4725 266 4780 etiam
296 4743 405 4798 ego
445 4743 674 4798 possum
703 4726 786 4781 illi
815 4726 1054 4795 addere;
1087 4726 1133 4780 si
1167 4726 1322 4781 enim
1355 4726 1426 4781 sit
1453 4727 1598 4782 bene
1628 4727 1795 4782 intel-

97 4813 297 4885 ligens,
326 4815 526 4886 paucis
553 4815 813 4887 passibus
835 4815 1224 4870 ambulatione
1247 4820 1585 4885 monstrata,
1615 4820 1796 4870 totum

97 4902 228 4972 quid
255 4903 327 4958 sit
346 4903 642 4958 ambulare
667 4908 987 4976 cognoscet.
1014 4905 1160 4975 Aug.
1187 4903 1375 4959 Facias
1397 4921 1499 4975 per
1523 4921 1614 4958 me
1642 4905 1792 4972 licet,

95 5004 195 5044 nec
227 4996 457 5046 tantum
489 4991 632 5045 nihil
672 4990 892 5056 resisto,
937 5007 1136 5047 verum
1180 4993 1353 5047 etiam
1398 4992 1594 5048 faveo:
1639 4992 1795 5047 vides

95 5077 245 5132 enim
267 5079 338 5134 ab
361 5083 608 5151 utroque
629 5083 888 5134 nostrum
911 5079 970 5135 id
986 5081 1156 5151 efﬁci,
1183 5085 1248 5136 ut
1273 5081 1537 5154 quadarn
1560 5081 1794 5154 quidam

95 5166 284 5222 doceri
313 5167 441 5221 sine
472 5167 648 5237 signis
700 5171 930 5238 queant,
985 5169 1304 5241 falsumque
1349 5170 1491 5224 illud
1523 5169 1597 5224 sit
1643 5170 1795 5240 quod

93 5255 256 5310 nobis
285 5257 462 5328 paulo
487 5259 619 5310 ante
667 5255 983 5318 videbatur,
1015 5258 1158 5311 nihil
1191 5274 1311 5312 esse
1359 5258 1594 5313 omnino
1641 5259 1794 5330 quod

93 5343 213 5398 sine
244 5345 427 5418 signis
458 5345 634 5416 possit
654 5345 894 5399 ostendi.
917 5345 1043 5399 Jam
1071 5346 1227 5400 enim
1250 5362 1315 5401 ex
1346 5347 1436 5402 his
1465 5363 1579 5402 non
1614 5363 1792 5402 unum

93 5433 307 5505 aliquid
345 5437 448 5488 aut
490 5435 753 5499 alterum,
789 5433 887 5488 sed
930 5433 1110 5488 millia
1148 5451 1340 5490 rerum
1371 5435 1561 5491 animo
1593 5453 1790 5491 occur-

93 5527 247 5592 runt,
287 5539 421 5594 quas
463 5522 621 5576 nullo
659 5521 822 5592 signo
859 5522 990 5576 dato
1021 5537 1126 5593 per
1161 5523 1346 5594 seipsa
1383 5530 1788 5580 monstrantur.

94 5611 236 5676 Quid
258 5611 415 5668 enim
439 5610 782 5679 dubitemus,
817 5626 917 5666 oro
935 5610 1028 5665 te?
1052 5612 1196 5666 Nam
1215 5615 1278 5666 ut
1297 5611 1601 5667 hominum
1622 5612 1788 5667 omit-

1629 345 1839 402 LIBER
1882 344 2084 402 UNUS.

3485 348 3616 404 1214

1918 471 2034 522 tam
2056 455 2500 524 innumerabilia
2520 470 2842 540 spectacula
2861 471 2920 526 in
2943 471 3209 526 omnibus
3238 470 3473 526 theatris
3493 470 3614 525 sine

1918 555 2082 628 signo
2111 557 2250 628 ipsis
2279 559 2446 613 rebus
2477 558 2896 626 exhibentium;
2927 561 3107 615 solem
3138 564 3289 614 certe
3319 559 3495 614 istum
3524 559 3613 613 lu-

1918 661 2156 718 cemque
2187 647 2308 702 haec
2338 647 2530 703 omnia
2568 649 3010 718 perfundantem
3049 653 3220 720 atque
3247 647 3611 713 vestientem,

1921 735 2116 789 lunam
2144 741 2202 790 et
2236 741 2439 790 cetera
2483 736 2688 804 sidera,
2734 741 2912 792 terras
2941 742 2998 792 et
3025 738 3226 806 maria,
3275 753 3520 809 quasque
3553 736 3614 791 in

1917 815 2006 878 his
2025 823 2524 880 innumerabiliter
2545 826 2877 897 gignuntur,
2913 843 3106 882 nonne
3127 843 3230 897 per
3254 826 3441 896 seipsa
3460 826 3617 881 exhi-

1917 911 2011 966 bet
2041 917 2210 983 atque
2236 915 2484 969 ostendit
2515 917 2660 969 Deus
2690 920 2747 969 et
2775 920 2977 970 natura
3005 915 3410 969 cernentibus?

1987 1003 2071 1056 33.
2105 1002 2263 1066 Quod
2297 1003 2343 1056 si
2377 1003 2705 1074 diligentius
2727 1004 3168 1071 consideremus,
3194 1004 3434 1058 fortasse
3464 1002 3608 1057 nihil

1913 1087 2187 1157 invenies,
2239 1092 2390 1162 quod
2429 1107 2535 1162 per
2583 1108 2684 1146 sua
2730 1091 2893 1163 signa
2942 1093 3207 1147 discatur.
3264 1093 3405 1146 Cum
3455 1089 3610 1145 enim

1915 1177 2060 1232 mihi
2096 1178 2324 1249 signum
2364 1181 2549 1246 datur,
2595 1181 2642 1234 si
2679 1181 3023 1236 nescientem
3061 1197 3152 1235 me
3192 1179 3411 1235 invenit
3451 1179 3614 1250 cujus

1914 1266 1998 1320 rei
2026 1266 2254 1338 signum
2286 1268 2380 1337 sit,
2411 1269 2610 1324 docere
2640 1286 2732 1324 me
2762 1269 2907 1324 nihil
2941 1273 3160 1342 potest:
3199 1269 3245 1323 si
3273 1285 3405 1323 vero
3435 1267 3612 1322 scien-

1913 1359 2052 1424 tem,
2101 1357 2239 1428 quid
2282 1356 2433 1412 disco
2481 1373 2586 1428 per
2623 1357 2891 1428 signum?
2936 1360 3062 1414 Non
3110 1357 3266 1413 enim
3304 1356 3444 1411 mihi
3488 1372 3610 1411 rem

1912 1461 2086 1515 quam
2115 1445 2397 1517 signiﬁcat
2433 1447 2678 1502 ostendit
2706 1447 2945 1502 verbum
2979 1463 3109 1502 cum
3151 1448 3298 1518 lego,
3343 1449 3413 1501 Et
3447 1460 3609 1500 sam—

1913 1534 2103 1589 ballav'
2133 1551 2314 1590 eorum
2349 1551 2454 1590 non
2483 1541 2609 1591 sunt
2638 1539 2933 1592 immutata
2975 1537 3146 1608 (Dan.
3190 1553 3268 1606 Ill,
3316 1536 3426 1604 94).
3467 1534 3610 1587 Nam

1911 1624 1958 1679 si
1974 1625 2240 1696 quaedam
2259 1626 2510 1697 capitum
2527 1626 2779 1698 tegmina
2799 1630 3204 1699 nuncupantur
3223 1627 3332 1681 hoc
3351 1625 3608 1691 nomine,

1911 1730 2052 1768 num
2104 1730 2212 1786 ego
2242 1714 2347 1770 hoc
2385 1715 2601 1780 audito,
2652 1720 2752 1771 aut
2793 1716 2932 1788 quid
2975 1715 3048 1770 sit
3094 1719 3284 1786 caput,
3329 1718 3427 1768 aut
3470 1713 3610 1784 quid

1911 1802 2025 1857 sint
2053 1803 2309 1875 tegmina
2351 1803 2561 1859 didici?
2591 1809 2720 1859 ante
2755 1804 2864 1859 ista
2907 1820 3220 1871 noveram;
3251 1818 3439 1874 neque
3478 1817 3609 1857 cum

1911 1893 2337 1964 appellarentur
2383 1893 2452 1948 ab
2506 1894 2650 1962 aliis,
2699 1894 2800 1949 sed
2851 1910 2980 1948 cum
3030 1912 3062 1948 a
3113 1910 3205 1948 me
3256 1893 3605 1959 viderentur,

1909 1997 2110 2036 eorum
2158 1986 2240 2036 est
2277 1980 2421 2036 mihi
2449 1981 2594 2037 facta
2637 1983 2861 2038 notitia.
2908 1982 3132 2038 Etenim
3174 1998 3304 2036 eum
3353 1980 3606 2052 primum

1910 2069 2030 2125 ista:
2061 2071 2188 2124 dum
2216 2071 2467 2142 syllabw,
2513 2088 2643 2126 cum
2687 2072 2945 2136 dicimus,
2994 2072 3196 2142 Caput,
3245 2087 3410 2125 aures
3453 2085 3609 2124 meas

1907 2158 2280 2230 impulerunt,
2309 2164 2425 2214 tam
2451 2160 2663 2215 nescivi
2691 2160 2828 2232 quid
2851 2160 3257 2231 signiﬁcarent,
3280 2175 3454 2230 quam
3477 2173 3604 2212 cum

1908 2247 2098 2318 primo
2127 2248 2388 2304 audirem
2419 2249 2760 2320 legeremve,
2793 2249 3119 2303 saraballas.
3155 2248 3264 2304 Sed
3295 2264 3427 2302 cum
3455 2263 3606 2317 saepe

1910 2335 2212 2406 diceretur,
2245 2337 2443 2409 Caput,
2471 2344 2676 2392 notans
2701 2342 2870 2409 atque
2889 2337 3355 2392 animadvertens
3378 2337 3607 2408 quando

1910 2425 2212 2492 diceretur,
2258 2427 2446 2496 reperi
2494 2427 2832 2481 vocabulum
2867 2443 2990 2481 esse
3032 2425 3115 2480 rei
3161 2442 3290 2497 quae
3321 2425 3464 2479 mihi
3487 2426 3608 2496 jam

1909 2518 2032 2567 erat
2053 2513 2292 2568 videndo
2325 2514 2630 2569 notissima.
2667 2515 2825 2580 Quod
2867 2515 3204 2586 priusquam
3242 2513 3606 2585 repetissem,

1913 2605 2132 2656 tantum
2163 2602 2307 2657 mihi
2349 2619 2523 2659 sonus
2553 2609 2672 2658 erat
2720 2604 2826 2659 hoc
2870 2604 3145 2658 verbum:
3197 2603 3427 2674 signum
3475 2618 3608 2657 vero

1909 2707 2030 2744 esse
2072 2691 2259 2757 didici,
2314 2693 2544 2764 quando
2591 2693 2752 2764 cujus
2793 2693 2876 2748 rei
2915 2694 3145 2764 signum
3184 2697 3331 2747 esset
3375 2691 3607 2759 inveni;

1909 2796 2083 2852 quam
2115 2780 2367 2852 quidem,
2403 2786 2464 2836 ut
2497 2782 2636 2852 dixi,
2680 2798 2798 2836 non
2846 2781 3193 2853 signiﬁcatu,
3237 2781 3335 2835 sed
3379 2783 3608 2851 aspectu

1910 2867 2240 2922 didiceram.
2253 2870 2451 2941 Itaque
2473 2870 2652 2941 magis
2674 2870 2904 2942 signum
2914 2885 2975 2925 re
2993 2870 3242 2942 cognita,
3259 2885 3433 2941 quam
3445 2868 3608 2940 signo

1910 2953 2042 3008 dato
2073 2955 2194 3025 ipsa
2225 2971 2314 3009 res
2339 2956 2595 3010 discitur.

1981 3045 2065 3098 34.
2096 3043 2253 3108 Quod
2290 3048 2349 3098 ut
2379 3043 2630 3116 apertius
2670 3044 2977 3116 intelligas,
3020 3044 3174 3115 ﬁnge
3211 3059 3315 3098 nos
3357 3043 3608 3116 primum

1909 3147 2062 3186 nunc
2092 3131 2285 3189 audire
2311 3134 2468 3204 quod
2498 3134 2723 3200 dicitur,
2756 3138 2950 3204 caput;
2986 3137 3042 3188 et
3072 3132 3388 3187 nescientes
3411 3137 3608 3187 utrum

1907 3236 2015 3274 vox
2058 3220 2165 3275 ista
2207 3221 2279 3276 sit
2323 3224 2722 3277 tantummodo
2775 3239 3003 3289 sonans,
3052 3237 3128 3276 an
3174 3221 3392 3293 aliquid
3436 3220 3609 3275 etiam

1907 3309 2252 3380 signiﬁcans,
2288 3327 2544 3382 quaarere
2575 3311 2712 3383 quid
2740 3311 2813 3366 sit
2831 3315 3000 3382 caput
3031 3311 3337 3381 (memento
3364 3327 3466 3364 nos
3495 3325 3609 3365 non

1910 3397 1993 3451 rei
2020 3413 2146 3468 qua:
2180 3398 2550 3469 signiﬁcatur,
2586 3400 2684 3454 sed
2708 3400 2887 3470 ipsius
2914 3399 3062 3470 signi
3090 3400 3234 3453 velle
3263 3399 3474 3453 habere
3505 3413 3610 3452 no-

1911 3485 2116 3552 titiam,
2150 3503 2264 3557 qua
2291 3503 2550 3542 caremus
2581 3488 2855 3558 profecto,
2887 3487 3164 3560 quamdiu
3189 3487 3350 3558 cujus
3380 3486 3610 3557 signum

1911 3578 1993 3628 est
2033 3573 2431 3646 ignoramus):
2467 3577 2513 3630 si
2543 3592 2677 3645 ergo
2707 3576 2786 3630 ita
2815 3575 3202 3647 quatrentibus
3240 3591 3330 3630 res
3370 3575 3492 3645 ipsa
3521 3573 3610 3628 di—
3657 3606 3666 3611 —

1909 3661 2030 3733 gito
2077 3663 2517 3730 demonstretur,
2569 3665 2675 3719 hac
2722 3668 3023 3735 conspecta
3068 3663 3336 3718 discimus
3380 3663 3610 3733 signum

1910 3751 2065 3821 quod
2087 3751 2452 3806 audieramus
2476 3757 2720 3819 tantum,
2752 3753 3008 3807 nondum
3027 3767 3384 3807 noveramus.
3411 3752 3475 3806 In
3493 3766 3607 3821 quo

1909 3842 2102 3893 tamen
2128 3839 2292 3910 signo
2333 3841 2470 3895 dum
2514 3840 2627 3894 duo
2661 3839 2792 3902 sint,
2835 3857 3006 3894 sonus
3034 3845 3092 3894 et
3120 3837 3478 3910 signiﬁcatio,
3511 3854 3608 3893 so-

1910 3943 2050 3981 num
2081 3932 2229 3982 certe
2267 3944 2383 3983 non
2418 3944 2522 3999 per
2560 3929 2788 3998 signum
2835 3927 3203 4000 percipimus,
3248 3927 3346 3982 sed
3377 3943 3444 3981 eo
3483 3926 3606 3996 ipso

1910 4030 2048 4068 aure
2075 4015 2327 4084 pulsata;
2360 4015 2838 4085 signiﬁcationem
2875 4019 3066 4070 autem
3101 4031 3180 4081 re,
3226 4031 3353 4086 quae
3381 4013 3607 4085 signiﬁ-

1909 4106 2088 4166 catur,
2111 4109 2355 4174 aspeeta.
2388 4105 2529 4158 Nam
2559 4104 2657 4158 illa
2675 4103 2915 4158 intentio
2937 4103 3100 4175 digiti
3121 4103 3440 4175 signiﬁcare
3462 4101 3606 4156 nihil

1910 4190 2061 4245 aliud
2091 4196 2300 4262 potest,
2332 4209 2506 4264 quam
2545 4193 2689 4248 illud
2720 4193 2781 4246 in
2817 4193 2967 4265 quod
3000 4193 3314 4248 intenditur
3356 4192 3601 4263 digitus:

1909 4278 2161 4334 intentus
2191 4285 2277 4335 est
2306 4286 2497 4336 autem
2533 4298 2649 4336 non
2689 4281 2748 4336 in
2782 4281 3029 4352 signum,
3062 4281 3159 4336 sed
3193 4281 3251 4336 in
3284 4282 3605 4336 membrum

1909 4369 2060 4439 quod
2090 4374 2260 4442 caput
2286 4376 2536 4426 vocatur.
2570 4372 2766 4442 Itaque
2795 4387 2898 4442 per
2925 4371 3084 4425 illam
3112 4386 3298 4442 neque
3328 4386 3449 4424 rem
3481 4378 3608 4442 pos-

1975 4566 1988 4598 ι
2018 4564 2076 4611 in
2107 4563 2336 4613 editione
2363 4565 2487 4613 Bad.
2519 4568 2570 4614 et
2594 4565 2782 4613 nostris
2804 4565 2925 4612 Mss.
2957 4563 3043 4613 hic
3067 4567 3119 4612 et
3142 4564 3279 4612 infra
3303 4568 3608 4616 constanter

1909 4625 2157 4689 scribitur
2198 4639 2290 4689 per
2334 4627 2686 4689 rrsaraibarw;
2717 4640 2836 4689 quo,
2861 4630 3014 4689 pacto
3044 4626 3202 4674 etiam
3249 4627 3605 4677 Tertullianus

1909 4686 2116 4749 scripsit
2131 4688 2184 4735 in
2198 4686 2340 4736 libro
2358 4688 2421 4736 de
2442 4688 2622 4745 Pallio,
2653 4692 2704 4736 et
2722 4686 2776 4735 in
2809 4686 2941 4736 libro
2962 4687 3026 4736 de
3045 4689 3446 4739 Resurrectione
3478 4690 3606 4739 Car-

1909 4748 2197 4812 nis.’Porro
2227 4755 2401 4798 autem
2432 4754 2606 4799 textus
2632 4764 2853 4812 graecus,
2881 4750 3011 4798 Dan.
3049 4763 3163 4812 cap.
3195 4753 3242 4806 3,
3271 4764 3320 4797 v.
3345 4754 3422 4808 94,
3451 4751 3607 4802 habet

1909 4764 2008 4797 ms.
2037 4764 2197 4798 rorro
2227 4764 2401 4798 autem
2432 4764 2606 4799 tenus
2667 4764 2853 4809 ramus,
2881 4764 3011 4798 uan.
3049 4764 3163 4812 cap.
3195 4764 3242 4806 δ,
3271 4764 3320 4797 v.
3345 4764 3422 4808 es,
3452 4764 3602 4802 habet

1909 4809 1960 4857 i'.»
1994 4815 2184 4879 neutro
2197 4825 2405 4879 genere,
2427 4815 2481 4879 ζα
2494 4764 2782 4879 sar-agam,
2808 4825 2964 4879 quem
2983 4811 3602 4879 scribendi‘moiiumnon

1907 4873 2060 4934 pauci
2081 4873 2404 4935 sequuntur;
2436 4874 2696 4936 improbat
2717 4873 2840 4922 vero
2877 4874 3228 4984 Hierongmus
3248 4875 3304 4924 in
3332 4877 3459 4924 Dan.
3489 4891 3601 4939 cap.

1907 4937 1953 4984 3.
1984 4947 2030 4980 v.
2063 4937 2139 4984 21.
2161 4936 2374 4984 vultaue
2399 4936 2680 4984 legendum
2699 4935 2996 4984 sa-raballc't.
3021 4936 3082 4984 Α·
3121 4936 3233 4984 haec
3254 4939 3372 4984 Mss.
3398 4939 3601 4984 Fiscan-

1906 4937 1953 4993 3,
1984 4947 2030 4980 v.
2047 4937 2139 4998 21,
2161 4936 2374 4998 vultque
2399 4935 2680 4998 legendum
2699 4935 2996 4986 εα-ναὺαιιᾱ.
3021 4935 3099 4985 Ad
3121 4936 3233 4986 haec
3254 4939 3372 4986 Mss.
3398 4935 3606 4987 Fiscan-

1909 4996 2087 5062 nensis
2112 5001 2164 5062 e_t
2192 4996 2535 5046 Michaeliuus
2560 5013 2654 5061 pro
2679 4998 2922 5060 quadam
2945 4998 3202 5062 capitum,
3231 4999 3445 5062 habent,
3463 5013 3602 5062 qua:-

1906 5057 2036 5107 dam
2054 5059 2246 5124 pedum
2269 5063 2502 5124 tegmina
2514 5077 2533 5118 ;
2548 5057 2600 5109 ét
2619 5057 2970 5124 coiisentanee
2982 5057 3482 5124 p'osteaprzeferunt,"
3500 5063 3602 5124 aut

1907 5124 2037 5183 quia
2059 5123 2163 5170 sint
2178 5121 2350 5186 pedes,
2375 5126 2472 5186 etc.
2491 5138 2503 5181 ;
2524 5135 2648 5186 cum
2665 5123 2882 5172 dicimus
2899 5121 3071 5186 pedes,
3091 5121 3272 5181 aui-es,
3295 5123 3602 5186 etc.g;rp_ede_s

1905 5186 2118 5239 notans,
2146 5190 2274 5243 etc.;
2299 5184 2524 5247 denique
2546 5185 2816 5243 omittunt,
2847 5184 3112 5246 (anitum,
3136 5199 3198 5234 eo
3228 5185 3329 5232 loci
3353 5184 3452 5233 ubi
3470 5184 3597 5247 legi-

1906 5257 2042 5305 mus,
2063 5248 2284 5310 tegmina
2297 5245 2621 5310 quidemille
2635 5248 2885 5310 capitum.
2909 5245 3369 5310 Contingitisthzee
3376 5245 3602 5310 varietas

1909 5319 1974 5373 ex
2006 5309 2153 5373 varia
2181 5307 2424 5373 vocabuli
2459 5309 2608 5357 istius
2639 5307 3085 5373 interpretatione,
3111 5307 3599 5373 ‘quod‘quibusdam

1910 5370 2170 5442 signiﬁcat
2186 5371 2419 5442 tegmina
2440 5375 2704 5442 cupitum,
2728 5369 2792 5419 ut
2810 5369 3338 5442 refert_lsido‘rus,.li'b:
3360 5370 3451 5442 ‘19.
3480 5383 3596 5442 cap.

1913 5429 2002 5492 23';
2033 5433 2167 5492 aliis,
2192 5429 2352 5494 ﬂuxa.
2371 5447 2433 5482 ac
2461 5429 3032 5494 sihuosa’vestimenta,
3059 5434 3116 5478 ut
3145 5429 3242 5494 ipsi
3272 5429 3599 5494 lsidoroﬂih‘l-

1910 5494 2027 5543 dem
2049 5491 2234 5557 placet,
2253 5495 2449 5558 pallia.
2467 5496 2686 5558 Vatablo
2707 5496 2923 5558 aliisque
2936 5491 3206 5558 scripturis
3227 5491 3599 5558 interpretibus

1910 5507 2027 5543 cem
2049 5507 2234 5557 placet,
2253 5507 2449 5558 poma,
2475 5507 2686 5544 vatamo
2707 5507 3206 5601 alnsqnescrlﬁtﬂrtﬁ
3227 5507 3597 5555 interpretibus

1908 5562 2087 5616 sonat;
2119 5557 2391 5606 nonnullis
2419 5557 2594 5616 etiam,
2612 5558 2995 5612 calceamenla;
3080 5553 3354 5618 ieronymo
3383 5554 3597 5606 demum

1909 5619 1962 5668 in
1993 5619 2109 5668 loco
2139 5619 2295 5669 citato
2325 5619 2542 5671 braecas
2561 5633 2652 5668 seu
2683 5618 2908 5668 tibialia.
