4074 6388
493 336 626 388 1215

489 473 621 513 sum
659 472 826 511 nosse
865 470 1040 526 quam
1087 469 1378 520 noveram,
1422 469 1610 526 neque
1654 454 1881 525 signum
1929 454 1989 509 in
2032 455 2184 527 quod

490 547 743 602 intentus
773 545 986 615 digitus
1015 560 1130 598 non
1157 548 1260 598 est.
1292 543 1400 598 Sed
1430 543 1499 596 de
1529 543 1848 597 intentione
1876 543 2039 614 digiti
2068 558 2187 596 non

490 635 663 690 nimis
688 649 852 698 curo;
889 632 1022 704 quia
1053 631 1229 704 ipsius
1257 631 1760 686 demonstrationis
1789 632 2017 701 signum
2043 631 2186 686 mihi

488 723 714 777 videtur
749 721 958 793 potius,
987 737 1160 792 quam
1191 736 1382 774 rerum
1422 719 1744 791 aliquarum
1785 737 1915 790 qua:
1945 720 2184 798 dem.on-

491 816 764 875 strantur,
797 810 942 864 sicut
975 809 1307 864 adverbium
1336 809 1512 878 quod,
1555 810 1715 876 Ecce,
1749 810 2026 877 dicimus;
2053 825 2184 863 nam

490 903 546 954 et
575 915 705 953 cum
733 899 841 953 hoc
870 898 1135 952 adverbio
1185 897 1428 967 digitum
1476 897 1724 951 solemus
1767 898 2080 964 intendere,
2113 914 2185 952 ne

489 1003 672 1040 unum
703 984 1129 1040 demonstrandi
1159 984 1386 1054 signum
1413 1001 1528 1038 non
1558 984 1631 1039 sit
1649 985 1804 1040 satis.
1838 987 1902 1039 Et
1929 985 1985 1039 id
2011 987 2184 1040 maxi-

496 1090 587 1128 me
617 1073 719 1128 tibi
749 1074 902 1127 nitor
926 1072 1288 1143 persuadere,
1316 1072 1362 1126 si
1394 1077 1614 1143 potero,
1646 1089 1749 1143 per
1777 1089 1844 1126 ea
1871 1073 2028 1143 signa
2056 1091 2184 1143 quas

491 1163 664 1217 verba
687 1162 1065 1232 appellantur,
1101 1177 1202 1215 nos
1231 1160 1370 1214 nihil
1402 1162 1646 1225 discere;
1689 1161 1878 1232 potius
1917 1162 2090 1225 enim,
2124 1167 2188 1217 ut

493 1251 633 1320 dixi,
662 1250 776 1304 vim
807 1249 987 1318 verbi,
1027 1249 1084 1303 id
1111 1254 1195 1304 est
1241 1249 1717 1320 signiﬁcationem
1765 1266 1894 1320 quae
1943 1251 2080 1305 latet
2126 1251 2184 1306 in

491 1355 652 1405 sono,
676 1355 734 1392 re
758 1339 880 1408 ipsa
899 1355 1028 1408 quae
1050 1337 1403 1408 signiﬁcatur
1421 1339 1668 1409 cognita,
1697 1338 1985 1407 discimus,
2011 1356 2184 1410 quam

490 1427 651 1481 illam
677 1426 777 1479 tali
807 1426 1217 1496 significatione
1247 1426 1615 1496 percipimur.

564 1518 650 1570 35.
683 1517 746 1569 Et
787 1515 938 1587 quod
966 1514 1078 1569 dixi
1113 1515 1182 1569 de
1219 1515 1422 1584 capite,
1467 1515 1572 1568 hoc
1602 1515 1773 1568 etiam
1807 1515 1875 1568 de
1914 1514 2184 1587 tegmini-

489 1604 615 1669 bus,
649 1603 832 1674 deque
860 1602 984 1656 aliis
1013 1603 1183 1658 rebus
1212 1603 1725 1658 innumerabilibus
1745 1603 2014 1658 dixerim:
2045 1620 2184 1676 quas

491 1695 682 1744 tamen
702 1705 830 1743 cum
844 1689 964 1760 jam
991 1689 1267 1758 noverim,
1300 1691 1606 1745 saraballas
1637 1691 1760 1744 illas
1786 1692 1969 1745 adhuc
2003 1707 2184 1762 usque

490 1793 610 1832 non
638 1777 798 1843 novi;
831 1793 971 1848 quas
1005 1777 1144 1832 mihi
1173 1778 1219 1832 si
1247 1784 1405 1849 gestu
1429 1779 1710 1850 quispiam
1739 1779 2067 1850 signiﬁcarit
2089 1784 2187 1833 aut

491 1863 762 1936 pinxerit,
792 1869 891 1919 aut
914 1864 1128 1936 aliquid
1161 1865 1252 1920 cui
1280 1865 1491 1920 similes
1519 1871 1668 1934 sunt,
1703 1869 2037 1936 ostenderit,
2068 1884 2186 1922 non

491 1952 673 2009 dicam
727 1969 841 2006 non
893 1969 984 2007 me
1031 1955 1307 2020 docuerit,
1355 1955 1508 2026 quod
1548 1955 1710 2010 facile
1751 1955 2090 2024 obtinerem,
2138 1957 2186 2011 si

491 2042 665 2113 paulo
693 2040 940 2113 amplius
976 2042 1132 2114 loqui
1171 2043 1404 2110 vellem;
1437 2044 1534 2098 sed
1566 2045 1690 2099 dico
1721 2045 1775 2100 id
1807 2045 1959 2117 quod
1990 2047 2184 2118 proxi-

493 2146 654 2185 mum
684 2133 786 2196 est,
810 2146 929 2184 non
974 2130 1162 2184 verbis
1190 2131 1464 2187 docuerit.
1495 2133 1658 2197 Quod
1687 2134 1733 2187 si
1763 2134 1845 2188 eis
1873 2135 2018 2189 forte
2047 2151 2184 2188 con-

491 2218 696 2290 spectis
725 2234 855 2273 cum
888 2218 1056 2273 simul
1079 2220 1252 2274 adero
1283 2237 1373 2274 me
1394 2222 1774 2288 admonuerit,
1808 2223 2020 2288 dicens,
2050 2225 2183 2278 Ecce

492 2306 831 2372 saraballas;
877 2307 1090 2363 discam
1137 2325 1260 2363 rem
1309 2325 1482 2380 quam
1525 2311 1869 2376 nesciebam,
1919 2327 2036 2366 non
2080 2329 2185 2383 per

491 2397 663 2450 verba
713 2412 842 2466 quae
893 2397 1042 2451 dicta
1089 2402 1240 2464 sunt,
1287 2399 1382 2453 sed
1422 2415 1525 2469 per
1568 2400 1690 2470 ejus
1731 2405 2043 2470 aspectum,
2083 2417 2186 2470 per

491 2499 666 2554 quem
696 2483 908 2538 factum
940 2490 1026 2538 est
1052 2489 1116 2539 ut
1144 2485 1316 2540 etiam
1356 2503 1569 2541 nomen
1607 2487 1747 2542 illud
1786 2489 1922 2558 quid
1951 2490 2182 2556 valeret,

491 2588 720 2626 nossem
743 2589 808 2626 ac
845 2577 1119 2627 tenerem.
1157 2575 1276 2628 Non
1300 2575 1452 2629 enim
1479 2592 1607 2630 cum
1636 2592 1757 2630 rem
1780 2577 1961 2646 ipsam
1990 2577 2182 2647 didici,

490 2659 677 2714 verbis
722 2659 922 2714 alienis
971 2661 1203 2728 credidi,
1254 2663 1351 2717 sed
1399 2663 1575 2716 oculis
1622 2664 1793 2718 meis:
1841 2664 1954 2718 illis
1992 2670 2184 2719 tamen

491 2750 729 2804 fortasse
758 2753 822 2803 ut
850 2750 1206 2805 attenderem
1235 2751 1471 2820 credidi,
1503 2753 1558 2808 id
1578 2757 1662 2808 est
1687 2757 1749 2807 ut
1771 2757 2001 2824 aspectu
2031 2771 2185 2826 quaa-

493 2853 676 2892 rerem
709 2837 848 2908 quid
878 2836 1147 2893 viderem.

495 2926 719 2980 CAPUT
748 2926 834 2980 XI.
867 2956 935 2965 —
988 2929 1254 2982 Discimus
1299 2944 1404 2983 non
1448 2931 1623 2985 verbis
1663 2932 1805 2998 foris
1845 2933 2180 2998 sonantibus,

939 3014 1034 3069 sed
1061 3015 1280 3071 docente
1306 3020 1452 3072 intus
1480 3021 1725 3074 veritate.

564 3105 651 3158 36.
685 3104 963 3157 Hactenus
993 3104 1162 3158 verba
1189 3105 1510 3173 valuerunt,
1542 3107 1749 3181 quibus
1775 3112 1840 3162 ut
1867 3108 2184 3180 plurimum

492 3189 764 3257 tribuam,
817 3191 1128 3246 admonent
1167 3197 1391 3248 tantum
1431 3199 1494 3249 ut
1540 3213 1864 3266 qumramus
1909 3213 2019 3264 res,
2067 3212 2185 3250 non

493 3277 762 3334 exhibent
793 3282 855 3332 ut
896 3278 1242 3336 noverimus.
1275 3283 1328 3336 Is
1374 3298 1464 3337 me
1495 3289 1685 3338 autem
1731 3284 1950 3356 aliquid
1997 3285 2182 3348 docet,

494 3366 596 3438 qui
622 3367 709 3420 vel
745 3367 938 3434 oculis,
968 3368 1055 3423 vel
1097 3369 1197 3424 ulli
1225 3372 1479 3442 corporis
1509 3373 1717 3440 sensui,
1752 3375 1837 3428 vel
1872 3373 1982 3445 ipsi
2012 3374 2184 3428 etiam

494 3454 676 3510 menti
707 3455 924 3525 praebet
959 3473 1025 3511 ea
1053 3473 1182 3528 qua;
1220 3475 1558 3530 cognoscere
1588 3461 1734 3516 volo.
1779 3462 1974 3516 Verbis
2013 3463 2188 3534 igitur

495 3543 606 3598 nisi
635 3544 806 3599 verba
841 3560 954 3599 non
993 3545 1282 3614 discimus,
1324 3547 1440 3602 imo
1479 3549 1730 3603 sonitum
1768 3551 2186 3622 strepitumque

493 3631 796 3686 verborum
821 3650 834 3688 :
867 3649 1001 3688 nam
1031 3634 1077 3688 si
1108 3649 1175 3690 ea
1199 3651 1328 3706 quas
1359 3635 1521 3707 signa
1546 3652 1661 3691 non
1689 3643 1839 3704 sunt,
1867 3638 2037 3694 verba
2066 3656 2185 3694 esse

493 3736 610 3775 non
634 3726 891 3792 possunt,
937 3723 1197 3793 quamvis
1221 3725 1341 3794 jam
1379 3725 1643 3781 auditum
1682 3727 1940 3794 verbum,
1993 3727 2184 3783 nescio

495 3814 689 3863 tamen
721 3811 958 3866 verbum
985 3828 1126 3879 esse,
1159 3813 1340 3867 donec
1367 3814 1507 3884 quid
1541 3815 1823 3885 signiﬁcet
1849 3816 2042 3871 sciam.
2077 3819 2185 3872 Re-

496 3899 603 3954 bus
635 3915 770 3970 ergo
803 3901 1059 3972 cognitis,
1092 3901 1395 3956 verborum
1425 3918 1655 3974 quoque
1684 3905 1932 3974 cognitio
1962 3905 2184 3976 pertici-

496 3991 622 4056 tur;
670 3989 856 4043 verbis
895 4006 1028 4044 vero
1075 3989 1302 4056 auditis,
1347 4007 1450 4045 nec
1495 3992 1666 4046 verba
1712 3992 2026 4049 discuntur.
2065 3996 2185 4048 Non

497 4077 650 4132 enim
680 4095 745 4132 ea
775 4078 946 4133 verba
975 4095 1104 4150 quae
1141 4079 1422 4145 novimus,
1463 4079 1762 4147 discimus;
1789 4087 1888 4136 aut
1915 4099 2043 4152 quae
2073 4099 2187 4136 non

501 4166 785 4232 novimus,
805 4167 1066 4221 didicisse
1086 4183 1189 4221 nos
1212 4184 1515 4238 possumus
1539 4168 1820 4237 conﬁteri,
1849 4170 1958 4224 nisi
1986 4187 2187 4225 eorum

497 4253 916 4325 signiﬁcatione
963 4261 1249 4326 percepta,
1307 4272 1436 4326 qua:
1483 4273 1599 4310 non
1645 4257 1937 4313 auditione
1987 4276 2186 4314 vocum

494 4342 855 4404 emissarum,
888 4343 986 4396 sed
1015 4359 1208 4398 rerum
1230 4343 1678 4413 signiticatarum
1699 4347 2021 4413 cognitione
2053 4364 2191 4403 con-

497 4429 689 4500 tingit.
729 4429 1031 4484 Verissima
1072 4431 1284 4502 quippe
1330 4432 1473 4486 ratio
1504 4439 1607 4500 est,
1641 4439 1697 4488 et
1724 4434 2014 4490 verissime
2045 4437 2186 4492 dici-

496 4521 612 4579 tur,
640 4533 769 4572 cum
802 4518 972 4572 verba
1001 4519 1384 4590 proferuntur,
1417 4525 1518 4575 aut
1542 4521 1684 4576 scire
1714 4538 1817 4577 nos
1846 4524 1985 4595 quid
2015 4525 2188 4596 signi-

497 4605 686 4672 ﬁcent,
717 4610 813 4661 aut
853 4608 1106 4662 nescire:
1152 4609 1200 4663 si
1245 4609 1472 4675 scimus,
1519 4613 1956 4667 commemorari
2001 4614 2190 4684 potius

500 4708 673 4762 quam
713 4693 956 4761 discere;
990 4694 1034 4748 si
1077 4700 1267 4750 autem
1311 4697 1613 4765 nescimus,
1659 4715 1728 4752 ne
1757 4701 2190 4756 commemorari

501 4779 756 4851 quidem,
783 4781 879 4836 sed
910 4782 1145 4836 fortasse
1175 4784 1243 4838 ad
1272 4786 1646 4855 quaerendum
1675 4787 1992 4844 admoneri.

569 4872 655 4924 37.
687 4869 849 4934 Quod
879 4869 925 4922 si
963 4870 1191 4939 dixeris,
1223 4873 1478 4943 tegmina
1516 4875 1748 4946 quidem
1779 4877 1878 4930 illa
1914 4879 2186 4950 capitum,

477 4971 742 5027 quorum
773 4973 982 5013 nomen
1013 4975 1149 5014 sono
1182 4965 1405 5016 tantum
1438 4968 1716 5035 tenemus,
1749 4982 1862 5020 non
1894 4983 1996 5022 nos
2024 4984 2189 5038 posse

497 5043 607 5098 nisi
637 5044 754 5098 visa
780 5062 1140 5116 cognoscere,
1173 5066 1357 5122 neque
1384 5069 1594 5108 nomen
1621 5054 1806 5124 ipsum
1833 5056 2060 5126 plenius
2080 5057 2191 5110 nisi

494 5130 637 5204 ipsis
665 5135 909 5206 cognitis
940 5153 1106 5192 nosse
1134 5159 1148 5206 ;
1188 5141 1338 5210 quod
1378 5146 1570 5197 tamen
1610 5143 1678 5197 de
1703 5142 1840 5214 ipsis
1874 5145 2067 5214 pueris
2097 5161 2186 5198 ac-

494 5220 770 5291 cepimus,
794 5228 856 5277 ut
883 5239 1075 5294 regem
1105 5243 1170 5280 ac
1200 5228 1458 5283 ﬂammas
1485 5230 1597 5285 fide
1629 5246 1693 5284 ac
1724 5232 2001 5302 religione
2028 5249 2191 5304 supe-

495 5309 767 5380 raverint,
814 5327 956 5381 quas
993 5314 1185 5368 laudes
1227 5317 1340 5370 Deo
1387 5317 1716 5384 cecinerint,
1767 5336 1910 5390 quos
1945 5320 2190 5374 honores

496 5397 568 5450 ab
598 5398 720 5467 ipso
751 5399 923 5454 etiam
956 5400 1188 5457 inimico
1218 5405 1554 5472 meruerint,
1589 5422 1727 5459 num
1759 5407 1924 5461 aliter
1950 5408 2062 5462 nisi
2089 5425 2192 5478 per

498 5485 670 5539 verba
693 5487 996 5543 didicimus
1012 5491 1040 5543 ?
1063 5491 1462 5561 Respondebo,
1487 5499 1687 5547 cuncta
1714 5511 1842 5566 quae
1872 5496 1985 5551 illis
2006 5495 2192 5551 verbis

499 5570 816 5639 signiﬁcata
864 5581 1018 5643 sunt,
1068 5577 1126 5631 in
1167 5583 1359 5633 nostra
1405 5579 1605 5634 notitia
1639 5581 1759 5650 jam
1807 5583 1996 5638 fuisse.
2047 5585 2187 5639 Nam

1717 332 1810 386 DE
1854 331 2239 400 MAGISTRO,
2283 331 2335 387 S.
2380 329 2765 388 AUGUSTINI

3876 330 4009 383 I216

2297 453 2432 526 quid
2474 453 2586 508 sint
2615 457 2732 506 tres
2773 451 2962 522 pueri,
3015 450 3151 522 quid
3191 450 3416 518 fornax,
3451 452 3588 522 quid
3635 451 3810 523 ignis,
3870 455 4008 524 quid

2295 557 2414 607 rex,
2452 542 2592 612 quid
2639 538 2888 610 denique
2927 539 3093 593 illaesi
3126 539 3196 593 ab
3242 539 3395 609 igne,
3446 544 3768 611 ceteraque
3813 542 4011 595 omnia

2291 631 2410 701 jam
2430 630 2698 684 tenebam
2727 644 2856 700 qua:
2882 628 3052 682 verba
3077 628 3174 681 illa
3199 627 3545 698 significant.
3575 629 3828 683 Ananias
3849 647 4006 693 vero,

2295 723 2352 772 et
2382 717 2609 772 Azarias
2639 721 2696 771 et
2725 717 2915 771 Misael
2957 721 3077 770 tam
3113 717 3255 770 mihi
3283 716 3467 786 ignoti
3497 722 3630 770 sunt
3672 733 3848 789 quam
3895 717 4009 770 illa:

2295 807 2623 874 saraballaa;
2654 821 2757 860 nec
2797 806 2863 859 ad
2890 821 2984 858 eos
3023 806 3443 874 cognoscendos
3473 805 3595 859 haec
3626 822 3717 859 me
3766 806 4008 860 nomina

2296 896 2612 966 quidquam
2661 895 3003 964 adjuverunt
3050 899 3149 946 aut
3199 894 3469 964 adjuvare
3504 894 3625 964 jam
3664 899 4000 964 potuerunt.

2296 987 2426 1040 Haec
2451 990 2640 1038 autem
2672 979 2866 1038 omnia
2904 985 3045 1054 'quaz
3079 981 3137 1036 in
3168 982 3264 1035 illa
3306 983 3583 1053 leguntur
3628 982 3892 1050 historia,
3927 982 4004 1034 ita

2296 1074 2394 1128 illo
2423 1079 2680 1145 tempore
2710 1073 2856 1126 facta
2885 1088 3029 1140 esse,
3061 1076 3125 1124 ut
3169 1071 3380 1142 scripta
3425 1076 3576 1137 sunt,
3627 1072 3862 1126 credere
3911 1087 4002 1124 me

2296 1162 2484 1234 potius
2511 1178 2684 1233 quam
2713 1160 2855 1214 scire
2884 1161 3092 1214 fateor:
3171 1175 3357 1229 neque
3398 1159 3565 1214 istam
3613 1159 4000 1214 differentiam

2295 1251 2469 1306 iidem
2503 1250 2611 1321 ipsi
2641 1249 2847 1321 quibus
2873 1247 3156 1302 credimus
3188 1248 3531 1302 nescierunt.
3566 1249 3660 1303 Ait
3683 1249 3840 1302 enim
3876 1265 4004 1318 pro-

2295 1343 2490 1413 pheta,
2522 1342 2640 1397 Nisi
2680 1339 3047 1402 credideritis,
3103 1354 3205 1391 non
3246 1340 3558 1406 intelligetis
3609 1340 3756 1406 (Isai.
3793 1353 3894 1404 vn,
3951 1341 4000 1403 9,

2295 1445 2396 1485 sec.
2429 1431 2613 1497 LXX):
2649 1428 2802 1499 quod
2850 1443 2964 1480 non
2995 1425 3225 1480 dixisset
3249 1426 3518 1496 profecto,
3554 1426 3597 1478 si
3630 1425 3776 1478 nihil
3827 1425 4004 1478 dista-

2295 1535 2357 1573 re
2399 1518 2723 1590 judicasset.
2776 1516 2937 1581 Quod
2985 1531 3121 1586 ergo
3159 1514 3442 1584 intelligo,
3476 1513 3536 1568 id
3579 1513 3751 1568 etiam
3791 1513 3998 1567 credo:

2295 1612 2353 1662 at
2405 1622 2520 1660 non
2576 1621 2744 1660 omne
2793 1605 2948 1676 quod
3003 1603 3188 1670 credo,
3239 1602 3412 1658 etiam
3471 1602 3750 1674 intelligo.
3817 1603 4002 1657 Omne

2294 1700 2486 1749 autem
2516 1694 2665 1765 quod
2697 1693 2978 1762 intelligo,
3010 1692 3157 1746 scio:
3208 1708 3324 1746 non
3373 1707 3544 1745 omne
3592 1691 3746 1762 quod
3800 1692 3998 1754 credo,

2294 1783 2426 1837 scio.
2481 1783 2590 1836 Nec
2640 1781 2764 1836 ideo
2813 1779 3005 1834 nescio
3047 1795 3220 1850 quam
3267 1779 3339 1833 sit
3378 1778 3519 1832 utile
3558 1779 3790 1832 credere
3824 1778 4000 1832 etiam

2292 1873 2472 1926 multa
2491 1887 2620 1943 quae
2645 1869 2872 1936 nescio;
2903 1869 2995 1922 cui
3026 1867 3258 1922 utilitati
3284 1869 3431 1922 hanc
3461 1883 3691 1938 quoque
3726 1865 3998 1939 [adjungo

2295 1961 2365 2015 de
2410 1959 2591 2014 tribus
2638 1958 2830 2030 pueris
2877 1956 3211 2011 historiam:
3269 1971 3444 2027 quare
3476 1957 3751 2026 pleraque
3800 1972 3999 2010 rerum

2296 2064 2428 2104 cum
2460 2047 2600 2101 scire
2630 2063 2747 2101 non
2773 2045 3012 2117 possim,
3034 2050 3246 2117 quanta
3269 2050 3458 2099 tamen
3487 2044 3735 2099 utilitate
3763 2045 4001 2099 credan-

2292 2142 2407 2204 tur,
2439 2136 2572 2190 scio.
3564 2180 3566 2183 .

2367 2229 2455 2280 38.
2483 2227 2561 2279 De
2591 2223 2879 2278 universis
2928 2225 3119 2276 autem
3160 2237 3288 2292 quae
3336 2221 3712 2292 intelligimus
3758 2235 3880 2273 non
3913 2220 3998 2272 lo-

2293 2318 2567 2386 quentem
2599 2313 2697 2384 qui
2727 2315 2997 2383 personat
3021 2310 3177 2376 foris,
3201 2311 3299 2365 sed
3327 2309 3482 2364 intus
3509 2310 3617 2380 ipsi
3644 2308 3822 2362 menti
3854 2325 3998 2380 prae-

2293 2404 2569 2458 sidentem
2617 2399 2968 2455 consulimus
3027 2398 3346 2468 veritatem,
3408 2398 3594 2452 verbis
3643 2398 3887 2452 fortasse
3939 2402 3999 2450 ut

2289 2492 2653 2548 consulamus
2673 2487 2967 2542 admoniti.
2990 2488 3089 2540 llle
3110 2491 3300 2540 autem
3328 2486 3428 2558 qui
3450 2486 3788 2552 consulitur,
3809 2486 3996 2550 docet,

2291 2579 2392 2650 qui
2422 2579 2480 2632 in
2513 2575 2785 2630 interiore
2816 2574 3050 2628 homine
3093 2573 3350 2627 habitare
3383 2574 3565 2627 dictus
3609 2577 3692 2626 est
3741 2572 3999 2627 Christus

2295 2669 2510 2740 (Ephes.
2546 2683 2620 2718 Ill.
2660 2667 2743 2731 16,
2795 2665 2904 2734 t7),
2936 2662 2993 2716 id
3030 2667 3114 2716 est
3156 2662 3640 2716 incommutabilis
3673 2661 3771 2715 Dei
3805 2662 4000 2715 Virtus

2295 2762 2466 2827 atque
2495 2753 2842 2824 sempiterna
2870 2751 3185 2823 Sapientia:
3209 2768 3382 2823 quam
3413 2751 3646 2822 quidem
3677 2750 3868 2805 omnis
3917 2767 4000 2804 ra-

2293 2843 2522 2899 tionalis
2551 2842 2742 2896 anima
2763 2841 3039 2907 consulit;
3071 2841 3166 2895 sed
3194 2845 3417 2894 tantum
3448 2840 3652 2910 cuique
3696 2839 3998 2910 panditur,

2297 2937 2578 3004 quantum
2610 2946 2811 3001 capere
2845 2935 3076 3001 propter
3115 2929 3428 3001 propriam,
3471 2928 3584 2982 sive
3619 2928 3833 2982 malam
3883 2929 4000 2982 sive

2293 3021 2507 3076 bonam
2537 3020 2891 3073 voluntatem
2920 3023 3125 3089 potest.
3162 3019 3223 3071 Et
3254 3017 3301 3070 si
3332 3016 3562 3088 quando
3592 3017 3830 3084 fallitur,
3863 3019 3999 3071 'non

2294 3109 2360 3164 iit
2389 3107 2526 3163 vitio
2555 3108 2830 3162 consulta:
2854 3106 3130 3173 veritatis,
3163 3109 3227 3159 ut
3257 3121 3441 3177 neque
3462 3105 3652 3174 hujus,
3695 3121 3824 3176 qua:
3859 3106 3998 3160 foris

2296 3201 2398 3264 est,
2439 3196 2580 3251 lucis
2601 3197 2805 3250 vitium
2837 3200 2943 3263 est,
2972 3194 3127 3266 quod
3148 3193 3409 3264 corporei
3432 3193 3579 3247 oculi
3611 3210 3758 3264 saepe
3781 3195 3999 3248 fallun-

2295 3292 2424 3342 tur:
2453 3301 2626 3358 quam
2671 3285 2857 3338 lucem
2886 3283 2955 3337 de
3005 3283 3171 3336 rebus
3219 3281 3536 3335 visibilibus
3583 3283 3806 3336 consuli
3853 3284 4000 3338 fate-

2294 3390 2445 3440 mur,
2528 3378 2594 3427 ut
2665 3388 2759 3426 eas
2837 3370 2998 3425 nobis
3071 3375 3349 3441 quantum
3412 3386 3643 3424 cernere
3715 3371 4002 3436 valemus,

2295 3461 2575 3517 ostendat.

2473 3549 2696 3603 CAPUT
2724 3547 2839 3602 Xll.
2867 3576 2937 3586 —
2963 3547 3208 3603 Christus
3238 3549 3438 3601 veritas
3458 3550 3604 3602 intus
3635 3548 3805 3602 docet.

2368 3641 2454 3693 39.
2497 3637 2658 3702 Quod
2701 3635 2748 3690 si
2789 3640 2847 3690 et
2890 3635 2960 3690 de
2999 3635 3280 3689 coloribus
3323 3636 3532 3706 lucem,
3573 3642 3628 3691 et
3659 3638 3728 3692 de
3775 3639 4002 3693 caeteris

2295 3744 2430 3800 quae
2461 3743 2566 3798 per
2593 3741 2797 3797 corpus
2817 3725 3116 3791 sentimus,
3149 3725 3432 3778 elementa
3462 3726 3633 3797 hujus
3662 3727 3871 3782 mundi
3913 3745 4004 3782 ea-

2299 3818 2548 3888 demque
2577 3831 2819 3886 corpora
2846 3830 2974 3884 quas
2998 3813 3296 3882 sentimus,
3331 3831 3642 3886 sensusque
3676 3815 3831 3886 ipsos
3869 3818 4007 3889 qui-

2297 3907 2404 3960 bus
2433 3909 2703 3974 tanquam
2746 3901 3155 3972 interpretibus
3198 3903 3270 3957 ad
3323 3903 3459 3957 talia
3500 3903 3787 3958 noscenda
3838 3922 4004 3959 mens

2295 3993 2507 4058 utitur;
2537 3991 2606 4045 de
2627 3990 2713 4044 his
2738 3995 2931 4044 autem
2955 4007 3081 4061 qua!
3105 3991 3530 4062 intelliguntur,
3557 3992 3900 4047 interiorem
3921 4012 4005 4048 ve-

2296 4081 2526 4136 ritatem
2550 4080 2768 4134 ratione
2799 4079 3154 4134 consulimus
3177 4098 3188 4135 :
3214 4080 3349 4151 quid
3379 4079 3488 4134 dici
3513 4085 3700 4151 potest
3723 4081 3882 4135 unde
3900 4087 4004 4136 cla-

2297 4175 2439 4232 reat,
2479 4169 2664 4222 verbis
2695 4185 2797 4222 nos
2821 4169 3035 4240 aliquid
3075 4170 3288 4224 discere
3319 4174 3530 4239 praeter
3559 4169 3744 4240 ipsum
3769 4171 3874 4240 qui
3904 4189 4001 4224 au-

2296 4276 2388 4314 res
2418 4257 2665 4330 percutit
2684 4274 2886 4312 sonum
2905 4256 2933 4312 ‘f
2959 4259 3218 4330 Namque
3255 4258 3450 4312 omnia
3478 4245 3606 4329 quae
3625 4259 4002 4330 percipimus,

2297 4353 2397 4403 aut
2420 4364 2585 4401 sensu
2613 4347 2884 4419 corporis,
2920 4352 3018 4402 aut
3050 4352 3239 4402 mente
3274 4347 3641 4418 percipimus.
3688 4349 3794 4402 Illa
3821 4351 4004 4405 sensi-

2296 4437 2455 4504 bilia,
2488 4438 2609 4491 hzec
2634 4435 3064 4507 intelligibilia;
3101 4436 3233 4502 sive,
3271 4440 3331 4489 ut
3361 4451 3520 4488 more
3557 4441 3864 4494 auctorum
3899 4458 4004 4494 no-

2298 4531 2547 4581 strorum
2575 4526 2796 4596 loquar,
2847 4526 2942 4578 illa
2977 4524 3242 4589 carnalia,
3292 4524 3414 4577 base
3451 4523 3774 4592 spiritualia
3804 4531 3999 4584 nomi-

2299 4631 2526 4670 namus.
2567 4617 2644 4669 De
2669 4614 2780 4668 illis
2827 4613 2962 4668 dum
2995 4613 3431 4682 interrogamur,
3473 4613 3921 4683 respondemus,
3961 4619 4005 4672 si

2299 4709 2506 4775 praesto
2547 4707 2680 4756 sunt
2731 4719 2798 4756 ea
2846 4717 2973 4772 qua:
3023 4699 3332 4765 sentimus;
3387 4699 3542 4752 velut
3584 4715 3715 4754 eum
3757 4722 3791 4758 a
3838 4707 4005 4760 nobis

2300 4792 2476 4864 quaeri
2489 4797 2546 4845 tu
2565 4790 2954 4845 rintuentibus
2985 4789 3180 4841 lunam
3208 4803 3435 4855 novam,
3458 4789 3645 4859 qualis
3662 4796 3760 4845 aut
3785 4794 3884 4847 ubi
3909 4796 4003 4849 sit.

2301 4882 2402 4936 Hie
2432 4881 2526 4934 ille
2557 4880 2656 4950 qui
2684 4879 3017 4946 interrogat,
3057 4875 3102 4928 si
3129 4891 3242 4929 non
3272 4875 3444 4940 videt,
3477 4877 3658 4932 credit
3704 4880 3915 4949 verbis,
3951 4890 4004 4936 et

2300 4986 2448 5041 saepe
2482 4984 2599 5022 non
2638 4965 2846 5021 credit:
2895 4965 3059 5018 discit
3106 4969 3296 5018 autem
3344 4967 3501 5019 nullo
3540 4967 3734 5037 modo,
3775 4970 3889 5023 nisi
3948 4978 4006 5025 et

2300 5059 2420 5129 ipse
2451 5057 2600 5128 quod
2631 5054 2838 5108 dicitur
2865 5053 3092 5121 videat;
3130 5053 3227 5107 ubi
3251 5053 3373 5124 jam
3397 5071 3509 5108 non
3539 5055 3725 5109 verbis
3751 5074 3882 5129 quae
3917 5077 4006 5113 so-

2300 5150 2572 5209 nuerunt,
2600 5143 2697 5198 sed
2719 5143 2891 5196 rebus
2917 5141 3053 5212 ipsis
3083 5147 3138 5196 et
3166 5143 3425 5196 sensibus
3453 5144 3636 5198 discit.
3658 5145 3799 5198 Nam
3827 5149 4003 5201 verba

2300 5235 2497 5288 eadem
2535 5236 2735 5286 sonant
2768 5231 3004 5297 videnti,
3037 5249 3166 5303 quas
3205 5247 3318 5285 non
3350 5232 3564 5286 videnti
3593 5233 3766 5287 etiam
3796 5251 4006 5290 sonue-

2300 5328 2452 5377 runt.
2488 5323 2628 5376 Cum
2658 5337 2790 5374 vero
2822 5337 2935 5374 non
2969 5320 3039 5375 de
3079 5321 3148 5374 iis
3178 5337 3306 5391 quae
3344 5338 3535 5375 coram
3567 5323 3866 5389 sentimus,
3903 5329 4002 5381 sed

2301 5411 2370 5465 de
2396 5409 2484 5464 his
2503 5425 2630 5479 quae
2660 5409 2967 5480 aliquando
2990 5409 3268 5462 sensimus
3291 5410 3600 5480 quaeritur;
3626 5426 3742 5464 non
3761 5411 3881 5481 jam
3907 5432 3998 5469 res

2300 5498 2472 5568 ipsas,
2527 5497 2624 5551 sed
2673 5497 2949 5568 imagines
3003 5497 3073 5551 ab
3123 5496 3193 5550 iis
3243 5497 3546 5567 impressas
3588 5502 4000 5573 memoriaeque

2304 5586 2597 5640 mandatas
2637 5587 2962 5658 loquimur:
2996 5602 3123 5656 qua:
3167 5585 3403 5640 omnino
3434 5587 3722 5656 quomodo
3751 5606 3884 5644 vera
3915 5591 3996 5645 di-
