4074 6398
59 313 171 363 1217

51 447 241 501 camus,
271 446 391 485 cum
417 431 558 485 falsa
586 431 936 498 intueamur,
970 430 1175 501 ignoro
1203 449 1216 499 ;
1254 432 1363 487 nisi
1412 433 1547 504 quia
1586 451 1704 489 non

51 539 136 575 nos
160 538 221 574 ea
242 520 421 575 videre
446 537 510 574 ac
541 519 772 586 sentire,
807 521 904 574 sed
943 521 1146 575 vidisse
1194 538 1256 576 ac
1287 524 1528 577 sensisse
1572 540 1708 578 nar-

51 624 236 662 ramus.
277 610 354 662 Ita
399 609 523 662 illas
551 609 834 680 imagines
881 608 942 662 in
987 610 1276 664 memoria
1324 614 1712 683 penetralibus

51 713 218 751 rerum
246 702 365 751 ante
391 714 687 752 sensarum
732 698 994 768 quadam
1031 699 1372 754 documenta
1399 707 1708 771 gestamus,

51 802 156 856 qua
185 785 362 840 animo
390 787 842 857 contemplantes
868 787 1016 841 bona
1040 789 1386 844 conscientia
1416 806 1532 844 non
1551 807 1710 845 men-

52 875 200 928 .imur
226 892 345 929 cum
377 876 696 946 loquimur:
733 876 830 931 sed
858 878 1021 930 nobis
1053 883 1187 932 sunt
1216 878 1324 932 ista
1344 879 1707 947 documenta;

58 979 77 1014 s
105 963 249 1016 enim
270 963 361 1034 qui
381 964 558 1028 audit,
594 963 640 1017 si
670 980 737 1017 ea
783 965 959 1019 sensit
1009 971 1178 1035 atque
1232 967 1434 1034 adfuit,
1476 984 1589 1022 non
1624 968 1708 1022 di-

51 1052 129 1105 scit
179 1052 311 1105 meis
367 1053 574 1121 verbis,
627 1053 726 1107 sed
774 1055 1128 1123 recognoscit
1179 1055 1380 1109 ablatis
1430 1071 1622 1110 secum
1657 1058 1713 1108 et

54 1157 144 1208 pse
166 1140 532 1212 imaginibus:
559 1141 630 1195 sit
662 1149 854 1197 autem
883 1143 981 1196 illa
1008 1160 1126 1197 non
1159 1145 1336 1198 sensit
1366 1146 1406 1210 1,
1439 1143 1566 1215 quis
1596 1159 1710 1197 non

51 1245 152 1282 :um
177 1230 392 1283 credere
422 1230 612 1300 potius
631 1230 816 1284 verbis
845 1247 1019 1302 quam
1043 1231 1256 1286 discere
1275 1232 1558 1302 intelligat
1577 1233 1604 1286 ?

95 1320 177 1372 40.
207 1319 339 1372 Cum
356 1335 484 1372 vero
518 1318 587 1372 de
621 1317 689 1372 iis
718 1320 909 1390 agitur
931 1337 1058 1391 qua
1079 1325 1272 1374 mente
1299 1322 1704 1391 conspicimus,

51 1406 81 1459 d
109 1411 188 1459 est
208 1407 484 1461 intellectu
533 1413 701 1478 atque
742 1408 984 1470 ratione,
1025 1425 1091 1462 ea
1132 1410 1368 1480 quidem
1419 1410 1710 1480 loquimur

51 1512 148 1565 [ua
172 1495 465 1566 prasentia
497 1503 835 1550 contuemur
874 1497 935 1550 in
974 1497 1073 1550 illa
1101 1497 1374 1552 interiore
1415 1499 1539 1552 luce
1571 1498 1710 1552 veri-

51 1584 174 1652 atis,
204 1601 311 1656 qua
333 1584 450 1655 ipse
480 1585 581 1656 qui
605 1585 813 1640 dicitur
834 1585 1006 1640 homo
1030 1586 1286 1653 interior,
1318 1588 1635 1641 illustratur
1655 1591 1710 1641 et

52 1671 261 1728 ruitur:
293 1673 387 1727 sed
420 1679 556 1728 tunc
587 1690 815 1745 quoque
845 1680 1038 1727 noster
1069 1674 1316 1744 auditor,
1347 1673 1394 1727 si
1420 1678 1477 1728 et
1505 1677 1560 1727 et
1588 1673 1709 1743 ipse

51 1761 118 1814 Ila
147 1767 346 1816 secreto
385 1779 448 1816 ac
479 1763 724 1834 simplici
755 1763 917 1816 oculo
948 1761 1100 1817 videt
1127 1780 1141 1829 ;
1185 1762 1342 1817 novit
1384 1762 1536 1833 quod
1581 1762 1707 1816 dico

52 1866 120 1904 ua
147 1851 644 1922 contemplatione,
678 1867 796 1906 non
828 1852 1012 1906 verbis
1043 1852 1206 1906 meis.
1253 1853 1397 1923 Ergo
1443 1857 1513 1905 ne
1557 1851 1710 1905 hunc

51 1939 246 1994 “uidem
277 1940 444 1994 doceo
472 1957 606 1994 vera
658 1941 871 2008 dicens,
904 1957 1037 1994 vera
1084 1941 1435 2007 intuentem;
1477 1941 1709 1994 docetur

52 2027 170 2082 nim
203 2045 311 2083 non
331 2029 512 2084 verbis
545 2028 703 2095 meis,
720 2029 817 2084 sed
857 2029 994 2100 ipsis
1023 2029 1212 2096 rebus,
1242 2030 1356 2083 Deo
1386 2029 1538 2083 intus
1567 2045 1708 2100 pan-

54 2122 201 2183 ente,
230 2118 565 2173 manifestis:
599 2118 796 2189 itaque
828 2118 897 2173 de
946 2117 1034 2172 his
1089 2117 1264 2172 etiam
1319 2117 1708 2188 interrogatus

51 2205 353 2274 sspondere
382 2211 591 2276 posset.
635 2205 780 2269 Quid
812 2209 1000 2258 autem
1037 2204 1340 2258 absurdius
1371 2220 1545 2274 quam
1575 2220 1708 2258 eum

54 2298 214 2347 utare
242 2294 521 2348 locutione
552 2310 677 2348 mea
708 2293 916 2360 doceri,
941 2293 1040 2364 qui
1067 2297 1590 2364 posset,antequam
1621 2292 1702 2346 lo-

52 2399 240 2449 uerer,
301 2400 365 2437 ea
411 2383 536 2453 ipsa
577 2383 961 2453 interrogatus
991 2383 1323 2453 exponere?
1369 2383 1511 2435 Nam
1551 2380 1702 2452 quod

52 2489 160 2542 epe
191 2471 485 2543 contingit,
524 2477 588 2526 ut
611 2471 998 2542 interrogatus
1033 2471 1253 2542 aliquid
1289 2474 1480 2540 neget,
1536 2477 1709 2541 atque

52 2561 73 2612 1
105 2560 165 2613 id
221 2560 513 2614 fatendum
543 2558 669 2614 aliis
700 2560 1248 2631 interrogationibus
1312 2565 1605 2630 urgeatur,
1644 2558 1709 2612 iit

52 2666 111 2701 oc
143 2648 530 2703 imbecillitate
555 2648 860 2714 cernentis,
887 2650 986 2720 qui
1017 2650 1086 2704 de
1119 2665 1176 2702 re
1208 2653 1326 2702 tota
1348 2650 1504 2702 illam
1527 2650 1710 2702 lucem

51 2739 305 2792 )nsulere
334 2754 449 2792 non
477 2743 666 2808 potest
690 2755 702 2792 :
736 2738 890 2808 quod
921 2743 984 2792 ut
1007 2738 1265 2809 partibus
1293 2738 1482 2805 faciat,
1512 2739 1710 2794 admo-

52 2833 200 2891 2tur,
232 2837 372 2879 cum“
391 2827 459 2880 de
488 2827 693 2881 iisdem
723 2827 845 2880 istis
867 2827 1125 2896 partibus
1145 2828 1556 2897 interrogatur,
1573 2827 1706 2898 qui-

52 2933 108 2968 .15
141 2916 240 2968 illa
296 2931 517 2970 summa
569 2920 808 2982 constat,
867 2931 1042 2986 quam
1087 2919 1266 2970 totam
1312 2906 1545 2970 cernere
1595 2933 1710 2970 non

52 3004 256 3058 ilebat.
279 3004 399 3066 Quo
436 3004 482 3057 si
510 3005 699 3059 verbis
727 3005 1057 3075 perducitur
1087 3005 1211 3074 ejus
1243 3004 1341 3075 qui
1368 3004 1707 3076 interrogat,

52 3109 125 3145 on
159 3097 351 3145 tamen
377 3092 712 3146 docentibus
742 3092 948 3155 verbis,
977 3092 1075 3146 sed
1105 3108 1172 3146 eo
1210 3093 1379 3146 modo
1417 3091 1711 3163 inquiren-

51 3182 184 3249 bus,
214 3196 326 3250 quo
358 3181 527 3234 modo
557 3185 641 3234 est
669 3181 765 3234 ille
795 3197 829 3234 a
867 3196 981 3250 quo
1010 3179 1307 3250 quaritur,
1340 3179 1495 3234 intus
1535 3180 1710 3235 disce-

51 3293 55 3318 ε
90 3269 369 3336 idoneus;
402 3269 557 3323 velut
585 3269 631 3323 si
660 3269 760 3323 abs
778 3273 833 3324 te
863 3284 1182 3340 quarerem
1205 3269 1311 3322 hoc
1339 3269 1530 3339 ipsum
1557 3270 1710 3340 quod

51 3360 219 3428 gitur,
275 3364 604 3413 utrumnam
637 3359 822 3414 verbis
865 3359 1058 3414 doceri
1087 3359 1230 3413 nihil
1281 3360 1472 3429 possit,
1508 3365 1564 3414 et
1617 3362 1710 3415 ab-

51 3451 246 3504 :rdum
280 3449 384 3502 tibi
418 3449 605 3519 primo
637 3449 926 3504 videretur
963 3465 1076 3503 non
1103 3449 1316 3503 valenti
1335 3453 1522 3503 totum
1569 3465 1707 3504 con-

58 3539 220 3592 icere
246 3554 259 3591 :
286 3537 363 3590 sic
395 3553 530 3608 ergo
561 3553 818 3608 quarere
849 3536 1124 3607 oportuit,
1150 3541 1213 3590 ut
1242 3542 1357 3590 tua
1403 3553 1525 3591 sese
1561 3538 1708 3592 vires

64 3629 214 3681 bent
243 3625 316 3680 ad
342 3627 695 3681 audiendum
725 3627 890 3680 illum
921 3626 1075 3680 intus
1089 3625 1447 3696 magistrum,
1471 3631 1534 3680 ut
1562 3626 1708 3681 dice-

52 3733 156 3770 m:
195 3717 270 3770 Ea
301 3732 430 3787 qua
489 3733 580 3770 me
635 3717 906 3787 loquente
948 3732 1083 3769 vera
1126 3731 1247 3769 esse
1292 3715 1599 3780 conﬁteris,
1652 3720 1709 3769 et

51 3812 188 3858 rtus
219 3821 298 3870 es,
330 3810 386 3859 et
439 3809 493 3860 te
542 3805 640 3860 illa
682 3821 847 3860 nosse
877 3805 1202 3870 conﬁrmas,
1237 3804 1390 3858 unde
1421 3803 1708 3858 didicisti?

51 3893 378 3963 sponderes
432 3893 668 3948 fortasse
702 3894 856 3965 quod
886 3910 991 3964 ego
1024 3893 1365 3948 docuissem.
1399 3894 1542 3947 Tum
1597 3909 1704 3964 ego

52 3984 432 4038 bnecterem:
471 3983 618 4047 Quid
645 3983 692 4036 si
723 3999 813 4037 me
842 3981 1136 4037 hominem
1181 3983 1472 4036 volantem
1502 3981 1703 4037 vidisse

51 4087 274 4134 :erem,
308 4071 459 4126 itane
485 4078 542 4127 te
569 4077 787 4126 certum
809 4073 981 4126 verba
1006 4088 1134 4126 mea
1154 4071 1481 4140 redderent,
1503 4087 1704 4141 quem-

51 4160 314 4214 modum
357 4160 403 4214 si
433 4161 659 4216 audires
715 4161 998 4231 sapientes
1045 4159 1312 4214 homines
1350 4159 1536 4214 stultis
1584 4176 1704 4213 esse

52 4253 94 4304 al
109 4251 274 4305 iores
295 4251 325 4303 ?
358 4252 602 4322 Negares
621 4251 874 4322 profecto
891 4255 946 4304 et
962 4251 1337 4320 responderes
1353 4249 1492 4303 illud
1515 4253 1570 4303 te
1585 4266 1706 4303 non

51 4341 251 4405 edere,
295 4343 396 4393 aut
440 4340 662 4394 etiamsi
718 4340 980 4394 crederes
1032 4339 1318 4409 ignorare,
1366 4339 1475 4392 hoc
1513 4342 1704 4392 autem

52 4428 317 4483 'tissime
359 4429 518 4484 scire.
555 4430 628 4483 Ex
685 4429 793 4483 hoc
837 4431 960 4499 jam
1006 4427 1282 4481 nimirum
1329 4426 1700 4498 intelligeres,

53 4535 178 4589 que
211 4517 278 4570 in
309 4517 412 4572 illo
444 4518 599 4589 quod
628 4534 719 4572 me
749 4518 1069 4572 afﬁrmante
1099 4516 1413 4587 ignorares,
1443 4517 1702 4587 nequein

51 4625 78 4661 ε
120 4606 294 4678 quod
348 4607 566 4677 optime
598 4607 791 4671 scires,
825 4606 1037 4677 aliquid
1096 4609 1150 4658 te
1207 4604 1471 4659 didicisse
1516 4604 1702 4660 verbis

63 4697 124 4749 is
150 4711 166 4761 ;
204 4695 679 4766 quandoquidem
710 4695 881 4750 etiam
909 4695 1295 4764 interrogatus
1337 4692 1406 4746 de
1437 4691 1699 4762 singulis,

51 4783 198 4837 llud
217 4783 515 4852 ignotum,
537 4788 593 4837 et
621 4783 729 4837 hoc
755 4783 859 4837 tibi
879 4785 1081 4836 notum
1117 4796 1239 4834 esse
1261 4780 1508 4850 jurares.
1555 4781 1701 4834 Tum

57 4891 105 4926 ο
145 4877 348 4925 totum
378 4871 519 4925 illud
541 4872 694 4942 quod
737 4887 1044 4943 negaveras
1083 4869 1360 4935 fatereris,
1400 4884 1531 4922 cum
1577 4868 1700 4922 hac

51 4961 297 5032 quibus
327 4965 570 5027 constat,
616 4961 769 5014 clara
819 4966 876 5015 et
916 4965 1069 5014 certa
1122 4975 1243 5013 esse
1287 4973 1698 5029 cognosceres;

53 5051 180 5104 nia
211 5049 439 5103 scilicet
465 5066 594 5121 qua
625 5049 937 5120 loquimur,
962 5053 1061 5103 aut
1080 5048 1345 5121 ignorare
1375 5046 1696 5101 auditorem

51 5155 176 5194 um
219 5155 366 5193 vera
395 5138 530 5207 sint,
586 5144 683 5193 aut
740 5139 880 5192 falsa“
937 5154 1056 5192 esse
1087 5153 1202 5192 non
1259 5137 1546 5209 ignorare,
1600 5139 1699 5190 aut

52 5247 105 5283 ‘e
175 5244 322 5282 vera
384 5244 525 5282 esse.
585 5229 799 5282 Horum
854 5226 1031 5280 trium
1077 5226 1136 5280 in
1185 5227 1372 5298 primo
1427 5229 1527 5279 aut
1571 5240 1690 5278 cre-

51 5336 120 5386 e,
170 5321 284 5370 aut
331 5316 582 5387 opinari,
615 5321 714 5370 aut
756 5314 1018 5370 dubitare
1068 5314 1170 5380 ;in
1214 5314 1462 5370 secundo
1504 5313 1698 5368 adver-

99 5411 298 5477 atque
333 5422 617 5472 renuere;
650 5407 709 5460 in
732 5404 898 5460 tertio
939 5404 1231 5459 attestari:
1264 5419 1549 5476 nusquam
1587 5403 1694 5476 igi-

66 5495 350 5548 discere.
388 5493 534 5558 Quia
563 5499 621 5547 et
647 5494 742 5548 ille
799 5493 900 5565 qui
934 5497 1064 5564 post
1116 5491 1289 5547 verba
1336 5498 1531 5547 nostra
1571 5507 1694 5547 rem

51 5593 158 5642 Er.
181 5592 324 5640 Lov.
352 5593 401 5641 si
419 5594 611 5642 autem
628 5589 724 5644 ille
737 5603 854 5643 non
871 5591 1057 5642 sensit.
1155 5589 1223 5638 Μ.

1524 309 1735 367 LIBER
1779 312 1872 368 UN
1879 312 1981 368 US.

3385 327 3521 380 1218

1813 437 1992 490 nescit
2029 441 2084 492 et
2112 437 2213 509 qui
2241 454 2300 492 se
2331 439 2468 494 falsa
2497 439 2653 495 novit
2697 441 2945 510 audisse,
2989 450 3045 497 et
3074 443 3174 515 qui
3205 451 3398 516 posset
3434 447 3520 503 in.

1819 530 2141 597 terrogatus
2171 527 2369 582 eadem
2416 531 2762 599 respondere
2806 548 2935 603 qua
2981 532 3130 588 dicta
3181 541 3335 602 sunt,
3369 537 3516 592 nihil

1819 615 2006 668 verbis
2031 616 2170 669 meis
2201 616 2462 671 didicisse
2491 619 2864 675 convincitur.

1822 702 2047 758 CAPUT
2061 704 2180 758 XIII
2185 735 2272 758 .—
2284 705 2610 762 Verborum
2625 709 2768 765 vine
2781 710 3006 778 quidem
3017 712 3232 766 animus
3245 710 3516 781 loquentis

2529 799 2798 864 aperitur.

1888 881 1974 934 41.
2014 881 2400 944 Quamobrem
2431 881 2491 936 in
2519 883 2589 936 iis
2606 883 2777 937 etiam
2809 902 2937 956 qua
2957 893 3146 942 mente
3176 895 3514 957 cernuntur,

1791 967 2026 1038 'frustra
2061 969 2347 1023 cernentis
2387 971 2644 1041 loquelas
2701 972 2859 1026 audit
2890 975 3148 1046 quisquis
3185 993 3252 1032 ea
3279 994 3514 1034 cernere

1818 1071 1934 1110 non
1967 1061 2171 1128 potest,
2207 1057 2320 1112 nisi
2359 1059 2496 1129 quia
2525 1059 2661 1113 talia
2696 1061 2970 1130 quamdiu
3004 1062 3342 1132 ignorantur
3371 1068 3514 1122 utile

1817 1147 1900 1198 est
1931 1145 2193 1200 credere:
2231 1145 2490 1217 quisquis
2519 1152 2712 1201 autem
2733 1164 2965 1202 cernere
2994 1155 3204 1221 potest,
3237 1153 3393 1209 intus
3431 1161 3517 1210 est

1817 1228 2130 1299 discipulus
2159 1231 2430 1296 veritatis,
2475 1232 2616 1286 foris
2651 1233 2820 1303 judex
2869 1234 3176 1304 loquentis,
3207 1239 3292 1291 vel
3319 1240 3511 1308 potius

1817 1316 1995 1388 ipsius
2027 1319 2345 1374 locutionis.
2388 1319 2529 1373 Nam
2556 1321 2897 1391 plerumque
2929 1322 3035 1375 scit
3063 1322 3160 1376 illa
3190 1339 3318 1394 qua
3365 1326 3517 1380 dicta

1816 1410 1969 1472 sunt,
2002 1421 2068 1458 eo
2101 1405 2225 1477 ipso
2256 1407 2541 1461 nesciente
2572 1425 2700 1478 qua
2731 1409 2872 1463 dixit
2897 1430 2912 1473 ;
2939 1409 3114 1464 veluti
3145 1412 3515 1484 siquisquam

1815 1493 2103 1564 Epicureis
2141 1495 2376 1548 credens
2418 1500 2476 1549 et
2507 1499 2810 1551 mortalem
2848 1498 3102 1552 animam
3142 1506 3372 1570 putans,
3418 1519 3512 1557 eas

1816 1583 2064 1637 rationes
2093 1599 2222 1654 qua
2251 1583 2320 1638 de
2359 1583 2788 1640 immortalitate
2819 1586 2940 1657 ejus
2970 1604 3002 1640 a
3046 1589 3517 1657 prudentioribus

1811 1675 2066 1725 tractata
2096 1677 2248 1741 sunt,
2277 1673 2600 1743 eloquatur,
2631 1674 2728 1728 illo
2749 1677 3018 1730 audiente
3050 1677 3150 1747 qui
3195 1677 3517 1748 spiritualia

1816 1760 2074 1814 contueri
2106 1765 2320 1832 potest;
2357 1761 2578 1831 judicat
2607 1762 2712 1816 iste
2742 1778 2876 1817 eum
2898 1780 3030 1817 vera
3058 1764 3278 1820 dicere:
3320 1773 3380 1822 at
3417 1768 3514 1823 ille

1815 1847 1915 1918 qui
1947 1847 2102 1914 dicit,
2130 1853 2323 1902 utrum
2354 1865 2486 1903 vera
2523 1850 2672 1904 dicat
2702 1851 2950 1921 ignorat,
2973 1851 3090 1906 imo
3113 1854 3286 1909 etiam
3330 1856 3515 1910 falsis-

1815 1937 1959 1990 sima
1997 1937 2312 1992 existimat:
2353 1953 2495 1992 num
2551 1938 2730 2009 igitur
2756 1941 3049 2010 putandus
3095 1946 3179 1996 est
3207 1959 3274 1996 ea
3311 1944 3512 1999 docere

1816 2042 1949 2097 qua
2002 2025 2228 2082 nescit?
2269 2027 2444 2098 Atqui
2472 2027 2676 2083 iisdem
2715 2029 2900 2084 verbis
2943 2023 3144 2099 utitur,
3181 2033 3389 2103 quibus
3429 2029 3516 2091 uti

1818 2115 1990 2169 etiam
2016 2115 2198 2169 sciens
2225 2123 2437 2187 posset.

1886 2206 1974 2259 42.
2011 2204 2194 2268 Quare
2211 2207 2334 2275 jam
2367 2222 2436 2260 ne
2461 2205 2569 2260 hoc
2584 2206 2822 2277 quidem
2851 2209 3200 2280 relinquitur
3223 2213 3429 2282 verbis,
3449 2218 3515 2269 ut

1816 2293 1906 2348 his
1928 2294 2127 2348 saltem
2156 2293 2447 2365 loquentis
2482 2295 2706 2349 animus
2735 2296 3054 2365 indicetur;
3088 2299 3134 2353 si
3163 2301 3398 2371 quidem
3425 2303 3515 2358 in-

1818 2387 2038 2437 certum
2071 2387 2156 2436 est
2186 2388 2381 2437 utrum
2411 2399 2476 2437 ea
2506 2400 2635 2454 qua
2665 2385 2944 2456 loquitur,
2976 2387 3131 2441 sciat.
3165 2389 3322 2444 Adde
3358 2408 3517 2447 men-

1815 2471 2023 2526 tientes
2052 2477 2221 2542 atque
2251 2471 2531 2541 fallentes,
2564 2489 2668 2542 per
2715 2490 2858 2544 quos
2889 2475 3050 2531 facile
3083 2477 3369 2549 intelligas
3400 2498 3516 2537 non

1820 2561 1990 2614 modo
2025 2576 2138 2615 non
2159 2561 2391 2631 aperiri,
2418 2577 2611 2615 verum
2636 2562 2807 2617 etiam
2825 2565 3095 2618 occultari
3119 2568 3378 2623 animum
3395 2586 3519 2624 ver-

1818 2649 1925 2704 bis.
1961 2651 2103 2704 Nam
2141 2650 2298 2704 nullo
2329 2650 2499 2704 modo
2531 2652 2764 2722 ambigo
2806 2652 2862 2706 id
2895 2653 3087 2708 conari
3144 2657 3315 2711 verba
3357 2675 3518 2714 vera-

1817 2738 1991 2804 cium,
2023 2743 2080 2793 et
2117 2739 2538 2808 quodammodo
2565 2740 2839 2810 proﬁteri,
2883 2747 2947 2795 ut
2979 2742 3202 2798 animus
3232 2746 3516 2816 loquentis

1817 2831 2120 2898 appareat;
2145 2827 2297 2898 quod
2325 2827 2650 2882 obtinerent
2682 2829 2948 2884 omnibus
2974 2833 3436 2900 concedentibus,
3469 2839 3517 2892 si

1817 2916 1977 2987 loqui
2009 2916 2418 2970 mentientibus
2443 2933 2557 2970 non
2589 2917 2801 2972 liceret.
2835 2918 3173 2990 Quanquam
3223 2937 3373 2993 sape
3417 2941 3514 2979 ex-

1816 3005 1964 3076 perti
1989 3004 2288 3070 fuerimus,
2321 3011 2378 3059 et
2405 3005 2465 3059 in
2505 3005 2672 3059 nobis
2701 3011 2757 3060 et
2785 3007 2843 3060 in
2874 3007 3020 3073 aliis,
3053 3025 3167 3062 non
3196 3026 3393 3067 earum
3424 3031 3512 3068 re-

1818 3111 1945 3148 rum
1982 3110 2113 3164 qua
2151 3093 2500 3165 cogitantur,
2549 3094 2719 3148 verba
2765 3095 3045 3166 proferri:
3093 3096 3247 3167 quod
3293 3097 3514 3157 duobus

1817 3184 2001 3238 modis
2028 3199 2194 3254 posse
2224 3183 2478 3237 accidere
2507 3182 2692 3252 video,
2718 3199 2849 3237 cum
2878 3189 2978 3238 aut
3006 3199 3192 3239 sermo
3216 3187 3512 3241 memoria

1815 3273 2118 3327 mandatus
2148 3277 2204 3326 et
2251 3287 2400 3342 sape
2444 3271 2735 3338 decursus,
2767 3272 2878 3326 alia
2907 3272 3224 3342 cogitandis
3252 3289 3349 3327 ore
3378 3273 3517 3328 fun-

1817 3361 2010 3428 ditur;
2038 3361 2188 3433 quod
2221 3361 2382 3416 nobis
2417 3377 2550 3414 cum
2587 3362 2870 3432 hymnum
2903 3362 3162 3415 canimus
3192 3377 3343 3433 sape
3373 3379 3511 3418 con-

1816 3449 2017 3521 tingit:
2041 3455 2139 3505 aut
2167 3466 2297 3504 cum
2343 3449 2457 3504 alia
2486 3465 2589 3521 pro
2637 3449 2764 3503 aliis
2793 3451 2964 3504 verba
2995 3457 3206 3521 prater
3249 3454 3510 3508 volunta-

1814 3543 1929 3593 tem
1949 3543 2200 3593 nostram
2225 3537 2436 3608 lingua
2467 3537 2645 3607 ipsius
2671 3553 2863 3591 errore
2892 3537 3231 3608 prosiliunt;
3264 3551 3398 3591 nam
3423 3536 3516 3590 hic
3591 3555 3594 3558 '

1816 3644 2044 3699 quoque
2076 3643 2190 3681 non
2211 3642 2408 3681 earum
2437 3641 2634 3679 rerum
2660 3625 2823 3695 signa
2853 3642 2994 3696 quas
3024 3625 3084 3679 in
3115 3625 3307 3679 animo
3336 3625 3511 3679 habe-

1814 3732 1963 3780 mus,
1998 3715 2326 3770 audiuntur.
2389 3714 2531 3767 Nam
2576 3714 2914 3766 mentientes
2969 3713 3202 3784 quidem
3258 3713 3514 3782 cogitant

1815 3804 1988 3860 etiam
2039 3805 2108 3858 de
2139 3802 2208 3856 iis
2261 3802 2432 3856 rebus
2482 3817 2623 3872 quas
2656 3803 2988 3872 loquuntur,
3042 3807 3104 3855 ut
3146 3802 3375 3855 tametsi
3411 3817 3511 3856 ne-

1815 3893 2057 3947 sciamus
2081 3909 2156 3946 an
2180 3907 2377 3946 verum
2407 3890 2615 3957 dicant,
2649 3891 2894 3944 sciamus
2916 3895 3110 3945 tamen
3137 3889 3303 3944 eosin
3315 3889 3510 3944 animo

1812 3981 2023 4037 habere
2070 3980 2224 4052 quod
2263 3980 2480 4049 dicunt,
2517 3979 2563 4032 si
2597 3995 2713 4033 non
2740 3978 2820 4032 eis
2851 3979 3069 4050 aliquid
3108 3979 3352 4033 duorum
3382 3994 3513 4050 qua

1813 4068 1930 4124 dixi
1951 4069 2196 4122 accidat:
2222 4083 2352 4138 qua
2381 4067 2427 4119 si
2452 4065 2579 4137 quis
2602 4071 2657 4119 et
2680 4065 2971 4120 interdum
3003 4065 3256 4120 accidere
3277 4071 3514 4120 conten-

1812 4158 1914 4224 dit,
1947 4161 2003 4211 et
2031 4173 2160 4211 cum
2182 4155 2384 4210 accidit
2413 4171 2711 4226 apparere,
2744 4170 3077 4226 quanquam
3125 4171 3274 4226 sape
3324 4155 3512 4208 occul-

1813 4252 1936 4302 tum
1966 4250 2071 4315 est,
2103 4251 2158 4300 et
2188 4262 2338 4315 sape
2369 4261 2460 4299 me
2491 4245 2691 4298 fefellit
2716 4245 3065 4311 audientem,
3124 4261 3238 4298 non
3279 4244 3506 4299 resisto.

1882 4338 1970 4390 43.
2005 4335 2114 4391 Sed
2144 4335 2232 4389 his
2263 4333 2466 4388 accidit
2489 4335 2643 4389 aliud
2696 4350 2897 4405 genus,
2930 4350 3063 4388 sane
3112 4334 3224 4388 late
3279 4339 3509 4405 patens,

1812 4427 1868 4477 et
1897 4439 2091 4478 semen
2127 4422 2637 4477 innumerabilium
2675 4422 3094 4476 dissensionum
3123 4427 3294 4493 atque
3329 4426 3510 4476 certa-

1811 4513 2033 4566 minum
2061 4529 2073 4565 :
2107 4528 2238 4565 cum
2268 4511 2363 4566 ille
2394 4511 2494 4581 qui
2524 4511 2776 4582 loquitur
2808 4510 3010 4565 eadem
3039 4511 3273 4581 quidem
3325 4510 3510 4581 signi-

1811 4599 1940 4654 ﬁcat
1969 4616 2097 4670 qua
2128 4597 2354 4670 cogitat,
2390 4599 2484 4653 sed
2517 4600 2859 4670 plerumque
2891 4603 3114 4652 tantum
3148 4599 3257 4652 sibi
3298 4605 3355 4653 et
3383 4599 3511 4654 aliis

1811 4689 2156 4760 quibusdam
2188 4705 2202 4755 ;
2262 4687 2315 4742 ei
2371 4703 2502 4742 vero
2559 4687 2651 4740 cui
2677 4687 2932 4757 loquitur
2963 4692 3018 4741 et
3047 4687 3187 4741 item
3217 4687 3342 4742 aliis
3369 4705 3512 4742 non-

1809 4776 2005 4842 nullis,
2051 4793 2168 4830 non
2222 4775 2377 4830 idem
2419 4775 2715 4846 signiﬁcat.
2750 4775 2968 4830 Dixerit
2997 4776 3150 4830 enim
3183 4776 3385 4848 aliquis
3416 4794 3534 4832 au-.

1809 4865 2096 4921 dientibus
2112 4864 2297 4930 nobis,
2329 4864 2400 4918 ab
2424 4864 2710 4935 aliquibus
2735 4864 2941 4919 belluis
2972 4865 3266 4920 hominem
3301 4867 3509 4922 virtute

1809 4953 2068 5025 superari
2099 4970 2114 5020 ;
2150 4970 2252 5007 nos
2277 4953 2428 5007 illico
2461 4953 2609 5007 ferre
2640 4969 2756 5007 non
2783 4970 3108 5024 possumus,
3141 4961 3198 5010 et
3220 4958 3363 5011 hanc
3388 4963 3509 5012 tam

1808 5043 2007 5099 falsam
2041 5042 2483 5113 pestiferamque
2536 5043 2878 5097 sententiam
2919 5059 3129 5115 magna
3185 5045 3508 5100 intentione

1806 5131 2159 5186 refellimus:
2194 5146 2323 5184 cum
2354 5131 2448 5184 ille
2473 5130 2709 5185 fortasse
2736 5131 3030 5196 virtutem,
3063 5135 3210 5188 vires
3250 5133 3506 5204 corporis

1808 5225 1981 5287 vocet,
2015 5225 2073 5274 et
2099 5220 2208 5274 hoc
2237 5219 2468 5274 nomine
2494 5219 2553 5274 id
2585 5221 2739 5291 quod
2778 5221 3051 5292 cogitavit
3089 5222 3368 5288 enuntiet,
3401 5237 3506 5275 nec

1811 5310 2141 5376 mentiatur,
2169 5325 2273 5364 nec
2303 5313 2453 5364 erret
2480 5311 2539 5364 in
2572 5311 2764 5378 rebus,
2794 5326 2900 5366 nec
2928 5311 3084 5365 aliud
3115 5309 3330 5381 aliquid
3381 5310 3504 5363 vol-

1805 5417 1941 5455 vens
1973 5400 2186 5466 animo,
2238 5398 2506 5453 mandata
2562 5399 2854 5454 memoria
2897 5401 3070 5453 verba
3104 5397 3366 5462 contexit,
3398 5413 3503 5452 nec

1809 5489 2023 5559 lingua
2054 5489 2216 5558 lapsu
2242 5486 2398 5542 aliud
2426 5503 2600 5559 quam
2630 5489 2890 5542 volvebat
2916 5491 3078 5540 sonet
3101 5485 3230 5551 ;sed
3257 5489 3504 5541 tantum-

1808 5578 1980 5633 modo
2033 5592 2155 5632 rem
2186 5591 2361 5648 quam
2393 5577 2624 5648 cogitat,
2653 5576 2766 5632 alio
2795 5591 2969 5648 quam
3001 5589 3107 5628 nos
3135 5572 3372 5630 nomine
3401 5589 3503 5645 ap-
