4074 6374
438 304 571 358 1219

435 425 633 496 pellat,
664 423 734 478 de
762 438 876 494 qua
901 420 983 476 illi
1013 419 1204 474 statim
1234 417 1660 486 assentiremur,
1695 417 1741 471 si
1767 417 1890 488 ejus
1919 416 2127 488 cogita-

433 513 651 568 tionem
679 525 973 582 possemus
1002 507 1302 580 inspicere,
1331 523 1500 578 quam
1530 505 1715 561 verbis
1765 507 1889 576 jam
1936 507 2127 576 prola-

432 601 505 655 tis
535 599 928 670 explicataque
958 596 1240 651 sententia
1271 612 1393 662 sua,
1418 595 1669 649 nondum
1691 593 1856 648 nobis
1877 595 2126 665 pandere

432 688 627 743 valuit.
663 686 802 742 Huic
831 685 1011 740 errori
1044 684 1436 740 deﬁnitionem
1465 683 1682 738 mederi
1713 699 1878 754 posse
1907 682 2124 751 dicunt,

432 781 498 831 ut
522 776 582 830 in
611 777 716 830 hac
747 774 1062 846 quaestione
1090 773 1138 828 si
1167 773 1430 829 deﬁniret
1475 772 1611 844 quid
1656 771 1730 826 sit
1757 772 1936 826 virtus
1960 792 1975 840 ;
2007 773 2125 825 elu-

432 869 602 933 ceret,
638 865 818 930 aiunt,
849 879 968 918 non
998 863 1068 918 de
1098 879 1183 929 re,
1214 862 1310 916 sed
1352 861 1421 915 de
1449 860 1622 914 verbo
1653 877 1771 914 esse
1800 863 2126 914 controver-

432 953 618 1009 siam:
679 951 832 1023 quod
884 955 948 1005 ut
985 950 1288 1004 concedam
1344 948 1423 1002 ita
1471 963 1614 1004 esse
1669 948 2126 1019 quotusquisque

431 1041 614 1096 bonus
654 1038 922 1094 deﬁnitor
959 1037 1203 1092 inveniri
1248 1038 1488 1107 potest?
1525 1041 1584 1092 et
1623 1041 1817 1091 tamen
1855 1037 2125 1092 adversus

431 1129 792 1200 disciplinam
823 1125 1139 1182 deﬁniendi
1160 1126 1338 1180 multa
1366 1125 1652 1196 disputata
1673 1129 1840 1192 sunt;
1868 1141 1998 1196 quae
2025 1141 2124 1180 ne-

432 1234 543 1289 que
577 1219 685 1271 hoc
710 1217 833 1271 loco
863 1218 1104 1268 tractare
1128 1218 1518 1284 opportunum
1543 1219 1647 1281 est,
1671 1230 1775 1268 nec
1800 1230 2124 1285 usquequa-

439 1322 551 1377 que
580 1322 614 1360 a
643 1321 734 1359 me
763 1303 1101 1374 probantur.

503 1396 592 1450 44.
627 1392 838 1448 Omitto
869 1391 1023 1462 quod
1051 1390 1230 1445 multa
1250 1407 1368 1445 non
1389 1391 1533 1447 bene
1563 1389 1848 1460 audimus,
1879 1396 1936 1446 et
1963 1391 2125 1462 quasi

432 1481 501 1534 de
541 1477 747 1533 auditis
775 1476 874 1532 diu
904 1475 1263 1546 multumque
1293 1476 1686 1530 contendimus
1710 1493 1723 1543 ;
1754 1477 1908 1530 velut
1933 1481 1996 1529 tu
2024 1491 2126 1530 nu-

431 1583 535 1640 per
573 1565 742 1620 verbo
772 1565 1021 1636 quodam
1066 1563 1294 1636 punico,
1331 1580 1461 1619 cum
1516 1581 1621 1636 ego
1670 1564 2123 1619 misericordiam

435 1655 726 1722 dixissem,
758 1653 1034 1724 pietatem
1077 1652 1382 1724 signiﬁcari
1429 1658 1484 1708 te
1515 1653 1738 1708 audisse
1789 1653 2015 1707 dicebas
2051 1653 2123 1707 ab

432 1744 511 1798 eis
535 1742 742 1814 quibus
792 1743 915 1796 haec
943 1739 1143 1810 lingua
1169 1740 1354 1812 magis
1393 1745 1528 1794 nota
1574 1745 1756 1796 esset:
1791 1757 1897 1811 ego
1930 1744 2123 1795 autem

435 1832 719 1893 resistens,
769 1829 905 1901 quid
937 1828 1224 1898 acceperis
1267 1828 1374 1883 tibi
1423 1829 1659 1884 omnino
1723 1828 1993 1883 excidisse
2034 1845 2122 1883 as-

431 1922 726 1986 serebam;
760 1918 912 1973 visus
937 1917 1089 1971 enim
1120 1916 1260 1970 mihi
1293 1932 1418 1970 eras
1446 1933 1560 1971 non
1590 1916 1863 1988 pietatem
1893 1917 2121 1985 dixisse,

432 2010 532 2064 sed
562 2008 755 2074 ﬁdem,
809 2022 940 2061 cum
997 2011 1053 2060 et
1089 2006 1588 2077 conjunctissimus
1637 2006 1780 2061 mihi
1826 2005 2119 2075 assideres,

431 2101 486 2152 et
515 2098 673 2152 nullo
711 2095 884 2150 modo
914 2095 1036 2149 haec
1065 2094 1177 2148 duo
1208 2093 1444 2148 nomina
1473 2093 1844 2150 similitudine
1873 2097 1998 2150 soni
2022 2113 2120 2151 au-

430 2203 553 2242 rem
575 2184 886 2256 decipiant.
938 2183 1043 2237 Diu
1073 2187 1128 2237 te
1163 2186 1357 2237 tamen
1385 2183 1687 2238 arbitratus
1733 2200 1861 2240 sum
1905 2186 2122 2241 nescire

431 2274 570 2346 quid
599 2272 702 2328 tibi
733 2257 1062 2334 dictumxsit,
1090 2285 1218 2323 cum
1252 2285 1358 2339 ego
1387 2269 1665 2324 nescirem
1695 2270 1832 2341 quid
1864 2271 2074 2326 dixeris
2108 2288 2121 2326 :

429 2379 564 2418 nam
595 2361 642 2416 si
678 2364 732 2415 te
763 2359 910 2413 bene
939 2357 1246 2423 audissem,
1277 2373 1640 2429 nequaquam
1661 2359 1806 2414 mihi
1835 2361 2123 2418 videretur

429 2447 744 2502 absurdum
774 2445 1042 2516 pietatem
1092 2449 1148 2497 et
1188 2443 1638 2499 misericordiam
1685 2461 1798 2500 uno
1846 2447 2120 2504 vocabulo

429 2534 639 2606 punice
668 2533 876 2588 vocari.
912 2534 1042 2586 Hec
1083 2532 1423 2603 plerumque
1468 2532 1766 2601 accidunt;
1796 2535 1894 2589 sed
1927 2552 2014 2606 ea,
2059 2541 2121 2592 ut

429 2622 565 2689 dixi,
597 2622 947 2690 omittamus,
973 2637 1044 2674 ne
1086 2620 1431 2675 calumniam
1477 2621 1668 2676 verbis
1708 2623 1778 2677 de
1828 2624 2117 2680 audientis

353 2722 363 2730 ”
427 2711 796 2784 negligentia,
842 2711 939 2764 vel.
959 2710 1131 2765 etiam
1160 2710 1229 2765 de
1269 2710 1546 2764 surditate
1575 2710 1877 2767 hominum
1924 2714 2119 2770 videar

425 2815 782 2856 commovere
806 2815 818 2854 :
853 2799 952 2853 illa
981 2798 1160 2869 magis
1181 2805 1399 2870 angunt
1427 2815 1556 2871 quae
1587 2800 1846 2870 superius
1879 2818 2112 2858 enume-

425 2889 563 2954 ravi,
607 2888 704 2943 ubi
762 2887 947 2942 verbis
999 2885 1380 2959 liquidissime
1434 2903 1570 2942 aure
1607 2888 1890 2959 perceptis
1943 2894 1998 2944 et
2035 2890 2115 2944 la-

425 2977 562 3032 tinis
589 2993 705 3031 non
742 2976 1016 3042 valemus,
1069 2991 1200 3030 cum
1239 2975 1496 3046 ejusdem
1534 2977 1747 3047 linguae
1796 2978 1994 3045 simus,
2037 2981 2114 3034 lo-

425 3065 727 3138 quentium
737 3063 985 3134 cogitata
1006 3079 1367 3134 cognoscere.

493 3155 583 3208 45.
613 3152 724 3207 Sed
773 3167 899 3206 ecce
927 3151 1050 3222 jam
1090 3150 1320 3205 remitto
1351 3155 1408 3206 et
1453 3153 1721 3222 concedo,
1770 3171 1902 3210 cum
1943 3155 2116 3210 verba

426 3242 552 3312 ejus
600 3239 799 3295 auditu
845 3238 938 3294 cui
991 3243 1127 3293 nota
1185 3244 1337 3305 sunt,
1394 3246 1624 3312 accepta
1666 3243 1900 3308 fuerint,
1950 3261 2113 3315 posse

423 3329 506 3384 illi
536 3345 658 3384 esse
707 3332 911 3383 notum
937 3328 1005 3382 de
1035 3326 1105 3382 iis
1143 3328 1312 3384 rebus
1340 3345 1481 3400 quas
1501 3330 1843 3402 signiﬁcant,
1883 3333 2116 3404 loquen-

421 3421 539 3471 tem
567 3415 933 3488 cogitavisse:
967 3431 1105 3468 num
1156 3415 1283 3472 ideo
1323 3417 1496 3473 etiam
1532 3418 1684 3490 quod
1715 3435 1868 3474 nunc
1905 3419 2112 3490 queri-

421 3509 534 3572 tur,
562 3509 754 3559 utrum
779 3520 911 3559 vera
939 3503 1164 3574 dixerit,
1186 3504 1409 3561 discit?

423 3591 648 3648 CAPUT
665 3585 810 3649 XIV.
839 3620 908 3634 —
938 3591 1185 3649 Christus
1214 3595 1358 3648 intus
1379 3593 1545 3661 docet,
1583 3594 1740 3650 homo
1769 3594 1945 3650 verbis
1970 3593 2115 3665 foris

1127 3680 1401 3737 admonet.

494 3771 644 3825 Num
695 3770 802 3824 hoc
839 3767 1099 3840 magistri
1133 3768 1497 3839 proﬁtentur,
1531 3772 1594 3823 ut
1621 3769 1863 3841 cogitata
1892 3785 2107 3836 eorum,

420 3873 484 3912 ac
511 3873 628 3913 non
658 3857 796 3928 ipsae
823 3855 1139 3927 disciplina:
1170 3873 1311 3928 quas
1339 3855 1624 3926 loquendo
1655 3871 1713 3909 se
1739 3855 1961 3910 tradere
2005 3873 2112 3926 pu-

422 3951 568 4013 tant,
599 3943 992 4017 percipiantur
1038 3947 1210 4014 atque
1251 3944 1592 3997 teneantur?
1628 3943 1770 3996 Nam
1817 3943 1945 4014 quis
1995 3947 2111 3998 tam

423 4035 590 4090 stulte
617 4033 873 4088 curiosus
903 4035 1005 4098 est,
1063 4031 1163 4103 qui
1197 4031 1381 4085 ﬁlium
1423 4045 1596 4108 suum
1634 4029 1818 4084 mittat
1854 4030 1914 4084 in
1945 4031 2111 4084 scho-

421 4122 557 4188 lam,
584 4125 650 4176 ut
677 4120 814 4192 quid
843 4120 1114 4190 magister
1140 4119 1351 4189 cogitet
1397 4116 1571 4172 discat
1592 4117 1620 4172 7
1643 4119 1715 4171 At
1743 4116 1876 4172 istas
1914 4134 2112 4172 omnes

951 295 1350 356 ADMONITIO
1390 296 1485 352 DE
1523 293 2013 363 SEQUENTIBUS
2051 291 2307 349 TRlBUS
2346 291 2579 348 LIBRIS
2617 293 2711 347 DE
2751 290 3013 348 LIBERO
3050 290 3413 348 ARBITRIO.

3801 296 3937 349 1220

2241 416 2323 472 illi
2344 416 2442 489 qui
2459 416 2722 488 discipuli
2747 419 3038 484 vocantur,
3070 421 3268 472 utrum
3295 433 3429 472 vera
3456 418 3606 474 dicta
3621 419 3755 483 sint,
3783 421 3936 492 apud

2239 508 2573 578 semetipsos
2611 505 2996 574 considerant,
3037 506 3374 563 interiorem
3405 509 3620 565 scilicet
3648 510 3808 565 illam
3839 527 3935 567 ve-

2237 596 2463 651 ritatem
2495 613 2600 667 pro
2629 595 2842 650 viribus
2873 595 3181 652 intuentes.
3219 598 3375 652 Tunc
3420 614 3556 670 ergo
3589 601 3845 655 discunt:
3878 605 3936 656 et

2237 703 2368 741 cum
2400 703 2532 741 vera
2573 687 2721 741 dicta
2766 702 2889 740 esse
2949 685 3102 741 intus
3144 687 3489 756 invenerint,
3540 690 3796 757 laudant,
3833 706 3932 746 ne-

2237 774 2476 829 scientes
2506 791 2622 830 non
2653 790 2710 830 se
2742 775 2998 830 doctores
3027 775 3218 848 potius
3247 776 3483 831 laudare
3507 794 3680 848 quam
3707 779 3932 845 doctos;

2235 863 2282 916 si
2312 868 2509 918 tamen
2537 868 2593 918 et
2618 864 2700 918 illi
2733 864 2887 934 quod
2914 865 3229 934 loquuntur
3267 864 3471 922 sciunt.
3510 867 3810 922 Falluntur
3838 883 3932 921 au-

2233 953 2350 1005 tem
2380 951 2663 1018 homines,
2697 957 2759 1006 ut
2805 969 2900 1006 eos
2947 952 3049 1024 qui
3078 970 3197 1008 non
3233 955 3680 1026 suntmagistros
3709 959 3934 1024 vocent,

2234 1037 2334 1108 qui
2365 1038 2706 1109 plerumque
2735 1039 2888 1094 inter
2917 1043 3145 1112 tempus
3175 1042 3479 1098 locutionis
3517 1048 3572 1098 et
3602 1049 3831 1115 tempus
3847 1059 3936 1098 co-

2232 1124 2523 1194 gnitionis,
2558 1127 2716 1181 nulla
2747 1143 2907 1182 mora
2936 1127 3361 1200 interponitur;
3390 1135 3447 1185 et
3501 1131 3775 1202 quoniam
3803 1138 3938 1202 post

2233 1214 2688 1270 admonitionem
2716 1217 3146 1271 sermocinantis
3180 1218 3290 1272 cito
3331 1219 3482 1274 intus
3513 1219 3762 1288 discunt,
3795 1219 3936 1274 foris

2231 1318 2291 1357 se
2323 1303 2394 1358 ab
2416 1319 2483 1358 eo
2516 1304 2615 1375 qui
2646 1304 2964 1371 admonuit,
2997 1304 3257 1360 didicisse
3288 1306 3658 1362 arbitrantur.
3787 1301 3796 1310 ’

2301 1392 2390 1445 46.
2423 1391 2531 1445 Sed
2559 1392 2628 1446 de
2680 1395 2800 1446 tota
2844 1391 3086 1446 utilitate
3143 1393 3464 1454 verborum,
3511 1409 3640 1464 quae
3693 1393 3741 1447 si
3787 1393 3933 1448 bene

2231 1477 2625 1533 consideretur
2670 1496 2785 1534 non
2836 1496 3009 1550 parva
3065 1485 3168 1546 est,
3204 1480 3364 1548 alias,
3407 1481 3453 1535 si
3500 1483 3651 1536 Deus
3715 1481 3931 1547 siverit,

2229 1565 2606 1636 requiremus.
2657 1567 2818 1621 Nunc
2884 1567 3037 1621 enim
3068 1584 3140 1621 ne
3194 1569 3322 1638 plus
3378 1569 3459 1622 eis
3491 1585 3666 1640 quam
3706 1573 3936 1639 oportet

2229 1653 2636 1717 tribueremus,
2694 1655 2968 1709 admonui
3009 1659 3101 1724 te;
3146 1659 3210 1710 ut
3246 1658 3368 1728 jam
3414 1673 3530 1712 non
3567 1657 3936 1711 crederemus

2230 1744 2474 1808 tantum,
2508 1743 2602 1797 sed
2633 1742 2806 1797 etiam
2836 1744 3155 1814 intelligere
3187 1744 3570 1816 inciperemus
3599 1761 3772 1816 quam
3799 1761 3934 1799 vere

2229 1829 2503 1900 scriptum
2543 1830 2616 1885 sit
2644 1831 2977 1886 auctoritate
3026 1831 3239 1899 divina,
3273 1849 3345 1887 ne
3374 1832 3538 1887 nobis
3576 1848 3932 1904 quemquam

2228 1916 2567 1987 magistrum
2597 1918 2851 1973 dicamus
2895 1918 2957 1973 in
3008 1919 3195 1983 terris,
3251 1920 3403 1990 quod
3454 1937 3603 1975 unus
3667 1921 3931 1976 omnium

2227 2005 2502 2075 magister
2530 2007 2589 2060 in
2619 2007 2774 2061 caelis
2803 2007 2877 2061 sit
2907 2009 3122 2071 (Matth.
3199 2024 3352 2078 xxm,
3410 2011 3590 2079 8-l0).
3659 2009 3806 2073 Quid
3857 2010 3934 2065 sit

2230 2097 2421 2148 autem
2464 2093 2525 2147 in
2581 2093 2754 2160 caelis,
2806 2094 3034 2148 docebit
3064 2094 3182 2166 ipse
3230 2112 3416 2169 a’quo
3475 2096 3646 2150 etiam
3694 2113 3798 2167 per
3832 2096 3931 2152 ho-

2229 2181 2413 2234 mines
2462 2181 2610 2251 signi
2641 2181 3022 2236 admonemur
3051 2186 3108 2236 et
3134 2182 3290 2250 foris,
3353 2188 3415 2238 ut
3464 2184 3532 2238 ad
3590 2200 3724 2239 eum
3773 2185 3930 2240 intro

2227 2268 2486 2322 conversi
2541 2269 2899 2323 erudiamur:
2954 2285 3126 2340 quem
3177 2267 3414 2340 diligere
3473 2286 3536 2324 ac
3566 2287 3730 2326 nosse
3760 2271 3933 2327 beata

2228 2356 2343 2411 vita
2370 2361 2474 2425 est,
2507 2374 2679 2428 quam
2711 2375 2769 2413 se
2809 2375 3010 2412 omnes
3041 2359 3288 2413 clamant
3317 2374 3594 2429 quaerere,
3624 2357 3795 2430 pauci
3819 2375 3930 2412 au-

2225 2448 2342 2499 tem
2372 2449 2505 2500 sunt
2533 2446 2631 2517 qui
2666 2463 2793 2501 eam
2822 2463 2954 2500 vere
2980 2463 3037 2500 se
3067 2445 3650 2502 invenisselmtentur.
3676 2447 3782 2502 Sed
3800 2446 3929 2517 jam

2225 2532 2368 2587 mihi
2397 2533 2547 2587 dicas
2574 2533 2770 2602 velim,
2828 2533 2966 2604 quid
3015 2533 3085 2586 de
3133 2533 3244 2587 hoc
3297 2538 3416 2588 toto
3473 2551 3600 2589 meo
3657 2551 3931 2589 sermone

2226 2621 2452 2677 sentias.
2485 2621 2541 2676 Si
2575 2622 2727 2676 enim
2755 2638 2888 2676 vera
2918 2637 3037 2676 esse
3069 2637 3197 2692 quae
3226 2621 3377 2676 dicta
3402 2627 3535 2678 sunt
3557 2623 3725 2690 nosti,
3751 2623 3931 2679 etiam

2224 2711 2293 2766 de
2324 2711 2565 2782 singulis
2596 2711 2889 2766 sententiis
2919 2711 3300 2782 interrogatus
3329 2729 3396 2767 ea
3426 2717 3480 2767 te
3504 2713 3644 2768 scire
3661 2713 3930 2770 dixisses:

2223 2797 2380 2853 vides
2411 2814 2547 2869 ergo
2576 2815 2609 2853 a
2634 2815 2749 2870 quo
2775 2798 2881 2852 ista
2910 2798 3204 2864 didiceris;
3233 2815 3421 2871 neque
3445 2801 3598 2856 enim
3631 2818 3663 2855 a
3693 2817 3808 2869 me,
3832 2803 3934 2857 cui

2223 2886 2452 2958 roganti
2483 2887 2675 2942 omnia
2706 2887 3102 2959 responderes.
3149 2887 3207 2943 Si
3251 2885 3443 2944 autem
3481 2906 3616 2944 vera
3657 2906 3777 2945 esse
3807 2906 3932 2945 non

2223 2973 2397 3041 nosti,
2454 2990 2560 3028 nec
2619 2989 2725 3046 ego
2783 2990 2888 3029 nec
2918 2974 3015 3029 ille
3061 2978 3116 3029 te
3173 2975 3399 3032 docuit:
3451 2978 3548 3033 sed
3601 2993 3730 3049 ego,
3786 2977 3936 3049 quia

2221 3079 2520 3135 nunquam
2581 3078 2815 3135 possum
2871 3063 3107 3130 docere;
3156 3063 3271 3130 ille,
3314 3065 3449 3136 quia
3490 3071 3551 3120 tu
3591 3066 3775 3120 adhuc
3804 3081 3934 3121 non

2220 3157 2387 3223 potes
2415 3152 2648 3207 discere.
2689 3151 2801 3207 Ad.
2839 3151 2954 3221 Ego
3001 3167 3132 3204 vero
3161 3151 3332 3207 didici
3363 3153 3752 3208 admonitione
3793 3170 3932 3208 ver-

2222 3239 2429 3295 borum
2445 3243 2699 3306 tuorum,
2732 3239 2878 3294 nihil
2908 3239 3063 3295 aliud
3084 3240 3268 3295 verbis
3297 3258 3470 3312 quam
3492 3242 3793 3297 admoneri
3821 3242 3934 3297 ho-

2221 3326 2437 3380 minem
2469 3331 2531 3381 ut
2576 3327 2772 3395 discat,
2808 3330 2863 3380 et
2915 3343 3222 3398 perparum
3273 3343 3393 3382 esse
3443 3329 3595 3400 quod
3625 3345 3730 3400 per
3759 3330 3930 3385 locu-

2220 3411 2439 3467 tionem
2479 3413 2770 3484 aliquanta
2798 3413 3610 3486 cogitatioloquentisapparet
3643 3432 3654 3470 :
3695 3415 3930 3472 utinam

2223 3504 2412 3555 autem
2441 3517 2574 3556 vera
2604 3501 2884 3568 dicantur,
2912 3516 3042 3554 eum
3064 3501 3266 3555 docere
3298 3502 3511 3571 solum,
3547 3502 3648 3574 qui
3679 3520 3736 3558 se
3765 3496 3934 3560 intus

2222 3586 2500 3655 habitare,
2569 3604 2699 3642 cum
2757 3587 2894 3642 foris
2946 3588 3294 3658 loqueretur,
3356 3589 3691 3658 admonuit;
3745 3607 3932 3662 quem

2217 3676 2358 3745 jam,
2391 3675 2611 3730 favente
2640 3674 2784 3746 ipso,
2837 3679 2998 3730 tanto
3052 3674 3343 3730 ardentius
3389 3676 3647 3748 diligam,
3701 3683 3934 3748 quanto

2222 3779 2319 3817 ero
2350 3762 2410 3817 in
2439 3763 2706 3819 discendo
2744 3763 3079 3834 provectior.
3145 3765 3554 3826 Verumtamen
3603 3763 3738 3818 huic
3790 3781 3932 3819 ora-

2221 3851 2365 3905 tioni
2437 3855 2570 3919 tuae,
2628 3868 2741 3922 qua
2805 3857 3084 3923 perpetua
3134 3869 3270 3908 usus
3318 3869 3398 3924 es,
3457 3853 3529 3908 ob
3576 3853 3683 3907 hoc
3733 3851 3932 3909 habeo

2221 3939 2466 3994 maxime
2499 3940 2762 4010 gratiam,
2789 3941 2938 4012 quod
2971 3941 3165 3996 omnia
3197 3958 3324 4014 quae
3350 3941 3731 3998 contradicere
3759 3959 3933 4013 para-

2220 4031 2311 4082 tus
2364 4045 2542 4096 eram,
2598 4031 3019 4100 praeoccupavit
3072 4035 3242 4102 atque
3309 4031 3600 4099 dissolvit;
3655 4030 3932 4103 nihilque

2219 4116 2453 4171 omnino
2511 4117 2608 4172 abs
2651 4122 2706 4173 te
2738 4118 3073 4174 derelictum
3104 4124 3206 4187 est,
3239 4121 3390 4191 quod
3433 4136 3523 4174 me
3553 4119 3794 4175 dubium
3832 4121 3928 4176 fa-

2219 4205 2423 4273 ciebat,
2453 4205 2522 4261 de
2554 4222 2667 4278 quo
2697 4223 2813 4261 non
2896 4208 2974 4263 ita
3010 4207 3156 4263 mihi
3205 4209 3578 4279 responderet
3631 4213 3926 4265 secretum

2220 4293 2362 4349 illud
2393 4296 2707 4364 oraculum,
2738 4300 2804 4350 ut
2827 4296 2941 4351 tuis
2969 4296 3154 4351 verbis
3183 4297 3555 4352 asserebatur.

418 4209 746 4281 disciplinas
776 4224 916 4280 quas
953 4224 1012 4262 se
1063 4207 1266 4261 docere
1301 4205 1623 4274 proﬁtetur,
1659 4204 1950 4276 ipsiusque
1996 4204 2109 4259 vir-

418 4298 560 4353 tutis
587 4302 758 4368 atque
798 4293 1114 4367 sapientiae,
1143 4308 1275 4347 cum
1304 4291 1492 4345 verbis
1521 4290 1952 4363 explicaverint;
1987 4296 2109 4346 tum

1719 4527 2598 4636 ADMONITIO

1074 4697 1178 4763 DE
1226 4697 1772 4776 SEQUENTIBUS
1820 4699 2100 4766 TRIBUS
2149 4699 2400 4766 LIBRIS
2447 4702 2554 4767 DE
2601 4702 2885 4769 LIBERO
2932 4703 3321 4769 ABBITRIO.

491 4839 568 4894 Ex
598 4836 852 4909 Reliquis
880 4837 1117 4909 hujusce
1146 4837 1286 4893 tomi
1312 4837 1470 4893 libris
1500 4838 1599 4910 qui
1620 4838 1691 4892 ad
1720 4837 2098 4892 confutandos
2120 4838 2560 4896 Manichaeorum
2592 4859 2810 4897 errores
2831 4845 3107 4913 spectant,
3125 4841 3378 4912 primum
3410 4839 3520 4903 hic,
3548 4842 3613 4895 ut
3641 4840 3703 4895 in
3732 4841 3929 4898 hacte-

422 4945 529 4983 nus
558 4927 794 4995 excusis,
829 4928 1130 4983 exhibetur
1157 4945 1300 5000 opus
1321 4928 1413 4983 cui
1440 4928 1510 4982 de
1537 4927 1738 4982 Libero
1766 4927 2015 4982 Arbitrio
2046 4927 2246 4982 titulus
2275 4933 2394 4983 est:
2423 4931 2574 5001 quod
2604 4931 2836 5002 quidem
2895 4947 3044 4985 anno
3097 4929 3305 4985 Christi
3334 4928 3728 4983 trecentesimo
3760 4936 3927 4986 octo-

417 5017 635 5089 gesimo
668 5020 863 5071 octavo
894 5017 1087 5071 Romae
1115 5022 1318 5089 agente
1348 5017 1668 5088 Augustino
1699 5016 2046 5083 inchoatum,
2081 5015 2403 5073 absolutum
2433 5035 2566 5074 vero
2597 5019 2940 5075 arbitramus
2961 5035 3109 5073 anno
3126 5019 3521 5074 trecentesimo
3541 5019 3924 5089 nonagesimo

420 5107 642 5178 quinto.
673 5107 798 5161 Non
826 5105 980 5160 enim
1005 5106 1321 5176 perfectum
1353 5106 1424 5160 ab
1455 5105 1578 5177 ipso
1605 5105 1712 5161 fuit
1742 5111 1872 5177 post
1901 5108 2158 5178 elapsum
2187 5106 2339 5161 hunc
2365 5124 2582 5162 annum
2611 5125 2723 5180 quo
2755 5107 3147 5179 episcopatum
3177 5108 3415 5180 adeptus
3437 5111 3542 5176 est,
3599 5123 3729 5161 cum
3759 5107 3923 5162 illius

414 5195 738 5250 secundum
767 5194 1121 5265 tertiumque
1149 5194 1362 5249 librum
1392 5193 1712 5265 presbyter,
1741 5199 1808 5250 ut
1838 5195 1938 5266 ait,
1973 5195 2268 5251 ordinatus
2297 5195 2689 5251 terminaverit
2710 5198 2962 5266 (Retract.
3000 5196 3093 5252 lib.
3141 5201 3190 5261 1,
3234 5213 3358 5266 cap.
3401 5199 3456 5264 9,
3505 5211 3562 5252 η.
3612 5199 3679 5260 1).
3717 5196 3922 5268 Neque

416 5289 592 5343 etiam
621 5293 754 5344 ante
777 5303 992 5343 annum
1023 5287 1313 5353 eumdem,
1344 5302 1474 5340 cum
1503 5287 1853 5357 Augustinus
1883 5287 1945 5342 in
1975 5287 2222 5359 Epistola
2249 5287 2338 5353 27,
2373 5288 2500 5356 n.4,
2532 5285 2767 5340 Paulino
2797 5286 3028 5341 Nolensi
3053 5285 3320 5357 episcopo
3363 5283 3570 5339 scribat
3605 5284 3824 5340 nescire
3854 5301 3917 5342 se

417 5376 653 5448 aliquod
681 5377 1004 5448 scriptionis
1026 5393 1205 5448 genus
1235 5375 1480 5430 edidisse
1511 5376 1664 5447 quod
1695 5376 2080 5431 Romanianus
2102 5373 2490 5448 (quividelicet
2508 5373 2569 5427 in
2594 5375 2813 5429 Italiam
2830 5375 2934 5430 sub
2961 5374 3124 5430 istius
3145 5375 3280 5429 anni
3305 5373 3602 5429 exordium
3621 5373 3918 5444 profectus

416 5463 558 5534 erat)
591 5481 763 5535 penes
791 5481 850 5520 se
877 5480 994 5520 non
1021 5464 1259 5519 haberet
1287 5480 1300 5518 :
1335 5467 1534 5534 postea
1579 5479 1735 5531 vero,
1769 5463 2016 5535 Epistola
2073 5466 2160 5532 31,
2193 5481 2251 5520 n.
2305 5469 2363 5534 7,
2392 5463 2499 5518 hoc
2529 5479 2672 5534 opus
2725 5464 2965 5519 Paulino
3016 5464 3125 5536 ipsi
3155 5464 3356 5518 offerat
3411 5462 3513 5517 sub
3563 5461 3650 5515 his
3686 5463 3910 5518 verbis:

418 5568 449 5602 α
479 5553 613 5606 Tres
643 5554 836 5622 libros,
869 5558 1039 5626 atque
1067 5554 1291 5608 utinam
1319 5556 1435 5612 tam
1467 5553 1701 5623 grandis
1727 5553 2057 5627 quaestionis
2073 5553 2534 5625 itaexplicatores
2552 5556 2614 5607 ut
2634 5553 3354 5625 grandes,misiSanctitati
3384 5557 3440 5606 et
3477 5550 3751 5605 Charitati
3773 5556 3913 5624 ture,
