4074 6400
46 290 175 342 1221
832 285 928 343 DE
967 285 1228 344 LIBEBO
1265 285 1626 355 ARBITRIO,
1670 285 1726 342 S.
1767 285 2152 344 AUGUSTINI
2193 288 2408 345 LIBER
2445 288 2730 348 PRIMUS.
3415 294 3552 350 {222

41 432 68 455 (ι
100 425 241 463 nam
268 408 508 480 quaestio
540 425 742 464 eorum
784 409 852 466 de
890 410 1093 466 Libero
1120 410 1369 466 Arbitrio
1406 414 1506 465 est.
1553 411 1663 465 Hos
1693 411 1886 464 autem
1915 426 2030 464 non
2060 410 2290 478 habere,
2321 415 2419 468 aut
2445 429 2642 468 omnes
2671 429 2788 469 non
2816 413 3025 469 habere
3053 415 3288 470 fratrem
3339 416 3548 471 Roma-

45 516 70 548 ¢
103 497 351 552 nianum
380 497 514 564 scio,
549 517 577 549 »
609 501 714 552 etc.

111 588 179 641 In
211 586 401 658 primo
429 587 576 641 libro
609 591 764 641 mota
792 586 1137 659 perdifficilii
1169 590 1482 659 quaestione
1518 586 1635 647 illa,
1669 602 1779 656 qua
1814 601 1872 640 se
1903 585 2040 640 olim
2070 587 2437 642 vehementer
2463 589 2740 659 agitatum
2769 595 2939 663 atque
2968 591 3028 646 in
3057 591 3396 648 Manichaeos
3427 593 3534 648 im-

39 676 276 744 pulsum
309 675 481 730 fuisse
511 675 811 731 conﬁtetur
839 677 1206 748 Augustinus,
1241 678 1399 733 Unde
1429 677 1643 731 scilicet
1665 675 1882 729 malum
1911 679 2170 729 exortum
2198 675 2289 745 sit,
2324 677 2564 746 explicat
2592 680 2842 750 primum
2872 680 3010 752 quid
3041 681 3113 735 sit
3144 682 3291 736 male
3322 681 3531 750 facere,

39 770 286 835 tumque
317 765 466 819 mala
495 765 798 820 hominum
827 766 974 820 facta
1003 765 1231 820 nonnisi
1262 782 1326 820 ex
1359 767 1540 821 libero
1571 763 1875 821 voluntatis
1896 763 2133 818 arbitrio
2155 764 2436 835 proﬁcisci
2461 767 2701 836 probat:
2733 771 2946 842 quippe
2969 786 3102 826 cum
3130 771 3377 839 libidini,
3407 788 3537 842 quae

36 849 97 902 in
130 850 405 904 omnibus
435 850 748 904 malefactis
777 850 1127 918 dominatur,
1159 851 1371 904 servire
1402 867 1563 906 mens
1593 869 1625 906 a
1655 856 1815 910 nullo
1842 859 2095 924 cogatur.

111 935 180 988 In
215 935 362 989 libro
405 935 679 1003 secundo,
719 933 1049 989 difﬁcultate
1081 935 1236 1006 quod
1267 935 1533 1002 libertas,
1561 953 1674 1008 qua
1712 947 1997 1012 peccatur,
2031 959 2064 997 a
2106 944 2218 998 Deo
2250 943 2489 998 datasit
2526 951 2871 1016 emergente,
2908 948 3018 1002 tria
3047 948 3167 1003 haec
3196 949 3528 1021 disquirun-

33 1029 128 1076 tur
153 1039 166 1076 :
198 1023 322 1087 Qua
346 1023 568 1078 ratione
600 1024 780 1078 Deum
812 1039 931 1078 esse
973 1023 1340 1080 manifestum
1369 1024 1478 1094 sit;
1512 1042 1585 1081 an
1617 1028 1686 1082 ab
1716 1028 1839 1100 ipso
1865 1031 1977 1086 sint
2003 1032 2153 1088 bona
2183 1049 2560 1105 quascumque
2588 1051 2600 1101 ;
2633 1040 2830 1090 utrum
2861 1035 2919 1090 in
2950 1037 3113 1091 bonis
3141 1038 3424 1092 censenda
3456 1037 3531 1092 sit

35 1112 224 1166 libera
252 1112 537 1167 voluntas.

30 1210 42 1239 -'
105 1201 174 1254 In
202 1201 370 1255 tertio
417 1199 742 1270 disputatur
772 1199 922 1254 unde
971 1199 1076 1254 iste
1115 1203 1304 1254 motus
1335 1201 1538 1256 existat
1573 1219 1687 1275 quo
1729 1206 1851 1277 ipsa
1893 1209 2152 1263 voluntas
2198 1209 2268 1264 ab
2298 1209 2752 1266 incommutabili
2789 1211 2938 1266 bono
2969 1212 3241 1266 avertitur
3269 1214 3341 1268 ad
3381 1229 3532 1268 com-

36 1289 316 1344 mutabile
366 1290 616 1356 bonum;
668 1305 740 1343 an
783 1289 1027 1344 invicem
1073 1290 1443 1345 adversentur
1491 1293 1588 1347 Dei
1632 1296 1991 1365 praescientia
2031 1299 2100 1353 de
2147 1299 2448 1354 hominum
2495 1301 2757 1370 peccatis,
2807 1309 2862 1355 et
2910 1301 3214 1356 hominum
3270 1302 3535 1372 ipsorum

36 1381 93 1431 in
124 1378 416 1449 peccando
465 1377 716 1432 libertas.
763 1378 887 1432 Mox
938 1378 1260 1432 ostenditur
1295 1393 1662 1450 nequaquam
1701 1380 1756 1434 id
1801 1384 2053 1439 Creatori
2095 1387 2488 1458 deputandum
2527 1389 2679 1460 quod
2723 1389 2783 1443 in
2823 1395 3085 1444 creatura
3133 1391 3209 1444 ita
3261 1390 3386 1445 ﬁeri
3433 1407 3533 1445 ne-

32 1485 188 1522 cesse
265 1472 364 1535 est,
435 1471 498 1520 ut
551 1467 843 1521 voluntate
914 1466 1272 1536 peccantium
1327 1466 1460 1533 fiat;
1521 1473 1576 1522 et
1629 1486 1861 1540 prorsus
1906 1474 1974 1528 de
2021 1480 2316 1542 creaturae,
2389 1493 2518 1547 quae
2585 1481 2810 1548 peccato
2880 1478 3128 1532 obnoxia
3195 1479 3286 1544 sit,
3346 1479 3541 1533 condi-

34 1558 193 1611 tione
225 1573 290 1610 ac
321 1554 598 1626 supplicio
639 1555 990 1610 laudandum
1029 1571 1148 1610 esse
1183 1558 1378 1610 Deum.
1417 1556 1556 1610 Hinc
1602 1558 1672 1612 ad
1716 1559 1953 1632 originis
1994 1562 2192 1617 vitium
2233 1565 2504 1635 perducta
2543 1565 2944 1636 disputatione,
2978 1567 3300 1621 declaratur
3329 1583 3531 1638 quem-

32 1645 351 1700 admodum
398 1645 505 1699 hoc
549 1644 740 1714 ipsum
795 1645 949 1700 haud
1000 1644 1210 1716 injuste
1259 1643 1316 1698 in
1371 1644 1502 1698 Adaa
1553 1650 1806 1716 posteros
1853 1649 2208 1719 demanarit;
2259 1655 2314 1706 et
2352 1652 2617 1724 deinceps
2670 1653 3031 1709 difﬁcultates
3079 1655 3374 1710 nonnullae
3422 1656 3530 1709 huc

34 1736 394 1806 pertinentes
420 1735 762 1790 enodantur.

1211 1823 1256 1859 s.
1296 1820 1628 1860 AUGUSTINUS
1668 1823 1831 1876 EPIST,
1865 1811 1986 1875 143,
2019 1825 2379 1866 MARCELLINO.

109 1934 138 1988 ᾳ
163 1913 398 1988 ΔΙιὶῇιθνςθ
421 1916 601 1988 tuae...
635 1911 848 1988 habent
873 1910 1246 1988 quaestionem
1268 1909 1411 1963 mihi
1431 1911 1784 1988 propositam
1814 1928 1879 1988 ex
1908 1913 2085 1980 libris,
2114 1931 2233 1988 non
2260 1915 2487 1988 divinis,
2515 1915 2614 1988 sed
2637 1915 2800 1980 meis,
2827 1933 2971 1988 quos
2989 1915 3186 1987 scripsi
3215 1916 3285 1970 de
3315 1916 3548 1971 Libero-

34 1984 314 2038 Arbitrio.
353 1985 414 2038 In
441 1983 648 2037 talibus
676 1987 868 2036 autem
890 1981 1313 2056 quaestionibus
1346 1997 1460 2056 non
1489 1983 1739 2035 multum
1770 1984 2002 2056 laboro:
2037 1986 2170 2056 quia
2199 1986 2304 2040 etsi
2332 1986 2559 2041 defendi
2600 1981 2879 2042 sententia
2910 2004 3036 2042 mea
3064 1981 3288 2056 liquida
3316 1988 3540 2042 ratione

36 2072 158 2129 non
188 2060 397 2129 potest,
430 2059 707 2129 mea‘est;
741 2069 857 2129 non
887 2059 1010 2129 ejus
1039 2053 1311 2129 auctoris,
1326 2053 1498 2129 cujus
1527 2069 1756 2106 sensum
1778 2053 2102 2129 improbare
2131 2057 2213 2110 fas
2243 2073 2358 2110 non
2379 2062 2528 2112 est...
2565 2059 2676 2129 Hoc
2701 2064 2894 2112 tamen
2922 2059 3079 2129 quod
3108 2053 3169 2112 in
3197 2059 3364 2112 tertio
3396 2059 3544 2113 libro

35 2128 110 2199 de
142 2123 619 2199 Libero__.Arbitrio
643 2141 774 2178 cum
801 2125 870 2178 de
897 2125 1210 2177 substantia
1236 2123 1496 2199 rationali
1523 2139 1753 2199 agerem
1784 2123 1916 2179 sic’a
1941 2142 2032 2180 me
2063 2129 2312 2196 positum
2341 2133 2425 2199 est
2445 2135 2506 2182 ut
2532 2128 2778 2182 dicerem
2804 2146 2816 2183 :
2850 2149 2878 2180 ‹‹
2898 2123 2961 2183 hi
2990 2129 3324 2199 corporibus
3350 2134 3544 2184 autem

37 2217 65 2248 ς(
98 2196 472 2280 inferioribus
493 2195 684 2280 anima
703 2201 834 2280 post
854 2200 1151 2280 peccatum
1173 2194 1435 2280 ordinata
1456 2196 1601 2274 regit
1625 2210 1831 2280 corpus
1857 2212 2046 2280 suum,
2063 2194 2187 2280 non
2210 2198 2542 2279 omnimodo
2566 2216 2672 2269 pro
2691 2200 2946 2260 arbitrio,
2963 2200 3056 2254 sed
3081 2194 3228 2254 sicut
3245 2201 3400 2280 leges
3412 2201 3541 2254 uni-

38 2289 64 2319 ιι
101 2267 389 2345 versitatis
414 2267 642 2345 sinunt:
677 2266 1040 2345 »_diligenter
1064 2266 1384 2345 advertant,
1418 2266 1516 2334 qui
1546 2269 1750 2345 putant
1779 2282 1870 2320 me
1903 2268 2119 2345 aliquid
2141 2270 2222 2345 _de_
2250 2268 2441 2345 anima
2470 2266 2722 2345 humana
2743 2272 2896 2325 velut
2922 2276 3138 2345 certum
3168 2266 3425 2345 statuisse
3458 2274 3541 2345 at-

36 2356 155 2410 que
188 2339 398 2413 ﬁxisse,
450 2338 604 2408 quod
645 2338 842 2413 velex_
854 2409 864 2413 Α
877 2337 1210 2413 parentibus
1242 2351 1367 2413 per
1392 2337 1768 2413 propaginem
1814 2337 2026 2413 veniat,
2071 2341 2158 2413 vel
2207 2340 2268 2393 in
2311 2341 2529 2394 actibus
2578 2341 2709 2395 vitm
2749 2341 3057 2412 superioris
3095 2345 3267 2412 atque
3300 2342 3542 2396 caelestis

36 2407 381 2483 peccaverit,
431 2407 495 2462 ut
536 2407 892 2483 corruptibili
927 2424 1095 2462 carne
1132 2407 1729 2483 merereturnincludi;
1759 2413 1816 2461 et
1842 2407 2068 2463 videant
2105 2410 2185 2464 sic
2215 2427 2248 2464 a
2285 2427 2375 2464 me
2417 2413 2589 2466 verba
2635 2407 3274 2483 fuisse'perpensafut
3319 2415 3543 2466 retento

36 2476 102 2535 eo
131 2481 292 2556 _quod_
319 2484 540 2556 certum
567 2476 772 2556 habeo,
810 2484 1265 2556 post_pec_catum
1296 2476 1490 2556 p.rimi_
1513 2477 1760 2556 hominis
1789 2483 1949 2532 natos
1987 2497 2110 2556 esse
2135 2486 2305 2552 atque
2353 2483 2508 2556 nasci
2549 2489 2782 2538 caeteros
2810 2476 3074 2556 homines
3115 2476 3175 2536 in
3205 2499 3374 2556 carne
3413 2499 3542 2554 pec-

33 2548 298 2633 catilcui
327 2549 781 2634 sanandi-evenit
823 2550 883 2604 in
929 2548 1177 2634 Domino.
1218 2548 1532 2634 similitudo
1559 2549 1776 2634 lcarnis.
1810 2551 2047 2632 peccati,
2097 2552 2174 2605 ita
2210 2548 2416 2634 omnia
2461 2559 2751 2634 sonarent,
2801 2559 2866 2608 ut
2911 2553 3055 2608 nulli
3101 2548 3546 2634 praejudicarent

33 2622 303 2706 opinioni
329 2621 1030 2706 quatiior_illarum,‘quas
1060 2618 1491 2706 postea‘diigessi
1519 2623 1692 2688 atque
1723 2618 1978 2706 distinxi,
2010 2618 2126 2675 non
2155 2623 2500 2706 conﬁrmans
2539 2618 2815 2696 aliquam,
2851 2626 2944 2679 sed
2983 2618 3396 2706 interim'quod
3419 2639 3550 2706 age-

33 2689 172 2748 bam
207 2689 559 2818 sesquestrata
586 2691 816 2817 illarpm
855 2689 1206 2747 discussione
1236 2689 1647 2757 determinans,
1679 2695 1742 2745 ut
1773 2707 2152 2764 quascumque
2183 2695 2414 2748 illarum
2444 2711 2575 2750 vera
2599 2689 2766 2765 esset,
2801 2689 2952 2750 Deus
2988 2695 3108 2749 sine
3141 2689 3316 2750 dubio
3345 2689 3543 2750 lauda-

35 2772 218 2818 retur.
292 2779 380 2816 1V6
409 2778 588 2818 enim.
622 2781 648 2813 »
679 2779 709 2816 e
738 2780 786 2817 c.
3227 2794 3236 2800 -

35 2772 218 2819 retur.
254 2772 380 2818 Sive
409 2778 588 2831 enim,
622 2781 648 2813 »
679 2772 786 2817 etc.
3227 2794 3236 2800 -

141 2851 299 2921 Vide
326 2863 651 2940 prwtcrea
681 2852 925 2918 librum
957 2862 1017 2933 1,
1052 2873 1199 2940 cap.
1232 2860 1294 2917 9.
1334 2853 1862 2930 Retractionum,
1899 2851 2021 2918 col.
2067 2859 2219 2930 595,
2257 2874 2299 2917 α
2333 2851 2568 2933 verbis,
2601 2855 2767 2920 Cum
2813 2856 3032 2920 adhuc
3069 2855 3319 2935 Romae,
3355 2875 3420 2919 η.
3475 2863 3539 2934 1,

37 2965 248 3032 usque
286 2939 380 3007 ad
405 2940 525 3006 col.
563 2947 716 3022 599,
759 2963 825 3006 η.
863 2949 927 3022 6,
971 2939 1207 3021 verbis,
1253 2961 1393 3005 non
1425 2943 1511 3004 sit
1543 2948 1784 3005 auctor
1819 2943 2002 3005 mali.
2456 2943 2543 3008 M.

923 3163 1029 3268 S.
1109 3163 1760 3270 AUBELII
1827 3163 2669 3269 AUGUSTINI

1348 3328 1864 3379 HIPPONENSIS
1897 3330 2256 3380 EPISCOPI

468 3457 770 3616 DE
899 3455 1798 3619 LIBERO
1935 3451 3139 3616 ARBITRIO

1401 3681 1720 3758 LIBRI
1794 3678 2203 3762 TRES‘“).

1111 3841 2468 4057 LIBER—Eamus.

42 4121 97 4167 In
131 4131 241 4182 quo
269 4120 413 4182 mota
433 4116 746 4182 quastione,
774 4114 1634 4182 Unde__malum.explicaturquid
1665 4115 1732 4182 sit
1754 4116 1890 4182 male
1910 4129 2098 4182 agere;
2118 4119 2338 4182 tumque
2360 4114 2499 4182 mala
2521 4113 2799 4182 hominum
2820 4113 2956 4164 facta
2975 4128 3040 4164 ex
3061 4115 3233 4182 libera
3251 4117 3546 4167 voluntatis

230 4177 723 4243 arbitrio'proﬁcisci
747 4179 1073 4239 ostenditur;
1105 4177 1298 4243 quippe
1328 4192 1450 4228 cum
1474 4177 1699 4239 libidini,
1721 4192 1840 4242 quas
1869 4179 1925 4227 in
1945 4177 2088 4228 omni
2111 4177 2412 4228 facto’malo
2443 4182 2642 4241 regnat,
2667 4177 2860 4226 servire
2890 4191 3041 4227 mens
3063 4193 3095 4228 a
3123 4179 3272 4228 nullo
3301 4184 3542 4243 cogatur.

109 4369 344 4426 CAPUT
367 4367 664 4424 PRIMUM.
684 4368 922 4438 —§Deus
948 4382 1019 4421 an
1043 4367 1277 4435 alicujus
1306 4368 1440 4421 mali
1464 4370 1668 4421 auctor.
1850 4365 2044 4420 fecisse
2073 4364 2314 4419 dicimus
2345 4380 2358 4418 :
2394 4363 2527 4430 alio,
2569 4379 2699 4418 cum
2738 4363 2876 4418 mali
2905 4363 3123 4436 aliquid
3153 4380 3274 4419 esse
3313 4379 3547 4435 perpes-

113 4465 166 4514 1.
205 4459 443 4512 EvoniUs
486 4456 598 4526 (b):
651 4456 749 4510 Dic
805 4455 970 4522 mihi,
1023 4471 1214 4526 quasso
1243 4459 1318 4521 te,
1357 4459 1552 4510 utrum
1597 4457 1744 4510 Deus
1851 4470 2001 4509 sum.
2047 4456 2110 4508 E.
2174 4455 2252 4507 De
2283 4457 2528 4524 utroque
2583 4451 2725 4506 scire
2781 4452 2973 4522 cupio.
3017 4455 3094 4507 Α.
3148 4455 3219 4506 At
3270 4453 3317 4506 si
3363 4454 3547 4508 Deum

39 4565 156 4603 non
209 4547 283 4600 sit
311 4549 510 4600 auctor
545 4545 726 4600 mali?
754 4547 1140 4598 Aucusrixus:
1177 4543 1388 4610 Dicam,
1421 4543 1468 4597 si
1504 4545 1743 4614 planum
1851 4543 2069 4598 bonum
2109 4559 2229 4596 esse
2273 4541 2420 4596 nosti
2458 4541 2545 4596 vel
2584 4541 2788 4608 credis,
2837 4557 3024 4612 neque
3072 4542 3227 4596 enim
3267 4541 3432 4596 aliter
3464 4542 3552 4597 fas

37 4635 247 4692 feceris
278 4634 347 4688 de
378 4650 492 4705 quo
522 4635 673 4688 malo
698 4648 940 4704 quaeras.
977 4632 1209 4686 Duobus
1237 4631 1390 4685 enim
1428 4632 1612 4686 modis
1642 4647 1740 4702 ap-
1851 4636 1953 4698 est,
2033 4632 2182 4686 male
2236 4647 2352 4685 non
2407 4630 2574 4685 facit:
2649 4630 2696 4685 si
2753 4633 2934 4685 Deum
2986 4631 3210 4701 justum
3276 4631 3544 4702 fatemur,

37 4725 260 4800 pellare
289 4722 538 4776 solemus
585 4722 802 4776 malum
835 4737 849 4786 ;
897 4736 1034 4787 uno,
1089 4735 1220 4774 cum
1270 4720 1418 4774 male
1455 4736 1741 4792 quemque
1849 4737 1986 4776 nam
2015 4725 2072 4775 et
2097 4721 2203 4775 hoc
2229 4735 2439 4792 negare
2468 4718 2808 4790 sacrilegum
2837 4722 2943 4785 est,
2988 4723 3054 4774 ut
3084 4718 3251 4773 bonis
3285 4719 3549 4792 praemia,
3651 4742 3658 4747 -

1373 4832 1636 4868 ΔΒΜΟΧΠΊΟ
1672 4832 1744 4867 PP.
1781 4830 2233 4868 BBNEDICTINORU‘I.

1920 4830 2233 4868 DICTINORU'I.
3525 4827 3529 4830 ’

101 4908 200 4957 llis
214 4907 535 4969 castigandis
556 4907 792 4956 subsidio
814 4907 1029 4956 fuerunt
1048 4907 1168 4956 Mss.
1189 4905 1953 4969 Corbeiensis,riGermanensis,
1971 4904 2420 4969 Gemmeticensis,
2438 4903 2791 4969 Pratellensis,
2815 4902 3198 4969 Audoenensis,
3227 4901 3544 4969 Sergie‘nsis,

34 4966 873 5032 Casalensis,vltegio-Montensis,
896 4970 1106 5032 Regius,
1140 4967 2216 5032 Arnullensis,_Thuanensis,Victorinus,
2249 4966 2522 5032 Sorbonici
2541 4967 2664 5032 duo,
2692 4980 2828 5032 unus
2857 4966 3543 5032 Augustiniauoruinparis

39 5032 260 5096 majoris
281 5027 588 5096 conventus,
615 5027 1076 5096 Dominicanor'um
1095 5027 1197 5096 'via
1210 5030 1471 5096 Joco_baza,
1495 5030 1768 5096 Bernensis
1789 5027 2040 5089 ecClesiaz,
2064 5029 2382 5079 Vedastiuus
2403 5032 2453 5077 et
2474 5028 2778 5089 Vaticanus,
2798 5027 3052 5077 lectiones
3074 5041 3283 5092 quoque
3307 5027 3542 5091 Belgico-

41 5068 159 5144 rutis
194 5098 422 5157 quatuor
450 5068 588 5156 apud
620 5094 765 5148 Lov..
797 5107 855 5142 ac
882 5093 1141 5143 editiones
1171 5093 1296 5142 Bad.
1324 5093 1408 5141 Er.
1440 5068 1491 5141 et
1514 5093 1636 5141 Lov.

135 5175 692 5264 Comparavimus
728 5185 1051 5262 praeterea
1107 5195 1218 5240 eas
1270 5194 1492 5240 omnes
1544 5171 1856 5241 editiones
1886 5171 2072 5240 initio
2111 5173 2684 5237 Retractationum
2715 5177 2783 5237 et
2835 5171 3352 5238 Confessionum
3412 5190 3544 5236 me-

41 5277 365 5332 moratas.

45 5405 67 5448 ι,
103 5380 182 5448 (ᾳ)
210 5378 448 5448 inchoati
476 5391 626 5448 anno
652 5377 843 5448 christi
873 5379 981 5438 388,
1012 5376 1243 5448 absoluti
1268 5391 1408 5448 anno
1433 5379 1543 5448 395.
1641 5443 1650 5448 Α
1856 5389 1911 5426 n.
1938 5378 1968 5425 2
2005 5374 2280 5448 r_escribit:
2309 5391 2336 5421 ‹‹
2385 5375 2699 5438 Quanquam
2740 5377 2813 5447 et.
2841 5373 2944 5448 illa_
2975 5375 3018 5422 si
3058 5373 3319 5445 relegas...
3351 5385 3467 5448 quae

103 5434 178 5506 (ὁ)
211 5443 271 5490 In
304 5442 368 5490 iis
396 5441 543 5506 libris
577 5440 775 5506 dialogi
808 5434 978 5506 forma
1010 5440 1404 5506 conscribendis
1429 5441 1748 5506 collocutura
1859 5455 1888 5486 α
1915 5439 2216 5506 conferente
2255 5449 2463 5506 mecum
2505 5434 2573 5506 ac
2595 5437 2980 5506 sermocinante
3010 5434 3458 5506 conscripsihsive
3481 5434 3552 5505 .de

43 5496 176 5555 usus
188 5507 283 5560 est,
307 5517 418 5553 non
440 5503 624 5552 Orosio
646 5496 977 5552 utiVBadiana
996 5502 1158 5565 editio
1176 5503 1402 5565 praefert.
1419 5503 1514 5552 sed
1530 5502 1749 5561 Evodio,
1860 5516 1887 5548 ‹‹
1916 5501 2136 5565 Anima;
2169 5499 2449 5565 Qualitate,
2493 5500 2602 5565 sive
2660 5500 2723 5549 de
2771 5500 2979 5565 Libero_
3003 5496 3231 5565 arbitrio
3255 5511 3267 5556 ;
3316 5496 3552 5565 invenies

43 5569 130 5617 cui
157 5558 497 5631 post-modum
529 5566 772 5629 episcopo
808 5565 881 5614 sic
925 5558 1252 5628 Augustinus
1297 5565 1351 5614 in
1378 5565 1613 5628 Epistola
1643 5558 1751 5625 162,
1862 5579 1889 5610 (ε
1918 5563 2058 5612 unde
2088 5560 2365 5620 dissolvas,
2395 5558 2446 5611 et
2467 5563 2579 5611 sine
2609 5575 2766 5625 opera
2789 5574 2925 5619 mea,
2951 5558 3304 5608 dubitationes
3334 5563 3469 5608 tuas.
3495 5577 3520 5604 ››
