4074 6360
408 339 540 392 1223

400 461 480 514 ita
511 455 786 529 supplicia
816 452 981 508 malis
1016 448 1218 506 tribuit
1244 469 1259 518 ;
1290 463 1420 520 qua:
1453 446 1648 517 utique
1680 439 1954 514 supplicia
1983 457 2084 510 pa-

400 546 672 602 tientibus
703 544 850 598 male
881 545 1037 596 sunt.
1067 537 1449 604 Quamobrem
1479 535 1524 589 si
1547 549 1714 588 nemo
1742 531 1948 601 injuste
1969 545 2089 600 pce-

400 652 503 689 nas
543 635 668 699 luit,
714 631 867 704 quod
898 644 1126 684 necesse
1159 632 1244 681 est
1274 625 1586 686 credamus,
1625 617 2088 691 quandoquidem

399 722 592 777 divina
612 719 969 792 providentia
989 719 1096 772 hoc
1115 715 1444 770 universum
1472 710 1595 780 regi
1615 707 1911 768 credimus,
1936 706 2088 759 illius

401 809 575 880 primi
611 807 838 880 generis
869 806 1153 860 malorum
1185 803 1341 857 nullo
1371 799 1559 860 modo,
1583 796 1754 867 hujus
1779 799 1970 848 autem
2002 810 2088 846 se-

401 898 574 952 cundi
613 901 813 950 auctor
843 901 929 949 est
958 897 1126 948 Deus.
1160 893 1224 945 E.
1255 890 1348 943 Est
1373 902 1509 956 ergo
1541 884 1683 938 alius
1711 886 1910 936 auctor
1937 881 2090 935 illius

401 984 560 1052 mali,
594 984 756 1055 cujus
787 984 967 1038 Deum
1012 995 1126 1033 non
1163 991 1282 1030 esse
1311 977 1668 1042 compertum
1715 971 1838 1025 est?
1875 972 1949 1023 Α.
1998 970 2090 1023 Est

399 1083 586 1128 certe:
617 1088 734 1127 non
760 1070 911 1124 enim
943 1066 1102 1121 nullo
1131 1069 1361 1117 auctore
1395 1059 1518 1115 ﬁeri
1560 1063 1767 1129 posset.
1809 1058 1868 1112 Si
1896 1061 2087 1111 autem

397 1160 606 1234 quaeris
646 1159 910 1231 quisnam
956 1156 1060 1208 iste
1089 1151 1184 1221 sit,
1223 1150 1334 1205 dici
1374 1165 1492 1204 non
1519 1151 1745 1219 potest:
1773 1163 1903 1218 onon
1933 1145 2086 1234 enim

399 1233 548 1304 unus
591 1246 799 1318 aliquis
839 1247 941 1304 est,
987 1240 1084 1294 sed
1139 1239 1380 1310 quisque
1427 1237 1612 1291 malus
1665 1235 1751 1289 sui
1803 1233 2088 1288 malefacti

399 1343 599 1392 auctor
621 1340 723 1390 est.
759 1331 913 1387 Unde
944 1329 990 1384 si
1019 1328 1262 1395 dubitas,
1295 1327 1435 1381 illud
1467 1325 1694 1380 attende
1733 1323 1886 1395 quod
1915 1338 2087 1391 supra

393 1426 607 1480 dictum
639 1425 742 1485 est,
775 1417 1073 1473 malefacta
1091 1415 1310 1487 justitia
1343 1413 1440 1468 Dei
1461 1411 1752 1466 vindicari.
1784 1412 1908 1466 Non
1932 1411 2082 1465 enim

389 1513 543 1582 juste
571 1507 1015 1571 vindicarentur,
1048 1503 1160 1557 nisi
1188 1503 1391 1557 ﬁerent
1418 1503 1709 1555 voluntate
1742 1498 1833 1568 (a).

455 1603 508 1654 2.
558 1599 628 1653 E.
663 1595 862 1651 Nescio
905 1598 1096 1648 utrum
1126 1591 1430 1662 quisquam
1463 1593 1676 1660 peccet,
1715 1587 1815 1658 qui
1851 1602 1968 1640 non
1997 1585 2082 1640 di-

393 1687 627 1743 dicerit:
673 1685 825 1756 quod
873 1683 922 1737 si
974 1697 1169 1736 verum
1215 1685 1315 1744 est,
1360 1679 1626 1749 quisnam
1665 1678 1736 1730 sit
1765 1675 1860 1729 ille
1899 1692 1932 1729 a
1967 1691 2081 1745 quo

386 1791 624 1847 peccare
649 1772 1038 1836 didicerimus,
1071 1767 1324 1839 inquiro.
1349 1769 1425 1820 Α.
1458 1765 1689 1837 Aliquid
1720 1763 1857 1820 boni
1887 1762 2082 1818 existi-

393 1880 515 1920 mas
551 1859 670 1918 esse
715 1859 1072 1930 disciplinam
1091 1858 1121 1911 ?
1153 1859 1213 1911 Ε.
1250 1854 1387 1919 Quis
1415 1853 1621 1909 audeat
1649 1853 1836 1907 dicere
1865 1853 2082 1906 malum

292 1989 301 1997 -
389 1968 512 2007 esse
545 1948 1041 2020 disciplinam?A.
1075 1944 1246 2012 Quid,
1278 1943 1324 1997 si
1355 1959 1458 1998 nec
1486 1943 1701 1997 bonum
1730 1957 1834 1996 nec
1860 1941 2080 1996 malum

384 2045 472 2096 est
493 2041 523 2094 ?
567 2042 629 2094 E.
661 2036 794 2093 Mihi
821 2037 1035 2090 bonum
1057 2035 1296 2088 videtur.
1320 2035 1397 2088 A.
1425 2033 1572 2086 Bene
1594 2047 1762 2097 sane;
1795 2029 2079 2102 siquidem

387 2127 623 2184 scientia
654 2142 753 2198 per
784 2123 942 2179 illam
987 2123 1156 2178 datur
1184 2126 1282 2175 aut
1311 2121 1604 2187 excitatur,
1637 2136 1741 2174 nec
1775 2119 2080 2191 quisquam

386 2215 498 2272 nisi
515 2231 616 2286 per
638 2213 997 2284 disciplinam
1025 2209 1238 2281 aliquid
1264 2208 1428 2264 discit
1451 2222 1464 2264 :
1499 2223 1572 2261 an
1603 2211 1658 2263 tu
1687 2207 1850 2262 aliter
1871 2211 2033 2278 putas
2051 2208 2079 2261 ?

387 2307 452 2361 E.
495 2305 610 2374 Ego
641 2318 744 2374 per
773 2300 1132 2370 disciplinam
1168 2313 1287 2351 non
1324 2295 1435 2351 nisi
1461 2295 1615 2350 bona
1644 2295 1782 2350 disci
1813 2295 2074 2351 arbitror.

385 2395 437 2446 Α
449 2434 460 2446 .
493 2391 632 2446 Vide
659 2405 795 2460 ergo
827 2403 898 2442 ne
920 2403 1037 2441 non
1066 2385 1354 2440 discantur
1381 2383 1564 2437 mala:
1591 2398 1723 2436 nam
1753 2381 2074 2452 disciplina,

389 2480 503 2536 nisi
545 2497 578 2534 a
617 2477 884 2534 discendo
925 2491 1041 2530 non
1081 2474 1230 2528 dicta
1269 2477 1370 2526 est.
1416 2474 1479 2526 E.
1517 2471 1672 2525 Unde
1703 2486 1838 2540 ergo
1869 2470 1937 2523 ab
1970 2471 2076 2523 ho-

385 2570 540 2624 mine
571 2568 718 2622 ﬁunt
755 2565 804 2619 si
843 2581 958 2619 non
988 2560 1327 2618 discuntur?
1358 2563 1434 2614 Α.
1473 2561 1548 2614 Eo
1579 2559 1813 2613 fortasse
1842 2557 1990 2628 quod
2019 2573 2076 2611 se

387 2677 420 2714 a
449 2656 774 2727 disciplina,
803 2654 860 2708 id
882 2657 966 2706 est
990 2669 1024 2706 a
1047 2649 1317 2706 discendo
1337 2649 1542 2703 avertit
1560 2653 1729 2719 atque
1761 2647 2073 2701 abalienat:

387 2747 484 2802 sed
521 2746 637 2800 sive
678 2746 804 2810 hoc,
837 2743 952 2797 sive
990 2740 1142 2795 aliud
1173 2739 1389 2810 aliquid
1418 2737 1508 2804 sit,
1541 2737 1679 2790 illud
1709 2743 1859 2790 certe
1885 2729 2074 2788 inani-

389 2835 599 2888 festnm
643 2837 748 2899 est,
800 2828 1074 2902 quoniam
1110 2827 1409 2898 disciplina
1439 2825 1656 2880 bonum
1697 2828 1804 2891 est,
1846 2828 1904 2877 et
1933 2839 1962 2876 a
1993 2822 2075 2877 di-

284 2965 292 2972 .
393 2923 600 2977 scendo
639 2920 788 2974 dicta
830 2921 915 2971 est
949 2914 1266 2986 disciplina,
1317 2913 1468 2967 mala
1510 2911 1648 2966 disci
1682 2911 1916 2965 omnino
1959 2926 2075 2964 non

385 3027 572 3083 posse.
595 3009 649 3065 Si
664 3008 818 3064 enim
840 3005 1151 3066 discuntur,
1177 3001 1479 3072 disciplina
1491 3000 1876 3065 continentur,
1904 3004 2073 3070 atque

385 3101 469 3155 ita
498 3097 795 3169 disciplina
839 3109 956 3148 non
993 3091 1098 3146 erit
1123 3091 1339 3144 bonum
1365 3105 1380 3155 ;
1409 3089 1625 3143 bonum
1654 3093 1737 3142 est
1765 3094 1980 3153 autem,
2011 3091 2076 3142 ut

379 3193 500 3263 ipse
544 3185 842 3251 concedis;
893 3198 1008 3237 non
1048 3180 1222 3252 igitur
1249 3179 1544 3234 discuntur
1572 3179 1741 3243 mala,
1784 3181 1840 3230 et
1866 3177 2074 3231 frustra

375 3280 542 3334 illum
581 3293 614 3330 a
651 3291 764 3346 quo
810 3272 958 3325 male
1004 3269 1187 3323 facere
1236 3267 1524 3333 discimus,
1581 3265 1830 3336 quieris;
1885 3269 1983 3318 aut
2024 3265 2072 3318 si

378 3367 678 3424 discuntur
718 3360 889 3424 mala,
930 3357 1160 3411 vitanda
1197 3371 1312 3410 non
1351 3352 1607 3408 facienda
1643 3352 1957 3406 discuntur.
1995 3354 2070 3406 Ex

383 3473 498 3528 quo
527 3453 676 3508 male
706 3452 888 3506 facere
918 3447 1061 3502 nihil
1091 3450 1192 3512 est,
1225 3443 1337 3499 nisi
1361 3461 1394 3498 a
1421 3442 1719 3512 disciplina
1749 3441 1996 3498 deviare.

449 3547 499 3598 3.
529 3543 594 3596 Ε.
626 3541 864 3594 Prorsus
885 3551 988 3607 ego
1010 3535 1150 3588 duas
1172 3531 1514 3602 disciplinas,
1542 3546 1662 3584 esse
1679 3534 1819 3599 puto
1845 3549 1860 3597 ;
1895 3546 2067 3584 unam

375 3645 479 3702 per
505 3643 674 3700 quam
708 3627 852 3680 bene
891 3623 1093 3687 facere,
1149 3619 1315 3673 aliam
1355 3634 1459 3689 per
1499 3634 1672 3690 quam
1706 3618 1854 3671 male
1884 3617 2068 3672 facere

377 3716 667 3772 discimus.
701 3713 809 3768 Sed
840 3727 970 3766 cum
999 3724 1286 3781 quaereres
1307 3712 1499 3762 utrum
1527 3705 1824 3777 disciplina
1851 3706 2069 3760 bonum

379 3809 545 3871 esset,
578 3803 760 3874 ipsius
789 3799 928 3855 boni
955 3815 1114 3853 amor
1143 3795 1518 3851 intentionem
1549 3810 1736 3848 meam
1765 3794 1975 3865 rapuit,
2008 3799 2072 3849 ut

373 3890 535 3946 illam
558 3889 919 3960 disciplinam
951 3887 1227 3950 intuerer,
1259 3901 1388 3956 quas
1418 3884 1561 3938 bene
1591 3883 1835 3938 faciendi
1867 3888 1952 3938 est
1977 3898 2065 3950 ex,

375 3999 491 4057 quo
541 3980 760 4034 bonum
808 3991 929 4031 esse
977 3973 1284 4044 respondi:
1335 3987 1490 4026 nunc
1526 3976 1716 4026 autem
1755 3971 2072 4025 admoneor

377 4087 498 4128 esse
530 4069 718 4133 aliam,
748 4081 921 4136 quam
947 4064 1145 4134 procul
1176 4061 1349 4117 dubio
1373 4061 1588 4116 malum
1617 4075 1739 4115 esse
1767 4060 2066 4126 confirmo,

373 4163 428 4214 et
469 4157 632 4228 cujus
662 4158 953 4208 auctorem
985 4150 1236 4221 requiro.
1268 4153 1343 4204 Α.
1386 4150 1599 4204 Saltem
1629 4147 2067 4218 intelligentiam

371 4261 489 4301 non
511 4241 620 4297 nisi
643 4241 856 4295 bonum
879 4242 1085 4309 putas?
1104 4239 1169 4292 E.
1197 4239 1367 4291 Istam
1388 4238 1556 4306 plane
1576 4235 1655 4290 ita
1675 4237 1883 4290 bonam
1904 4242 2066 4307 puto,

273 4344 282 4352 ‘
370 4338 438 4387 ut
464 4347 584 4386 non
624 4328 850 4384 videam
879 4325 1020 4397 quid
1046 4326 1105 4380 in
1143 4326 1375 4380 homine
1413 4326 1593 4395 possit
1638 4341 1758 4380 esse
1791 4331 2066 4395 praestau-

371 4419 522 4485 tius;
553 4433 658 4472 nec
699 4415 818 4469 ullo
862 4414 1034 4468 modo
1079 4413 1317 4467 dixerim
1347 4413 1598 4484 aliquam
1628 4413 2066 4484 intelligentiam

375 4508 584 4562 malam
611 4520 731 4559 esse
763 4518 947 4573 posse.
969 4504 1046 4558 Α.
1080 4502 1226 4567 Quid
1247 4501 1274 4554 ‘l
1303 4517 1431 4555 cum
1463 4502 1698 4556 docetur
1723 4502 1964 4573 quisque
1995 4503 2062 4569 si,

373 4611 490 4650 non
517 4591 820 4662 intelligat,
849 4590 1126 4661 poteritne
1154 4590 1260 4644 tibi
1288 4590 1484 4644 doctus
1512 4590 1731 4645 videri?
1767 4594 1834 4646 Ε.
1869 4591 2064 4646 Omni-

375 4700 449 4738 no
491 4698 609 4737 non
653 4679 878 4752 poterit.
917 4682 992 4733 Α.
1032 4678 1088 4732 Si
1130 4694 1268 4748 ergo
1297 4678 1483 4732 omnis
1512 4677 1888 4750 intelligentia
1916 4679 2068 4732 bona

375 4776 473 4836 est,
527 4785 632 4824 nec
677 4769 977 4840 quisquam
1025 4766 1124 4838 qui
1167 4783 1285 4820 non
1331 4765 1620 4836 intelligit,
1653 4766 1846 4832 discit;
1879 4766 2066 4820 omnis

373 4859 473 4931 qui
504 4855 691 4924 discit,
731 4855 874 4909 bene
904 4854 1073 4909 facit:
1103 4854 1290 4908 omnis
1321 4854 1473 4908 enim
1505 4854 1604 4925 qui
1635 4853 1815 4918 discit,
1852 4855 2064 4910 intelli-

373 4948 457 5020 git
480 4968 496 5017 ;
523 4952 580 5001 et
597 4944 782 5000 omnis
809 4945 906 5015 qui
938 4944 1224 5015 intelligit,
1255 4944 1398 4999 bene
1421 4944 1580 4998 facit:
1607 4945 1864 5016 quisquis
1892 4945 2068 5016 igitur

375 5037 583 5110 quaerit
611 5040 924 5101 auctorem,
962 5049 1064 5104 per
1103 5049 1273 5104 quem
1304 5032 1517 5104 aliquid
1551 5034 1840 5101 discimus,
1869 5040 2063 5090 aucto-

371 5142 495 5181 rem
526 5124 776 5197 profecto
824 5137 929 5190 per
963 5135 1135 5191 quem
1166 5121 1311 5174 bene
1355 5121 1610 5186 facimus,
1651 5121 1876 5193 quaerit.
1914 5123 2064 5188 Qua-

374 5219 609 5285 propter
654 5209 849 5266 desine
883 5208 1026 5262 velle
1057 5208 1395 5277 investigare
1426 5208 1613 5262 nescio
1645 5225 1816 5280 quem
1847 5211 2062 5266 malum

374 5303 681 5357 doctorem.
723 5299 781 5355 Si
827 5296 978 5352 enim
1010 5297 1194 5350 malus
1223 5301 1327 5358 est,
1364 5297 1562 5352 doctor
1586 5313 1702 5352 non
1729 5303 1812 5353 est
1838 5315 1850 5353 :
1882 5299 1930 5353 si
1960 5300 2063 5355 do-

379 5393 500 5443 ctor
530 5392 633 5456 est,
660 5389 844 5444 malus
869 5402 983 5443 non
1015 5388 1116 5441 est.

434 5574 508 5630 (al
541 5574 638 5623 \‘id
666 5574 894 5626 Retract.
933 5574 1006 5624 lib
1030 5577 1075 5635 t,
1105 5586 1218 5634 cap.
1257 5573 1304 5632 9,
1335 5585 1389 5620 n.
1418 5574 1464 5620 3.

1487 322 1580 378 DE
1621 319 1878 377 LIBERO
1917 313 2279 383 ARBITRIO,
2321 313 2372 369 ἓ.
2416 312 2798 370 AUGUSTINI

3761 313 3902 366 1224

2196 437 2420 493 CAPUT
2459 437 2527 492 Il.
2588 467 2657 478 —
2708 438 2910 492 Malum
2959 435 3101 490 unde
3150 437 3477 506 priusquam
3529 435 3903 506 disquiratur,

2700 525 2835 594 quid
2849 525 2914 579 de
2937 527 3039 580 Deo
3062 525 3401 582 credendum.

2270 617 2324 670 4.
2357 617 2422 669 Ε.
2455 616 2572 684 Age
2597 614 2740 685 jam,
2793 614 3065 684 quoniam
3105 614 3240 668 satis
3280 615 3434 684 cogis
3483 619 3545 669 ut
3573 614 3754 669 fatear
3781 631 3906 669 non

2199 721 2303 760 nos
2332 703 2546 758 discere
2578 704 2724 758 male
2757 703 2963 769 facere,
2997 703 3086 757 dic
3141 702 3280 756 mihi
3338 703 3490 757 unde
3548 703 3697 758 male
3728 703 3901 758 facia-

2200 810 2346 847 mus.
2379 794 2456 848 Λ.
2495 794 2630 846 Eam
2664 792 3045 862 quaestionem
3073 808 3278 857 moves,
3312 808 3441 862 quae
3469 808 3560 846 me
3586 792 3902 846 admodum

2199 883 2614 936 adolescentem
2646 882 3010 935 vehementer
3062 880 3331 948 exercuit,
3385 885 3442 934 et
3495 880 3799 950 fatigatum
3839 881 3901 934 in

2197 970 2497 1025 haereticos
2522 969 2771 1039 impulit,
2803 975 2976 1039 atque
3007 969 3233 1039 dejecit.
3288 968 3412 1033 Quo
3460 984 3593 1022 casu
3638 969 3718 1022 ita
3767 985 3902 1022 sum

2199 1058 2460 1124 afflictus,
2493 1062 2550 1110 et
2579 1056 2752 1110 tantis
2778 1056 3017 1110 obrutus
3039 1057 3249 1110 acervis
3263 1057 3521 1111 inanium
3548 1056 3899 1118 fabularum,

2197 1151 2261 1199 ut
2292 1145 2401 1199 nisi
2431 1144 2574 1199 mihi
2602 1161 2764 1199 amor
2792 1143 3122 1198 inveniendi
3160 1143 3278 1198 veri
3307 1160 3475 1214 opem
3507 1144 3758 1198 divinam
3789 1143 3901 1196 im-

2197 1233 2548 1303 petravisset,
2582 1249 2874 1303 emergere
2903 1232 3262 1303 indeyatque
3302 1232 3360 1286 in
3419 1232 3598 1302 ipsam
3644 1231 3896 1302 primam

2196 1321 2490 1392 quaerendi
2519 1321 2840 1376 libertatem
2872 1321 3150 1392 respirare
3195 1337 3314 1375 non
3373 1336 3618 1392 possem.
3653 1320 3718 1374 Et
3745 1336 3898 1391 quo-

2196 1410 2351 1464 niam
2382 1425 2603 1465 mecum
2627 1410 2825 1464 sedulo
2853 1415 3045 1464 actum
3074 1415 3180 1478 est,
3226 1415 3292 1464 ut
3328 1409 3436 1463 ista
3465 1409 3790 1480 quaestione
3822 1408 3897 1462 li-

2193 1498 2413 1565 berare,
2441 1515 2508 1553 eo
2544 1503 2729 1553 tecum
2760 1515 2926 1570 agam
2955 1499 3155 1553 ordine
3206 1514 3377 1569 quem
3432 1502 3658 1552 secutus
3715 1497 3896 1552 evasi.

2191 1586 2388 1640 Aderit
2414 1587 2568 1641 enim
2599 1589 2766 1653 Deus,
2795 1592 2852 1641 et
2870 1603 2974 1641 nos
2995 1587 3315 1657 intelligere
3332 1587 3487 1658 quod
3515 1585 3894 1652 credidimus,

2193 1674 2375 1728 faciet.
2411 1675 2810 1745 Prmscriptum
2841 1675 2992 1730 enim
3012 1691 3116 1746 per
3141 1676 3480 1746 prophetam
3503 1677 3767 1747 gradum,
3791 1675 3897 1746 qui

2193 1762 2290 1825 ait,
2339 1764 2462 1818 Nisi
2491 1763 2848 1828 credideritis,
2891 1780 2996 1818 non
3032 1766 3342 1831 intelligetis
3385 1765 3532 1833 (Isai.
3561 1781 3656 1827 vn,
3689 1767 3744 1830 9,
3784 1779 3893 1818 sec.

2191 1851 2363 1921 LXX),
2396 1856 2590 1906 tenere
2620 1852 2907 1922 nos,bene
2927 1852 3095 1907 nobis
3123 1852 3560 1908 consciisumus.
3596 1852 3898 1908 Credimus

2190 1944 2380 1993 autem
2406 1955 2471 1994 ex
2503 1956 2618 1994 uno
2645 1942 2758 1994 Deo
2783 1939 2975 1994 omnia
2993 1955 3112 1994 esse
3127 1956 3255 2011 qua;
3277 1944 3411 1994 sunt
3435 1959 3451 2008 ;
3473 1943 3529 1993 et
3556 1945 3748 1994 tamen
3772 1957 3894 1995 non

2188 2043 2308 2082 esse
2339 2034 2700 2099 peccatorum
2749 2035 3036 2084 auctorem
3070 2030 3274 2087 Deum.
3306 2030 3487 2084 Movet
3539 2033 3733 2084 autem
3763 2030 3894 2084 ani-

2187 2132 2368 2182 mum,
2398 2117 2445 2170 si
2475 2121 2704 2188 peccata
2734 2134 2801 2172 ex
2823 2117 2892 2171 iis
2920 2117 3218 2172 animabus
3247 2121 3378 2172 sunt
3395 2134 3536 2190 quas
3564 2119 3712 2172 Deus
3737 2135 3897 2173 crea-

2187 2204 2289 2273 vit,
2321 2205 2432 2258 illaz
2463 2209 2655 2259 autem
2686 2205 2895 2260 animae
2924 2221 2990 2260 ex
3022 2207 3156 2268 Deo,
3191 2205 3484 2277 quomodo
3539 2221 3656 2260 non
3711 2222 3895 2276 parvo

2185 2293 2485 2348 intervallo
2513 2298 2740 2364 peccata
2773 2293 3092 2348 referantur
3119 2294 3177 2347 in
3210 2295 3410 2348 Deum.

2259 2385 2310 2436 5.
2342 2385 2407 2437 Ε.
2442 2382 2503 2436 Id
2553 2398 2704 2436 nunc
2733 2383 2902 2452 plane
2949 2383 3049 2436 abs
3078 2387 3133 2436 te
3166 2383 3377 2437 dictum
3435 2386 3540 2451 est,
3581 2382 3738 2454 quod
3793 2398 3891 2437 me

2186 2471 2532 2541 cogitantem
2573 2471 2706 2524 satis
2727 2470 3030 2536 excruciat,
3068 2475 3123 2525 et
3162 2471 3315 2540 quod
3345 2471 3417 2526 ad
3446 2471 3612 2525 istam
3640 2471 3894 2542 inquisi-

2184 2558 2400 2612 tionem
2430 2559 2614 2629 coegit
2637 2563 2694 2612 et
2721 2559 2911 2614 traxit.
2945 2561 3012 2614 Α.
3051 2559 3211 2614 Virili
3242 2559 3435 2614 animo
3459 2564 3598 2620 esto,
3642 2563 3696 2613 et
3717 2561 3895 2614 crede

2185 2646 2340 2716 quod
2395 2646 2620 2700 credis:
2670 2646 2813 2700 nihil
2868 2647 3024 2700 enim
3073 2647 3324 2702 creditur
3376 2649 3600 2714 melius,
3660 2648 3893 2702 etiamsi

2185 2751 2355 2788 causa
2384 2735 2555 2788 lateat
2579 2751 2680 2789 cur
2709 2735 2785 2789 ita
2816 2735 2907 2790 sit.
2937 2736 3163 2806 Optime
3184 2751 3432 2807 namque
3458 2737 3527 2791 de
3548 2737 3662 2790 Deo
3687 2737 3892 2790 existi-

2185 2839 2341 2877 mare
2373 2823 2730 2878 verissimum
2750 2824 3073 2894 estpietatis
3098 2825 3417 2890 exordium,
3443 2841 3548 2878 nec
3578 2824 3894 2896 quisquam

2183 2911 2252 2966 de
2278 2913 2376 2966 illo
2405 2912 2617 2982 optime
2643 2913 2942 2976 existimat,
2967 2913 3065 2985 qui
3096 2929 3214 2967 non
3246 2930 3378 2968 eum
3398 2913 3891 2984 omnipotentem,

2185 3003 2354 3070 atque
2382 3016 2447 3054 ex
2482 3001 2639 3054 nulla
2669 2999 2948 3070 particula
2961 3001 3426 3056 commutabilem
3460 3001 3676 3068 credit;
3706 3001 3893 3056 bono-

2181 3104 2311 3142 rum
2338 3088 2510 3143 etiam
2532 3089 2794 3143 omnium
2825 3094 3159 3154 creatorem,
3208 3089 3417 3158 quibus
3447 3094 3530 3144 est
3557 3089 3678 3160 ipse
3730 3107 3891 3160 prae-

2183 3175 2421 3230 stantior
2437 3183 2742 3237 :rectorem
2758 3194 2988 3249 quoque
2994 3178 3372 3249 justissimum
3394 3193 3593 3232 eorum
3617 3179 3892 3234 omnium

2181 3279 2310 3333 qua:
2331 3264 2579 3330 creavit;
2611 3281 2716 3318 nec
2749 3266 2862 3318 ulla
2890 3265 3150 3336 adjutum
3179 3282 3299 3320 esse
3337 3270 3544 3320 natura
3593 3265 3653 3320 in
3681 3282 3890 3321 crean-

2179 3353 2272 3419 do,
2303 3352 2464 3422 quasi
2495 3352 2594 3423 qui
2624 3368 2743 3406 non
2791 3353 2898 3408 sibi
2952 3354 3262 3409 sufﬁceret.
3322 3356 3400 3409 Ex
3449 3371 3561 3426 quo
3620 3356 3686 3408 fit
3717 3360 3782 3409 ut
3811 3357 3891 3410 de

2180 3439 2361 3492 nihilo
2391 3439 2666 3493 creaverit
2695 3440 2918 3508 omnia;
2957 3441 3026 3495 de
3077 3458 3136 3494 se
3191 3447 3379 3496 autem
3437 3459 3552 3497 non
3584 3445 3886 3510 creaverit,

2178 3527 2277 3580 sed
2303 3526 2567 3597 genuerit
2620 3528 2768 3597 quod
2798 3527 2906 3581 sibi
2958 3545 3064 3598 par
3093 3535 3259 3595 esset,
3309 3545 3484 3600 quem
3541 3530 3745 3584 Filium
3777 3532 3891 3586 Dei

2177 3615 2414 3669 unicum
2445 3613 2708 3680 dicimus,
2745 3633 2914 3686 quem
2939 3633 3068 3670 cum
3093 3616 3322 3686 planius
3353 3617 3656 3673 enuntiare
3703 3635 3886 3674 cona-

2180 3720 2329 3771 mur,
2365 3703 2464 3758 Dei
2494 3704 2772 3758 Virtutem
2797 3709 2853 3758 et
2882 3704 2981 3759 Dei
3007 3705 3357 3775 Sapientiam
3377 3706 3759 3776 nominamus,
3777 3724 3891 3779 per

2181 3808 2353 3863 quam
2386 3793 2520 3846 fecit
2549 3793 2764 3860 omnia,
2796 3809 2925 3864 quae
2955 3793 3024 3848 de
3078 3793 3256 3847 nihilo
3300 3793 3444 3848 facta
3476 3801 3628 3850 sunt.
3661 3795 3890 3860 Quibus

2179 3881 2524 3944 constitutis,
2557 3881 2626 3936 ad
2658 3881 3101 3952 intelligentiam
3131 3883 3254 3952 ejus
3285 3883 3367 3938 rei
3398 3899 3574 3954 quam
3613 3884 3884 3955 requiris.

2180 3969 2496 4040 opitulante
2528 3971 2666 4033 Deo,
2702 3970 2957 4024 nitamur
2978 3971 3085 4025 hoc
3114 3971 3311 4026 modo.

2417 4059 2640 4114 CAPUT
2675 4059 2771 4113 IlI.
2797 4089 2862 4099 —
2895 4061 3032 4114 Mali
3057 4065 3259 4114 natura
3297 4075 3364 4114 ea:
3398 4059 3638 4115 libidine.

2249 4151 2301 4202 6.
2330 4147 2547 4211 Quaeris
2579 4152 2730 4202 certe
2789 4148 2943 4203 unde
2991 4149 3138 4203 male
3189 4149 3464 4204 faciamus
3497 4166 3510 4204 :
3541 4149 3700 4219 prius
3739 4165 3885 4220 ergo

2177 4235 2595 4291 discutiendum
2627 4241 2713 4291 est
2741 4237 2880 4309 quid
2910 4237 2982 4290 sit
3010 4239 3157 4292 male
3187 4238 3405 4305 facere;
3432 4254 3546 4308 qua
3575 4238 3645 4292 de
3675 4254 3736 4292 re
3765 4238 3884 4293 tibi

2178 4325 2318 4396 quid
2347 4324 2609 4378 videatur
2637 4341 2928 4397 exprome.
2959 4325 3121 4390 Quod
3153 4326 3198 4380 si
3229 4343 3343 4381 non
3385 4331 3544 4397 potes
3575 4330 3758 4381 totum
3797 4327 3886 4382 si-

2174 4414 2296 4468 mul
2340 4412 2585 4467 breviter
2611 4414 2804 4468 verbis
2833 4414 3338 4485 comprehendere,
3378 4414 3576 4467 saltem
3629 4415 3886 4484 particu-

2175 4500 2337 4556 latim
2388 4501 2686 4556 malefacta
2759 4502 2885 4573 ipsa
2945 4501 3464 4567 commemorando,
3523 4503 3875 4560 sententiam

2170 4594 2328 4649 tuam
2358 4594 2552 4644 notam
2602 4591 2690 4645 fac
2739 4591 2901 4645 mihi.
2936 4594 2999 4646 E.
3033 4589 3325 4645 Adulteria
3362 4594 3418 4643 et
3446 4588 3754 4644 homicidia
3809 4599 3874 4648 et

2174 4677 2493 4748 sacrilegia,
2521 4683 2586 4732 ut
2635 4680 2896 4734 omittam
2947 4685 3150 4733 caetera
3203 4678 3411 4749 quibus
3465 4682 3880 4737 enumerandis

2173 4767 2262 4821 vel
2301 4772 2527 4838 tempus
2556 4769 2642 4821 vel
2673 4767 2954 4822 memoria
2981 4784 3097 4820 non
3153 4767 3425 4836 suppetit,
3481 4767 3608 4838 quis
3655 4773 3740 4823 est
3782 4772 3882 4825 cui

2173 4871 2289 4910 non
2320 4857 2468 4910 male
2521 4857 2667 4911 facta
2713 4857 3056 4911 videantur?
3109 4855 3180 4909 Α.
3229 4855 3323 4909 Dic
3355 4871 3492 4925 ergo
3544 4855 3724 4927 prius,
3772 4874 3882 4912 cur

2174 4945 2520 5000 adulterium
2552 4945 2699 4999 male
2730 4945 2855 4998 fieri
2909 4949 3113 5014 putes;
3143 4960 3216 4998 an
3264 4944 3399 5016 quia
3429 4945 3485 5000 id
3540 4946 3724 5000 facere
3780 4947 3878 5003 lex

2172 5038 2460 5092 vetat?E.
2494 5037 2615 5090 Non
2645 5050 2779 5088 sane
2837 5033 2964 5087 ideo
3016 5035 3233 5087 malum
3291 5040 3393 5097 est,
3457 5034 3594 5105 quia
3648 5039 3877 5090 vetatur

2174 5125 2297 5195 lege
2323 5143 2337 5187 ;
2369 5124 2463 5178 sed
2489 5125 2618 5177 ideo
2639 5126 2861 5176 velatur
2884 5121 3030 5192 lege,
3056 5121 3191 5192 quia
3212 5123 3425 5176 malum
3455 5128 3559 5178 est.
3593 5121 3665 5178 Α.
3695 5123 3867 5190 Quid,

2174 5211 2220 5265 si
2250 5210 2535 5282 quispiam
2576 5226 2678 5264 nos
2731 5209 2997 5280 exagitet,
3060 5226 3408 5282 exaggerans
3464 5211 3872 5268 delectationes

2175 5297 2459 5366 adulterii,
2491 5303 2548 5352 et
2569 5314 2832 5368 quwrens
2861 5315 2895 5352 a
2923 5299 3089 5354 nobis
3118 5316 3218 5354 cur
3264 5301 3370 5354 hoc
3421 5301 3635 5354 malum
3685 5307 3742 5354 et
3771 5301 3873 5356 da-

2173 5386 2466 5442 mnatione
2523 5386 2762 5457 dignum
2799 5383 3159 5459 judicemus;
3191 5405 3329 5442 num
3380 5388 3447 5443 ad
3477 5389 3874 5445 auctoritatem

2173 5475 2317 5548 legis
2342 5474 2786 5548 confugiendum
2821 5493 3013 5532 censes
3053 5476 3402 5544 hominibus,
3438 5477 3559 5548 jam
3588 5493 3705 5534 non
3742 5482 3875 5534 tan-

2175 5569 2301 5620 tum
2333 5564 2586 5632 credere,
2613 5564 2714 5620 sed
2738 5565 3060 5637 intelligere
3088 5565 3446 5637 cupientibus
3465 5567 3494 5620 ‘?
3521 5567 3661 5621 Nam
3691 5572 3748 5622 et
3767 5585 3874 5639 ego
