4074 6370
176 308 312 362 1225

168 436 362 486 tecum
395 429 588 498 credo,
622 433 677 486 et
706 431 1038 486 inconcusse
1067 429 1257 495 credo,
1290 428 1670 500 omnibusque
1690 446 1876 501 popu-

168 519 242 574 lis
290 524 461 591 atque
517 519 783 591 gentibus
832 519 1180 574 credendum
1229 534 1347 572 esse
1402 517 1606 585 clamo,
1656 519 1875 573 malum

171 624 294 662 esse
325 608 705 663 adulterium:
737 608 835 663 sed
867 624 1020 662 nunc
1048 607 1321 661 molimur
1350 606 1405 662 id
1437 607 1590 678 quod
1618 606 1680 661 in
1699 606 1874 662 ﬁdem

171 697 516 768 recepimus,
557 697 727 751 etiam
760 696 1134 766 intelligendo
1175 695 1317 749 scire
1348 711 1411 749 ac
1441 699 1634 750 tenere
1666 696 1871 750 ﬁrmis-

171 785 410 842 simum.
433 785 746 842 Considera
775 785 967 856 itaque
999 788 1277 856 quantum
1307 787 1488 855 potes,
1514 787 1568 838 et
1604 784 1873 839 renuntia

169 875 336 941 mihi,
365 891 613 946 quanam
637 874 857 928 ratione
885 873 1231 928 adulterium
1262 873 1480 928 malum
1496 890 1634 941 esse,
1666 890 1872 946 cogno-

166 963 336 1019 veris.
370 967 436 1019 E.
466 967 583 1018 Hoc
603 963 716 1018 scio
735 963 954 1017 malum
995 979 1137 1030 esse,
1168 962 1319 1034 quod
1340 963 1446 1016 hoc
1464 962 1583 1033 ipse
1603 961 1665 1017 in
1691 978 1869 1016 uxore

168 1069 300 1108 mea
320 1054 442 1124 pati
463 1054 710 1108 nollem:
734 1051 992 1124 quisquis
1017 1056 1210 1106 autem
1231 1050 1394 1106 alteri
1427 1051 1558 1105 facit
1575 1051 1739 1122 {quod
1761 1050 1869 1106 sibi

167 1141 299 1196 fieri
331 1159 443 1197 non
463 1143 601 1208 vult,
622 1142 772 1196 male
795 1141 992 1213 utique
1012 1140 1164 1196 facit.
1187 1143 1265 1195 Α.
1293 1139 1461 1208 Quid,
1478 1139 1525 1194 si
1549 1140 1869 1211 cujuspiam

169 1229 351 1284 libido
384 1247 450 1284 ea
471 1230 564 1298 sit,
594 1235 659 1284 ut
703 1245 936 1284 uxorem
976 1246 1139 1284 suam
1168 1230 1420 1300 praebeat
1463 1228 1646 1295 alteri,
1677 1229 1866 1284 liben-

169 1323 373 1391 terque
396 1320 465 1374 ab
491 1337 558 1374 eo
583 1319 880 1391 corrumpi
900 1318 1172 1390 patiatur,
1201 1318 1262 1372 in
1281 1320 1440 1388 cujus
1461 1333 1698 1372 uxorem
1711 1315 1870 1388 vicis-

172 1408 280 1462 sim
304 1425 499 1480 parem
522 1409 678 1480 cupit
697 1409 908 1462 habere
924 1407 1083 1462 licent
1097 1407 1209 1461 iam
1231 1409 1259 1461 ?
1283 1407 1502 1461 nihilne
1525 1406 1661 1460 mali
1683 1405 1866 1459 facere

169 1496 279 1552 tibi
306 1497 576 1552 videtur?
618 1501 684 1553 E.
719 1498 839 1551 Imo
868 1495 1204 1567 plurimum.
1244 1500 1322 1550 Α.
1353 1497 1426 1549 At
1470 1494 1574 1548 iste
1605 1510 1723 1548 non
1770 1493 1867 1547 illa

168 1587 371 1656 regula
419 1589 640 1657 peccat:
674 1602 793 1640 non
842 1585 996 1640 enim
1051 1584 1109 1639 id
1155 1584 1288 1638 facit
1344 1583 1495 1655 quod
1521 1582 1652 1655 .pati
1703 1582 1864 1636 nolit.

168 1674 556 1740 Quamobrem
585 1674 742 1729 aliud
780 1673 886 1728 tibi
915 1673 1290 1744 quaerendum
1337 1676 1438 1740 est,
1472 1671 1622 1727 unde
1649 1671 1865 1726 malum

168 1779 292 1817 esse
321 1763 668 1818 adulterium
697 1762 1018 1817 convincas.

238 1855 295 1907 7.
329 1855 392 1908 E.
428 1854 504 1907 Eo
534 1851 677 1906 mihi
706 1851 932 1906 videtur
952 1851 1189 1917 malum,
1230 1849 1383 1920 quod
1414 1848 1585 1919 hujus
1608 1846 1866 1902 criminis

164 1940 431 1996 homines
459 1940 574 1995 vidi
614 1957 764 2010 saepe
817 1937 1095 1994 damnari.
1139 1940 1216 1992 A.
1250 1937 1415 2004 Quid,
1448 1941 1684 2007 prOpter
1713 1939 1863 1990 recte

166 2030 314 2084 facta
333 2046 521 2084 nonne
544 2029 804 2084 homines
825 2029 1166 2098 plerumque
1186 2026 1441 2080 damnati
1463 2025 1638 2080 sunt?
1655 2026 1864 2080 Recen-

167 2136 228 2174 se
249 2118 574 2184 historiam,
601 2134 672 2172 ne
701 2122 757 2172 te
788 2117 856 2171 ad
887 2116 1029 2170 alios
1057 2117 1234 2170 libros
1259 2115 1501 2182 mittam,
1535 2131 1661 2168 eam
1681 2113 1863 2185 ipsam

169 2224 300 2280 quae
327 2207 518 2262 divina
547 2207 877 2262 auctoritate
906 2204 1214 2276 praecellit;
1255 2205 1377 2275 jam
1406 2203 1659 2258 invenies
1691 2219 1863 2274 quam

168 2298 321 2352 male
352 2296 421 2351 de
451 2295 738 2367 Apostolis
768 2299 823 2349 et
864 2295 933 2349 de
963 2292 1228 2348 omnibus
1276 2291 1621 2363 martyribus
1651 2291 1860 2346 sentia-

170 2403 320 2452 mus,
346 2385 392 2439 si
422 2386 608 2456 placet
636 2384 801 2439 nobis
847 2382 1274 2438 damnationem
1320 2386 1534 2435 certum
1583 2380 1862 2435 indicium

171 2491 294 2530 esse
326 2473 630 2541 malefacti,
663 2489 792 2527 cum
824 2472 907 2528 illi
937 2487 1135 2526 omnes
1163 2470 1528 2525 damnatione
1554 2470 1712 2542 digni
1737 2488 1864 2542 pro-

167 2564 298 2632 pter
329 2559 739 2613 confessionem
772 2573 934 2612 suam
961 2556 1212 2627 'judicati
1243 2554 1373 2608 sint.
1407 2553 1787 2618 Quamobrem
1816 2549 1863 2603 si

167 2647 449 2720 quidquid
471 2648 774 2702 damnatur
806 2647 1024 2700 malum
1059 2649 1161 2711 est,
1194 2645 1411 2698 malum
1440 2647 1561 2696 erat
1590 2642 1686 2696 illo
1716 2645 1860 2695 tem-

162 2753 303 2808 pore
327 2736 569 2797 lcredere
600 2735 660 2789 in
697 2734 1002 2800 Christum,
1039 2737 1095 2787 et
1124 2731 1309 2803 ipsam
1354 2729 1613 2785 conﬁteri
1648 2730 1860 2784 ﬁdem:

166 2825 216 2880 si
236 2829 429 2879 autem
455 2841 573 2878 non
591 2839 760 2877 omne
789 2823 1006 2876 malum
1037 2825 1121 2875 est
1143 2820 1298 2892 quod
1320 2820 1644 2885 damnatur,
1669 2831 1862 2888 quaere

175 2914 330 2969 aliud
362 2913 513 2968 unde
559 2911 905 2967 adulterium
949 2911 1168 2964 malum
1211 2909 1579 2964 esse-doceas.
1622 2909 1686 2962 E.
1715 2904 1863 2970 Quid

168 3002 278 3058 tibi
305 3002 688 3074 respondeam
718 3016 837 3054 non
866 2998 1115 3053 invenio.

235 3094 296 3147 8.
330 3094 404 3146 Α.
439 3089 714 3145 Fortassis
743 3104 879 3158 ergo
912 3086 1086 3141 libido
1111 3085 1172 3140 in
1190 3084 1476 3140 adulterio
1501 3085 1714 3138 malum
1742 3084 1858 3136 est:

162 3181 261 3235 sed
293 3180 428 3234 dum
458 3184 522 3234 tu
539 3177 674 3233 foris
704 3178 766 3231 in
796 3178 920 3248 ipso
950 3176 1096 3230 facto
1118 3176 1271 3246 quod
1293 3175 1415 3245 jam
1444 3172 1623 3228 videri
1651 3175 1858 3243 potest,

163 3270 384 3323 malum
415 3267 644 3341 quaeris,
689 3266 898 3338 pateris
945 3264 1258 3336 angustias.
1300 3264 1441 3317 Nam
1474 3266 1537 3317 ut
1576 3260 1862 3331 intelligas

165 3357 469 3413 libidinem
501 3357 563 3411 in
597 3354 876 3411 adulterio
906 3356 1124 3409 malum
1155 3369 1296 3420 esse,
1347 3351 1394 3406 si
1424 3351 1514 3405 cui
1545 3350 1714 3405 etiam
1744 3366 1862 3403 non

167 3446 463 3518 contingat
495 3446 731 3501 facultas
758 3441 1172 3499 concumbendi
1211 3457 1342 3496 cum
1382 3441 1624 3512 conjuge
1655 3439 1859 3506 aliena,

164 3536 407 3607 planum
438 3538 634 3590 tamen
675 3533 868 3604 aliquo
901 3531 1070 3586 modo
1110 3530 1183 3585 sit
1213 3530 1270 3584 id
1308 3546 1441 3584 eum
1471 3544 1700 3599 cupere,
1733 3532 1788 3581 et
1815 3526 1862 3580 si

167 3628 421 3697 potestas
457 3623 625 3678 detur
673 3621 955 3676 facturum
986 3635 1125 3684 esse,
1157 3635 1275 3673 non
1333 3613 1543 3672 minus~
1569 3633 1702 3671 reus
1757 3619 1859 3683 est,

169 3729 347 3786 quam
390 3712 437 3766 si
478 3712 540 3766 in
585 3711 709 3782 ipso
730 3710 876 3776 facto
925 3707 1466 3779 deprehenderetur.
1497 3708 1564 3760 E.
1599 3705 1752 3758 Nihil
1780 3706 1864 3757 est

168 3802 404 3858 omnino
433 3800 809 3866 manifestius,
843 3803 898 3854 et
921 3799 1042 3869 jam
1073 3797 1239 3850 video
1269 3811 1386 3849 non
1425 3808 1570 3863 opus
1600 3806 1717 3844 esse
1746 3791 1864 3844 lon-

169 3908 245 3963 ga
263 3889 759 3957 sermocinatione,
784 3892 849 3943 ut
869 3887 1012 3942 mihi
1043 3886 1111 3941 de
1136 3882 1448 3939 homicidio
1471 3884 1527 3935 et
1545 3878 1859 3948 sacrilegio,

171 3998 236 4036 ac
263 3996 493 4051 prorsus
523 3980 591 4034 de
619 3977 886 4033 omnibus
917 3973 1159 4048 peccatis
1189 3971 1613 4044 persuadeatur.
1637 3969 1863 4023 Clarum

171 4073 256 4124 est
279 4070 434 4123 enim
455 4069 577 4140 jam
607 4066 748 4122 nihil
780 4064 934 4120 aliud
973 4078 1146 4134 quam
1174 4059 1470 4116 libidinem
1503 4057 1562 4112 in
1591 4060 1711 4112 toto
1742 4072 1863 4110 ma-

168 4155 470 4213 lefaciendi
500 4171 710 4227 genere
741 4151 1046 4208 dominari.

174 4297 400 4354 CAPUT
429 4297 519 4351 IV.
542 4326 612 4336 --
641 4294 880 4364 Objectio
926 4292 990 4346 de
1037 4287 1324 4344 homicidio
1339 4290 1564 4356 patrato
1606 4301 1674 4340 ea:
1701 4289 1863 4340 metu.

562 4381 848 4452 Cupiditas
891 4378 1180 4448 culpabilis
1223 4375 1358 4445 quid
1385 4376 1476 4429 sit.

248 4511 300 4564 9.
335 4511 411 4562 A.
439 4506 630 4563 Scisne
651 4506 824 4561 etiam
855 4505 1024 4559 istam
1053 4500 1348 4557 libidinem
1379 4497 1490 4553 alio
1521 4495 1754 4551 nomine
1775 4511 1870 4550 cu-

179 4596 482 4670 piditatem
513 4594 757 4650 vocari?
784 4597 848 4650 E.
882 4591 1028 4648 Scio.
1078 4592 1158 4645 Α.
1202 4587 1394 4654 Quid?
1434 4586 1587 4640 inter
1639 4585 1784 4638 hanc
1815 4589 1872 4639 et

178 4690 402 4741 metum
431 4683 651 4738 nihilne
699 4683 991 4749 interesse,
1022 4695 1095 4733 an
1140 4675 1359 4747 aliquid
1401 4675 1701 4745 putas?E.
1748 4673 1868 4727 Imo

176 4774 494 4846 plurimum
519 4772 642 4827 haac
671 4770 740 4825 ab
762 4769 1006 4825 invicem
1037 4767 1244 4822 distare
1275 4763 1536 4819 arbitror.
1567 4763 1643 4817 Α.
1695 4761 1870 4816 Credo

173 4867 230 4918 te
259 4863 332 4917 ob
359 4862 468 4916 hoc
506 4859 790 4927 arbitrari,
824 4857 961 4930 quia
988 4854 1266 4927 cupiditas
1296 4851 1532 4923 appetit,
1563 4852 1749 4904 metus
1781 4850 1871 4903 fu-

174 4952 278 5024 git.
304 4953 368 5007 E.
402 4952 496 5005 Est
524 4949 603 5004 ita
634 4953 697 5003 ut
726 4947 884 5003 dicis.
919 4947 995 5000 Α.
1026 4943 1172 5009 Quid
1201 4941 1249 4996 si
1280 4956 1417 5012 ergo
1448 4937 1733 5011 quispiam
1753 4954 1873 4992 non

176 5039 492 5111 cupiditate
540 5035 918 5108 adipiscendae
958 5033 1198 5103 alicujus
1228 5029 1332 5097 rei,
1367 5029 1464 5083 sed
1508 5030 1770 5081 metuens
1798 5042 1872 5080 ne

179 5128 319 5201 quid
351 5127 403 5182 ei
426 5127 564 5181 mali
592 5125 826 5191 accidat,
855 5123 1149 5178 hominem
1180 5118 1496 5175 occiderit?
1525 5132 1665 5171 num
1695 5115 1872 5170 homi-

182 5219 311 5274 cida
334 5217 438 5271 iste
467 5232 586 5270 non
619 5213 729 5270 erit
749 5212 777 5269 ?
805 5215 870 5269 E.
907 5210 1026 5265 Erit
1055 5210 1310 5281 quidem,
1347 5207 1444 5263 sed
1474 5222 1588 5260 non
1620 5204 1749 5259 ideo
1791 5205 1873 5258 fa-

181 5311 340 5362 ctum
369 5305 478 5359 hoc
503 5301 826 5374 cupiditatis
863 5299 1160 5354 dominatu
1207 5301 1391 5353 caret:
1446 5312 1580 5350 nam
1627 5293 1728 5365 qui
1756 5309 1874 5347 me-

174 5401 345 5452 tuens
373 5393 669 5448 hominem
693 5389 916 5452 occidit,
930 5387 1086 5458 cupit
1107 5386 1305 5458 utique
1325 5386 1447 5441 sine
1485 5387 1640 5439 metu
1665 5383 1872 5438 vivere.

178 5488 259 5541 A.
297 5485 362 5538 Et
420 5497 661 5553 parvum
708 5479 932 5535 videtur
982 5477 1202 5531 bonum
1258 5475 1379 5529 sine
1437 5478 1592 5528 metu
1643 5471 1877 5527 vivere?

181 5576 248 5630 E.
286 5574 557 5642 Magnum
587 5571 807 5625 bonum
833 5569 936 5635 est,
969 5565 1069 5622 sed
1094 5565 1202 5622 hoc
1228 5562 1312 5619 illi
1339 5561 1644 5619 homicida:
1671 5575 1774 5632 per
1792 5558 1876 5614 ta-

542 5679 818 5746 PATROL.
868 5673 1118 5743 XXXII.

1658 307 1872 365 LIBER
1910 307 2195 368 PRIMUS.

3543 322 3677 376 t226

1987 432 2149 486 cinus
2197 447 2364 486 suum
2409 434 2715 504 provenire
2771 434 2930 489 nullo
2977 422 3168 491 modo.
3200 441 3402 508 potest.
3443 443 3522 496 Α.
3555 443 3682 498 Non

1986 537 2182 592 quaero
2205 521 2340 592 quid
2373 521 2421 576 ei
2451 524 2753 594 provenire
2781 524 2983 595 possit,
3019 525 3112 579 sed
3137 526 3275 597 quid
3305 527 3426 599 ipse
3457 531 3676 602 cupiat:

1985 613 2135 664 certe
2167 610 2321 664 enim
2343 610 2562 666 bonum
2602 613 2777 682 cupit,
2811 612 2911 684 qui
2938 613 3097 684 cupit
3125 614 3300 669 vitam
3331 620 3486 671 metu
3540 619 3680 673 libe-

1983 714 2108 753 ram
2134 718 2148 766 ;
2179 702 2237 753 et
2265 699 2472 754 idcirco
2504 700 2610 754 ista
2640 702 2916 772 cupiditas
2945 701 3227 773 culpanda
3256 720 3370 759 non
3401 709 3512 773 est;
3545 707 3679 762 alio-

1984 786 2124 857 quin
2160 803 2357 841 omnes
2385 789 2743 858 culpabimus
2773 795 3056 844 amatores
3086 790 3253 847 boni.
3299 793 3544 849 Proinde
3575 811 3677 850 co-

1982 875 2173 946 gimur
2203 875 2369 931 fateri
2399 893 2519 931 esse
2567 877 2962 946 homicidium,
2997 879 3058 933 in
3087 896 3201 952 quo
3232 887 3481 954 nequeat
3509 885 3676 940 malae

1982 963 2136 1018 illius
2173 964 2500 1035 cupiditatis
2537 965 2850 1022 dominatio
2884 967 3123 1038 reperiri
3154 986 3168 1037 ;
3214 969 3534 1044 falsumque
3565 973 3676 1028 erit

1980 1052 2141 1120 illud,
2176 1050 2326 1125 quod
2357 1053 2420 1108 in
2449 1054 2716 1109 omnibus
2747 1055 2992 1126 peccatis
3035 1060 3100 1110 ut
3126 1060 3276 1113 mala
3316 1059 3448 1129 sint,
3492 1061 3671 1116 libido

1981 1140 2339 1211 dominatur;
2373 1147 2471 1198 aut
2498 1143 2605 1198 erit
2647 1143 2877 1215 aliquod
2917 1145 3310 1214 homicidium,
3352 1150 3504 1220 quod
3535 1166 3672 1222 pos-

1980 1229 2053 1284 sit
2077 1247 2194 1285 non
2227 1247 2346 1286 esse
2374 1236 2672 1303 peccatum
2704 1229 2741 1288 ⁴.
2774 1235 2837 1288 Ε.
2870 1233 2929 1288 Si
2956 1234 3332 1290 homicidium
3359 1241 3442 1291 est
3468 1238 3670 1306 ;homi-

1980 1336 2112 1374 nem
2145 1321 2419 1389 occidere,
2447 1325 2635 1391 potest
2667 1321 2918 1376 accidere
2942 1323 3246 1394 aliquando
3272 1324 3389 1378 sine
3416 1331 3666 1395 peccato:

1979 1423 2114 1461 nam
2144 1413 2199 1462 et
2220 1409 2380 1463 miles
2410 1411 2656 1477 hostem,
2690 1414 2747 1464 et
2789 1411 2966 1481 judex
3008 1412 3096 1466 vel
3141 1411 3401 1466 minister
3429 1415 3550 1484 ejus
3581 1431 3674 1469 uo-

1978 1499 2222 1564 centem,
2257 1501 2312 1550 et
2359 1497 2448 1551 cui
2480 1498 2622 1552 forte
2653 1497 2832 1552 invito
2872 1503 3044 1570 atque
3091 1499 3446 1570 imprudenti
3491 1502 3672 1557 telum

1977 1601 2154 1638 manu
2184 1585 2349 1655 fugit,
2383 1603 2500 1640 non
2537 1586 2681 1640 mihi
2701 1587 2966 1642 videntur
3011 1603 3267 1658 peccare,
3313 1605 3442 1643 cum
3482 1590 3670 1645 homi-

1977 1687 2111 1726 nem
2143 1671 2516 1726 occidunt.A.
2551 1672 2870 1727 Assentior:
2904 1674 2999 1728 sed
3024 1674 3326 1729 homicida:
3349 1675 3444 1729 isti
3465 1678 3668 1748 appel-

1976 1759 2083 1812 lari
2111 1776 2226 1813 non
2253 1760 2454 1814 solent.
2480 1761 2776 1830 Responde
2807 1760 3229 1832 itaque,utrum
3259 1763 3423 1817 illum
3453 1765 3552 1836 qui
3572 1766 3669 1820 do—

1975 1847 2198 1902 minum
2227 1849 2445 1914 occidit,
2477 1865 2510 1902 a
2539 1865 2651 1921 quo
2684 1848 2789 1902 sibi
2813 1851 3104 1904 metuebat
3133 1851 3417 1906 cruciatus
3446 1870 3665 1924 graves,

1975 1935 2034 1990 in
2062 1953 2261 1990 eorum
2291 1952 2530 1991 numero
2551 1937 2875 1992 habendum
2906 1937 3214 2006 existimes,
3248 1940 3347 2010 qui
3378 1941 3457 1995 sic
3485 1942 3670 1997 homi-

1975 2041 2108 2078 nem
2155 2024 2438 2092 occidunt,
2470 2029 2536 2080 ut
2564 2042 2636 2080 ne
2686 2026 3105 2081 homicidarum
3153 2028 3388 2099 quidem
3434 2031 3666 2086 nomine

1974 2113 2132 2184 digni
2163 2114 2276 2168 sint
2293 2116 2322 2169 ?
2344 2117 2410 2170 E.
2435 2115 2625 2186 Longe
2652 2115 2722 2169 ab
2755 2115 2835 2170 eis
2859 2115 3033 2170 istum
3060 2116 3285 2172 differre
3311 2118 3505 2174 video:
3528 2136 3666 2175 nam

1972 2202 2058 2257 illi
2082 2203 2171 2257 vel
2201 2220 2269 2258 ex
2297 2203 2519 2274 legibus
2545 2204 2780 2274 faciunt,
2825 2205 2912 2258 vel
2957 2221 3074 2259 non
3106 2211 3306 2262 contra
3341 2207 3525 2280 leges;
3558 2209 3665 2264 hu-

1969 2292 2062 2363 jus
2088 2295 2280 2347 autem
2309 2292 2528 2346 facinus
2556 2294 2715 2348 nulla
2744 2293 2830 2347 lex
2859 2293 3154 2365 approbat.

2048 2383 2131 2436 10.
2168 2384 2244 2436 Α.
2278 2382 2494 2436 Rursus
2528 2398 2619 2436 me
2673 2382 2742 2436 ad
2790 2383 3185 2437 auctoritatem
3245 2399 3507 2439 revocas:
3566 2385 3667 2441 sed

1972 2469 2301 2525 meminisse
2326 2474 2381 2525 te
2413 2474 2637 2540 oportet
2666 2470 2723 2525 id
2748 2487 2898 2525 nunc
2926 2488 2957 2524 a
2976 2471 3139 2526 nobis
3170 2488 3290 2526 esse
3320 2477 3666 2545 susceptum,

1971 2562 2038 2613 ut
2068 2559 2456 2629 intelligamus
2487 2559 2637 2629 quod
2671 2558 2954 2612 credimus
2981 2559 3238 2630 ;legibus
3267 2565 3457 2615 autem
3492 2563 3667 2616 credi-

1972 2664 2137 2702 mus:
2170 2647 2510 2702 tentandum
2542 2647 2732 2718 itaque
2765 2653 2868 2714 est,
2894 2647 2940 2701 si
2963 2664 3076 2718 quo
3099 2649 3270 2703 modo
3290 2666 3590 2720 possumus
3609 2650 3667 2706 id

1973 2735 2162 2805 ipsum
2196 2735 2536 2805 intelligere,
2567 2739 2760 2790 utrum
2798 2737 2883 2789 lex
2913 2752 3041 2807 quae
3086 2737 3253 2808 punit
3280 2739 3388 2792 hoc
3433 2739 3663 2807 factum,

1973 2840 2088 2878 non
2119 2839 2420 2894 perperam
2452 2823 2672 2894 puniat.
2706 2827 2771 2878 E.
2815 2825 2980 2878 Nullo
3022 2827 3194 2880 modo
3225 2842 3525 2897 perperam
3555 2844 3664 2898 pu-

1972 2912 2058 2966 nit
2089 2911 2549 2984 quandoquidem
2577 2912 2748 2982 punit
2776 2928 2908 2966 eum
2939 2912 3040 2984 qui
3059 2913 3250 2967 volens
3273 2918 3329 2968 et
3359 2915 3541 2968 sciens
3573 2916 3669 2970 do-

1973 2999 2196 3054 minum
2228 3004 2408 3066 necat,
2435 2999 2591 3070 quod
2608 3001 2798 3054 nullus
2823 3000 3082 3056 istorum.
3109 3004 3186 3056 A.
3216 3003 3447 3072 Ecquid,
3480 3019 3667 3058 recor-

1974 3087 2124 3142 daris
2167 3092 2222 3142 te
2277 3089 2450 3159 paulo
2500 3093 2630 3143 ante
2689 3088 2914 3158 dixisse,
2971 3089 3032 3143 in
3103 3090 3261 3144 omni
3305 3091 3456 3145 facto
3514 3092 3667 3146 malo

1973 3175 2272 3230 libidinem
2326 3177 2630 3245 dominari,
2692 3181 2746 3231 et
2801 3195 2868 3232 eo
2923 3178 3046 3248 ipso
3099 3180 3318 3233 malum
3367 3182 3542 3234 esse?
3596 3183 3663 3236 E.

1975 3265 2262 3320 Rccordor
2285 3281 2436 3320 sane.
2471 3269 2548 3321 Α.
2573 3266 2765 3331 Quid?
2785 3267 2928 3322 illud
2957 3283 3150 3321 nonne
3173 3267 3322 3321 idem
3355 3272 3418 3322 tu
3439 3284 3665 3322 conces-

1974 3355 2112 3421 sisti,
2138 3371 2269 3410 eum
2292 3355 2391 3426 qui
2412 3355 2567 3425 cupit
2587 3355 2708 3409 sine
2737 3361 2897 3411 metu
2921 3356 3131 3422 vivere,
3160 3373 3279 3410 non
3308 3356 3517 3412 habere
3546 3373 3668 3411 ma-

1975 3444 2087 3498 lam
2118 3443 2536 3515 cupiditatem?
2565 3446 2628 3498 E.
2665 3445 2731 3498 Et
2758 3444 2867 3499 hoc
2909 3445 3194 3500 recordor.
3236 3447 3314 3499 Λ.
3360 3445 3502 3500 Cum
3531 3461 3668 3516 ergo

1974 3531 2082 3585 ista
2110 3531 2417 3601 cupiditate
2438 3547 2470 3585 a
2501 3547 2659 3586 servo
2691 3532 2958 3586 dominus
3007 3531 3374 3592 interimitur,
3425 3549 3543 3586 non
3570 3532 3670 3586 illa

1974 3619 2241 3690 culpabili
2271 3619 2580 3690 cupiditate
2615 3619 2986 3674 interimitur.
3022 3620 3405 3684 Quamobrem
3453 3636 3554 3673 cur
3597 3619 3670 3672 sit

1973 3707 2081 3761 hoc
2124 3707 2340 3761 facinus
2379 3709 2614 3775 malum,
2671 3709 2929 3762 nondum
2960 3708 3361 3779 comperimus.
3396 3706 3670 3762 Convenit

1975 3796 2127 3850 enim
2167 3786 2316 3850 inter
2361 3811 2464 3849 nos
2507 3796 2700 3850 omnia
2738 3796 3035 3850 malefacta
3065 3812 3180 3849 non
3209 3797 3281 3850 ob
3335 3795 3489 3849 aliud
3517 3795 3667 3849 mala

1976 3900 2118 3952 esse,
2138 3883 2250 3937 nisi
2275 3884 2430 3954 quod
2452 3883 2709 3950 libidine,
2741 3885 2799 3939 id
2821 3889 2905 3938 est
2931 3884 3312 3954 improbanda
3333 3885 3665 3956 cupiditate,

1974 3973 2140 4027 fiunt.
2173 3975 2238 4027 E.
2269 3974 2392 4027 Jam
2418 3973 2560 4027 mihi
2581 3972 2807 4027 videtur
2831 3973 3044 4043 injuria
3060 3973 3166 4028 iste
3193 3974 3481 4028 damnari:
3515 3975 3670 4045 quod

1978 4062 2209 4134 quidem
2245 4078 2357 4116 non
2383 4062 2651 4118 auderem
2687 4061 2894 4128 dicere,
2943 4061 2990 4115 si
3021 4061 3174 4116 aliud
3202 4063 3473 4116 haberem
3515 4063 3669 4134 quod

1978 4151 2246 4206 dicerem.
2278 4153 2356 4206 A.
2379 4152 2537 4204 Itane
2559 4150 2716 4220 prius
2744 4150 2848 4205 tibi
2872 4150 3204 4221 persuasisti
3231 4155 3457 4206 tantum
3489 4152 3669 4205 scelus

1977 4239 2330 4309 impunitum
2355 4255 2474 4293 esse
2506 4243 2790 4310 Oportere,
2823 4256 2994 4310 quam
3039 4240 3426 4294 considerares
3473 4243 3671 4294 utrum

1977 4328 2074 4383 ille
2107 4344 2301 4382 servus
2333 4331 2570 4398 propter
2600 4327 2884 4381 satiandas
2931 4327 3197 4382 libidines
3226 4344 3354 4382 suas
3382 4332 3536 4382 metu
3567 4328 3669 4382 do-

1978 4416 2124 4472 mini
2152 4432 2342 4471 carere
2371 4415 2700 4487 cupiverit?
2734 4417 2953 4486 Cupere
2976 4432 3227 4487 namque
3257 4416 3378 4471 sine
3409 4420 3569 4471 metu
3589 4416 3670 4469 vi-

1978 4522 2128 4572 vere,
2187 4521 2306 4560 non
2365 4508 2590 4559 tantum
2639 4505 2944 4571 bonorum,
3000 4505 3098 4559 sed
3151 4505 3322 4559 etiam
3386 4506 3673 4559 malorum

1981 4594 2240 4649 omnium
2271 4596 2377 4647 est:
2411 4608 2610 4647 verum
2640 4593 2746 4646 hoc
2796 4592 3051 4659 interest,
3083 4593 3237 4662 quod
3290 4592 3348 4646 id
3390 4592 3529 4647 boni
3580 4609 3674 4664 ap-

1979 4684 2186 4754 petunt
2211 4681 2516 4734 avertendo
2549 4695 2802 4734 amorem
2828 4679 2898 4733 ab
2923 4679 2992 4732 iis
3008 4679 3196 4742 rebus,
3222 4696 3349 4751 quae
3367 4681 3488 4734 sine
3512 4681 3674 4736 amit-

1981 4769 2140 4825 tendi
2170 4768 2422 4840 periculo
2453 4771 2745 4838 nequeunt
2782 4766 3021 4834 haberi;
3070 4767 3210 4821 mali
3256 4772 3448 4823 autem
3491 4773 3556 4824 ut
3586 4769 3676 4825 his

1982 4857 2237 4914 fruendis
2266 4873 2398 4911 cum
2429 4855 2730 4910 securitate
2773 4855 3065 4924 incubent,
3101 4872 3397 4911 removere
3430 4856 3674 4927 impedi-

1983 4950 2174 5002 menta
2223 4949 2524 5013 conantur,
2563 4949 2621 5000 et
2667 4948 2971 5016 propterea
3016 4943 3393 5000 facinorosam
3436 4946 3673 5000 scelera-

2049 5134 2064 5167 ί
2095 5132 2157 5180 In
2187 5130 2331 5193 prius
2358 5129 2515 5193 editis
2529 5127 2949 5193 interlocutores
2974 5141 3207 5193 persaepe
3230 5128 3679 5193 Ainterersebantur

1985 5208 2126 5258 unus
2146 5189 2240 5256 pro
2251 5192 2389 5258 _alio,
2410 5195 2462 5240 et
2473 5190 2596 5240 alibi
2621 5203 2779 5254 quam
2797 5189 3064 5258 oporteret
3085 5189 3171 5258 ;ut
3189 5190 3402 5258 hicloci,
3416 5189 3506 5238 ubi
3523 5189 3679 5258 o_m_it-

1985 5253 2216 5314 tebatur,
2247 5255 2303 5304 E.
2341 5253 2401 5303 ac
2447 5253 2970 5317 postea’ponebatur,
3005 5255 3071 5317 15⁸.Δ
3106 5255 3465 5317 ᾼεςεηιὲρν.....
3515 5253 3555 5317 4
3585 5253 3679 5317 Re-

1987 5317 2186 5380 sponde
2207 5311 2593 5380 itaque;quem
2636 5311 2868 5380 errorem
2910 5314 3077 5380 sicubi
3111 5313 3420 5380 juvantibus
3448 5311 3680 5374 antiquis

1987 5373 2255 5430 cbdicibus
2294 5373 2659 5441 'cor'rigemus,
2700 5377 2843 5441 haud
2886 5376 3082 5440 pigebit
3112 5373 3678 5441 'suis_-_lpcis_m_onere:

1987 5442 2328 5492 Removimus
2349 5434 2507 5504 porro
2531 5434 2845 5504 particulam
2873 5434 3062 5504 eam,
3089 5449 3217 5504 quae
3237 5434 3518 5504 illic_adest
3540 5435 3682 5504 apud

1988 5505 2250 5615 mitigatos,
2279 5496 2454 5568 potest
2486 5496 2662 5554 tamen
2697 5501 2936 5554 accidere
2960 5496 3274 5561 aliquando:
3319 5497 3468 5546 abest
3503 5496 3682 5547 autem

1991 5580 2021 5615 ιι
2093 5580 2163 5615 ss.

1991 5580 2021 5616 8
2041 5580 2163 5616 MSS.

2827 5656 3329 5760 (Trente-neuf.)
