4074 6422
419 363 441 415 l
450 362 553 417 227

408 487 643 554 tamque
671 481 860 549 vitam,
898 496 1025 552 quae
1051 495 1203 534 mors
1231 477 1438 533 melius
1466 484 1721 551 vocatur,
1763 484 1991 552 gerunt.
2035 483 2101 535 E.

411 571 723 642 Resipisco,
756 575 812 623 et
841 569 1150 624 admodum
1178 568 1395 638 gaudeo
1422 570 1543 637 jam
1576 585 1667 623 me
1697 571 1867 641 plane
1898 585 2105 639 cogno-

410 658 557 713 visse
596 658 730 730 quid
760 657 831 711 sit
853 658 1024 711 etiam
1053 657 1151 710 illa
1175 656 1472 726 culpabilis
1489 659 1793 729 cupiditas,
1825 676 1952 730 qua:
1975 658 2102 712 libi-

412 747 485 802 do
514 746 861 801 nominatur.
897 745 1075 809 Quam
1107 760 1223 797 esse
1255 744 1372 814 jam
1417 750 1656 816 apparet
1685 764 1882 802 earum
1909 762 2103 801 rerum

414 850 688 901 amorem,
721 849 860 905 quas
887 837 1075 904 potest
1093 832 1335 903 quisque
1373 832 1584 888 invitus
1609 836 1899 891 amittere.

412 977 637 1032 CAPUT
660 976 722 1029 V.
744 1002 815 1013 —-
858 975 1094 1043 Objectio
1120 975 1293 1029 altera
1336 975 1402 1029 de
1440 979 1698 1031 occisione
1738 979 1969 1032 hominis
1993 979 2105 1032 vim

709 1063 984 1132 amarantis
1018 1079 1119 1133 per
1147 1064 1416 1121 humanas
1449 1066 1585 1132 leges
1616 1066 1789 1121 licita.

482 1190 567 1242 tl.
598 1187 783 1251 Quare
812 1203 984 1249 nunc,
1015 1203 1139 1257 age,
1182 1202 1527 1257 quaeramus,
1571 1187 1617 1241 si
1652 1188 1858 1258 placet,
1909 1190 2097 1241 utrum

409 1274 579 1330 etiam
611 1274 673 1328 in
703 1274 1014 1345 sacrilegiis
1056 1274 1232 1329 libido
1275 1274 1618 1341 dominetur,
1671 1291 1801 1347 quae
1842 1274 2102 1329 videmus

406 1365 574 1435 plura
615 1362 1016 1434 superstitione
1049 1358 1353 1416 committi.
1385 1364 1463 1417 Α.
1494 1363 1631 1417 Vide
1678 1380 1748 1417 ne
1773 1380 2098 1434 praeprope-

344 1517 350 1524 _
406 1468 537 1508 rum
564 1451 637 1505 sit
656 1467 668 1505 :
687 1451 845 1522 prius
868 1450 1023 1505 enim
1043 1450 1186 1505 mihi
1214 1450 1635 1505 discutiendum
1663 1452 1888 1507 videtur
1903 1457 2098 1506 utrum

405 1541 495 1595 vel
535 1539 712 1594 hostis
761 1539 1004 1605 irruens,
1054 1540 1143 1593 vel
1187 1537 1487 1593 insidiator
1536 1539 1791 1605 sicarius,
1842 1540 1956 1594 sive
1995 1556 2097 1611 pro

403 1629 543 1697 vita,
570 1628 684 1682 sive
711 1644 814 1698 pro
843 1627 1125 1695 libertate,
1173 1627 1289 1681 sive
1336 1644 1440 1698 pro
1470 1628 1760 1699 pudicitia,
1810 1628 1932 1683 sine
1978 1629 2097 1683 ulla

403 1716 778 1771 interﬁciatur
805 1715 1062 1771 libidine.
1106 1718 1171 1770 E.
1214 1716 1509 1780 Quomodo
1548 1734 1780 1787 possum
1831 1716 2096 1772 arbitrari

404 1820 593 1860 carere
623 1804 763 1858 istos
794 1803 1052 1871 libidine,
1083 1804 1182 1875 qui
1213 1821 1317 1875 pro
1363 1804 1432 1858 iis
1466 1805 1637 1859 rebus
1685 1805 2091 1877 digladiantur,

403 1909 544 1965 quas
590 1896 829 1964 possunt
884 1891 1147 1946 amittere
1186 1892 1382 1947 inviti:
1437 1897 1534 1948 aut
1576 1892 1622 1946 si
1665 1910 1777 1949 non
1833 1898 2089 1966 possunt,

401 1981 536 2053 quid
581 1997 723 2053 opus
754 1984 838 2035 est
864 1995 970 2051 pro
998 1980 1085 2034 his
1115 1997 1295 2052 usque
1328 1981 1397 2036 ab
1436 1981 1691 2036 hominis
1720 1999 1917 2037 necem
1961 1999 2093 2054 pro-

399 2069 605 2139 gredi?
634 2071 710 2123 Α.
739 2065 777 2123 ί.
812 2070 934 2123 Non
968 2084 1104 2139 ergo
1127 2070 1218 2124 lex
1240 2070 1397 2140 justa
1430 2075 1533 2137 est,
1559 2087 1688 2141 quae
1719 2071 1815 2125 dat
1842 2075 2093 2141 potesta-

399 2161 520 2211 tem
544 2156 632 2212 vel
672 2155 876 2211 viatori
902 2160 962 2210 ut
989 2157 1290 2225 latronem,
1323 2173 1395 2212 ne
1434 2158 1505 2212 ab
1531 2174 1597 2212 eo
1627 2158 1748 2230 ipse
1780 2159 2089 2229 occidatur,

401 2244 619 2299 occidat
643 2261 656 2312 ;
689 2245 777 2299 vel
807 2244 1057 2315 cuipiam
1078 2245 1199 2300 viro
1228 2250 1326 2299 aut
1354 2246 1583 2300 feminae
1615 2251 1677 2301 ut
1704 2247 1983 2303 violenter
2015 2247 2090 2301 si-

394 2333 455 2389 bi
482 2338 862 2405 stupratorem
908 2333 1223 2387 irruentem
1267 2338 1397 2388 ante
1434 2334 1657 2388 illatum
1706 2339 1987 2405 stuprum,
2043 2336 2093 2391 si

395 2422 596 2493 possit,
632 2421 946 2477 interimat.
980 2423 1121 2475 Nam
1154 2421 1327 2476 militi
1356 2422 1528 2476 etiam
1569 2423 1806 2493 jubetur
1846 2426 1992 2495 lege,
2026 2429 2092 2480 ut

394 2520 618 2565 nostem
648 2514 836 2565 necet:
872 2527 902 2564 a
929 2526 1041 2581 qua
1069 2510 1220 2564 caede
1252 2509 1298 2563 si
1323 2511 1746 2581 temperaverit,
1792 2512 1862 2566 ab
1911 2513 2089 2583 impe-

393 2602 582 2653 ratore
611 2613 807 2669 poenas
828 2596 953 2651 luit.
990 2598 1136 2651 Num
1163 2596 1298 2651 istas
1314 2598 1469 2669 leges
1494 2598 1760 2669 injustas,
1789 2601 1875 2654 vel
1897 2601 2087 2670 potius

396 2688 582 2741 nullas
612 2686 800 2741 dicere
830 2684 1166 2740 audebimus
1186 2685 1214 2738 ?
1250 2687 1393 2741 Nam
1427 2686 1572 2742 mihi
1596 2688 1686 2742 lex
1710 2704 1828 2742 esse
1859 2705 1975 2744 non
1995 2689 2085 2745 vi-

394 2774 580 2843 detur,
609 2790 738 2846 quae
757 2774 913 2845 justa
941 2788 1060 2827 non
1087 2772 1279 2829 fuerit.

470 2864 552 2917 1‘2.
584 2865 651 2917 E.
696 2864 903 2932 Legem
951 2861 1181 2932 quidem
1236 2861 1371 2916 satis
1419 2861 1582 2918 video
1634 2880 1754 2919 esse
1801 2866 2082 2921 munitam

394 2954 587 3005 contra
611 2949 1005 3020 hujuscemodi
1028 2949 1466 3018 accusationem,
1500 2968 1627 3023 qum
1658 2952 1717 3007 in
1763 2969 1831 3007 eo
1865 2957 2078 3025 populo

390 3053 564 3109 quem
592 3037 758 3108 regit,
792 3036 1111 3090 minoribus
1132 3038 1441 3092 malefactis
1470 3055 1542 3093 ne
1564 3040 1782 3111 majora
1813 3042 2078 3097 commit-

391 3129 668 3195 terentur,
703 3126 858 3180 dedit
881 3125 1198 3181 licentiam.
1237 3127 1410 3180 Multo
1442 3132 1526 3181 est
1556 3128 1707 3182 enim
1733 3129 1929 3183 mitius
1948 3146 2079 3185 cum

391 3211 492 3282 qui
526 3212 726 3266 alienae
754 3211 883 3265 vita:
915 3211 1237 3278 insidiatur,
1271 3228 1443 3283 quam
1474 3229 1607 3268 eum
1638 3216 1737 3285 qui
1757 3232 1918 3270 suam
1946 3221 2075 3271 tue-

386 3303 500 3367 tur,
534 3298 735 3354 occidi.
770 3300 835 3353 Et
864 3299 1045 3353 multo
1067 3305 1152 3353 est
1178 3300 1486 3355 immanius
1514 3302 1754 3356 invitum
1779 3304 2077 3360 hominem

388 3391 649 3457 stuprum
677 3387 922 3457 perpeti,
957 3404 1130 3458 quam
1175 3404 1306 3443 eum
1349 3406 1381 3447 a
1410 3405 1525 3459 quo
1556 3390 1639 3444 vis
1684 3390 1783 3446 illa
1811 3392 2072 3462 infertur,

388 3475 459 3530 ab
490 3490 556 3529 eo
582 3474 673 3528 cui
701 3474 912 3529 inferre
938 3477 1483 3540 conatur,interimi.
1514 3478 1638 3533 Jam
1659 3495 1791 3534 vero
1819 3481 1984 3535 miles
2013 3482 2075 3537 in

386 3564 547 3618 hoste
575 3563 968 3618 interﬁciendo
998 3565 1261 3619 minister
1302 3571 1387 3621 est
1414 3566 1555 3637 legis
1580 3583 1593 3635 ;
1618 3584 1794 3639 quare
1823 3569 2073 3637 ofﬁcium

385 3667 551 3706 suum
575 3650 739 3705 facile
776 3652 933 3706 nulla
973 3652 1206 3707 libidine
1249 3654 1526 3724 implevit.
1574 3657 1749 3710 Porro
1798 3657 1922 3729 ipsa
1958 3659 2068 3727 lex,

383 3758 513 3813 quae
543 3741 737 3796 tuendi
764 3742 957 3813 pepuli
986 3759 1152 3797 causa
1181 3744 1294 3798 lata
1317 3749 1421 3816 est,
1449 3745 1660 3799 nullius
1690 3746 1941 3802 libidinis
1979 3766 2068 3803 ar-

380 3831 481 3902 gui
508 3835 713 3901 potest.
746 3830 1039 3901 Siquidem
1064 3831 1160 3886 ille
1195 3833 1295 3903 qui
1324 3833 1473 3899 tulit,
1507 3833 1553 3888 si
1584 3834 1686 3889 Dei
1711 3837 1873 3907 jussu
1913 3837 2065 3906 tulit,

379 3919 437 3974 id
465 3924 549 3973 est
588 3919 736 3989 quod
769 3920 1037 3990 praecepit
1067 3925 1282 3975 aeterna
1311 3921 1557 3993 justitia,
1607 3940 1807 3995 expers
1834 3927 2067 3982 omnino

378 4007 635 4062 libidinis
662 4008 721 4062 id
749 4024 917 4078 agerc
945 4009 1170 4079 potuit:
1219 4010 1266 4063 si
1311 4014 1503 4065 autem
1551 4011 1647 4066 ille
1714 4030 1845 4067 cum
1874 4015 2067 4086 aliqua

376 4095 613 4150 libidine
642 4096 751 4150 hoc
780 4096 995 4163 statuit,
1029 4114 1143 4151 non
1173 4113 1238 4152 ex
1269 4114 1335 4152 eo
1367 4099 1432 4153 ﬁt
1460 4104 1525 4153 ut
1554 4100 1606 4153 ei
1630 4100 1745 4171 legi
1776 4118 1905 4157 cum
1936 4103 2064 4158 libi-

375 4183 506 4238 dine
536 4183 931 4254 obtemperare
961 4201 1186 4239 necesse
1212 4186 1319 4253 sit;
1350 4186 1485 4256 quia
1503 4187 1656 4242 bona
1687 4190 1776 4243 lex
1807 4195 1860 4244 et
1886 4208 1919 4245 a
1950 4209 2065 4247 non

376 4271 528 4326 bono
557 4272 692 4326 ferri
721 4276 925 4341 potest.
969 4273 1094 4326 Non
1125 4272 1279 4326 enim
1318 4274 1367 4327 si
1395 4274 1540 4345 quis,
1583 4276 1741 4330 verbi
1770 4294 1939 4333 causa
1982 4286 2065 4350 ty-

375 4359 669 4413 rannicam
694 4364 1029 4430 potestatem
1060 4364 1277 4430 nactus,
1309 4362 1379 4416 ab
1414 4362 1606 4434 aliquo
1644 4365 1735 4419 cui
1776 4366 1884 4421 hoc
1928 4385 2060 4423 con-

374 4447 541 4509 ducit,
572 4447 819 4517 Iu'etium
852 4447 1111 4518 accipiat,
1144 4453 1210 4502 ut
1238 4453 1447 4503 statuat
1476 4451 1621 4505 nulli
1664 4452 1835 4508 licere
1870 4456 1958 4510 vel
1992 4459 2060 4512 ad

373 4535 704 4606 conjugium
732 4536 1005 4590 feminam
1034 4552 1257 4607 rapere,
1286 4542 1593 4609 propterea
1633 4542 1783 4596 mala
1809 4542 1901 4598 lex
1930 4547 2055 4616 erit,

372 4624 507 4696 quia
534 4622 913 4695 ille’injustus
961 4629 1129 4696 atque
1174 4632 1474 4699 corruptus
1504 4628 1649 4684 hanc
1690 4633 1839 4695 tulit,
1870 4634 2058 4691 Potest

370 4728 505 4783 ergo
554 4712 640 4767 illi
684 4712 797 4784 legi
828 4730 955 4784 quae
985 4714 1328 4769 tuendorum
1354 4716 1562 4772 civium
1610 4736 1779 4775 causa
1797 4721 1911 4775 vim
1957 4724 2056 4778 ho-

367 4799 556 4854 stilem
577 4800 775 4855 eadem
804 4801 858 4854 vi
895 4802 1098 4872 repelli
1118 4803 1304 4873 jubet,
1348 4804 1470 4860 sine
1493 4806 1731 4863 libidine
1762 4810 2057 4882 obtempe-

361 4887 507 4943 rari:
540 4890 690 4943 etde
720 4890 985 4945 omnibus
1014 4891 1310 4962 ministris,
1345 4894 1444 4966 qui
1474 4895 1606 4966 jure
1646 4902 1817 4970 atque
1851 4900 2051 4955 ordine

359 4977 739 5048 potestatibus
774 4977 1092 5051 quibusque
1132 4981 1372 5051 subjecti
1402 4988 1554 5053 sunt,
1606 4984 1665 5040 id
1707 4986 1818 5041 dici
1844 4992 2047 5058 potest.

328 5065 466 5120 .Sed
495 5066 580 5119 illi
631 5065 894 5120 homines
936 5067 1062 5138 lege
1103 5069 1410 5140 inculpata,
1451 5073 1740 5143 quomodo
1774 5074 2048 5144 inculpati

357 5160 569 5226 queant
598 5172 740 5225 esse,
765 5172 880 5209 non
920 5156 1081 5211 video
1107 5173 1120 5211 :
1150 5175 1266 5213 non
1294 5159 1450 5214 enim
1477 5161 1569 5215 lex
1601 5177 1698 5215 eos
1727 5162 1879 5233 cogit
1907 5163 2047 5216 occi-

352 5244 505 5312 dere,
541 5245 640 5300 sed
669 5245 943 5316 relinquit
986 5245 1045 5300 in
1088 5252 1387 5316 potestate.
1422 5249 1686 5304 Liberum
1738 5250 1819 5304 eis
1846 5250 2041 5323 itaque

354 5337 439 5387 est
466 5334 755 5389 neminem
784 5350 988 5389 necare
1011 5352 1112 5406 pro
1142 5335 1410 5408 iisrebus
1442 5353 1582 5409 quas
1610 5337 1776 5393 inviti
1806 5345 2043 5410 possunt

415 5478 443 5546 1_
462 5476 599 5546 Editi
622 5477 723 5546 hoc
742 5478 858 5546 loco
879 5480 1133 5546 omittqnt
1150 5483 1286 5546 4._et
1314 5478 1451 5529 infra
1474 5486 1757 5546 reponunt,
1781 5485 1820 5546 Α
1853 5485 2037 5546 Legem

349 5536 580 5608 quidem.
622 5540 824 5608 Verum
836 5541 1026 5608 ist.th
1049 5541 1233 5591 Evodii
1255 5554 1387 5603 esse,
1418 5536 1550 5593 cum'
1574 5536 1827 5595 orationis
1857 5536 2034 5608 series,

346 5603 462 5648 tum
489 5599 610 5648 Mss.
638 5602 961 5652 renuntiant.

1498 355 1589 410 DE
1630 354 1889 412 LIBERO
1929 352 2286 437 ᾼΒΒΙΤΒΙΟ,
2329 351 2382 409 S.
2425 349 2812 409 AUGUSTINI

3785 350 3803 400 l
3815 347 3913 400 228

2215 478 2496 549 amittere,
2526 482 2583 533 et
2625 478 2698 532 ob
2729 477 2837 531 hoc
2866 491 3055 531 amare
3085 491 3202 530 non
3238 475 3465 531 debent.
3503 475 3582 529 De
3605 473 3724 528 vita
3754 472 3910 529 enim

2215 564 2449 619 fortasse
2484 564 2731 635 cuipiam
2762 565 2833 617 sit
2869 564 3107 618 dubium
3135 567 3329 618 utrum
3380 563 3585 617 animae
3617 563 3778 616 nullo
3809 579 3907 633 pa-

2215 658 2302 708 cto
2352 654 2662 720 auferatur,
2686 654 2824 708 dum
2844 653 2951 707 hoc
2974 669 3179 723 corpus
3205 652 3559 706 interimitur
3583 667 3596 706 :
3627 651 3724 705 sed
3748 650 3794 705 si
3818 667 3910 705 au-

2213 741 2350 795 ferri
2396 746 2603 813 potest,
2651 742 3064 796 contemnenda
3109 747 3195 795 est
3221 741 3312 808 ;.si
3352 757 3467 794 non
3506 743 3720 810 potest,
3766 738 3912 794 nihil

2213 830 2607 884 metuendum.
2642 831 2719 884 De
2748 830 3023 901 pudicitia
3045 846 3177 884 vero
3208 830 3337 901 quis
3367 828 3732 896 dubitaverit,
3767 828 3910 900 quin

2214 933 2281 971 ea
2314 916 2385 971 sit
2405 917 2464 971 in
2493 917 2617 989 ipso
2649 919 2844 972 animo
2871 918 3197 985 constituta,
3231 917 3700 988 quandoquidem
3730 915 3913 970 virtus

2213 1006 2345 1059 est?
2372 1005 2523 1059 unde
2555 1024 2587 1059 a
2605 1006 2857 1060 violento
2889 1009 3209 1076 stnpratore
3239 1005 3386 1077 eripi
3415 1021 3521 1060 nec
3547 1005 3673 1075 ipsa
3699 1007 3909 1075 potest.

2212 1092 2499 1164 Quidquid
2539 1092 2720 1165 igitur
2757 1098 3058 1165 erepturus
3087 1098 3210 1149 erat
3238 1094 3334 1149 ille
3391 1092 3493 1165 qui
3523 1093 3824 1159 occiditur,
3858 1091 3914 1146 id

2212 1184 2397 1235 totum
2437 1181 2499 1235 in
2530 1186 2809 1252 potestate
2856 1186 3051 1237 nostra
3096 1198 3211 1237 non
3241 1187 3366 1237 est:
3410 1198 3586 1254 quare
3634 1181 3915 1252 quemad-

2210 1271 2447 1325 modum
2476 1276 2737 1326 nostrum
2758 1272 3165 1343 appellandum
3185 1272 3277 1339 sit,
3312 1288 3428 1326 non
3450 1270 3730 1342 intelligo.
3764 1270 3914 1335 Qua-

2207 1364 2443 1430 propter
2487 1360 2674 1432 legem
2718 1361 2950 1432 quidem
3001 1377 3116 1416 non
3165 1361 3522 1432 reprehendo
3570 1375 3700 1431 quae
3754 1359 3901 1413 tales

2207 1448 2489 1517 permittit
2515 1447 2787 1517 interﬁci;
2820 1449 2917 1503 sed
2944 1465 3057 1520 quo
3096 1453 3262 1521 pacto
3302 1450 3438 1504 istos
3469 1448 3776 1504 defendam
3807 1447 3910 1520 qui

2204 1535 2577 1603 interﬁciunt,
2605 1553 2721 1591 non
2750 1536 3003 1592 invenio.

2278 1626 2362 1678 l3.
2393 1626 2469 1678 A.
2521 1625 2695 1679 Multo
2746 1624 2935 1679 minus
2964 1626 2982 1662 ί
3030 1640 3136 1696 ego
3190 1623 3449 1679 invenire
3498 1639 3756 1694 possum,
3804 1640 3909 1678 cur

2203 1710 2535 1766 hominibus
2566 1712 2958 1767 defensionem
3001 1729 3266 1784 quaeras,,
3293 1728 3436 1784 quos
3465 1728 3591 1766 reos
3619 1712 3782 1767 nulla
3813 1712 3907 1767 lex

2203 1801 2377 1854 tenet.
2412 1802 2479 1854 E.
2515 1800 2681 1854 Nulla
2708 1800 2968 1869 fortasse,
2999 1801 3100 1855 sed
3128 1817 3328 1856 earum
3358 1802 3551 1871 legum
3568 1816 3699 1872 quas
3720 1817 3905 1872 appa-

2203 1892 2349 1954 rent,
2371 1887 2506 1941 etab
2530 1888 2858 1943 hominibus
2878 1890 3175 1961 leguntur:
3198 1906 3330 1944 nam
3352 1889 3542 1944 nescio
3568 1894 3767 1944 utrum
3787 1905 3907 1944 non

2202 1976 2395 2047 aliqua
2421 1977 2847 2032 vehementiore
2894 1994 2958 2032 ac
2998 1978 3375 2043 secretissima
3408 1979 3532 2049 lege
3567 1982 3901 2046 teneantur,

2202 2062 2251 2118 si
2269 2064 2413 2118 nihil
2440 2080 2634 2119 rerum
2666 2070 2753 2120 est
2778 2065 2930 2137 quod
2959 2081 3074 2120 non
3098 2066 3456 2121 administret
3494 2065 3686 2121 divina
3708 2066 3905 2137 provi-

2202 2150 2414 2206 dentia.
2458 2152 2752 2218 Quomodo
2811 2153 2966 2208 enim
3009 2154 3158 2225 apud
3208 2170 3335 2208 eam
3372 2159 3507 2208 sunt
3546 2153 3641 2208 isti
3667 2158 3907 2225 peccato

2203 2238 2391 2307 liberi,
2420 2240 2642 2313 quipro
2671 2241 2739 2296 iis
2762 2242 2933 2296 rebus
2979 2258 3119 2313 quas
3159 2242 3450 2297 contemni
3491 2246 3738 2314 oportet,
3788 2243 3905 2298 hu-

2200 2343 2373 2382 mana
2402 2329 2553 2384 caede
2579 2329 2785 2401 polluti
2806 2334 2985 2386 sunt?
3021 2332 3256 2385 Videtur
3284 2347 3418 2402 ergo
3448 2331 3592 2385 mihi
3620 2335 3676 2386 et
3704 2332 3905 2403 legem

2204 2414 2394 2483 istam,
2427 2432 2556 2489 quas
2582 2419 2798 2488 populo
2832 2418 3083 2488 regendo
3106 2418 3407 2487 scribitur,
3437 2422 3590 2474 recte
3621 2418 3732 2474 ista
3760 2435 3907 2490 per-

2196 2502 2443 2572 mittere,
2477 2510 2532 2559 et
2559 2505 2809 2560 divinam
2848 2506 3264 2576 providentiam
3292 2507 3597 2562 vindicare.
3630 2507 3711 2562 Da
3738 2508 3905 2564 enim

2196 2591 2533 2647 vindicanda
2564 2594 2672 2647 sibi
2691 2594 2813 2648 haec
2841 2595 2930 2648 lex
2954 2595 3149 2666 populi
3177 2595 3434 2663 assumit,
3465 2612 3595 2668 quas
3625 2596 3763 2651 satis
3786 2597 3909 2652 sint

2193 2672 2560 2735 conciliandae
2590 2682 2716 2752 paci
2743 2683 3072 2737 hominibus
3093 2683 3397 2755 imperitis,
3427 2690 3483 2739 et
3521 2689 3738 2757 quanta
3765 2702 3904 2757 pos-

2195 2774 2327 2825 sunt
2362 2786 2466 2842 per
2493 2770 2786 2826 hominem
2833 2772 2976 2842 regi.
3004 2773 3122 2827 Illa:
3152 2789 3286 2828 vero
3308 2776 3493 2844 culpae
3529 2775 3668 2829 alias
3695 2792 3906 2846 pcenas

2194 2862 2352 2929 aptas
2392 2859 2624 2930 habent,
2654 2876 2688 2914 a
2733 2859 2940 2931 quibus
2973 2862 3093 2915 sola
3121 2861 3266 2916 milii
3293 2862 3518 2917 videtur
3554 2879 3725 2934 posse
3752 2864 3907 2920 libe-

2191 2962 2318 3000 rare
2349 2947 2649 3018 sapientia.
2700 2950 2774 3003 Α.
2828 2950 3019 3005 Laudo
3059 2954 3118 3005 et
3156 2950 3338 3021 probo
3390 2951 3579 3020 istam,
3619 2955 3899 3024 quamvis

2190 3033 2514 3091 inchoatam
2558 3037 2863 3108 minusque
2910 3038 3238 3108 perfectam,
3280 3044 3477 3095 tamen
3519 3040 3801 3097 ﬁdentem
3832 3048 3899 3098 et.

2191 3123 2455 3179 sublimia
2483 3125 2742 3196 quaedam
2781 3131 3070 3197 petentem
3100 3127 3525 3183 distinctionem
3561 3134 3741 3185 tuam.
3796 3132 3904 3185 Vi-

2190 3211 2358 3266 detur
2387 3214 2543 3267 enim
2581 3214 2686 3268 tibi
2741 3216 2832 3268 lex
2884 3216 3010 3282 ista,
3060 3232 3189 3287 quae
3243 3218 3506 3288 regendis
3558 3218 3900 3276 civitatibus

2187 3298 2385 3366 fertur,
2428 3303 2608 3355 multa
2645 3304 2952 3357 concedere
2984 3308 3154 3374 atque
3202 3304 3487 3375 impunita
3531 3306 3895 3377 relinquere,

2188 3402 2316 3457 quae
2330 3404 2435 3458 per
2462 3388 2713 3443 divinam
2736 3396 2925 3445 tamen
2954 3393 3374 3463 providentiam
3399 3393 3802 3464 vindicantur;
3836 3402 3903 3453 et

2184 3481 2357 3531 recte.
2409 3478 2604 3547 Neque
2636 3478 2791 3532 enim
2818 3480 2953 3550 quia
2980 3496 3098 3535 non
3142 3481 3337 3537 omnia
3384 3482 3537 3551 facit,
3587 3483 3718 3539 ideo
3749 3500 3897 3556 quae

2181 3562 2316 3618 facit
2345 3564 2723 3635 improbanda
2747 3572 2897 3621 sunt.

2228 3706 2454 3763 CAPUT
2483 3708 2571 3763 Vl.
2601 3737 2672 3749 —
2693 3711 2805 3765 Lex
2834 3715 3035 3765 aeterna
3069 3711 3408 3787 moderatrim
3430 3715 3819 3773 humanarum.

2215 3800 2223 3811 '
2726 3801 2963 3856 litem
2984 3802 3134 3871 legis
3161 3803 3325 3857 notio.

2253 3921 2341 3975 14.
2372 3920 2477 3976 Sed
2505 3920 2869 3991 dispiciamus
2899 3923 3217 3995 diligenter,
3242 3927 3521 3999 silplacet,
3551 3944 3663 4000 quo
3690 3945 3898 4003 usque

2176 4023 2281 4078 per
2309 4008 2493 4079 legem
2513 4009 2680 4064 istam
2706 4028 2834 4082 quae
2861 4014 3103 4084 populos
3124 4014 3185 4068 in
3212 4014 3317 4069 hac
3342 4015 3458 4071 vita
3483 4016 3728 4085 cohibet,
3755 4035 3896 4076 ma-

2177 4096 2379 4151 lefacta
2408 4097 2726 4179 ulciscenda
2760 4100 2903 4155 sint:
2940 4102 3144 4159 deinde
3175 4104 3312 4175 quid
3341 4109 3533 4166 restet,
3567 4106 3723 4177 quod
3771 4125 3900 4179 per

2175 4184 2424 4240 divinam
2448 4172 2866 4256 providentiam
2897 4190 3284 4247 inevitabilius
3314 4198 3642 4265 secretoque
3669 4197 3899 4266 punia-

2173 4277 2284 4328 tur.
2325 4276 2392 4329 E.
2425 4275 2623 4353 Cupio,
2659 4276 2705 4330 si
2735 4278 2905 4333 modo
2938 4280 3227 4349 perveniri
3255 4281 3435 4351 possit
3467 4282 3538 4336 ad
3580 4286 3759 4339 tantae
3789 4289 3899 4342 rei

2171 4362 2447 4417 terminos
2474 4381 2487 4418 :
2535 4381 2671 4420 nam
2699 4366 2806 4421 hoc
2830 4383 2936 4438 ego
2983 4367 3274 4424 inﬁnitum
3302 4373 3462 4440 puto.
3496 4373 3573 4426 Α.
3611 4372 3737 4427 Imo
3768 4376 3891 4432 ad-

2173 4456 2290 4505 esto
2321 4451 2536 4520 animo,
2579 4457 2634 4507 et
2674 4455 2909 4510 rationis
2935 4455 3054 4510 vias
3084 4456 3294 4527 pietate
3327 4458 3506 4511 fretus
3534 4459 3890 4530 ingredere.

2172 4539 2323 4595 Nihil
2348 4544 2433 4594 est
2460 4541 2613 4596 enim
2644 4547 2761 4597 tam
2787 4543 3028 4599 arduum
3052 4548 3224 4615 atque
3265 4544 3512 4607 difﬁcile,
3558 4550 3718 4617 quod
3753 4569 3894 4610 non

2171 4629 2285 4683 De.)
2334 4629 2637 4700 adjuvante
2684 4631 3084 4702 plenissimum
3141 4637 3312 4703 atque
3359 4632 3881 4703 expeditissimum

2166 4716 2286 4772 ﬁat.
2318 4718 2383 4771 In
2408 4719 2598 4789 ipsum
2646 4720 2838 4792 itaque
2865 4720 3123 4791 suspensi
3153 4725 3322 4791 atque
3361 4720 3431 4775 ab
3461 4738 3529 4777 eo
3577 4727 3887 4786 auxilium

2166 4805 2551 4876 deprecantes,
2601 4809 2755 4879 quod
2801 4808 3171 4875 instituimus,
3205 4825 3547 4880 quaeramus.
3584 4814 3652 4867 Et
3697 4817 3888 4887 prius

2162 4895 2441 4964 responde
2471 4895 2633 4961 mihi,
2658 4900 2851 4949 utrum
2880 4896 2988 4949 ista
3016 4895 3103 4949 lex
3129 4912 3256 4966 quae
3284 4897 3488 4953 litteris
3518 4905 3882 4976 promulga-

2161 4985 2277 5049 tur,
2298 4982 2622 5037 hominibus
2654 4984 2800 5037 hanc
2830 4984 3004 5038 vitam
3044 4984 3369 5041 viventibus
3420 4989 3752 5059 opituletur.
3791 4998 3879 5053 E.

2161 5068 2519 5125 Manifestum
2548 5075 2631 5125 est
2655 5087 2669 5125 :
2696 5087 2829 5125 nam
2852 5088 2917 5126 ex
2946 5071 3035 5126 his
3063 5073 3397 5130 hominibus
3425 5077 3625 5149 utique
3650 5085 3877 5154 populi

2158 5155 2524 5229 civitatesque
2550 5159 2887 5215 consistunt.
2915 5161 2989 5216 A.
3020 5161 3171 5227 Quid
3191 5163 3220 5218 ?
3238 5163 3347 5235 ipsi
3367 5166 3635 5222 homines
3669 5175 3727 5224 et
3756 5188 3883 5242 po-

2152 5245 2296 5316 puli,
2322 5247 2651 5317 ejnsdemne
2681 5251 2906 5319 generis
2936 5267 3132 5307 rerum
3169 5259 3323 5321 sunt,
3356 5258 3420 5310 ut
3444 5256 3681 5312 interire
3721 5275 3877 5316 mu-

2151 5334 2329 5388 tarive
2354 5351 2467 5390 non
2505 5337 2741 5406 possint,
2784 5340 3095 5412 aeternique
3135 5343 3372 5397 omnino
3424 5345 3583 5401 sint?
3609 5361 3684 5400 an
3713 5364 3872 5407 vero

2150 5423 2452 5479 mutabiles
2480 5426 2947 5501 temporibusque
2979 5430 3219 5501 subjecti
3249 5432 3428 5487 sunt?
3474 5436 3539 5488 E.
3574 5435 3869 5496 Mutabile

2215 5550 2227 5578 ι
2251 5550 2323 5628 ἐκ)
2340 5549 2599 5628 hactenus
2626 5552 2782 5628 editis
2802 5553 3053 5628 habetur;
3084 5558 3150 5628 li.
3175 5555 3340 5628 μμιιο
3359 5560 3540 5608 minus
3551 5571 3865 5628 _:_moxque,

2149 5614 2209 5661 Α.
2240 5611 2413 5664 Nulla
2439 5612 2710 5677 fortasse:
2738 5622 2789 5666 et
2816 5617 2973 5677 infra,
3006 5611 3071 5668 Ε.
3098 5618 3305 5670 Videtur
3324 5632 3452 5682 ergo
3487 5619 3637 5671 mihi.
