4074 6396
153 375 282 426 I229

144 494 315 564 plane
361 495 532 564 atque
576 494 827 564 tempori
857 493 1173 550 obnoxium
1214 496 1324 550 hoc
1361 511 1542 567 genus
1571 511 1690 551 esse
1721 497 1848 568 quis

147 580 404 637 dubitet?
434 586 502 637 Α.
540 583 713 652 Ergo,
766 583 813 636 si
855 585 1104 654 populus
1144 583 1215 638 sit
1261 585 1406 639 bene
1437 585 1765 640 moderatus
1795 590 1850 640 et

145 671 352 743 gravis,
383 671 831 743 communisque
854 673 1114 727 utilitatis
1138 674 1608 745 diligentissimus
1637 679 1846 744 custos,

143 760 205 815 in
233 776 344 832 quo
374 761 775 832 unusquisque
806 761 1046 816 minoris
1079 778 1204 816 rem
1232 763 1512 832 privatam
1543 780 1715 834 quam
1741 781 1848 834 pu-

143 849 348 903 blicam
390 849 643 919 pendat;
679 865 875 904 nonne
905 857 1054 905 recte
1090 851 1180 905 lex
1208 851 1408 922 fertur,
1439 869 1554 924 qua
1582 852 1716 906 huic
1739 852 1850 923 ipsi

144 939 360 1009 populo
401 938 569 991 liceat
618 954 812 994 creare
852 939 960 993 sibi
1003 940 1388 1010 magistratus,
1427 957 1532 1011 per
1573 957 1716 1012 quos
1747 957 1849 995 sua

146 1043 256 1094 res,
287 1026 345 1080 id
377 1031 462 1080 est
489 1026 739 1097 publica,
789 1027 1257 1084 administretur?
1285 1031 1350 1084 E.
1392 1030 1560 1084 Recte
1590 1036 1843 1100 prorsus.

148 1120 218 1173 Α.
261 1118 437 1171 Porro
480 1116 527 1170 si
569 1117 849 1186 paulatim
900 1118 1240 1189 depravatus
1268 1119 1420 1174 idem
1450 1120 1695 1190 populus
1725 1135 1846 1173 rem

153 1206 431 1276 privatam
478 1205 562 1259 rei
598 1206 846 1276 publicae
884 1208 1170 1278 prazferat,
1204 1213 1374 1280 atque
1407 1209 1613 1263 habeat
1649 1209 1845 1262 venale

149 1295 505 1366 suffragium,
552 1301 967 1368 corruptusque
1010 1297 1080 1350 ab
1115 1297 1194 1351 eis
1224 1297 1323 1368 qui
1352 1297 1596 1352 honores
1628 1301 1843 1365 amant,

147 1384 403 1455 regimen
437 1385 496 1438 in
530 1401 588 1438 se
618 1384 913 1455 ﬂagitiosis
942 1386 1454 1457 consceleratisque
1493 1385 1840 1452 committat;

149 1490 336 1528 nonne
367 1473 506 1527 item
545 1477 718 1537 recte,
766 1473 813 1528 si
857 1475 986 1545 quis
1037 1478 1173 1529 tunc
1221 1475 1498 1530 exstiterit
1526 1475 1611 1528 vir
1636 1475 1841 1537 bonus,

148 1562 247 1634 qui
276 1562 593 1632 plurimum
623 1562 819 1633 possit,
855 1563 1068 1618 adimat
1096 1564 1229 1618 huic
1254 1564 1470 1634 populo
1501 1567 1845 1634 potestatem

146 1650 318 1705 dandi
362 1651 628 1717 honores,
663 1655 720 1705 et
759 1651 818 1704 in
850 1667 1164 1722 paucorum
1208 1653 1513 1717 bonorum,
1554 1652 1642 1705 vel
1673 1652 1844 1706 etiam

147 1739 313 1793 unius
345 1738 566 1810 redigat
595 1739 944 1793 arbitrium?
970 1743 1034 1795 E.
1061 1741 1126 1794 Et
1150 1740 1206 1794 id
1236 1745 1407 1795 recte.
1436 1741 1508 1794 A.
1540 1740 1680 1794 Cum
1708 1757 1843 1809 ergo

144 1827 271 1881 dua:
320 1826 441 1880 istae
489 1827 643 1897 leges
685 1827 763 1881 ita
811 1827 918 1882 sibi
947 1828 1248 1882 videantur
1278 1844 1398 1882 esse
1437 1827 1754 1895 contrariae,
1785 1832 1846 1882 ut

144 1932 258 1972 una
287 1931 482 1970 earnm
513 1915 798 1970 honorum
828 1917 1148 1971 dandorum
1179 1917 1392 1987 populo
1424 1917 1639 1971 tribuat
1683 1921 1843 1988 pote-

143 2008 364 2071 statem,
381 2005 599 2058 auferat
619 2005 825 2071 altera;
859 2009 1069 2060 etcum
1101 2005 1206 2060 ista
1229 2005 1478 2059 secunda
1508 2005 1587 2059 ita
1606 2007 1719 2060 lata
1749 2005 1840 2072 sit,

143 2098 210 2148 ut
243 2093 399 2164 nullo
427 2093 599 2147 modo
632 2092 815 2147 ambae
845 2093 904 2147 in
933 2109 1048 2147 una
1085 2093 1310 2147 civitate
1343 2094 1513 2147 simul
1545 2109 1667 2148 esse
1713 2111 1842 2164 pos-

144 2181 287 2250 sint;
314 2198 455 2236 num
488 2181 743 2236 dicemus
772 2181 1023 2253 aliquam
1056 2198 1256 2236 earum
1293 2182 1569 2252 injustam
1604 2198 1745 2251 esse,
1790 2185 1846 2236 et

145 2271 281 2328 ferri
309 2271 551 2325 minime
582 2271 881 2325 debuisse?
923 2274 987 2327 E.
1039 2271 1206 2325 Nullo
1245 2271 1437 2325 modo.
1471 2273 1548 2326 Α.
1576 2271 1842 2340 Appelle-

143 2376 272 2415 mus
319 2375 455 2430 ergo
504 2359 672 2414 istam
716 2361 922 2430 legem,
966 2360 1009 2412 si
1051 2360 1253 2429 placet,
1288 2359 1684 2428 temporalem,
1716 2374 1844 2429 quas

143 2465 474 2520 quanquam
516 2449 672 2520 justa
715 2449 804 2515 sit,
847 2447 1185 2503 commutari
1215 2453 1410 2503 tamen
1439 2465 1542 2520 per
1583 2453 1844 2519 tempora

143 2539 298 2609 juste
326 2541 530 2608 potest.
563 2540 628 2592 E.
657 2538 1046 2607 Appellemus.

223 2631 308 2682 15.
343 2632 418 2681 Α.
452 2626 637 2690 Quid?
664 2626 764 2679 illa
793 2627 879 2680 lex
909 2642 1038 2696 qua:
1067 2642 1292 2680 summa
1317 2625 1464 2680 ratio
1492 2625 1840 2692 nominatur,

145 2715 237 2770 cui
287 2731 511 2787 semper
553 2715 1070 2786 obtemperandum
1121 2719 1223 2780 est,
1263 2719 1320 2769 et
1366 2730 1468 2785 per
1505 2731 1678 2785 quam
1708 2714 1845 2768 mali

145 2805 436 2867 miseram,
459 2804 595 2858 boni
615 2803 843 2857 beatam
871 2803 1047 2857 vitam
1068 2807 1382 2872 merentur,
1414 2819 1519 2873 per
1549 2818 1721 2873 quam
1753 2803 1846 2857 de-

148 2893 323 2964 nique
353 2893 452 2946 illa
479 2908 652 2963 quam
679 2892 1053 2961 temporalem
1083 2891 1392 2945 vocandam
1423 2891 1843 2956 diximus,recte

151 2979 624 3050 fertur,recteque
649 2983 921 3043 mutatur,
945 2984 1203 3050 potestne
1224 2979 1475 3050 cuipiam
1502 2978 1845 3049 intelligenti

147 3085 265 3123 non
293 3067 779 3123 incommutabilis
810 3073 1136 3138 aeternaque
1164 3067 1381 3122 videri?
1409 3071 1498 3122 An
1525 3072 1712 3137 potest
1736 3067 1842 3120 ali-

145 3159 377 3228 quando
406 3157 685 3228 injustum
716 3173 835 3212 esse
859 3160 919 3210 ut
943 3156 1079 3210 mali
1097 3155 1457 3221 miseri,boni
1482 3161 1673 3210 autem
1692 3155 1844 3209 beati

143 3247 290 3312 sint;
325 3250 422 3300 aut
453 3251 515 3300 ut
545 3247 837 3299 modestus
867 3249 922 3299 et
955 3245 1142 3315 gravis
1167 3245 1415 3316 populus
1444 3246 1565 3315 ipse
1595 3244 1702 3298 sibi
1729 3260 1846 3298 ma-

143 3335 413 3405 gistratus
441 3334 922 3402 creet,dissolutus
943 3350 1074 3388 vero
1105 3337 1158 3388 et
1189 3350 1438 3404 nequam
1477 3333 1585 3388 ista
1616 3334 1844 3388 licentia

145 3425 374 3478 careat?
399 3426 459 3478 E.
493 3423 667 3477 Video
699 3423 844 3476 hanc
874 3427 1147 3476 aeternam
1174 3439 1294 3476 esse
1324 3427 1495 3494 atque
1524 3423 1842 3477 incommu-

140 3512 382 3566 tabilem
411 3512 618 3581 legem.
669 3514 745 3565 Α.
780 3511 963 3566 Simul
991 3511 1165 3566 etiam
1195 3515 1251 3566 te
1285 3511 1477 3567 videre
1507 3511 1756 3566 arbitror
1785 3510 1844 3564 in

144 3601 248 3655 illa
277 3600 581 3670 temporali
602 3599 747 3654 nihil
769 3616 889 3654 esse
902 3600 1123 3669 justum
1146 3605 1316 3670 atque
1342 3599 1844 3670 legitimum,quod

144 3705 264 3744 non
311 3705 380 3743 ex
428 3689 534 3744 hac
582 3693 795 3743 aeterna
833 3689 940 3743 sibi
984 3689 1247 3744 homines
1296 3688 1610 3769 derivarint
1660 3703 1673 3740 :
1712 3702 1845 3740 nam

145 3779 194 3834 si
269 3779 520 3850 populus
593 3779 688 3832 ille
755 3777 1007 3848 quodam
1084 3783 1340 3847 tempore
1395 3777 1548 3846 juste
1603 3775 1848 3828 honores

147 3868 326 3934 dedit,
378 3867 627 3939 quodam
677 3882 875 3920 rursus
916 3866 1066 3934 juste
1121 3881 1237 3918 non
1286 3864 1468 3931 dedit;
1518 3863 1640 3917 haec
1684 3862 1846 3915 vicis-

147 3957 342 4012 situdo
387 3954 720 4025 temporalis
767 3958 833 4007 ut
868 3954 1022 4024 justa
1066 3957 1232 4019 esset,
1279 3969 1342 4006 ex
1386 3952 1483 4006 illa
1530 3950 1847 4005 aeternitate

145 4050 328 4100 tracta
377 4049 482 4110 est,
529 4060 643 4115 qua
686 4059 911 4112 semper
933 4042 1154 4112 justum
1199 4046 1283 4095 est
1313 4057 1542 4111 gravem
1573 4039 1848 4110 populum

142 4136 398 4190 honores
428 4134 774 4198 dare,levem
801 4147 918 4185 non
944 4131 1077 4184 dare
1111 4144 1123 4186 :
1161 4147 1233 4184 an
1261 4129 1367 4183 tibi
1407 4129 1572 4183 aliter
1595 4127 1851 4182 videtur?

141 4227 214 4279 E.
249 4223 569 4278 Assentior.
598 4223 669 4276 A.
723 4221 792 4274 Ut
821 4219 998 4289 igitur
1033 4217 1280 4273 breviter
1310 4223 1542 4272 internae
1571 4215 1711 4287 legis
1745 4231 1848 4268 no-

147 4313 396 4381 tionem,
422 4327 551 4382 quas
582 4309 862 4380 impressa
884 4307 1044 4361 nobis
1065 4311 1454 4376 est,quantum
1484 4306 1642 4359 valeo
1665 4303 1851 4356 verbis

140 4400 455 4472 explicem,
489 4416 552 4453 ea
588 4404 676 4452 est
716 4413 828 4468 qua
858 4392 1096 4467 justum'
1117 4399 1201 4448 est
1229 4398 1290 4448 ut
1319 4393 1514 4447 omnia
1560 4393 1672 4446 sint
1699 4391 1851 4446 ordi-

141 4487 450 4544 natissima
483 4503 495 4541 :
528 4492 588 4540 tu
621 4485 666 4539 si
698 4485 863 4562 aliter
892 4483 1198 4549 existimas,
1229 4497 1447 4552 prome.
1478 4484 1544 4536 E.
1578 4480 1720 4545 Quid
1749 4478 1855 4534 tibi

145 4596 290 4635 vera
309 4579 518 4633 dicenti
539 4576 925 4632 contradicam
946 4591 1064 4630 non
1083 4575 1286 4629 habeo.
1312 4575 1384 4628 A.
1414 4574 1554 4627 Cum
1576 4588 1712 4642 ergo
1732 4572 1855 4624 haec

146 4669 228 4724 sit
253 4683 369 4722 una
397 4668 579 4734 lex,ex
608 4682 722 4737 qua
749 4665 863 4719 illae
895 4680 1091 4718 omnes
1120 4663 1464 4732 temporales
1490 4663 1562 4715 ad
1593 4660 1854 4714 homines

147 4755 442 4827 regendos
471 4755 783 4821 variantur,
815 4769 955 4808 num
987 4752 1117 4806 ideo
1148 4751 1272 4821 ipsa
1301 4749 1509 4804 variari
1534 4749 1649 4802 ullo
1686 4748 1855 4802 modo

147 4846 388 4917 potest?
415 4845 491 4898 E.
524 4842 788 4912 Intelligo
821 4840 1058 4896 omnino
1080 4856 1200 4894 non
1226 4855 1394 4910 posse
1428 4855 1440 4893 :
1487 4853 1675 4908 neque
1701 4835 1856 4890 enim

141 4937 270 4991 ulla
298 4934 402 5000 vis,
433 4934 588 4988 ullus
617 4948 801 4998 casus,
834 4931 954 4986 ulla
981 4946 1175 4985 rerum
1197 4929 1352 4984 labes
1380 4943 1636 4998 unquam
1657 4927 1854 4981 effece-

144 5022 227 5077 rit
251 5025 315 5076 ut
332 5021 556 5092 justum
587 5034 706 5074 non
734 5017 808 5072 sit
837 5016 1036 5072 omnia
1065 5031 1186 5070 esse
1216 5012 1657 5070 ordinatissime.

811 5142 1036 5197 CAPUT
1073 5141 1188 5196 VII.

153 5271 334 5324 Homo
379 5283 446 5321 ea:
476 5271 677 5321 eterna
720 5267 830 5332 lege
873 5264 1132 5332 quomodo
1175 5263 1614 5318 ordinatissimus
1644 5260 1856 5328 disqui-

230 5357 480 5424 rendum,
509 5371 670 5425 eoque
697 5358 802 5425 ﬁne
845 5353 1146 5408 ostenditur
1182 5355 1319 5408 scire
1346 5345 1533 5407 melius
1562 5365 1671 5406 esse
1699 5363 1863 5417 quam

221 5462 424 5501 vivere.

234 5555 322 5608 l6.
353 5555 432 5606 A.
475 5553 596 5622 Age
633 5565 809 5617 nunc,
853 5548 1382 5619 videamus,.homo
1421 5546 1541 5618 ipse
1574 5544 1862 5618 quomodo

153 5645 223 5698 in
259 5642 448 5714 seipso
481 5641 554 5697 sit
582 5639 1036 5698 ordinatissimus
1085 5656 1098 5694 :
1130 5654 1267 5693 nam
1295 5654 1363 5693 ex
1391 5637 1722 5693 hominibus
1750 5651 1866 5690 una

1642 375 1852 431 LIBER
1894 373 2178 432 PRIMUS.

3509 388 3644 441 1230

1959 499 2086 568 lege
2115 497 2608 572 sociatis,p0pulus
2638 506 2886 568 constat;
2912 519 3042 575 quae
3072 504 3186 568 lex,
3216 510 3277 560 ut
3302 506 3520 563 dictum
3545 517 3650 580 est,

1957 586 2288 657 temporalis
2331 592 2435 643 est.
2467 591 2538 643 Et
2584 591 2674 645 die
2721 591 2864 646 mihi
2913 597 3107 647 utrum
3151 595 3535 652 certissimum
3578 600 3653 653 sit

1955 674 2057 728 tibi
2090 676 2276 730 vivere
2307 680 2381 730 te.
2413 679 2478 732 E.
2505 679 2619 732 Hoc
2646 696 2778 734 vero
2808 680 2947 750 quid
2977 681 3185 736 certius
3215 685 3654 754 responderim?

1954 766 2033 817 Α.
2067 763 2253 827 Quid?
2282 765 2421 818 illud
2448 770 2682 836 potesne
2713 769 3068 839 dignoscere,
3103 771 3260 826 aliud
3291 789 3411 827 esse
3441 773 3648 840 vivere,

1955 852 2112 907 aliud
2153 870 2320 908 nosse
2353 870 2412 907 se
2445 854 2670 908 vivere?
2714 860 2780 910 E.
2834 857 2959 912 Scio
3005 859 3240 930 quidem
3267 861 3561 916 neminem
3593 879 3652 916 se

1955 957 2123 995 nosse
2151 941 2360 1012 vivere,
2396 941 2506 996 nisi
2527 943 2845 1011 viventem;
2888 947 2986 1000 sed
3015 953 3212 1002 utrum
3239 950 3428 1004 omnis
3455 950 3652 1005 vivens

1956 1030 2180 1085 noverit
2211 1048 2270 1085 se
2297 1031 2505 1098 vivere,
2538 1031 2762 1102 ignoro.
2796 1035 2872 1086 Α.
2906 1033 3087 1097 Quam
3117 1037 3322 1093 vellem
3351 1043 3416 1093 ut
3444 1040 3648 1109 credis,

1953 1118 2033 1173 ita
2081 1120 2254 1174 etiam
2303 1120 2473 1175 scires
2521 1136 2725 1192 pecora
2765 1137 2956 1176 carere
2999 1123 3248 1192 ratione;
3298 1127 3411 1182 cito
3455 1133 3653 1182 nostra

1957 1207 2264 1279 disputatio
2296 1209 2364 1264 ab
2393 1209 2504 1264 ista
2545 1209 2859 1280 quaestione
2899 1211 3168 1266 transiret
3205 1229 3217 1266 :
3249 1216 3346 1269 sed
3377 1217 3652 1286 quoniam

1954 1297 2173 1352 nescire
2221 1303 2275 1352 te
2338 1299 2497 1366 dicis,
2553 1300 2788 1370 longam
2844 1299 3380 1357 sermocinationem
3436 1321 3645 1360 moves.

1956 1386 2150 1455 Neque
2182 1385 2336 1438 enim
2362 1385 2491 1439 talis
2520 1402 2610 1440 res
2640 1391 2743 1454 est,
2778 1403 2891 1458 qua
2917 1388 3303 1457 praetermissa
3327 1407 3564 1461 pergere
3590 1393 3651 1445 in

1954 1489 2019 1526 ea
2048 1489 2176 1544 qua:
2204 1474 2574 1540 intendimus,
2605 1479 2762 1528 tanta
2791 1476 3148 1530 connexione
3176 1477 3652 1550 rationis,quanta

1955 1577 2097 1632 Opus
2127 1578 2247 1616 esse
2277 1562 2482 1629 sentio,
2515 1563 2790 1618 sinamur.
2826 1565 2923 1618 Dic
2950 1564 3143 1636 itaque
3172 1567 3473 1634 mihi,cum
3503 1584 3653 1638 saepe

1950 1649 2258 1705 viderimus
2307 1651 2515 1705 bestias
2549 1651 2618 1706 ab
2649 1652 2979 1707 hominibus
3007 1653 3274 1722 domitas,
3303 1655 3362 1710 id
3402 1661 3506 1723 est,
3540 1672 3654 1710 non

1951 1755 2158 1808 corpus
2183 1739 2380 1794 bestias
2409 1744 2654 1802 tantum,
2678 1741 2775 1795 sed
2802 1745 2857 1795 et
2881 1742 3133 1796 animam
3163 1743 3243 1796 ita
3271 1744 3496 1798 homini
3526 1745 3654 1800 sub-

1947 1827 2226 1898 jugatam,
2258 1829 2322 1880 ut
2351 1828 2629 1882 voluntati
2661 1829 2782 1898 ejus
2815 1846 2982 1884 sensu
2999 1830 3248 1900 quodam
3272 1836 3327 1885 et
3350 1837 3650 1887 consuetu-

1951 1915 2084 1969 dine
2104 1915 2338 1984 serviat;
2361 1921 2556 1971 utrum
2578 1916 2682 1970 tibi
2700 1917 2820 1972 ullo
2841 1918 3011 1972 modo
3028 1918 3154 1972 ﬁeri
3180 1935 3347 1989 posse
3368 1921 3650 1990 videatur,

1952 2008 2015 2057 ut
2034 2004 2216 2058 bestia
2236 2004 2508 2076 quaslibet
2538 2005 2808 2059 immanis
2829 2008 2914 2061 vel
2932 2007 3154 2062 feritate
3171 2009 3258 2062 vel
3278 2024 3542 2079 corpore,
3563 2011 3653 2064 vel

1953 2092 2125 2148 etiam
2141 2109 2306 2147 sensu
2335 2093 2590 2164 quolibet
2612 2093 2908 2163 acerrima,
2931 2095 3056 2165 pari
3081 2095 3200 2150 vice
3222 2095 3329 2151 sibi
3356 2097 3652 2153 hominem

1952 2182 2258 2252 subjugare
2288 2185 2541 2248 conetur,
2577 2198 2705 2236 cum
2737 2199 2945 2253 corpus
2975 2184 3098 2253 ejus
3126 2200 3227 2238 seu
3272 2185 3328 2238 vi
3375 2201 3476 2240 seu
3504 2187 3651 2240 clam

1953 2273 2147 2325 multae
2176 2271 2508 2326 interimere
2551 2273 2797 2326 valeant.
2831 2275 2894 2328 Ε.
2948 2273 3115 2327 Nullo
3146 2274 3319 2328 modo
3353 2273 3498 2328 istuc
3524 2275 3653 2330 ﬁeri

1952 2376 2116 2430 posse
2147 2359 2460 2414 consentio.
2514 2362 2590 2414 Α.
2626 2361 2778 2414 Bene
2813 2377 2947 2415 sane
2982 2377 2995 2415 :
3037 2362 3135 2416 sed
3180 2362 3317 2416 item
3362 2362 3452 2417 dic
3485 2364 3651 2433 mihi,

1952 2463 2081 2502 cum
2110 2447 2477 2502 manifestum
2506 2448 2598 2514 sit,
2631 2448 2846 2502 viribus
2866 2449 3198 2520 caaterisque
3221 2450 3424 2504 ofﬁciis
3448 2467 3652 2522 corpo-

1953 2537 2030 2591 ris
2066 2553 2099 2591 a
2143 2537 2408 2607 plurimis
2437 2538 2634 2592 bestiis
2663 2526 2959 2593 hominem
2989 2539 3154 2593 facile
3184 2540 3460 2610 superari,
3495 2558 3651 2612 quae-

1952 2641 2089 2679 nam
2117 2641 2208 2679 res
2238 2627 2310 2680 sit
2338 2642 2452 2696 qua
2480 2626 2651 2680 homo
2686 2627 2930 2694 excellit,
2958 2632 3024 2681 ut
3052 2628 3211 2681 nulla
3233 2628 3284 2681 ei
3316 2629 3649 2698 bestiarum,

1953 2714 2075 2784 ipse
2109 2719 2296 2768 autem
2328 2714 2525 2768 multis
2558 2715 2840 2784 imperare
2881 2715 3099 2785 possit?
3125 2733 3199 2770 an
3227 2716 3372 2771 forte
3419 2718 3544 2788 ipsa
3569 2724 3654 2773 est

1955 2818 2082 2872 qum
2112 2801 2256 2856 ratio
2286 2803 2375 2856 vel
2405 2803 2790 2873 intelligentia
2819 2803 2929 2857 dici
2959 2804 3142 2857 solet?
3168 2807 3235 2859 E.
3263 2807 3386 2859 Non
3421 2806 3651 2861 invenio

1954 2891 2127 2957 aliud,
2161 2891 2630 2962 quandoquidem
2663 2892 2724 2946 in
2756 2892 2946 2946 animo
2985 2893 3146 2947 estid
3177 2910 3290 2964 quo
3314 2895 3520 2949 belluis
3549 2912 3650 2950 an-

1951 2979 2266 3034 tecellimus
2303 2997 2317 3034 :
2363 2996 2491 3051 quae
2522 2980 2568 3033 si
2613 2981 2900 3034 exanimes
2939 2985 3144 3047 essent,
3178 2982 3423 3036 dicerem
3453 2999 3556 3037 nos
3582 3000 3650 3038 eo

1952 3073 2245 3139 praastare,
2277 3069 2434 3138 quod
2466 3069 2723 3122 animum
2748 3069 3045 3123 habemus.
3082 3070 3242 3124 Nunc
3266 3086 3400 3125 vero
3433 3088 3557 3125 cum
3592 3077 3649 3126 et

1954 3157 2050 3211 illa
2081 3157 2193 3211 sint
2221 3157 2511 3223 animalia,
2544 3157 2603 3211 id
2633 3158 2783 3228 quod
2813 3173 3011 3211 eorum
3040 3157 3246 3211 animis
3268 3174 3382 3212 non
3413 3159 3562 3213 inest
3584 3163 3650 3214 ut

1954 3247 2270 3300 subdantur
2310 3246 2495 3313 nobis,
2527 3246 2675 3300 inest
2703 3251 2898 3301 autem
2940 3245 3149 3301 nostris
3179 3251 3239 3300 ut
3271 3247 3351 3301 eis
3382 3248 3648 3302 meliores

1953 3335 2150 3401 simus,
2197 3334 2469 3406 quoniam
2498 3351 2686 3406 neque
2715 3335 2881 3403 nihil,
2913 3351 3098 3405 neque
3140 3350 3383 3404 parvum
3431 3336 3646 3408 aliquid

1953 3440 2073 3478 esse
2120 3423 2297 3477 cuivis
2327 3427 2589 3493 apparet;
2645 3422 2784 3494 quid
2816 3423 2969 3476 aliud
3001 3423 3227 3490 rectius,
3273 3440 3446 3494 quam
3478 3425 3649 3478 ratio—

1954 3529 2085 3567 nem
2114 3512 2469 3566 vocaverim?
2509 3511 2577 3564 A.
2614 3511 2747 3565 Vide
2797 3528 2970 3582 quam
2999 3511 3163 3566 facile
3201 3513 3300 3566 ﬁat
3346 3514 3456 3567 Deo
3486 3513 3648 3584 adju-

1953 3605 2142 3668 vante,
2174 3600 2326 3671 quod
2356 3599 2618 3660 homines
2649 3599 3050 3654 difficillimum
3089 3604 3312 3670 putant.
3347 3602 3489 3655 Nam
3522 3617 3649 3672 ego,

1953 3688 2136 3742 fateor
2159 3687 2282 3753 tibi,
2317 3686 2688 3757 quaastionem
2722 3687 2908 3752 istam,
2943 3703 3092 3755 quae,
3121 3692 3186 3740 ut
3213 3687 3492 3758 intelligo,
3534 3693 3651 3742 ter-

1954 3777 2171 3830 minata
2198 3779 2301 3844 est,
2331 3774 2550 3828 tamdiu
2572 3791 2677 3828 nos
2707 3778 3058 3829 retenturam
3087 3779 3442 3845 putaveram,
3475 3793 3650 3846 quam

1955 3864 2190 3919 fortasse
2223 3862 2418 3917 omnia
2450 3879 2578 3933 quae
2606 3862 2755 3916 dicta
2797 3867 2929 3917 sunt
2971 3863 3041 3916 ab
3070 3863 3193 3933 ipso
3221 3868 3427 3917 nostra
3459 3865 3654 3934 dispu-

1956 3951 2190 4007 tationis
2237 3951 2487 4005 exordio.
2540 3952 2724 4015 Quare
2773 3950 2961 4020 accipe
2988 3951 3129 4019 jam,
3163 3955 3223 4004 ut
3252 3950 3458 4006 deinde
3503 3953 3649 4007 ratio

1958 4043 2326 4094 connectatur
2352 4056 2364 4093 :
2390 4055 2522 4092 nam
2554 4039 2721 4092 credo
2743 4055 2860 4092 non
2886 4043 2940 4092 te
2967 4039 3311 4109 ignorare,id
3339 4041 3488 4110 quod
3511 4040 3652 4094 scire

1959 4128 2221 4194 dicimus,
2254 4127 2395 4182 nihil
2428 4144 2547 4182 esse
2575 4127 2728 4181 aliud
2761 4143 2934 4197 quam
2963 4127 3186 4181 ratione
3215 4128 3425 4182 habere
3454 4145 3651 4199 perce-

1957 4223 2143 4289 ptum.
2168 4221 2234 4272 E.
2260 4218 2344 4270 Ita
2363 4221 2463 4270 est.
2488 4219 2564 4269 A.
2593 4216 2700 4280 Qui
2725 4232 2860 4286 ergo
2882 4216 2985 4270 scit
3007 4232 3064 4269 se
3083 4216 3516 4282 vivere,ratione
3539 4233 3655 4270 non

1960 4311 2129 4362 caret.
2162 4309 2226 4360 E.
2264 4304 2628 4375 Consequens
2655 4309 2756 4359 est.
2787 4308 2863 4359 Α.
2896 4305 3103 4358 Vivunt
3133 4309 3325 4358 autem
3350 4306 3569 4374 bestim,
3603 4311 3659 4360 ct

1961 4395 2107 4450 sicut
2117 4395 2240 4465 jam
2263 4393 2760 4457 emicuit,rationis
2776 4398 3032 4464 expertes
3053 4398 3198 4447 sunt.
3219 4397 3284 4448 E.
3301 4395 3656 4449 Manifestum

1961 4489 2063 4539 est.
2096 4486 2173 4538 Α.
2207 4485 2340 4537 Ecce
2371 4482 2548 4554 igitur
2567 4484 2687 4552 jam
2710 4483 3034 4553 nosti,quod
3058 4487 3110 4536 te
3131 4483 3405 4552 ignorare
3422 4499 3656 4554 reSpon-

1961 4572 2142 4640 deras,
2178 4587 2292 4625 non
2314 4587 2486 4624 omne
2517 4571 2669 4641 quod
2698 4570 2834 4624 vivit
2860 4570 3002 4624 scire
3033 4586 3090 4623 se
3111 4570 3657 4643 vivere,quanquam

1963 4675 2134 4714 omne
2166 4659 2320 4730 quod
2350 4676 2408 4713 se
2434 4659 2621 4713 vivere
2653 4659 2811 4725 sciat,
2842 4659 2990 4712 vivat
3024 4659 3362 4715 necessario.

2040 4753 2121 4802 t7.
2169 4751 2235 4803 E.
2287 4749 2408 4801 Non
2452 4747 2596 4801 mihi
2644 4747 2871 4817 estjam
2904 4746 3172 4811 dubium;
3218 4764 3390 4818 perge
3421 4765 3536 4824 quo
3565 4750 3659 4804 in-

1965 4837 2230 4891 tenderas
2263 4852 2276 4889 :
2327 4835 2483 4890 aliud
2522 4835 2675 4889 enim
2715 4851 2838 4888 esse
2884 4836 3091 4901 vivere,
3134 4835 3283 4890 aliud
3321 4838 3461 4890 scire
3490 4853 3548 4892 se
3578 4837 3661 4891 vi-

1965 4940 2115 4990 vere,
2153 4923 2289 4978 satis
2323 4922 2521 4977 didici.
2561 4925 2640 4975 A.
2681 4921 2829 4985 Quid
2866 4937 3000 4993 ergo
3030 4921 3135 4976 tibi
3177 4923 3384 4977 horum
3418 4924 3662 4978 duorum

1967 5011 2192 5067 videtur
2221 5026 2342 5064 esse
2387 5007 2789 5080 praestantius?
2846 5012 2913 5064 E.
2948 5009 3093 5074 Quid
3127 5016 3316 5080 putas,
3350 5011 3457 5064 nisi
3487 5012 3661 5065 scien-

1966 5101 2106 5156 tiam
2125 5099 2276 5154 vitas.
2299 5101 2377 5154 Α.
2417 5098 2684 5153 Meliorne
2705 5097 2810 5151 tibi
2827 5098 3053 5152 videtur
3072 5095 3200 5153 vitae
3222 5100 3469 5154 scientias
3490 5115 3662 5170 quam

1966 5191 2092 5261 ipsa
2132 5187 2283 5242 vita?
2311 5204 2384 5242 an
2415 5188 2558 5242 forte
2585 5186 2856 5257 intelligis
2889 5187 3241 5258 superiorem
3271 5189 3579 5258 quamdam
3609 5193 3666 5242 et

1971 5276 2342 5333 sinceriorem
2387 5276 2562 5331 vitam
2608 5292 2730 5330 esse
2761 5275 3076 5342 scientiam,
3121 5293 3293 5346 quam
3322 5276 3464 5330 scire
3494 5292 3664 5332 nemo

1971 5370 2180 5440 potest,
2207 5365 2316 5420 nisi
2347 5364 2448 5436 qui
2477 5365 2786 5436 intelligit?
2820 5365 3144 5435 Intelligere
3174 5369 3362 5418 autem
3389 5364 3528 5434 quid
3557 5370 3659 5432 est,

1971 5455 2087 5511 nisi
2114 5455 2239 5525 ipsa
2266 5456 2406 5522 ,luce
2449 5454 2658 5509 mentis
2688 5453 2964 5508 illustrius
2992 5451 3409 5522 perfectiusque
3438 5453 3664 5508 vivere?

1977 5544 2161 5609 Quare
2191 5547 2256 5598 tu
2283 5543 2449 5610 mihi,
2482 5542 2594 5597 nisi
2623 5541 2810 5608 fallor,
2842 5557 2955 5594 non
2983 5540 3112 5593 vita:
3139 5538 3294 5593 aliud
3323 5540 3666 5611 aliquid,sed

1975 5632 2204 5689 cuidam
2231 5618 2362 5688 vitae
2391 5631 2693 5687 meliorem
2719 5630 2893 5684 vitam
2921 5627 3308 5697 praeposuisti.
3341 5631 3406 5683 E.
3435 5629 3664 5700 Optima
