4074 6408
455 360 580 415 i231

452 481 686 538 omnino
717 484 774 536 et
800 478 1113 552 cognovisti
1144 481 1200 534 et
1230 477 1520 549 explicasti
1551 477 1894 533 sententiam
1918 494 2134 532 meam:

452 572 500 624 si
531 576 723 625 tamen
752 569 986 623 scientia
1014 568 1164 622 mala
1185 583 1305 621 esse
1337 583 1635 639 nunquam
1659 571 1862 637 potest.
1885 567 2139 621 A.Nullo

453 661 624 714 modo
655 656 1030 722 arbitror,nisi
1054 672 1181 710 cum
1213 657 1488 710 translato
1517 656 1688 710 verbo
1717 655 2010 710 scientiam
2040 671 2142 726 pro

453 747 806 819 experientia
819 745 1057 800 dicimus
1078 761 1090 798 :
1107 744 1355 814 experiri
1378 744 1533 799 enim
1553 761 1668 799 non
1685 760 1910 815 semper
1930 744 2143 798 bonum

454 841 566 902 est;
602 836 745 888 sicut
765 832 1013 903 experiri
1041 832 1320 902 supplicia
1347 849 1360 887 :
1395 833 1494 887 illa
1521 849 1653 887 vero
1677 849 1805 904 quae
1831 832 2061 903 proprie
2082 847 2146 884 ac

449 939 594 994 pure
631 921 862 976 scientia
911 920 1264 986 nominatur,
1311 920 1447 991 quia
1477 921 1698 976 ratione
1731 925 1900 992 atque
1929 919 2145 974 intelli-

451 1011 646 1083 gentia
678 1013 935 1080 paratur,
979 1009 1130 1062 mala
1175 1025 1293 1062 esse
1344 1009 1445 1079 qui
1489 1009 1715 1078 potest?
1762 1011 1828 1063 E.
1877 1010 2062 1063 Teneo
2091 1011 2148 1061 et

449 1099 618 1154 istam
643 1097 1023 1153 differentiam
1055 1113 1068 1150 :
1101 1112 1445 1167 persequere
1475 1102 1698 1150 cietera.

451 1188 672 1243 CAPUT
701 1186 841 1239 VIII.
871 1215 940 1226 —-
971 1186 1132 1240 Ratio
1158 1199 1268 1254 qua
1289 1185 1549 1253 prazceltit
1588 1185 1739 1240 homo
1772 1183 1957 1240 bestiis
1981 1183 2148 1239 debet

1024 1273 1084 1326 in
1112 1275 1230 1341 ipso
1261 1272 1552 1326 dominari.

523 1366 606 1420 18.
638 1363 712 1419 Α.
757 1361 904 1416 Illud
933 1365 1017 1414 est
1059 1360 1214 1430 quod
1254 1361 1382 1414 volo
1426 1359 1613 1414 dicere
1665 1376 1678 1414 :
1727 1361 1836 1414 hoc
1864 1359 2147 1431 quidquid

385 1448 388 1502 ἔ
449 1457 554 1520 est,
589 1467 700 1524 quo
727 1449 1027 1522 pecoribus
1056 1449 1232 1503 homo
1262 1449 1637 1520 praeponitur,
1669 1448 1786 1502 sive
1817 1465 2001 1516 mens,
2029 1450 2146 1504 sive

449 1539 821 1611 spiritus,sive
844 1543 1153 1608 utrumque
1178 1537 1386 1592 rectius
1405 1538 1726 1608 appellatur
1752 1536 1908 1607 (nam
1933 1541 2147 1592 utrum-

447 1645 559 1700 que
589 1629 648 1682 in
676 1627 880 1682 divinis
912 1625 1090 1681 Libris
1135 1625 1494 1696 invenimus),
1538 1624 1586 1679 si
1617 1625 1945 1680 dominetur
1973 1630 2144 1697 atque

446 1717 692 1788 imperet
731 1715 950 1771 caeteris
999 1714 1456 1786 quibuscumque
1507 1715 1681 1768 homo
1727 1718 1961 1783 constat,
2007 1719 2144 1769 tunc

448 1822 567 1860 esse
587 1805 884 1860 hominem
915 1803 1437 1858 ordinatissimum.
1468 1802 1738 1857 Videmus
1759 1802 1913 1856 enim
1933 1803 2143 1859 habere

445 1911 550 1950 nos
575 1910 693 1949 non
721 1894 906 1948 solum
949 1908 1079 1946 cum
1108 1891 1431 1972 pecoribus,
1477 1892 1574 1945 sed
1607 1890 1781 1945 etiam
1812 1907 1942 1946 cum
1972 1892 2143 1946 arbu-

448 1983 546 2038 stis
566 1987 622 2037 et
647 1981 920 2053 stirpibus
942 1982 1122 2036 multa
1143 1980 1472 2035 communia
1495 1997 1509 2035 :
1532 1996 1784 2051 namque
1805 1982 2141 2038 alimentum

446 2070 702 2142 corporis
729 2086 974 2136 sumere,
1003 2085 1272 2135 crescere,
1307 2069 1561 2139 gignere,
1601 2069 1817 2140 vigere,
1845 2070 2143 2125 arboribus

446 2175 676 2232 quoque
729 2159 1011 2214 tributum
1048 2157 1328 2223 videmus,
1361 2172 1490 2226 qua:
1520 2155 1720 2210 inﬁma
1756 2157 2001 2227 quadam
2028 2156 2142 2211 vita

445 2245 847 2313 continentur;
896 2243 1088 2299 videre
1135 2248 1325 2298 autem
1364 2249 1532 2315 atque
1563 2243 1783 2308 audire,
1827 2247 1883 2298 et
1912 2244 2137 2312 olfactu,

445 2339 640 2407 gustu,
669 2337 824 2388 tactu
853 2331 1172 2402 corporalia
1201 2332 1409 2387 sentire
1439 2349 1604 2403 posse
1633 2333 1864 2402 bestias,
1883 2337 1937 2387 et
1957 2333 2141 2388 acrius

443 2425 750 2494 plerasque
777 2437 948 2493 quam
977 2437 1099 2489 nos,
1132 2421 1416 2475 cernimus
1436 2426 1492 2476 et
1509 2421 1773 2477 fatemur.
1805 2422 1966 2477 Adde
1994 2421 2142 2476 vires

445 2515 503 2564 et.
530 2510 840 2564 valentiam
891 2509 1335 2580 ﬁrmitatemque
1377 2510 1794 2581 membrorum,
1842 2514 1900 2564 et
1945 2510 2142 2564 celeri-

445 2602 593 2653 tates
656 2597 1066 2669 facillimosque
1113 2597 1367 2668 corporis
1424 2603 1633 2663 motus,
1691 2598 1899 2669 quibus
1954 2599 2139 2652 omni-

443 2686 552 2741 bus
601 2687 879 2758 quasdam
927 2702 1125 2741 earum
1158 2702 1513 2758 superamus,
1555 2686 1897 2758 quibusdam
1949 2703 2141 2758 aequa-

445 2790 598 2844 mur,
632 2791 665 2829 a
689 2775 980 2830 nonnullis
1011 2775 1184 2830 etiam
1207 2775 1511 2830 vincimur.
1531 2775 1718 2830 Genus
1739 2778 1930 2828 tamen
1953 2774 2142 2845 ipsum

445 2879 640 2919 rerum
689 2867 774 2918 est
820 2863 984 2919 nobis
1033 2869 1181 2919 certe
1229 2879 1534 2919 commune
1580 2879 1709 2918 cum
1741 2862 1946 2918 belluis
1978 2879 1991 2918 :
2018 2865 2140 2933 jam

445 2968 579 3008 vero
601 2956 870 3024 appetere
907 2953 1224 3024 voluptates
1254 2952 1588 3023 corporis,et
1623 2952 1804 3007 vitare
1833 2952 2138 3020 molestias,

443 3041 644 3097 ferinae
671 3041 802 3096 vitae
834 3041 1019 3096 omnis
1057 3041 1204 3096 actio
1235 3046 1336 3096 est.
1371 3042 1514 3097 Sunt
1542 3040 1654 3096 alia
1695 3042 1977 3112 quasdam,
2011 3057 2140 3112 quas

441 3132 562 3201 jam
604 3131 804 3186 cadere
846 3131 908 3184 in
935 3131 1083 3185 feras
1113 3146 1230 3185 non
1256 3131 1539 3196 videntur,
1574 3146 1679 3185 nec
1707 3135 1897 3184 tamen
1944 3130 2005 3184 in
2034 3131 2138 3185 ho-

446 3217 603 3272 mine
632 3218 757 3288 ipso
789 3233 1012 3271 summa
1041 3221 1190 3285 sunt,
1222 3221 1288 3271 ut
1315 3217 1491 3288 jocari
1519 3221 1574 3271 et
1602 3217 1786 3272 ridere
1815 3233 1828 3272 :
1861 3218 2014 3289 quod
2038 3218 2139 3272 hu-

445 3321 683 3360 manum
698 3306 1054 3377 quidem,sed
1075 3305 1341 3360 inﬁmum
1365 3305 1618 3361 hominis
1633 3305 2139 3377 judicat,quisquis

449 3394 518 3449 de
567 3399 772 3449 natura
808 3395 1060 3450 humana
1108 3395 1415 3450 rectissime
1446 3394 1682 3464 judicat.
1735 3394 1949 3448 Deinde
1979 3411 2140 3450 amor

449 3483 632 3538 laudis
656 3487 714 3537 et
743 3483 963 3554 gloriae,
983 3488 1040 3538 et
1068 3483 1345 3538 affectatio
1375 3481 1731 3550 dominandi,
1753 3498 1881 3553 quae
1911 3485 2138 3538 tametsi

445 3570 759 3627 bestiarum
787 3589 901 3626 non
930 3577 1206 3639 sunt,non
1232 3577 1426 3627 tamen
1453 3587 1649 3626 earum
1675 3587 1870 3626 rerum
1900 3571 2137 3627 libidine

446 3659 641 3714 bestiis
667 3659 932 3714 meliores
958 3677 1062 3714 nos
1092 3676 1213 3714 esse
1234 3659 1627 3714 arbitrandum
1653 3665 1756 3714 est.
1787 3660 1928 3713 Nam
1957 3662 2012 3713 et
2031 3658 2137 3713 iste

446 3748 734 3818 appetitus
763 3763 892 3803 cum
920 3748 1127 3803 rationi
1155 3749 1416 3803 subditus
1445 3765 1561 3802 non
1587 3753 1690 3812 est,
1721 3747 1957 3801 miseros
1982 3746 2134 3802 facit.

446 3835 622 3889 Nemo
653 3839 845 3890 autem
874 3835 1142 3906 cuiquam
1185 3835 1418 3890 miseria
1449 3851 1506 3890 se
1535 3835 1992 3906 praeponendum
2029 3849 2136 3904 pu-

444 3923 602 3977 tavit.
635 3922 796 3978 Hisce
827 3924 1002 3994 igitur
1031 3924 1282 3978 motibus
1307 3924 1515 3978 animas
1545 3941 1676 3979 cum
1705 3923 1849 3978 ratio
1876 3923 2137 3978 domina—

444 4014 560 4080 tur,
600 4011 895 4066 ordinatus
933 4012 1106 4066 homo
1149 4011 1421 4067 dicendus
1466 4016 1575 4066 est.
1633 4013 1757 4066 Non
1795 4012 1947 4066 enim
1997 4011 2136 4065 ordo

443 4103 648 4166 rectus,
670 4104 769 4154 aut
798 4100 935 4154 ordo
961 4100 1327 4170 appellandus
1354 4103 1438 4154 est
1465 4100 1722 4166 omnino,
1752 4100 1852 4154 ubi
1883 4100 2136 4154 deterio-

441 4185 600 4240 ribus
637 4187 873 4240 meliora
911 4187 1290 4258 subjiciuntur
1323 4203 1335 4241 :
1369 4203 1443 4242 an
1474 4187 1578 4242 tibi
1604 4203 1722 4242 non
1763 4188 2023 4243 videtur?
2066 4191 2130 4243 E.

387 4269 392 4292 ’
443 4274 798 4328 Manifestum
829 4279 934 4328 est:
956 4276 1026 4330 A.
1060 4275 1223 4329 Ratio
1254 4274 1361 4329 ista
1389 4291 1545 4346 ergo,
1579 4277 1667 4329 vel
1695 4291 1877 4343 mens,
1899 4277 1986 4330 vel
2018 4275 2132 4347 spi-

391 4359 402 4422 l
442 4361 584 4415 ritus
616 4377 747 4415 cum
791 4361 1150 4416 irrationales
1180 4363 1360 4417 animi
1396 4367 1584 4418 motus
1612 4363 1777 4435 regit,
1819 4363 1877 4418 id
1925 4365 2134 4419 scilicet

440 4447 768 4503 dominatur
795 4448 854 4503 in
885 4449 1140 4518 homine,
1173 4450 1265 4505 cui
1292 4451 1607 4506 dominatio
1637 4453 1764 4523 lege
1797 4453 2040 4508 debetur
2067 4471 2135 4508 ea

441 4553 614 4609 quam
635 4541 905 4592 aeternam
929 4554 1048 4593 esse
1065 4539 1539 4611 comperimus.E.
1555 4540 1818 4612 Intelligo
1835 4557 1898 4596 ac
1909 4557 2132 4612 sequor.

441 4626 664 4681 CAPUT
714 4627 799 4680 1X.
832 4656 901 4668 —-
941 4628 1110 4683 Stulti
1149 4633 1198 4684 et
1243 4630 1506 4698 sapientis
1543 4629 1834 4685 discrimen
1860 4645 1928 4686 ea:
1960 4631 2131 4686 domi-

895 4721 1030 4770 natu
1057 4721 1152 4772 aut
1173 4720 1428 4773 servitute
1457 4721 1668 4772 mentis.

515 4806 594 4858 l9.
635 4804 706 4859 Α.
752 4805 894 4859 Cum
931 4821 1066 4876 ergo
1093 4805 1175 4860 ita
1203 4807 1377 4861 homo
1409 4807 1750 4862 constitutus
1779 4811 1952 4879 atque
1980 4807 2128 4862 ordi-

1543 355 1638 410 DE
1678 353 1936 411 LIBERO
1975 353 2336 422 ABBITRIO,
2377 353 2432 410 S.
2475 352 2858 412 AUGUSTINI

3812 357 3834 407 i
3846 355 3946 407 232

2249 481 2398 547 tem;
2441 493 2534 547 an,
2584 474 2841 548 quamvis
2889 473 3041 541 insit,
3090 488 3217 528 eam
3255 488 3449 528 carere
3497 472 3846 528 dominatu?
3883 476 3944 528 E.

2252 568 2367 620 Hoc
2396 567 2583 637 potius
2627 564 2781 635 quod
2826 563 3096 617 ultimum
3126 562 3414 633 subjecisti
3450 563 3488 616 ί.
3521 565 3598 616 Α.
3631 562 3944 616 Pervellem

2251 655 2350 708 abs
2371 660 2424 708 te
2457 655 2676 721 audire,
2719 651 2926 723 quibus
2957 651 3313 706 documentis
3343 655 3679 721 perceptum
3711 651 3943 717 habeas,

2251 747 2503 796 mentem
2537 741 2718 794 inesse
2750 729 2990 807 homini,
3023 755 3151 810 quae
3187 755 3351 792 suum
3383 755 3500 792 non
3530 744 3752 793 exserat
3792 737 3948 809 prin-

2253 830 2524 901 cipatum.
2569 829 2650 883 E.
2703 827 2932 882 Utinam
2973 831 3098 881 tuas
3132 827 3266 881 istas
3294 831 3486 896 partes
3515 826 3700 880 facere
3731 826 3948 880 velles:

2251 935 2387 973 nam
2433 934 2550 974 non
2590 917 2734 971 mihi
2783 916 2942 971 facile
2991 919 3075 970 est
3114 915 3394 969 sustinere
3423 914 3577 984 quod
3607 913 3846 984 ingeris.
3879 914 3947 968 .4.

2253 1007 2401 1062 Illud
2425 1007 2623 1060 saltem
2648 1005 2810 1059 facile
2841 1008 2926 1058 est
2953 1003 3060 1058 tibi
3089 1001 3396 1070 recordari,
3435 1002 3586 1070 quod
3615 1002 3792 1072 paulo
3815 1006 3952 1057 ante

2253 1095 2517 1157 diximus,
2533 1093 3020 1166 quemadmodum
3037 1091 3233 1146 bestiae
3248 1090 3650 1145 mansuefacta:
3673 1091 3744 1145 ab
3769 1089 3954 1144 homi-

2253 1184 2424 1238 nibus
2452 1200 2515 1238 ac
2543 1182 2772 1238 domita
2819 1181 3066 1236 serviant
3104 1200 3117 1236 :
3163 1179 3316 1251 quod
3353 1180 3422 1234 ab
3451 1179 3532 1234 eis
3562 1179 3812 1234 vicissim
3843 1179 3953 1233 ho-

2253 1271 2456 1340 mines,
2497 1276 2561 1326 ut
2588 1269 2999 1326 demonstravit
3026 1268 3196 1336 ratio,
3243 1270 3576 1338 paterentur
3614 1266 3724 1321 nisi
3755 1265 3952 1338 aliquo

2255 1361 2609 1415 excellerent.
2645 1359 2707 1414 Id
2738 1362 2930 1412 autem
2959 1373 3077 1412 non
3107 1355 3538 1410 inveniebamus
3567 1355 3627 1409 in
3657 1371 3900 1426 corpore
3936 1372 3949 1410 :

2252 1448 2332 1502 ita
2361 1465 2490 1502 cum
2521 1448 2582 1501 in
2612 1447 2802 1502 animo
2841 1462 2962 1500 esse
3008 1448 3329 1516 appareret,
3381 1443 3520 1514 quid
3559 1443 3714 1498 aliud
3745 1444 3950 1514 appel-

2251 1537 2490 1590 landum
2531 1539 2678 1590 esset
2717 1551 2891 1606 quam
2932 1535 3099 1600 ratio,
3148 1548 3266 1587 non
3309 1531 3728 1604 comperimus;
3769 1547 3950 1602 quam

2250 1629 2451 1695 postea
2477 1627 2536 1678 et
2554 1626 2805 1678 mentem
2832 1626 2888 1676 et
2914 1622 3174 1693 spiritum
3205 1619 3396 1675 vocari
3422 1619 3703 1674 recordati
3725 1635 3950 1674 sumus.

2251 1712 2360 1767 Sed
2385 1712 2429 1766 si
2459 1711 2616 1766 aliud
2649 1711 2810 1778 ratio,
2853 1710 3008 1765 aliud
3035 1725 3216 1778 mens,
3255 1713 3474 1764 constat
3519 1713 3671 1763 certe
3714 1708 3954 1763 nonnisi

2249 1805 2504 1856 mentem
2539 1801 2622 1856 uti
2665 1816 2831 1872 posse
2875 1799 3114 1854 ratione.
3159 1799 3235 1853 Ex
3284 1814 3397 1868 quo
3437 1797 3578 1853 illud
3625 1797 3953 1865 conﬁcitur,

2239 1881 2382 1944 "eum
2437 1889 2536 1961 qui
2584 1890 2866 1943 rationem
2907 1887 3098 1954 habet,
3141 1891 3333 1942 mente
3371 1902 3562 1942 carere
3591 1902 3709 1940 non
3738 1902 3943 1957 posse.

2249 1980 2315 2034 E.
2364 1977 2548 2033 Probe
2589 1977 2698 2032 ista
2743 1976 3076 2031 reminiscor
3117 1991 3182 2030 ac
3224 1980 3414 2031 teneo.
3460 1976 3532 2030 A.
3583 1974 3771 2040 Quid?
3803 1975 3956 2030 illud

2249 2067 2531 2134 credisne,
2561 2066 2868 2122 domitores
2885 2066 3206 2120 belluarum
3237 2064 3345 2118 nisi
3369 2065 3652 2136 sapientes
3683 2080 3806 2136 esse
3835 2080 3956 2118 non

2248 2156 2453 2226 posse?
2492 2157 2598 2210 Eos
2630 2155 2786 2210 enim
2823 2155 3104 2225 sapientes
3147 2170 3308 2222 voco,
3350 2170 3492 2224 quos
3519 2152 3728 2207 veritas
3759 2152 3955 2207 vocari

2242 2243 2426 2314 jubet,
2457 2243 2518 2298 id
2539 2249 2644 2312 est,
2676 2244 2777 2316 qui
2818 2260 2995 2315 regno
3035 2243 3243 2297 mentis
3288 2241 3446 2296 omni
3469 2240 3723 2296 libidinis
3749 2241 3952 2312 subju-

2250 2333 2477 2402 gatione
2530 2332 2717 2404 pacati
2759 2336 2912 2387 sunt.
2959 2332 3032 2387 E.
3076 2331 3401 2387 Ridiculum
3445 2335 3530 2385 est
3569 2330 3712 2385 tales
3742 2334 3954 2401 putare

2249 2421 2411 2490 istos,
2443 2439 2585 2494 quos
2614 2423 2784 2493 vulgo
2831 2419 3244 2476 mansuetarios
3272 2423 3622 2491 nuncupant,
3655 2419 3744 2472 vel
3773 2417 3954 2473 etiam

2249 2516 2506 2581 pastores
2549 2515 2648 2566 aut
2693 2511 2990 2578 bubulcos,
3033 2513 3132 2564 aut
3163 2509 3410 2579 aurigas,
3444 2509 3652 2580 quibus
3677 2507 3955 2562 omnibus

2251 2598 2532 2653 domitum
2560 2615 2733 2670 pecus
2760 2599 3076 2668 subjectum
3106 2598 3383 2660 videmus,
3416 2601 3472 2651 et
3501 2613 3749 2668 quorum
3774 2597 3955 2652 indu-

2254 2687 2391 2741 stria
2419 2687 2763 2741 indomitum
2790 2686 3012 2757 subjici.
3044 2687 3117 2741 A.
3141 2687 3220 2740 En
3250 2685 3427 2756 igitur
3445 2686 3621 2741 habes
3641 2687 3957 2742 documen-

2253 2777 2376 2830 tum
2403 2775 2803 2842 certissimum,
2828 2791 2943 2846 quo
2975 2774 3339 2830 manifestum
3359 2774 3461 2829 ﬁat
3488 2775 3674 2830 inesse
3692 2780 3958 2831 mentem

2251 2862 2476 2918 homini
2507 2863 2628 2918 sine
2660 2863 2974 2918 dominatu.
3010 2863 3106 2917 His
3135 2863 3347 2935 quippe
3375 2863 3564 2932 inest;
3593 2869 3774 2935 agunt
3792 2865 3956 2919 enim

2247 2952 2405 3020 talia,
2437 2969 2566 3024 quae
2592 2952 2685 3024 agi
2723 2952 2846 3007 sine
2891 2956 3083 3007 mente
3122 2968 3241 3006 non
3285 2957 3516 3023 possent
3548 2969 3562 3007 :
3605 2969 3724 3007 non
3753 2958 3957 3009 tamen

2247 3046 2452 3113 regnat
2476 3041 2528 3111 ²;
2559 3058 2696 3097 nam
2725 3041 2882 3097 stulti
2915 3045 3068 3109 sunt,
3108 3057 3294 3112 neque
3323 3057 3566 3112 regnum
3594 3042 3807 3096 mentis
3840 3044 3960 3098 nisi

2249 3129 2592 3201 sapientium
2636 3146 2777 3198 esse,
2807 3130 3205 3202 percognitum
3245 3133 3347 3184 est.
3391 3133 3456 3185 Ε.
3493 3131 3696 3184 Mirum
3722 3134 3808 3184 est
3837 3131 3956 3187 hoc

2241 3219 2364 3290 jam
2385 3219 2557 3274 fuisse
2587 3236 2620 3274 a
2647 3219 2814 3274 nobis
2835 3219 2897 3273 in
2926 3219 3315 3289 superioribus
3345 3219 3686 3287 confectum,
3719 3225 3778 3275 et
3800 3221 3956 3276 mihi

2248 3308 2383 3379 quid
2413 3308 2836 3379 responderem,
2870 3323 2985 3362 non
3015 3307 3266 3379 potuisse
3295 3306 3356 3362 in
3384 3313 3640 3363 mentem
3659 3308 3882 3365 venire.

2283 3397 2506 3451 CAPUT
2530 3397 2592 3453 X.
2624 3427 2693 3436 -ο
2721 3397 2880 3452 Mens
2925 3413 2960 3451 a
3003 3397 3150 3450 nullo
3202 3398 3412 3463 cogitur
3440 3399 3640 3452 servire
3661 3397 3914 3454 libidini.

2316 3486 2404 3539 20.
2464 3484 2570 3539 Sed
2623 3484 2735 3540 alia
2787 3489 3172 3539 contexamus.
3223 3485 3348 3540 Jam
3395 3487 3547 3542 enim
3592 3491 3650 3541 et
3693 3502 3955 3558 regnum

2245 3571 2455 3627 mentis
2483 3573 2750 3628 humanae
2796 3575 3110 3628 humanam
3149 3589 3270 3629 esse
3320 3574 3684 3646 sapientiam,
3726 3580 3784 3630 et
3814 3592 3954 3633 eam

2243 3678 2408 3734 posse
2437 3663 2608 3719 etiam
2631 3680 2749 3719 non
2776 3680 3037 3735 regnare,
3072 3669 3431 3736 compertum
3461 3670 3566 3721 est.
3591 3667 3664 3721 A.
3693 3668 3953 3724 Putasne

2243 3750 2354 3806 ista
2390 3756 2604 3821 mente,
2627 3753 2721 3808 cui
2751 3769 2996 3824 regnum
3025 3753 3086 3807 in
3116 3754 3379 3809 libidines
3400 3760 3615 3810 aeterna
3642 3755 3772 3827 lege
3797 3772 3952 3812 con-

2244 3855 2467 3894 cessum
2522 3855 2643 3895 esse
2706 3840 3119 3911 cognoscimus,
3189 3841 3574 3912 potentiorem
3631 3858 3753 3897 esse
3809 3844 3951 3900 libi-

2244 3927 2476 3982 dinem?
2533 3944 2639 3999 ego
2695 3929 2851 3983 enim
2908 3931 3068 3984 nullo
3117 3935 3284 4001 pacto
3329 3935 3490 4002 puto.
3544 3932 3740 4002 Neque
3783 3933 3953 3988 enim

2243 4021 2390 4071 esset
2425 4017 2913 4073 ordinatissimum
2958 4023 3022 4072 ut
3067 4019 3474 4090 impotentiora
3518 4021 3952 4091 potentioribus

2243 4103 2611 4175 imperarent.
2640 4106 2824 4170 Quare
2847 4123 3076 4162 necesse
3099 4107 3342 4162 arbitror
3370 4124 3492 4162 esse
3521 4113 3584 4163 ut
3603 4109 3732 4179 plus
3761 4112 3954 4180 possit

2242 4209 2404 4247 mens
2447 4210 2621 4265 quam
2659 4195 2961 4266 cupiditas,
3013 4211 3079 4250 eo
3117 4196 3242 4268 ipso
3295 4213 3408 4268 quo
3456 4197 3754 4280 cupiditati
3785 4205 3950 4256 recte

2235 4280 2504 4353 justeque
2553 4282 2896 4338 dominatur.
2938 4287 3004 4340 E.
3065 4286 3179 4356 Ego
3235 4301 3464 4356 quoque
3510 4286 3589 4341 ita
3618 4287 3826 4342 sentio.
3860 4291 3947 4343 A.

2241 4368 2426 4433 Quid?
2454 4369 2726 4426 virtutem
2770 4387 3000 4427 omnem
3045 4387 3186 4427 num
3227 4372 3554 4426 dubitamus
3601 4374 3759 4428 omni
3800 4375 3950 4432 vitio

2241 4457 2320 4511 sic
2349 4462 2716 4529 anteponere,
2746 4464 2810 4515 ut
2851 4460 3028 4515 virtus
3075 4463 3286 4531 quanto
3325 4461 3530 4514 melior
3557 4465 3728 4532 atque
3755 4464 3954 4521 subli-

2239 4545 2406 4615 mior,
2437 4551 2594 4602 tanto
2639 4548 2860 4603 ﬁrmior
2899 4548 3274 4618 invictiorque
3303 4547 3412 4602 sit?
3441 4551 3503 4603 E.
3537 4549 3672 4612 Quis
3706 4551 3951 4609 dubita-

2238 4635 2422 4690 verit?
2447 4639 2522 4690 Α.
2558 4637 2758 4692 Nullus
2785 4638 2960 4708 igitur
2995 4636 3231 4691 vitiosus
3261 4635 3485 4690 animus
3510 4636 3720 4692 virtute
3750 4656 3950 4698 arma-

2237 4727 2362 4779 tum
2411 4725 2670 4780 animum
2721 4731 2967 4797 superat.
3011 4728 3076 4780 E.
3129 4724 3498 4780 Verissimum
3546 4731 3647 4781 est.
3694 4731 3774 4784 A.
3807 4732 3948 4788 Jam

2237 4827 2474 4884 corpore
2519 4813 2676 4868 omni
2715 4813 3084 4885 qualemlibet
3111 4812 3370 4867 animum
3399 4813 3697 4870 meliorem
3723 4823 3945 4887 poten-

435 4895 602 4946 natus
631 4896 733 4961 est,
759 4908 953 4947 nonne
982 4893 1087 4948 tibi
1115 4895 1342 4964 sapiens
1369 4895 1635 4950 videtur?
1663 4898 1731 4951 E.
1759 4897 1956 4952 Nescio
1987 4897 2130 4952 alius
2235 4901 2554 4974 tioremque
2583 4918 2722 4969 esse,
2748 4917 2864 4956 non
2892 4906 2946 4954 te
2981 4899 3222 4955 arbitror
3250 4907 3614 4973 negaturum.
3645 4907 3712 4960 E.
3749 4907 3945 4965 Nemo

435 4979 564 5052 quis
607 4979 750 5034 mihi
779 4982 1005 5050 sapiens
1033 4982 1205 5037 homo
1231 4983 1409 5038 videri
1437 4985 1636 5054 possit,
1679 4984 1727 5038 si
1773 4985 1867 5040 hic
1891 5001 2008 5040 non
2043 4986 2128 5040 vi-

2236 4990 2291 5046 id
2323 4996 2513 5063 negat,
2547 4991 2646 5062 qui
2692 4990 2868 5061 (quod
2893 4988 3055 5044 facile
3087 4992 3189 5061 est)
3220 4991 3376 5046 videt
3422 4996 3520 5047 aut
3548 4993 3946 5053 substantiam

435 5069 620 5125 detur.
655 5071 731 5123 A.
767 5069 944 5124 Credo
979 5070 1149 5124 etiam
1177 5075 1232 5125 te
1261 5071 1404 5126 illud
1433 5071 1910 5145 scire,plerosque
1938 5074 2129 5128 homi-
2235 5079 2517 5134 viventem
2547 5095 2664 5134 non
2692 5077 2924 5145 viventi,
2955 5082 3052 5133 aut
3075 5095 3201 5134 eam
3225 5096 3354 5151 quae
3382 5081 3558 5136 vitam
3585 5082 3682 5136 dat
3711 5083 3764 5138 ei
3788 5101 3932 5155 qua:

431 5173 532 5212 nes
557 5159 758 5212 stultos
807 5173 947 5212 esse.
979 5161 1045 5213 E.
1080 5159 1194 5212 Hoc
1223 5176 1453 5230 quoque
1492 5161 1627 5215 satis
1670 5166 1908 5216 constat.
1941 5167 2023 5217 Α.
2057 5165 2130 5218 At

433 5245 481 5300 si
509 5247 714 5301 stultus
743 5246 987 5317 sapienti
1023 5252 1107 5301 est
1132 5248 1470 5315 contrarius,
1503 5249 1778 5320 quoniam
1813 5250 2126 5323 sapientem

431 5336 834 5406 comperimus,
878 5336 1005 5408 quis
1035 5336 1206 5390 etiam
1247 5337 1452 5391 stultus
1489 5338 1580 5406 sit,
1612 5339 1865 5410 profecto
1886 5341 2008 5411 jam
2035 5341 2123 5395 in-

2235 5168 2459 5239 accipit,
2490 5183 2609 5224 esse
2628 5165 3066 5238 praeferendam.
3089 5171 3166 5223 Λ.
3200 5169 3375 5225 Multo
3396 5170 3586 5226 minus
3602 5170 3782 5242 igitur
3802 5189 3941 5229 cor-

2297 5337 2313 5371 ¹
2345 5334 2576 5396 ῙΠΡΓῘΗΒ
2600 5333 2829 5396 vulgatis
2857 5335 3002 5386 deest
3029 5336 3132 5399 hic,
3169 5339 3252 5397 Α.,
3282 5340 3334 5386 et
3361 5340 3480 5400 post
3506 5350 3685 5387 vocem
3733 5342 3940 5400 princi-
4041 5351 4043 5356 ‘

429 5404 656 5493 telligis.
686 5427 753 5479 E.
789 5404 1030 5479 Cui—non
1069 5430 1340 5496 appareat
1366 5426 1522 5480 hunc
1550 5404 1691 5495 esse,
1722 5428 1783 5482 in
1819 5404 1932 5500 qu'o
1963 5445 2124 5484 mens
2446 5404 3198 5500 ffj‘flffii‘i‘fzﬁg,”“"“mi
3232 5421 3518 5471 rursusque
3548 5409 3830 5460 omnum“
3862 5417 3934 5463 A'

429 5526 713 5566 summam
761 5517 1102 5583 potestatem
1140 5530 1260 5569 non
1303 5514 1510 5570 habet?
1535 5516 1604 5571 A.
1646 5516 1795 5581 Quid
1831 5517 2010 5588 igitur
2037 5517 2121 5573 di-

425 5599 692 5668 cendum,
720 5616 853 5657 cum
879 5603 1053 5659 homo
1083 5602 1170 5678 ita
1197 5608 1284 5661 est
1311 5603 1578 5660 affectus?
1607 5605 1803 5662 deesse
1840 5605 1925 5662 illi
1953 5623 2118 5664 men-

2231 5477 2287 5524 in
2315 5476 2432 5524 loco
2454 5475 2691 5537 proxime
2717 5478 2974 5540 sequenti.

2291 5547 2480 5616 tLov.,
2503 5559 2610 5597 non
2641 5551 2812 5599 tamen
2835 5554 3078 5613 regnant.
3098 5549 3199 5602 Sed
3219 5549 3408 5602 melius
3432 5550 3520 5600 alii
3542 5551 3670 5602 Cdd.
3695 5559 3930 5616 regnat:

2228 5615 2427 5667 scilicet
2453 5630 2621 5668 mens.
