4074 6354
180 295 320 349 1233

169 432 303 488 pus,
337 416 754 489 qualecumque
810 414 869 470 id
897 414 989 483 sit,
1021 414 1282 471 animum
1308 415 1519 471 virtute
1557 416 1867 487 praditum

169 506 368 560 vincit.
408 506 483 560 E.
512 504 1009 560 Evidentissimum
1042 508 1141 559 est.
1174 505 1243 560 Α.
1278 505 1424 570 Quid
1446 507 1474 559 Ῥ
1504 505 1729 559 animus
1764 507 1865 577 ju-

170 598 313 662 stus,
339 610 613 665 mensque
628 595 724 664 jus
747 594 1049 665 proprium
1069 593 1491 665 imperiumque
1521 595 1863 662 custodiens,

170 699 316 737 num
344 687 530 754 potest
580 683 751 737 aliam
796 686 1052 736 mentem
1095 682 1218 754 pari
1249 682 1517 754 aquitate
1549 700 1611 737 ac
1659 684 1867 738 virtute

168 776 532 842 regnantem,
552 787 621 826 ex
640 787 767 825 arce
791 771 1053 841 dejicere,
1078 776 1248 842 atque
1271 771 1498 825 libidini
1518 772 1823 842 subjugare
1840 771 1868 825 ?

170 865 239 917 E.
276 862 443 916 Nullo
476 861 677 927 modo;
707 876 824 915 non
854 862 1040 915 solum
1066 865 1296 933 pr0pter
1324 863 1583 916 eamdem
1613 863 1674 916 in
1704 866 1867 917 utra—

170 967 285 1020 que
310 950 721 1016 excellentiam,
749 950 846 1004 sed
877 949 1048 1004 etiam
1079 951 1232 1020 quod
1260 967 1292 1004 a
1316 950 1536 1021 justitia
1578 951 1736 1021 prior
1763 952 1866 1005 de-

168 1039 342 1109 cidet,
372 1039 585 1110 ﬁetque
610 1038 811 1093 vitiosa
839 1054 1021 1105 mens,
1045 1054 1174 1110 qua
1211 1039 1381 1095 aliam
1418 1039 1601 1095 facere
1631 1039 1867 1095 conabi-

168 1132 284 1193 tur,
322 1144 505 1199 eoque
534 1128 660 1198 ipso
687 1126 796 1181 erit
818 1126 1121 1181 inﬁrmior.

241 1219 330 1271 2t.
362 1220 439 1271 Α.
476 1218 625 1270 Bene
654 1215 962 1285 intelligis;
990 1231 1167 1286 quare
1186 1215 1325 1269 illud
1354 1219 1529 1270 restat
1556 1219 1616 1270 ut
1638 1232 1869 1287 respon-

164 1305 323 1375 deas,
354 1305 401 1358 si
420 1309 601 1375 potes,
623 1308 819 1359 utrum
839 1304 944 1358 tibi
972 1304 1228 1359 videatur
1251 1305 1519 1360 rationali
1536 1309 1592 1360 et
1615 1304 1859 1376 sapienti

168 1398 361 1448 mente
393 1394 710 1465 quidquam
757 1410 877 1448 esse
922 1393 1307 1465 prastantius.
1363 1397 1428 1450 E.
1480 1394 1631 1449 Nihil
1660 1399 1869 1465 praeter

169 1483 356 1537 Deum
414 1482 680 1537 arbitror.
709 1482 781 1537 A.
837 1484 903 1536 Et
941 1497 1069 1536 mea
1115 1481 1222 1537 ista
1270 1483 1553 1538 sententia
1599 1488 1702 1538 est.
1758 1484 1867 1539 Sed

169 1571 445 1642 quoniam
476 1586 565 1625 res
598 1571 778 1625 ardua
808 1575 915 1640 est,
946 1586 1133 1642 neque
1163 1587 1314 1625 nunc
1342 1575 1664 1642 opportune
1708 1587 1867 1643 qua-

167 1659 339 1727 ritur,
370 1663 435 1713 ut
462 1659 535 1714 ad
580 1659 1020 1729 intelligentiam
1058 1659 1268 1727 veniat,
1316 1676 1647 1732 quanquam
1693 1660 1866 1715 robu-

168 1748 419 1803 stissima
459 1752 723 1803 teneatur
773 1748 903 1813 ﬁde,
947 1748 1172 1819 integra
1193 1750 1358 1804 nobis
1404 1749 1476 1805 sit
1503 1749 1677 1822 hujus
1707 1766 1866 1821 qua-

170 1836 389 1905 stionis,
425 1836 670 1909 diligens
700 1840 757 1891 et
784 1841 950 1891 cauta
978 1837 1256 1894 tractatio.

168 1978 395 2033 CAPUT
422 1978 510 2033 XI.
538 2009 605 2019 —
625 1980 772 2034 Mens
793 1994 859 2033 em
884 1979 1053 2033 libera
1079 1979 1353 2034 voluntate
1383 1978 1610 2034 libidini
1626 1982 1863 2035 serviens

805 2070 1041 2137 punitur
1062 2069 1228 2138 juste.

248 2190 311 2244 In
341 2188 646 2260 prasentia
674 2188 831 2243 enim
868 2189 1007 2244 scire
1035 2204 1338 2260 possumus
1365 2203 1743 2260 quacumque
1770 2189 1868 2245 illa

172 2282 379 2333 natura
409 2278 498 2343 sit,
533 2293 704 2348 quam
734 2278 913 2332 menti
942 2278 1149 2331 virtute
1178 2277 1417 2348 pollenti
1455 2278 1539 2331 fas
1581 2280 1866 2348 estjexcel-

169 2368 308 2433 lere,
339 2366 612 2436 injustam
666 2382 784 2420 esse
816 2366 974 2419 nullo
1017 2365 1186 2419 modo
1226 2381 1413 2435 posse.
1443 2365 1628 2431 Quare
1659 2381 1730 2419 ne
1760 2366 1869 2419 ista

171 2455 428 2528 quidem,
472 2454 699 2509 tametsi
747 2455 955 2509 habeat
1000 2457 1363 2525 potestatem,
1406 2458 1570 2525 coget
1613 2460 1866 2509 mentem

172 2544 383 2599 servire
422 2542 666 2598 libidini.
716 2546 781 2599 E.
825 2544 978 2598 Istud
1016 2559 1253 2613 prorsus
1309 2558 1477 2597 nemo
1509 2547 1594 2597 est
1619 2543 1720 2615 qui
1748 2559 1866 2598 non

176 2632 300 2687 sine
329 2632 447 2686 ulla
472 2632 833 2686 cunctatione
858 2632 1121 2686 fateatur.
1154 2633 1232 2685 Α.
1267 2632 1410 2702 Ergo
1432 2631 1778 2703 relinquitur
1803 2636 1868 2686 ut

171 2720 447 2793 quoniam
468 2720 733 2791 regnanti
755 2720 936 2774 menti
950 2720 1316 2791 compotique
1328 2720 1573 2789 virtutis,
1589 2720 1866 2791 quidquid

165 2826 275 2874 par
301 2812 402 2864 aut
429 2811 733 2880 pralatum
763 2812 867 2875 est,
895 2825 1011 2862 non
1039 2825 1165 2862 eam
1194 2808 1327 2862 facit
1357 2824 1577 2863 servam
1610 2808 1864 2863 libidinis

164 2903 400 2971 propter
426 2897 751 2969 justitiam;
785 2897 1063 2968 quidquid
1098 2901 1289 2951 autem
1322 2896 1558 2951 inferius
1604 2901 1706 2963 est,
1746 2913 1864 2951 non

164 2987 346 3058 possit
373 2988 480 3041 hoc
510 2987 695 3040 facere
733 2990 967 3057 propter
992 2986 1406 3053 inﬁrmitatem,
1453 2985 1598 3040 sicut
1626 3002 1692 3040 ea
1735 3002 1864 3057 qua

162 3076 319 3130 inter
345 3091 451 3129 nos
480 3074 855 3129 constiterunt
882 3075 1123 3141 docent;
1156 3075 1315 3128 nulla
1344 3090 1434 3128 res
1464 3074 1573 3128 alia
1612 3078 1865 3129 mentem

166 3163 493 3236 cupiditatis
523 3162 789 3217 comitem
821 3163 1005 3229 faciat,
1050 3178 1225 3234 quam
1255 3162 1486 3234 propria
1524 3163 1781 3217 voluntas
1810 3168 1866 3218 et

162 3254 412 3310 liberum
435 3252 759 3308 arbitrium.
783 3256 850 3308 E.
886 3252 1041 3307 Nihil
1089 3257 1207 3307 tam
1237 3252 1621 3308 necessarium
1654 3258 1864 3308 restare

163 3343 349 3399 video.

238 3432 329 3485 22.
362 3431 444 3484 Α.
482 3428 750 3501 Sequitur
798 3428 921 3501 jam
976 3431 1039 3483 ut
1068 3429 1174 3483 tibi
1210 3429 1470 3484 videatur
1507 3430 1659 3500 juste
1707 3429 1865 3483 illam

166 3536 276 3593 pro
327 3523 555 3590 peccato
610 3522 771 3572 tanto
820 3534 1019 3589 poenas
1066 3519 1337 3589 pendere.
1370 3520 1446 3574 E.
1503 3520 1719 3591 Negare
1749 3535 1867 3574 non

164 3624 425 3680 possum.
457 3608 527 3663 Α.
563 3606 711 3672 Quid
740 3606 917 3678 igitur
939 3609 968 3662 ?
1000 3608 1146 3661 Num
1176 3607 1284 3663 ista
1328 3608 1452 3679 ipsa
1481 3624 1649 3680 pana
1694 3624 1867 3679 parva

167 3696 546 3753 existimanda
578 3700 685 3764 est,
718 3696 875 3766 quod
905 3695 958 3750 ei
987 3696 1165 3751 libido
1196 3697 1542 3762 dominatur,
1580 3697 1864 3768 exspolia-

165 3792 404 3857 tamque
428 3783 649 3839 virtutis
677 3785 994 3856 opulentia,
1024 3801 1129 3856 per
1156 3785 1377 3839 diversa
1414 3786 1645 3857 inopem
1696 3790 1866 3857 atque

169 3874 528 3946 indigentem
549 3874 745 3942 trahit,
777 3890 932 3929 nunc
958 3874 1100 3928 falsa
1129 3890 1232 3946 pro
1256 3874 1405 3929 veris
1430 3874 1863 3945 approbantem,

169 3980 329 4018 nunc
353 3963 524 4017 etiam
556 3962 1014 4029 defensitantem,
1066 3979 1219 4018 nunc
1270 3963 1696 4035 improbantem
1740 3980 1868 4036 qua

166 4056 337 4106 antea
360 4049 732 4122 probavisset,
766 4055 822 4105 et
846 4051 1223 4106 nihilominus
1252 4051 1312 4106 in
1342 4052 1451 4106 alia
1479 4052 1621 4106 falsa
1649 4053 1870 4107 irruen-

172 4148 291 4197 tem
318 4158 332 4209 ;
373 4158 527 4197 nunc
556 4140 937 4195 assensionem
973 4142 1417 4212 suspendentem
1448 4158 1630 4206 suam,
1662 4146 1719 4196 et
1745 4143 1868 4212 ple-

166 4247 417 4302 rumque
438 4229 764 4302 perspicuas
784 4230 1243 4285 ratiocinationes
1263 4230 1663 4286 formidantem
1685 4248 1698 4298 ;
1718 4247 1870 4285 nunc

167 4321 569 4390 desperantem
605 4319 676 4373 de
704 4323 825 4374 tota
862 4319 1191 4374 inventione
1219 4319 1492 4387 veritatis,
1531 4324 1585 4373 et
1616 4319 1870 4374 stultitia

166 4409 419 4464 tenebris
446 4409 675 4481 penitus
715 4409 1128 4477 inharentem;
1176 4424 1330 4463 nunc
1360 4412 1660 4464 conantem
1691 4409 1754 4462 in
1784 4410 1869 4463 lu-

167 4513 294 4554 cem
320 4498 697 4571 intelligendi,
732 4515 1043 4570 rursusque
1090 4498 1423 4568 fatigatione
1470 4499 1868 4553 decidentem:

171 4603 307 4642 cum
336 4586 556 4642 interea
584 4587 962 4658 cupiditatum
994 4586 1135 4641 illud
1168 4603 1409 4657 regnum
1441 4587 1735 4658 tyrannice
1767 4604 1869 4641 sa-

169 4676 306 4741 viat,
341 4680 397 4731 et
424 4676 596 4731 variis
627 4676 1041 4747 contrariisque
1070 4677 1504 4747 tempestatibus
1541 4681 1727 4731 totum
1764 4676 1871 4730 ho-

169 4764 345 4819 minis
373 4765 631 4819 animum
663 4765 952 4837 vitamque
980 4765 1297 4836 perturbet,
1321 4765 1455 4819 hinc
1484 4765 1708 4832 timore,
1736 4765 1868 4819 inde

172 4853 457 4908 desiderio
480 4854 646 4921 ;hinc
675 4854 979 4917 anxietate,
1012 4853 1146 4908 inde
1175 4853 1333 4907 inani
1355 4854 1607 4924 falsaque
1631 4853 1867 4921 laetitia;

171 4942 307 4996 hinc
336 4942 590 4997 cruciatu
611 4943 694 4996 rei
725 4942 945 4997 amissa
963 4959 1092 5013 qua
1118 4942 1480 5013 diligebatur,
1513 4942 1645 4997 inde
1666 4943 1871 4997 ardore

173 5030 559 5101 adipiscenda
581 5047 710 5102 qua
730 5048 846 5085 non
858 5032 1174 5087 habebatur
1196 5050 1210 5099 ;
1234 5032 1367 5087 hin’c
1381 5035 1621 5102 accepta
1643 5030 1872 5101 injuria

173 5120 487 5187 doloribus,
530 5120 665 5174 inde
712 5119 930 5173 facibus
977 5120 1376 5176 vindicanda:
1415 5136 1873 5193 quaquaversum

172 5213 364 5281 potest
412 5214 698 5264 coarctare
756 5208 991 5263 avaritia
1022 5210 1295 5281 dissipare
1318 5209 1562 5277 luxuria,
1611 5210 1872 5263 addicere

174 5298 436 5365 ambitio,
471 5298 673 5354 inﬂare
730 5297 1015 5369 superbia,
1071 5302 1335 5371 torquere
1383 5299 1616 5366 invidia,
1658 5298 1875 5353 desidia

175 5389 441 5459 sepelire,
476 5388 793 5458 pervicacia
830 5388 1135 5447 concitare,
1178 5388 1450 5443 afﬂictare
1490 5388 1785 5459 subjectio,
1818 5392 1875 5441 et

177 5494 559 5550 quacumque
591 5478 700 5531 alia
728 5476 1171 5532 innumerabilia
1185 5478 1591 5547 regnumillius
1620 5476 1873 5531 libidinis

176 5567 546 5639 frequentant
576 5570 633 5622 et
661 5568 964 5623 exercent?
983 5583 1359 5638 possumusne
1395 5568 1626 5623 tandem
1657 5566 1875 5623 nullam

1647 293 1861 352 LIBER
1899 292 2183 352 PRIMUS.

3550 300 3686 354 i234

1977 416 2147 472 istam
2175 432 2406 489 panam
2455 422 2678 490 putare,
2740 434 2932 493 quam,
2976 423 3042 475 ut
3070 421 3279 491 cernis,
3334 437 3530 477 omnes
3581 422 3683 495 qui

1976 522 2093 561 non
2122 507 2345 562 harent
2374 508 2686 579 sapientia,
2719 525 2946 564 necesse
2976 513 3059 563 est
3089 510 3357 580 perpeti?

2047 598 2134 651 23.
2168 597 2240 651 Ε.
2299 597 2559 666 Magnam
2619 599 2853 669 quidem
2903 598 3072 652 istam
3119 614 3350 669 pariam
3394 615 3514 654 esse
3570 600 3671 670 ju-

1978 683 2127 751 dico,
2159 688 2217 739 et
2246 684 2481 738 omnino
2505 686 2737 755 justam,
2797 686 2844 740 si
2875 686 3003 758 quis
3041 688 3164 757 jam
3212 687 3271 741 in
3318 687 3669 743 sublimitate

1978 772 2273 843 sapientia
2307 774 2631 840 collocatus,
2664 774 2797 828 inde
2840 776 3179 830 descendere
3209 792 3273 830 ac
3302 776 3529 831 libidini
3560 792 3678 829 ser-

1974 862 2093 917 vire
2124 862 2436 933 delegerit:
2470 862 2567 916 sed
2594 866 2788 917 utrum
2819 880 2937 918 esse
2958 864 3263 935 quisquam
3280 865 3461 935 possit
3489 865 3673 918 incer-

1975 954 2097 1005 tum
2129 955 2233 1017 est,
2263 950 2363 1022 qui
2392 950 2516 1005 hac
2545 955 2644 1005 aut
2667 952 2910 1006 voluerit
2936 953 3140 1018 facere,
3169 958 3265 1008 aut
3286 954 3448 1009 .velit.
3483 954 3671 1019 Quan.

1979 1054 2152 1109 quam
2185 1038 2339 1092 enim
2383 1039 2682 1093 credamus
2742 1038 3039 1093 hominem
3079 1044 3195 1093 tam
3244 1040 3491 1110 perfecte
3547 1057 3679 1095 con-

1976 1127 2159 1181 ditum
2188 1143 2222 1181 a
2266 1128 2404 1195 Deo,
2457 1132 2514 1182 et
2563 1126 2625 1182 in
2678 1127 2846 1182 beata
2901 1128 3015 1181 vita
3065 1129 3457 1196 constitutum,
3511 1134 3575 1183 ut
3606 1131 3678 1185 ad

1977 1231 2261 1270 arumnas
2289 1216 2547 1270 mortalis
2594 1215 2726 1270 vita
2756 1216 2877 1286 ipse
2918 1216 3050 1270 inde
3097 1217 3331 1286 propria
3378 1218 3673 1273 voluntate

1978 1305 2242 1375 delapsus
2273 1304 2381 1373 sit;
2415 1308 2611 1359 tamen
2640 1305 2748 1359 hoc
2779 1320 2909 1359 cum
2938 1304 3265 1359 ﬁrmissima
3293 1304 3404 1360 ﬁde
3427 1310 3675 1375 teneam,

1978 1391 2358 1461 intelligentia
2386 1393 2649 1447 nondum
2679 1397 2970 1448 assecutus
3002 1409 3161 1449 sum:
3216 1394 3376 1463 cujus
3404 1394 3489 1448 rei
3543 1395 3679 1449 dili-

1977 1483 2211 1551 gentem
2237 1480 2687 1552 inquisitionem,
2721 1482 2769 1536 si
2798 1497 2951 1537 nunc
2975 1482 3357 1537 differendum
3379 1486 3565 1553 putas,
3587 1500 3680 1538 me

1976 1569 2155 1624 invito
2189 1568 2347 1623 facis.

1979 1658 2202 1713 CAPUT
2231 1657 2345 1712 XII.
2385 1686 2457 1697 -—
2490 1658 2741 1713 Mortalis
2768 1659 2894 1713 vita
2933 1674 3122 1729 panas
3151 1662 3248 1729 qui
3295 1659 3518 1714 libidini
3562 1676 3675 1715 ser-

2047 1748 2225 1811 viunt,
2256 1747 2451 1801 merito
2484 1747 2803 1815 patiuntur,
2850 1748 3064 1801 etiamsi
3096 1749 3363 1817 sapientes
3400 1763 3679 1817 nunquam

2047 1833 2284 1899 fuerint.

2048 1924 2137 1977 24.
2172 1922 2379 1975 Verum
2410 1919 2549 1974 illud
2580 1919 2737 1990 quod
2788 1935 2881 1974 me
2922 1919 3168 1975 maxime
3198 1928 3408 1988 movet,
3440 1906 3542 1976 cur
3568 1920 3675 1976 hu-

1970 2009 2287 2084 juscemodi
2316 2008 2708 2063 acerbissimas
2724 2024 2921 2079 poenas
2942 2010 3231 2080 patiamur
3250 2026 3375 2077 nos,
3409 2010 3507 2082 qui
3527 2013 3678 2065 certe

1977 2098 2135 2154 stulti
2160 2114 2375 2165 sumus,
2413 2113 2518 2152 nec
2531 2097 2815 2168 sapientes
2848 2114 3104 2169 unquam
3130 2098 3364 2166 fuimus,
3387 2103 3451 2153 ut
3472 2099 3678 2153 merito

1975 2189 2097 2244 hac
2125 2188 2383 2243 dicamur
2408 2186 2631 2258 perpeti
2652 2190 2888 2257 propter
2907 2187 3185 2241 desertam
3211 2187 3434 2242 virtutis
3465 2204 3673 2255 arcem,

1977 2281 2033 2331 et
2064 2277 2301 2331 electam
2331 2276 2436 2330 sub
2467 2275 2705 2330 libidine
2737 2276 3087 2343 servitutem,
3122 2277 3263 2347 quin
3309 2276 3528 2347 aperias
3559 2276 3673 2331 dis-

1974 2367 2249 2438 putando,
2284 2365 2330 2419 si
2358 2365 2532 2431 vales,
2573 2365 2732 2419 nullo
2772 2366 2940 2420 modo
2994 2366 3098 2420 tibi
3137 2366 3515 2421 differendum
3554 2381 3676 2420 esse

1976 2454 2399 2510 concessserim.
2432 2456 2508 2507 A.
2542 2454 2626 2507 Ita
2646 2453 2790 2507 istuc
2816 2453 2975 2521 dicis,
3000 2454 3161 2525 quasi
3182 2454 3401 2525 liquido
3419 2470 3676 2524 comper-

1975 2549 2101 2600 tum
2138 2544 2348 2598 habeas
2378 2558 2674 2613 nunquam
2706 2558 2809 2596 nos
2848 2542 3021 2596 fuisse
3052 2543 3334 2614 sapientes
3361 2560 3374 2597 :
3432 2542 3677 2596 attendis

1975 2633 2131 2687 enim
2159 2635 2387 2701 tempus
2415 2647 2481 2685 ex
2526 2647 2639 2701 quo
2669 2630 2729 2685 in
2758 2632 2905 2685 hanc
2934 2631 3109 2685 vitam
3159 2631 3278 2685 dati
3316 2647 3533 2687 sumus.
3566 2631 3677 2686 Sed

1975 2737 2106 2776 cum
2136 2719 2416 2791 sapientia
2463 2719 2524 2773 in
2554 2720 2747 2773 animo
2778 2719 2869 2785 sit,
2922 2723 3115 2774 utrum
3159 2725 3291 2775 ante
3324 2720 3675 2775 consortium

1972 2809 2143 2880 hujus
2163 2808 2419 2879 corporis
2449 2807 2559 2861 alia
2588 2808 2835 2879 quadarn
2866 2807 2980 2862 vita
3007 2808 3210 2862 vixerit
3238 2808 3484 2872 animus,
3520 2812 3574 2862 et
3602 2824 3676 2862 an

1975 2897 2282 2969 aliquando
2322 2896 2609 2966 sapienter
2658 2895 2879 2963 vixerit,
2912 2912 3122 2967 magna
3155 2898 3394 2967 quastio
3429 2901 3531 2963 est,
3557 2913 3673 2950 ma-

1975 3002 2155 3059 gnum
2185 2988 2488 3054 secretum,
2519 2987 2575 3038 et
2613 3000 2716 3039 suo
2752 2984 3232 3041 considerandum
3276 2987 3438 3041 loco:
3488 3002 3675 3056 neque

1974 3076 2104 3130 ideo
2136 3079 2329 3129 tamen
2354 3074 2463 3128 hoc
2494 3073 2647 3144 quod
2677 3089 2828 3127 nunc
2870 3073 3147 3128 habemus
3179 3073 3240 3128 in
3277 3073 3540 3128 manibus
3564 3073 3676 3128 im-

1974 3164 2225 3237 peditur,
2254 3162 2562 3234 quominus
2594 3161 2885 3232 aperiatur
2918 3167 2979 3216 ut
3008 3166 3216 3232 potest.
3618 3168 3621 3171 ’

2044 3255 2138 3307 25.
2178 3252 2320 3306 Nam
2350 3266 2546 3322 quaro
2574 3250 2670 3303 abs
2700 3254 2778 3317 te,
2811 3251 2957 3305 sitne
2987 3251 3180 3322 aliqua
3207 3250 3372 3306 nobis
3388 3251 3670 3306 voluntas.

1975 3343 2039 3395 E.
2075 3339 2298 3394 Nescio.
2330 3341 2412 3394 Α.
2451 3338 2620 3394 Visne
2647 3340 2756 3393 hoc
2780 3339 2967 3394 scire?
2996 3343 3061 3395 E.
3093 3341 3157 3394 Et
3203 3340 3309 3394 hoc
3333 3339 3551 3395 nescio.
3598 3340 3670 3395 A.

1978 3428 2131 3483 Nihil
2160 3444 2297 3499 ergo
2314 3427 2581 3498 deinceps
2610 3444 2701 3482 me
2722 3427 3059 3500 interroges.
3092 3431 3164 3483 E.
3187 3429 3370 3494 Quare
3390 3430 3419 3483 ?
3437 3429 3507 3484 Α.
3534 3428 3677 3494 Quia

1976 3516 2205 3587 roganti
2254 3516 2358 3571 tibi
2383 3517 2729 3586 respondere
2759 3533 2873 3570 non
2906 3518 3105 3583 debeo,
3139 3518 3249 3573 nisi
3276 3518 3494 3574 volenti
3534 3517 3675 3572 scire

1978 3607 2132 3678 quod
2164 3621 2351 3677 rogas.
2385 3605 2602 3660 Deinde
2618 3605 2729 3659 nisi
2751 3606 2889 3660 velis
2907 3607 2976 3660 ad
2998 3606 3333 3678 sapientiam
3352 3605 3673 3677 pervenire,

1977 3710 2165 3749 sermo
2197 3698 2387 3748 tecum
2417 3694 2488 3747 de
2519 3694 2851 3764 hujusmodi
2880 3694 3049 3748 rebus
3078 3710 3196 3748 non
3227 3699 3313 3750 est
3356 3695 3671 3749 habendus.

1977 3785 2273 3838 Postremo
2302 3798 2465 3836 meus
2486 3781 2703 3836 amicus
2733 3798 2853 3836 esse
2879 3799 2997 3836 non
3030 3782 3263 3853 poteris,
3304 3782 3415 3837 nisi
3445 3783 3583 3837 velis
3612 3787 3677 3837 ut

1976 3872 2121 3927 bene
2147 3870 2219 3925 sit
2243 3869 2409 3925 mihi.
2442 3871 2567 3924 Jam
2594 3886 2727 3924 vero
2754 3870 2821 3925 de
2849 3874 2904 3925 te
2934 3875 2995 3925 tu
3026 3871 3147 3942 ipse
3195 3871 3423 3937 videris,
3479 3875 3676 3926 utrum

1976 3959 2083 4015 tibi
2133 3960 2397 4014 voluntas
2432 3959 2590 4013 nulla
2618 3958 2691 4013 sit
2717 3959 2896 4014 beata
2928 3959 3056 4013 vita
3082 3965 3214 4014 tua.
3241 3963 3305 4015 E.
3332 3960 3551 4026 Fateor,
3576 3976 3675 4014 ne-

1978 4048 2102 4120 gari
2134 4064 2250 4102 non
2279 4051 2468 4119 potest
2494 4048 2703 4102 habere
2724 4064 2825 4103 nos
2843 4049 3225 4104 voluntatem:
3250 4065 3427 4120 perge
3440 4049 3581 4120 jam,
3598 4049 3677 4103 vi-

1979 4139 2213 4194 deamus
2242 4138 2381 4209 quid
2408 4137 2542 4192 hinc
2571 4138 2862 4193 conﬁcias.
2889 4138 2960 4195 A.
2982 4138 3205 4193 Faciam
3230 4154 3244 4193 :
3268 4138 3366 4193 sed
3391 4138 3479 4192 dic
3502 4137 3676 4192 etiam

1978 4227 2158 4299 prius,
2199 4231 2395 4282 utrum
2426 4231 2481 4281 et
2509 4227 2721 4282 bonam
2748 4228 3103 4282 voluntatem
3132 4232 3188 4281 te
3218 4228 3427 4282 habere
3446 4227 3673 4281 sentias.

1978 4319 2043 4372 E.
2060 4316 2208 4381 Quid
2228 4320 2314 4370 est
2331 4315 2483 4370 bona
2502 4317 2763 4371 voluntas
2784 4318 2812 4370 ?
2829 4318 2906 4371 A.
2929 4317 3198 4370 Voluntas
3229 4333 3343 4387 qua
3360 4314 3680 4385 appetimus

1978 4410 2130 4460 recte
2174 4405 2531 4476 honesteque
2577 4405 2787 4472 vivere,
2838 4410 2893 4459 et
2927 4405 2995 4460 ad
3027 4421 3309 4459 summam
3341 4404 3682 4475 sapientiam

1979 4493 2299 4566 pervenire.
2334 4494 2495 4549 Modo
2524 4498 2588 4547 tu
2617 4494 2743 4549 vide
2773 4498 2969 4549 utrum
3006 4497 3219 4548 rectam
3266 4495 3682 4563 honestamque

1980 4599 2097 4637 non
2128 4586 2360 4654 appetas
2392 4582 2585 4648 vitam,
2631 4587 2732 4638 aut
2760 4600 2878 4637 esse
2907 4583 3130 4654 sapiens
3174 4599 3287 4637 non
3317 4582 3684 4636 vehementer

1979 4672 2139 4739 velis,
2174 4676 2271 4726 aut
2316 4676 2466 4726 certe
2510 4688 2722 4743 negare
2776 4673 3006 4739 audeas,
3062 4687 3193 4725 cum
3246 4671 3367 4725 hac
3393 4670 3680 4738 volumus,

1981 4777 2086 4816 nos
2115 4761 2328 4815 habere
2352 4761 2707 4815 voluntatem
2730 4762 2961 4815 bonam.
2992 4763 3056 4815 E.
3094 4760 3245 4814 Nihil
3273 4760 3680 4829 horumnego,

1982 4854 2041 4905 et
2077 4854 2384 4921 propterea
2426 4866 2518 4903 me
2557 4866 2675 4903 non
2719 4851 2907 4903 solum
2944 4850 3316 4915 voluntatem,
3364 4848 3461 4902 sed
3510 4849 3682 4901 etiam

1983 4940 2191 4994 bonam
2225 4939 2573 4992 voluntatem
2598 4938 2719 5008 jam
2770 4938 2981 4992 habere
3010 4937 3303 4991 conﬁteor.
3354 4937 3422 4991 A.
3476 4934 3682 5000 Quanti

1982 5028 2203 5099 pendis,
2237 5044 2336 5082 oro
2365 5032 2442 5094 te,
2465 5026 2612 5081 hanc
2626 5027 2980 5082 voluntatem
2997 5028 3025 5082 ?
3045 5026 3469 5098 Numquidnam
3492 5025 3544 5079 ei
3566 5024 3682 5077 ulla

1985 5134 2053 5172 ex
2077 5121 2234 5188 parte
2265 5116 2509 5180 divitias,
2544 5121 2643 5171 aut
2669 5117 2935 5171 honores.
2975 5122 3071 5171 aut
3118 5117 3433 5185 voluptates
3479 5129 3677 5181 corpo-

1983 5206 2082 5270 ris,
2114 5210 2211 5261 aut
2260 5206 2381 5260 hac
2425 5206 2596 5259 simul
2639 5206 2834 5260 omnia
2872 5206 3217 5261 conferenda
3258 5201 3676 5257 arbitraris?E.

1980 5295 2263 5352 Averterit
2290 5297 2439 5350 Deus
2474 5295 2641 5349 istam
2678 5296 3012 5350 sceleratam
3044 5292 3410 5349 dementiam.
3445 5293 3525 5345 Α.
3570 5291 3675 5343 Pa-

1984 5401 2187 5440 rumne
2219 5401 2354 5456 ergo
2395 5385 2763 5455 gaudendum
2799 5391 2883 5439 est
2925 5385 3133 5438 habere
3164 5397 3264 5435 nos
3311 5378 3587 5450 quiddam
3617 5378 3678 5432 in

1984 5475 2198 5544 animo,
2231 5474 2377 5530 hanc
2404 5474 2589 5547 ipsam
2618 5474 2743 5530 dico
2774 5475 2984 5529 bonam
3012 5472 3384 5535 voluntatem,
3425 5466 3486 5521 in
3515 5467 3678 5536 cujus

1989 5564 2412 5637 comparatione
2441 5564 2821 5637 abjectissima
2857 5562 2971 5617 sint
2998 5576 3065 5615 ea
3102 5574 3230 5631 qua
3272 5572 3680 5614 commemora-
