4074 6356
368 291 500 344 1235

363 411 567 476 vimus,
596 425 702 480 pro
723 408 932 480 quibus
955 407 1330 478 adipiscendis
1351 407 1775 463 multitudinem
1793 409 2054 464 videmus

362 499 664 554 hominum
695 498 880 551 nullos
906 497 1146 562 labores,
1183 497 1338 550 nulla
1367 496 1619 566 pericula
1643 513 1901 552 recusare
1923 499 1951 552 ?
1975 499 2052 554 Ε.

365 587 739 642 Gaudendum
768 601 923 650 vero,
947 601 1010 638 ac
1041 583 1462 655 plurimum.A.
1491 585 1636 649 Quid
1657 587 1685 639 ?
1717 588 1823 640 hoc
1845 587 2054 658 gaudio

364 675 464 746 qui
497 691 612 728 non
668 674 958 738 fruuntur,
1003 688 1175 742 parvo
1221 672 1430 726 damno
1478 689 1572 726 eos
1610 674 1839 728 affectos
1892 678 2057 745 putas

364 763 512 817 tanti
541 763 718 817 boni?
750 765 814 816 E.
849 762 970 814 Imo
1003 759 1277 816 maximo.

435 855 522 905 26.
551 851 626 905 Α.
667 850 830 904 Vides
866 849 1043 918 igitur
1068 849 1211 918 jam,
1271 853 1333 902 ut
1362 849 1642 916 existimo,
1675 851 1735 904 in
1768 851 2058 905 voluntate

366 944 559 994 nostra
586 953 704 992 esse
735 937 1133 1004 constitutum,
1183 941 1245 990 ut
1273 937 1380 990 hoc
1423 939 1511 992 vel
1541 938 1803 992 fruamur
1848 939 1934 992 vel
1965 955 2060 992 ca-

364 1043 589 1081 reamus
618 1031 775 1081 tanto
806 1031 862 1079 et
891 1030 1007 1079 tam
1036 1041 1167 1078 vero
1196 1025 1373 1080 bono.
1414 1027 1560 1090 Quid
1573 1026 1726 1080 enim
1751 1026 1940 1080 tamin
1967 1044 2060 1080 vo-

366 1116 607 1182 luntate,
630 1113 946 1184 quamﬂipsa
958 1114 1218 1168 voluntas
1232 1113 1339 1167 sita
1350 1118 1433 1167 est
1459 1113 1541 1184 (a)
1565 1115 1593 1168 ?
1613 1114 1795 1178 Quam
1818 1114 2060 1185 quisque

366 1219 494 1257 cum
526 1202 698 1256 habet
726 1202 957 1268 bonam,
981 1202 1037 1256 id
1058 1207 1208 1256 certe
1229 1201 1402 1256 habet
1427 1202 1584 1272 quod
1607 1203 1848 1256 terrenis
1882 1202 2061 1257 omni-

366 1293 470 1346 bus
513 1291 721 1360 regnis,
773 1289 1276 1360 voluptatibusque
1310 1289 1578 1343 omnibus
1607 1291 1860 1359 corporis
1894 1291 2061 1361 longe

365 1379 828 1450 anteponendum
870 1378 961 1431 sit.
995 1378 1263 1448 Quisquis
1297 1383 1490 1432 autem
1519 1395 1636 1432 non
1668 1379 1862 1446 habet,
1909 1384 2064 1433 caret

365 1470 618 1542 profecto
647 1469 744 1522 illa
771 1484 852 1534 re,
889 1483 1061 1538 quam
1090 1469 1541 1538 prmstantiorem
1588 1469 1854 1523 omnibus
1898 1469 2064 1523 bonis

345 1560 425 1614 -in
455 1562 729 1631 potestate
769 1562 964 1611 nostra
1017 1573 1131 1610 non
1172 1558 1516 1626 constitutis,
1547 1559 1666 1611 sola
1694 1559 1776 1612 illi
1805 1560 2064 1612 voluntas

367 1665 472 1720 per
500 1647 745 1717 seipsam
789 1646 968 1700 daret.
996 1646 1191 1716 Itaque
1223 1662 1355 1700 cum
1405 1662 1464 1700 se
1494 1646 1618 1716 ipse
1671 1647 2064 1701 miserrimum

361 1736 594 1808 judicet,
631 1735 678 1788 si
705 1733 959 1788 amiserit
1001 1734 1310 1804 gloriosam
1341 1735 1575 1800 famam,
1611 1735 1873 1804 ingentes
1904 1751 2060 1805 opes,

367 1830 422 1878 et
463 1822 734 1894 quaelibet
761 1823 1014 1892 corporis
1043 1823 1219 1889 bona;
1252 1828 1316 1876 tu
1346 1839 1479 1877 eum
1526 1840 1638 1878 non
1676 1824 2066 1879 miserrimum

363 1911 668 1984 judicabis,
702 1911 924 1965 etiamsi
953 1911 1162 1987 talibus
1203 1912 1454 1965 abundet
1501 1912 1788 1977 omnibus,
1836 1929 1966 1966 cum
1998 1913 2066 1966 iis

369 2001 610 2056 inhazret
636 2016 765 2070 quae
785 1999 1043 2053 amittere
1066 1999 1334 2053 facillime
1361 2004 1571 2070 potest,
1594 2016 1781 2071 neque
1797 2001 1935 2054 dum
1950 1999 2069 2055 vult

368 2089 560 2156 habet,
591 2092 744 2141 caret
769 2093 956 2141 autem
989 2088 1137 2141 bona
1169 2088 1479 2152 voluntate,
1525 2104 1655 2158 quae
1700 2105 1804 2143 nec
1835 2105 2068 2160 compa-

369 2177 549 2230 randa
579 2181 662 2229 est
689 2191 821 2230 cum
850 2175 990 2238 istis,
1025 2181 1082 2229 et
1108 2191 1238 2230 cum
1269 2176 1341 2229 sit
1368 2180 1486 2229 tam
1517 2192 1795 2247 maguum
1825 2177 2062 2244 bonum,

369 2266 510 2319 velle
533 2265 717 2318 solum
739 2281 882 2334 opus
911 2269 1012 2330 est,
1041 2264 1435 2320 uthabeatur?
1462 2267 1525 2319 E.
1559 2265 1933 2319 Verissimum
1957 2270 2063 2320 est.

370 2355 440 2408 A.
481 2354 612 2407 Jure
643 2352 820 2422 igitur
850 2368 913 2404 ac
941 2353 1145 2405 merito
1176 2351 1332 2406 stulti
1355 2351 1639 2419 homines,
1673 2353 1898 2406 tametsi
1926 2370 2070 2407 nun-

373 2455 546 2509 quam
576 2439 808 2494 fuerunt
822 2439 1105 2510 sapientes
1127 2439 1254 2510 (hoc
1271 2439 1420 2493 enim
1451 2440 1688 2494 dubium
1719 2445 1774 2494 et
1802 2442 2071 2495 occultis-

370 2525 581 2580 simum
639 2528 766 2596 est),
795 2527 1192 2596 hujuscemodi
1217 2526 1545 2581 afﬁciuntur
1577 2527 1822 2581 miseria.
1859 2531 1926 2583 E.
1960 2530 2072 2582 As-

373 2615 611 2668 sentior.

375 2702 599 2756 CAPUT
626 2702 771 2756 XIII.
801 2733 869 2741 —
927 2701 1221 2758 Voluntate
1270 2701 1457 2757 vitam
1495 2702 1730 2772 beatam,
1782 2703 2074 2762 voluntate

929 2790 1200 2846 miseram
1239 2791 1365 2862 degi
1372 2806 1514 2846 mus.

444 2882 533 2933 ‘27.
564 2883 642 2934 Α.
677 2879 984 2934 Considera
1036 2895 1188 2933 nunc
1245 2884 1439 2934 utrum
1487 2879 1592 2934 tibi
1636 2881 1898 2936 videatur
1954 2898 2074 2937 esse

375 2967 681 3038 prudentia
711 2967 1160 3037 appetendarum
1189 2971 1247 3021 et
1274 2967 1641 3022 vitandarum
1674 2985 1871 3024 rerum
1903 2970 2059 3025 scien

373 3055 471 3110 tia.
506 3058 569 3110 E.
620 3055 872 3109 Videtur.
930 3057 1002 3110 Α.
1053 3054 1246 3119 Quid?
1302 3056 1574 3111 fortitudo
1631 3073 1822 3112 nonne
1853 3058 1952 3112 illa
1992 3063 2079 3112 est

378 3143 586 3197 animae
615 3143 859 3208 affectio,
894 3159 1005 3213 qua
1031 3143 1224 3197 omnia
1249 3143 1611 3200 incommoda
1644 3153 1701 3200 et
1739 3146 1950 3201 damna
1980 3163 2070 3200 re-

380 3247 508 3284 rum
538 3247 651 3285 non
679 3231 740 3284 in
769 3236 963 3284 nostra
987 3236 1264 3301 potestate
1295 3235 1731 3288 constitutarum
1762 3235 2076 3289 contemni-

379 3321 550 3374 mus?
597 3321 663 3373 E.
716 3320 800 3371 Ita
827 3318 1105 3373 existimo.
1150 3321 1220 3374 Α.
1263 3323 1437 3374 Porro
1470 3322 1849 3391 temperantia
1878 3327 1959 3377 est
1990 3323 2076 3376 af-

377 3405 547 3461 fectio
608 3421 872 3459 coercens
917 3411 973 3459 et
1001 3407 1274 3461 cohibens
1319 3409 1641 3478 appetitum
1689 3411 1758 3464 ab
1787 3411 1856 3464 iis
1905 3411 2080 3465 rebus

381 3509 511 3565 qua:
535 3493 781 3563 turpiter
799 3498 1184 3564 appetuntur:
1226 3511 1301 3549 an
1327 3500 1390 3549 tu
1420 3497 1586 3551 aliter
1613 3503 1779 3568 putas
1799 3500 1827 3552 ?
1852 3501 1916 3554 E.
1955 3501 2077 3554 Imo

377 3582 457 3636 ita
480 3586 544 3635 ut
572 3581 709 3635 dicis
740 3581 940 3635 sentio.
959 3585 1036 3636 Α.
1061 3579 1184 3636 Jam
1197 3583 1474 3653 justitiam
1492 3586 1630 3656 quid
1655 3586 1910 3642 dicamus
1933 3604 2076 3654 esse,

377 3670 488 3724 nisi
521 3670 789 3724 virtutem
832 3687 946 3740 qua
991 3687 1093 3725 sua
1123 3673 1328 3742 cuique
1377 3673 1766 3729 tribuuntur?
1811 3679 1876 3730 E.
1911 3677 2077 3730 Nulla

377 3759 520 3813 mihi
545 3759 656 3814 alia
677 3759 916 3830 justitiee
947 3760 1103 3814 notio
1135 3766 1241 3816 est.
1275 3763 1345 3817 Α.
1379 3763 1650 3834 Quisquis
1681 3780 1818 3835 ergo
1863 3765 2077 3820 bonam

379 3849 596 3904 habens
626 3850 992 3916 voluntatem,
1030 3851 1099 3904 de
1130 3851 1291 3922 cujus
1344 3854 1676 3908 excellentia
1717 3855 1839 3926 jam
1868 3855 1968 3910 diu
1996 3857 2077 3910 lo-

379 3937 630 4008 quimur,
661 3937 808 3992 hanc
839 3955 1013 3992 unam
1035 3939 1339 3994 dilectione
1372 3943 1752 4012 amplexetur,
1787 3958 1901 4013 qua
1928 3943 2074 3997 inte-

377 4027 487 4080 rim
520 4027 724 4080 melius
753 4027 898 4080 nihil
923 4028 1114 4096 habet,
1135 4029 1239 4082 hac
1269 4046 1390 4084 sese
1418 4030 1680 4096 oblectet,
1704 4031 1809 4085 hac
1830 4031 2077 4103 denique

375 4115 701 4184 perfruatur
751 4118 807 4168 et
834 4115 1098 4185 gaudeat,
1151 4117 1519 4172 considerans
1568 4135 1695 4173 eam
1733 4119 2076 4190 etjudicans

375 4207 592 4273 quanta
620 4203 712 4268 sit,
743 4219 1032 4274 quamque
1087 4204 1263 4258 invito
1291 4205 1376 4258 illi
1407 4207 1551 4277 eripi
1594 4209 1680 4262 vel
1729 4208 1939 4279 surripi
1968 4225 2074 4262 ne-

379 4293 584 4358 queat;
618 4305 758 4343 num
773 4290 1034 4344 dubitare
1061 4291 1374 4360 poterimus
1395 4292 1572 4348 istum
1600 4294 1885 4350 adversari
1909 4296 2076 4350 rebus

378 4375 661 4442 omnibus,
714 4392 842 4445 qua:
896 4377 1031 4431 huic
1071 4378 1171 4432 uni
1202 4378 1353 4433 bono
1385 4380 1634 4435 inimica:
1664 4385 1837 4437 sunt?
1864 4387 1927 4438 E.
1960 4385 2074 4438 Ne-

378 4479 530 4518 cesse
555 4468 637 4518 est
671 4463 907 4519 omnino
936 4469 1000 4520 ut
1027 4465 1374 4523 adversetur.
1409 4473 1484 4524 Α.
1519 4471 1758 4525 Nullane
1786 4472 1939 4526 hunc
1962 4488 2072 4542 pu-

378 4557 564 4606 tamus
593 4552 900 4622 praaditum
930 4569 1050 4608 esse
1078 4555 1521 4628 prudentia,qui
1540 4558 1646 4612 hoc
1667 4559 1883 4614 bonum
1905 4577 2075 4630 appe-

380 4641 639 4706 tendum,
669 4645 724 4694 et
752 4642 980 4696 vitanda
1004 4659 1071 4696 ea
1103 4660 1232 4714 qua:
1270 4645 1400 4700 huic
1451 4647 1686 4702 inimica
1711 4654 1845 4703 sunt
1872 4651 2075 4704 videt?

380 4731 445 4785 E.
477 4729 640 4783 Nullo
665 4729 834 4783 modo
863 4731 1003 4784 mihi
1026 4732 1254 4787 videtur
1277 4734 1386 4788 hoc
1416 4752 1579 4806 posse
1620 4737 1924 4809 quisquam
1954 4738 2076 4793 sine

378 4818 697 4888 prudentia.
751 4821 828 4870 Α.
881 4821 1048 4874 Recte
1073 4838 1086 4874 :
1114 4822 1208 4876 sed
1226 4838 1326 4876 cur
1345 4840 1459 4877 non
1485 4825 1615 4879 huic
1643 4825 1816 4880 etiam
1847 4827 2075 4881 fortitu-

377 4907 572 4962 dinem
594 4907 913 4961 tribuamus
931 4911 957 4962 ?
982 4909 1082 4963 Illa
1111 4911 1326 4982 quippe
1357 4913 1550 4966 omnia
1564 4929 1693 4984 qua:
1720 4915 1780 4968 in
1802 4920 2074 4984 potestate

379 5001 571 5050 nostra
599 5011 718 5049 non
749 4999 900 5062 sunt,
933 5012 1124 5052 amare
1155 4999 1259 5054 iste
1293 5017 1356 5054 ac
1384 5001 1620 5071 plurimi
1646 5004 1928 5058 aestimare
1958 5021 2075 5059 non

376 5089 583 5155 potest.
636 5084 775 5139 Mala
807 5083 959 5137 enim
1009 5086 1295 5142 voluntate
1348 5095 1632 5154 amantur,
1684 5092 2072 5164 cuiﬂtanquam

376 5172 626 5227 inimicas
673 5172 1008 5227 charissimo
1063 5191 1165 5228 suo
1204 5176 1356 5230 bono
1411 5178 1638 5234 resistat
1682 5197 1910 5234 necesse
1968 5187 2069 5238 est.

378 5262 520 5316 Cum
573 5267 764 5316 autem
810 5278 924 5316 non
969 5267 1122 5316 amat
1179 5265 1319 5331 haec,
1374 5283 1490 5321 non
1547 5268 1704 5322 dolet
1751 5270 1983 5337 amissa,
2017 5275 2074 5325 et

378 5350 615 5404 omnino
663 5351 1011 5418 contemnit;
1047 5353 1197 5422 quod
1233 5371 1376 5423 opus
1407 5372 1527 5408 esse
1568 5357 1936 5425 fortitudinis,
1986 5360 2070 5413 di-

375 5442 528 5490 ctum
563 5443 729 5508 atqne
759 5455 1090 5494 concessum
1120 5445 1222 5495 est.
1260 5443 1326 5496 E.
1372 5443 1709 5499 Tribuamus
1752 5462 1922 5500 sane:
1956 5463 2072 5501 non

441 5532 514 5595 (a)
543 5534 658 5583 Vid.
691 5535 916 5586 Retract.
953 5537 1041 5588 lib.
1077 5542 1122 5597 1,
1154 5552 1268 5602 cap.
1295 5541 1340 5596 9,
1375 5553 1429 5589 n.
1466 5542 1512 5590 3.

1451 287 1543 340 DE
1582 287 1841 342 LIBERO
1879 288 2238 354 ARBITRIO,
2282 287 2336 342 S.
2381 286 2764 343 AUGUSTINI

3731 289 3868 341 1236

2170 409 2325 464 enim
2353 409 2610 479 intelligo
2641 423 2814 480 quem
2838 407 3042 462 fortem
3076 406 3262 461 verius
3293 406 3581 478 appellare
3630 407 3874 478 possim,

2168 513 2340 567 quam
2369 513 2502 551 eum
2535 495 2635 566 qui
2663 495 2832 549 rebus
2862 494 2930 548 iis
2960 509 3101 564 quas
3147 508 3335 564 neque
3373 498 3437 547 ut
3459 493 3869 566 adipiscamur,

2165 601 2353 656 neque
2382 590 2446 639 ut
2474 585 2835 639 obtineamus
2884 583 2945 638 in
2997 582 3160 637 nobis
3218 582 3392 636 situm
3448 588 3550 649 est,
3611 600 3782 654 mque
3817 588 3873 636 et

2167 673 2477 745 tranquillo
2498 673 2691 727 animo
2724 677 2907 730 rural:
2942 671 3095 742 quod
3126 671 3279 724 hunc
3309 671 3628 725 necessario
3679 672 3870 726 facere

2167 767 2525 832 compertum
2553 765 2653 815 est.
2680 763 2758 814 Α.
2788 762 2922 814 Vide
2947 760 3068 829 jam
3091 775 3242 813 nunc
3290 762 3485 812 utrum
3511 759 3582 812 ab
3623 775 3690 814 eo
3728 765 3876 814 tem-

2168 849 2484 919 perantiam
2530 849 2775 902 alienare
2803 847 3106 918 possimus,
3139 862 3269 901 cum
3300 863 3367 900 ea
3394 847 3466 900 sit
3510 847 3688 902 virtus
3739 865 3872 918 qua:

2169 938 2434 992 libidines
2480 936 2724 992 cohibet.
2780 935 2925 1000 Quid
2955 939 3147 988 autem
3195 939 3313 988 tam
3369 935 3670 989 inimicum
3703 936 3879 989 bona:

2169 1026 2449 1080 voluntati
2469 1031 2553 1080 est
2582 1041 2757 1096 quam
2785 1024 2964 1078 libido
2984 1026 3012 1078 ?
3044 1025 3121 1078 Ex
3151 1040 3264 1094 quo
3316 1025 3572 1095 profecto
3597 1024 3880 1094 intelligis

2169 1115 2342 1169 istum
2368 1116 2534 1170 bonae
2560 1114 2867 1168 voluntatis
2897 1129 3014 1167 suae
3068 1113 3676 1169 amatorem-resistere
3710 1113 3878 1168 omni

2171 1203 2361 1270 modo,
2391 1209 2558 1274 atque
2585 1202 2868 1258 adversari
2902 1202 3256 1270 libidinibus,
3303 1207 3360 1256 et
3387 1201 3514 1256 ideo
3558 1202 3691 1272 jure
3726 1207 3872 1256 tem-

2172 1298 2468 1363 perantem
2497 1291 2702 1345 vocari.
2735 1294 2796 1345 E.
2829 1293 3004 1360 Perge
3031 1306 3044 1354 ;
3091 1289 3389 1344 assentior.
3425 1292 3490 1345 4.
3522 1289 3753 1344 Iustitia
3785 1306 3878 1344 rc-

2172 1386 2302 1447 stat,
2326 1397 2454 1451 quas
2470 1380 2755 1451 quomodo
2785 1379 3071 1434 desithuic
3099 1378 3341 1444 homini,
3370 1394 3488 1432 non
3515 1394 3652 1432 sane
3677 1378 3876 1432 video.

2173 1469 2281 1533 Qui
2310 1469 2465 1523 enim
2505 1468 2676 1522 habet
2713 1473 2768 1522 et
2796 1467 2982 1538 diligit
3012 1467 3360 1522 voluntatem
3390 1467 3626 1535 bonam,
3659 1471 3717 1521 et
3769 1467 3880 1521 ob-

2173 1557 2321 1611 sistit
2350 1557 2450 1624 eis,
2482 1561 2547 1612 ut
2576 1557 2792 1612 dictum
2821 1561 2925 1622 est,
2957 1572 3088 1627 qua:
3109 1556 3241 1610 huic
3270 1555 3502 1610 inimica
3539 1559 3690 1621 sunt,
3727 1557 3883 1610 male

2174 1645 2441 1717 cuiquam
2462 1647 2602 1700 velle
2622 1661 2738 1699 non
2768 1649 2971 1715 potest.
3009 1644 3278 1715 Sequitur
3311 1660 3447 1715 ergo
3475 1648 3538 1698 ut
3556 1643 3880 1698 neminifa-

2175 1733 2286 1787 ciat
2312 1732 2621 1804 iujuriam;
2668 1732 2822 1803 quod
2877 1732 3034 1785 nullo
3065 1737 3227 1802 pacto
3257 1735 3466 1802 potest,
3498 1731 3607 1786 nisi
3639 1732 3741 1802 qui
3772 1749 3884 1786 sua

2176 1820 2380 1892 cuique
2411 1820 2712 1874 tribuerit:
2759 1819 2866 1873 hoc
2893 1824 3083 1873 autem
3133 1819 3203 1873 ad
3251 1820 3534 1889 justitiam
3584 1820 3888 1890 pertinere

2176 1925 2306 1964 cum
2331 1910 2598 1974 dicerem,
2631 1909 2974 1979 approbasse
3011 1912 3086 1972 te,
3133 1913 3198 1962 ut
3242 1913 3406 1978 puto,
3440 1907 3774 1962 meministi.
3813 1911 3884 1962 E.

2177 1999 2291 2068 Ego
2321 2013 2453 2052 vero
2483 1997 2716 2051 memini
2748 2001 2802 2050 et
2829 1996 3008 2050 fateor
3051 1995 3115 2049 in
3159 1996 3265 2050 hoc
3296 1995 3547 2062 homine,
3584 1996 3686 2067 qui
3708 2013 3888 2050 suam

2175 2087 2386 2141 bonam
2443 2087 2792 2140 voluntatem
2849 2085 3043 2154 magni
3082 2085 3280 2154 pendit
3336 2089 3391 2138 et
3430 2084 3639 2155 diligit,
3680 2101 3890 2139 omnes

2177 2179 2424 2246 quatuor
2477 2175 2714 2229 virtutes
2743 2190 2872 2245 quae
2903 2173 2999 2227 abs
3030 2179 3085 2227 te
3115 2173 3286 2243 paulo
3333 2176 3486 2240 ante,
3536 2189 3629 2227 me
3685 2189 3886 2228 assen-

2179 2264 2372 2330 tiente,
2406 2264 2699 2335 descriptae
2723 2267 2876 2330 sunt,
2919 2278 3038 2317 esse
3068 2267 3410 2332 compertas.

2249 2355 2336 2406 28.
2379 2355 2456 2406 Α.
2503 2351 2650 2416 Quid
2690 2351 2869 2421 igitur
2923 2351 3164 2420 impedit
3201 2366 3301 2404 cur
3329 2350 3499 2420 hujus
3548 2349 3724 2405 vitam
3756 2368 3880 2415 non

2181 2440 2556 2494 concedamus
2585 2455 2707 2493 esse
2738 2439 3083 2493 laudabilem
3104 2440 3133 2492 ?
3157 2441 3228 2494 E.
3270 2439 3423 2492 Nihil
3453 2455 3718 2508 prorsus;
3758 2440 3884 2495 imo

2180 2528 2483 2582 hortantur
2531 2527 2618 2580 vel
2645 2526 2820 2580 etiam
2847 2532 3060 2596 cogunt
3089 2525 3298 2580 omnia.
3335 2529 3409 2580 Α.
3461 2526 3654 2590 Quid?
3699 2527 3886 2582 vitam

2183 2615 2448 2670 miseram
2480 2619 2713 2685 potesne
2741 2615 2857 2668 ullo
2889 2614 3060 2668 modo
3091 2630 3206 2668 non
3222 2615 3480 2684 judicare
3499 2615 3893 2685 fugiendam?

2182 2707 2247 2759 E.
2279 2704 2344 2758 Et
2369 2717 2714 2773 magnopere
2735 2701 2967 2770 quidem
2990 2701 3207 2771 judico,
3234 2701 3493 2773 nihilque
3518 2704 3674 2757 aliud
3704 2720 3892 2775 agen-

2181 2791 2319 2845 dum
2348 2789 2626 2842 existimo.
2661 2790 2734 2842 Α.
2765 2791 2836 2842 At
2866 2788 3210 2842 laudabilem
3239 2805 3356 2841 non
3381 2789 3721 2858 fugiendam
3753 2807 3889 2861 pro-

2184 2879 2328 2933 fecto
2354 2882 2545 2954 putas,
2569 2880 2634 2932 E.
2676 2877 2824 2942 Quin
2854 2877 3024 2930 etiam
3050 2876 3433 2946 appetendam
3466 2877 3666 2931 sedulo
3697 2877 3896 2932 existi-

2184 2985 2298 3023 mo.
2352 2971 2422 3022 Α.
2458 2969 2580 3022 Non
2611 2983 2748 3038 ergo
2793 2967 3002 3020 misera
3031 2971 3117 3020 est
3145 2983 3273 3037 quae
3302 2966 3605 3020 laudabilis
3636 2967 3753 3022 vita
3779 2972 3893 3022 est.

2183 3060 2248 3112 E.
2276 3057 2391 3110 Hoc
2411 3056 2611 3126 utique
2639 3055 2913 3124 sequitur.
2929 3056 3004 3107 Α.
3026 3053 3175 3108 Nihil
3192 3054 3333 3124 jam,
3357 3059 3634 3124 quantum
3651 3055 3890 3125 opinor,

2187 3145 2418 3199 difficile
2471 3143 2577 3198 tibi
2633 3147 2694 3197 ut
2720 3142 3044 3198 assentiaris
3073 3142 3446 3213 relinquitur,
3505 3159 3631 3198 eam
3662 3143 3895 3200 scilicet

2187 3249 2316 3304 quae
2365 3232 2573 3286 misera
2617 3247 2735 3286 non
2765 3236 2869 3298 est,
2900 3232 3124 3286 beatam
3179 3247 3297 3286 esse
3324 3232 3520 3286 vitam.
3555 3235 3617 3288 Ε.
3653 3233 3896 3288 Manife-

2189 3320 2502 3373 stissimum
2535 3322 2634 3373 est.
2655 3320 2723 3375 A.
2749 3320 2938 3374 Placet
2968 3319 3146 3390 igitur
3173 3320 3404 3374 beatum
3436 3336 3556 3376 esse
3585 3321 3895 3377 hominem

2188 3407 2518 3462 dilectorem
2573 3407 2738 3461 bona;
2775 3407 3085 3461 voluntatis
3115 3424 3254 3474 suae,
3287 3412 3343 3461 et
3389 3425 3508 3478 pra:
3548 3408 3645 3463 illa
3694 3415 3896 3466 conte-

2185 3499 2478 3550 mnentem
2491 3495 2890 3567 quodcumque
2902 3496 3057 3550 aliud
3072 3497 3289 3551 bonum
3303 3496 3898 3569 dicitur,cujusamis-

2187 3584 2271 3638 sio
2301 3588 2486 3654 potest
2510 3583 2760 3638 accidere
2777 3584 2951 3638 etiam
2972 3600 3101 3638 cum
3128 3587 3392 3640 voluntas
3413 3586 3648 3640 tenendi
3666 3593 3892 3643 manet.

2185 3676 2249 3728 E.
2283 3673 2493 3738 Quidni
2523 3673 2759 3744 placeat,
2789 3689 2902 3743 quo
2943 3673 3240 3744 superiora
3293 3690 3424 3745 qua:
3473 3675 3894 3742 concessimus,

2185 3762 2501 3816 necessario
2549 3762 2833 3816 trahunt?
2886 3764 2960 3818 A.
3037 3764 3185 3817 Bene
3241 3763 3559 3834 intelligis:
3618 3764 3715 3818 sed
3774 3764 3897 3835 dic,

2186 3867 2399 3922 quasso,
2437 3867 2626 3904 nonne
2655 3850 2861 3905 bonam
2912 3851 3271 3905 voluntatem
3318 3867 3480 3906 suam
3530 3851 3797 3923 diligere,
3833 3860 3902 3909 et

2184 3942 2302 3993 tam
2322 3938 2518 4010 magni
2544 3938 2826 3993 aestimare
2846 3955 3018 4010 quam
3043 3940 3257 3995 dictum
3271 3946 3374 4008 est,
3395 3941 3567 3995 etiam
3589 3941 3714 4011 ipsa
3731 3941 3900 3998 bona

2185 4029 2444 4081 voluntas
2473 4027 2603 4082 est?
2648 4031 2713 4082 E.
2751 4028 2960 4082 Verum
2980 4027 3139 4082 dicis.
3171 4030 3248 4083 Α.
3294 4030 3368 4082 At
3393 4027 3442 4082 si
3469 4028 3622 4083 hunc
3652 4030 3897 4086 beatum

2187 4120 2336 4170 recte
2360 4116 2705 4186 judicamus,
2740 4132 2932 4171 nonne
2965 4121 3112 4171 recte
3142 4115 3559 4188 miserum,qui
3581 4118 3897 4176 contraria:

2185 4204 2492 4258 voluntatis
2514 4207 2596 4257 est
2608 4205 2634 4255 ?
2672 4206 2735 4258 E.
2770 4203 3119 4259 Rectissime.
3141 4205 3218 4259 Α.
3242 4205 3389 4268 Quid
3421 4220 3557 4275 ergo
3585 4220 3772 4259 causa:
3803 4212 3898 4262 est

2184 4308 2284 4346 cur
2303 4293 2684 4347 dubitandum
2712 4298 2998 4363 putemus,
3031 4293 3252 4348 etiamsi
3283 4309 3581 4364 nunquam
3611 4299 3783 4349 antea
3803 4312 3896 4349 sa-

2183 4381 2400 4453 pientes
2455 4381 2684 4444 fuimus,
2765 4384 3058 4437 voluntate
3141 4386 3334 4436 tamen
3405 4382 3762 4438 laudabilem
3830 4390 3897 4440 et

2183 4471 2407 4524 beatam
2455 4470 2653 4537 vitam,
2694 4472 2985 4526 voluntate
3020 4475 3245 4540 turpem
3282 4485 3346 4523 ac
3381 4469 3648 4523 miseram
3673 4474 3895 4528 mereri

2186 4576 2248 4613 ac
2270 4559 2476 4630 degere
2508 4559 2584 4630 (a)
2604 4559 2631 4612 ?
2661 4563 2732 4615 E.
2773 4561 2973 4614 Fateor
2992 4559 3102 4614 huc
3125 4557 3290 4612 certis
3319 4561 3375 4611 et
3388 4556 3622 4612 minime
3655 4575 3894 4631 negan-

2187 4649 2272 4704 dis
2299 4650 2468 4704 rebus
2499 4666 2617 4704 esse
2647 4653 3007 4720 perventum.

2253 4741 2342 4793 29.
2375 4740 2458 4792 A.
2498 4738 2635 4792 Vide
2666 4738 2839 4792 etiam
2870 4736 3024 4790 aliud
3055 4751 3068 4790 :
3097 4750 3232 4788 nam
3289 4733 3460 4788 credo
3505 4737 3562 4789 te
3594 4741 3891 4797 memoria

2183 4829 2377 4881 tenere
2409 4842 2582 4898 quam
2612 4825 2921 4880 dixerimus
2951 4839 3069 4878 esse
3101 4823 3306 4877 bonam
3334 4823 3722 4881 voluntatem:
3758 4831 3892 4900 opi-

2186 4932 2293 4970 nor
2321 4916 2492 4982 enim,
2527 4932 2593 4968 ea
2621 4915 2768 4969 dicta
2789 4918 2875 4967 est
2903 4928 3017 4982 qua
3043 4917 3194 4965 recte
3221 4917 3392 4983 atque
3421 4913 3662 4970 honeste
3698 4917 3894 4974 vivere

2185 5003 2524 5073 appetimus.
2553 5005 2620 5057 E.
2642 4999 3088 5056 Itamemini.A.
3121 5001 3276 5054 Hanc
3298 5001 3477 5072 igitur
3507 5005 3888 5076 voluntatem,

2187 5091 2232 5144 si
2258 5092 2411 5145 bona
2439 5090 2640 5144 itidem
2679 5090 2975 5143 voluntate
3013 5089 3319 5160 diligamus
3355 5096 3525 5163 atque
3569 5095 3890 5164 amplecta-

2183 5196 2333 5246 mur,
2365 5180 2646 5248 rebusque
2679 5177 2945 5232 omnibus
2972 5195 3112 5249 quas
3138 5178 3384 5234 retinere
3417 5196 3532 5233 non
3553 5181 3690 5250 quia
3719 5184 3884 5237 volu-

2183 5284 2311 5322 mus
2337 5283 2656 5338 possumus,
2689 5270 3142 5337 anteponamus;
3179 5274 3594 5338 consequenter
3621 5269 3735 5324 illas
3769 5272 3885 5326 vir-

2182 5361 2351 5421 tutes,
2380 5364 2441 5410 ut
2469 5355 2613 5410 ratio
2636 5355 2843 5424 docuit,
2869 5358 3126 5411 animum
3149 5362 3411 5411 nostrum
3439 5358 3716 5428 incolent,
3738 5377 3885 5431 quas

2183 5445 2390 5500 habere
2426 5444 2675 5513 idipsum
2706 5450 2789 5499 est
2818 5451 2970 5500 recte
3002 5448 3352 5517 honesteque
3385 5446 3592 5502 vivere.
3656 5450 3730 5503 Ex
3763 5467 3882 5521 quo

2246 5545 2316 5605 (a)
2340 5543 2456 5592 Vid.
2489 5544 2712 5593 Retract.
2741 5542 2834 5593 lib.
2863 5546 2907 5603 l,
2937 5558 3050 5608 cap.
3082 5545 3129 5602 9,
3156 5557 3210 5592 n.
3242 5546 3287 5592 3.
