4074 6352
173 288 307 340 1237

169 407 472 462 conﬁcitur
499 411 564 461 ut
587 407 846 478 quisquis
878 412 1028 462 recte
1060 409 1414 478 honesteque
1443 407 1564 462 vult
1587 407 1794 476 vivere,
1831 408 1876 462 si

170 496 229 550 id
257 513 316 550 se
346 497 488 550 velle
517 512 633 566 prae
664 496 960 566 fugacibus
998 495 1165 549 bonis
1197 497 1346 562 velit,
1381 503 1716 568 assequatur
1745 502 1876 551 tan-

170 588 291 639 tam
315 601 439 638 rem
468 589 624 638 tanta
653 584 945 654 facilitate,
979 590 1039 638 ut
1061 586 1202 638 nihil
1231 585 1385 639 aliud
1413 586 1462 639 ei
1485 603 1658 656 quam
1688 587 1875 657 ipsum

171 673 321 727 velle
351 673 422 727 sit
453 674 661 728 habere
692 673 847 744 quod
879 673 1054 727 voluit
1078 674 1180 744 (a).
1213 678 1278 728 E.
1312 676 1448 728 Vere
1480 675 1583 728 tibi
1613 675 1761 743 dico,
1788 675 1874 729 vix

172 778 268 816 me
307 762 572 816 contineo
620 762 759 833 quin
806 763 1117 816 exclamem
1173 762 1390 829 laetitia,
1451 768 1685 833 repente
1733 763 1875 817 mihi

173 852 376 906 oborto
409 856 528 905 tam
567 867 798 921 magno,
831 856 888 904 et
925 855 1042 904 tam
1072 851 1131 904 in
1163 851 1315 905 facili
1351 853 1655 905 constituto
1685 852 1865 906 bono.

172 942 246 994 A.
279 939 453 1011 Atqui
490 940 596 994 hoc
625 940 816 1010 ipsum
847 939 1143 1010 gaudium,
1184 940 1336 1010 quod
1363 941 1535 1010 hujus
1571 939 1705 994 boni
1734 941 1871 994 ade-

172 1029 372 1099 ptione
402 1028 678 1099 gignitur,
720 1044 849 1082 cum
889 1029 1194 1099 tranquille
1225 1033 1281 1082 et
1310 1029 1500 1098 quiete
1538 1034 1705 1099 atque
1737 1045 1871 1082 con-

172 1123 392 1171 stanter
412 1117 579 1187 erigit
598 1117 876 1178 animum,
902 1117 1065 1171 beata
1084 1117 1198 1170 vita
1218 1117 1424 1170 dicitur
1447 1135 1459 1171 :
1493 1117 1603 1171 nisi
1622 1122 1682 1170 tu
1703 1124 1871 1187 putas

171 1204 330 1258 aliud
364 1221 483 1258 esse
523 1205 684 1258 beate
729 1205 934 1271 vivere,
986 1221 1160 1276 quam
1199 1205 1345 1260 veris
1383 1205 1551 1260 bonis
1589 1206 1870 1277 certisque

172 1294 442 1364 gaudere.
475 1297 540 1348 E.
575 1295 658 1348 Ita
687 1295 889 1348 sentio.

173 1381 397 1437 CAPUT
434 1383 568 1438 XIV.
619 1413 686 1435 .—
731 1385 843 1440 Cur
882 1398 1005 1449 ergo
1051 1385 1218 1452 pauci
1263 1383 1497 1438 evadant
1544 1383 1701 1452 beati,
1751 1399 1872 1440 cum

760 1487 935 1526 omnes
961 1486 1070 1526 esse
1092 1473 1276 1526 velint.

243 1561 329 1614 30.
363 1561 436 1616 Α.
481 1561 686 1615 Recte:
729 1562 828 1614 sed
867 1577 1137 1615 censesne
1180 1577 1530 1632 quemquam
1567 1560 1868 1616 hominum

167 1664 287 1703 non
317 1648 582 1703 omnibus
612 1649 796 1704 modis
817 1651 959 1704 velle
989 1655 1160 1721 atque
1189 1654 1386 1719 optare
1407 1649 1582 1703 vitam
1603 1650 1869 1704 beatam?

165 1740 233 1792 E.
258 1737 395 1802 Quis
426 1737 650 1792 dubitat
679 1753 909 1791 omnem
936 1737 1229 1791 hominem
1258 1736 1438 1790 velle?
1458 1738 1527 1791 Λ.
1563 1738 1675 1791 Cur
1692 1737 1868 1807 igitur

165 1842 296 1880 eam
327 1842 442 1881 non
473 1827 866 1896 adipiscuntur
891 1827 1131 1880 omnes?
1164 1827 1495 1879 Dixeramus
1517 1825 1669 1880 enim
1697 1831 1866 1898 atque

164 1921 512 1970 convenerat
534 1915 686 1969 inter
715 1932 841 1982 nos,
863 1917 1155 1970 voluntate
1175 1915 1329 1968 illam
1357 1914 1562 1968 mereri
1580 1914 1864 1984 homines,

163 2006 454 2059 voluntate
499 2005 670 2058 etiam
711 2004 998 2070 miseram,
1033 2009 1088 2058 et
1117 2003 1194 2057 sic
1225 2004 1432 2057 mereri
1461 2007 1523 2057 ut
1550 2004 1861 2075 accipiant:

164 2109 320 2147 nunc
348 2109 478 2147 vero
509 2093 700 2147 existit
738 2093 927 2147 nescio
961 2109 1088 2163 qum
1119 2092 1518 2163 repugnantia,
1551 2096 1606 2146 et
1640 2092 1748 2146 nisi
1778 2092 1867 2146 di-

164 2181 410 2252 ligenter
455 2181 840 2251 dispiciamus,
890 2181 1224 2251 perturbare
1273 2180 1473 2233 nititur
1513 2180 1865 2251 superiorem

161 2273 283 2323 tam
312 2269 634 2340 evigilatam
672 2270 1012 2340 ﬁrmamque
1047 2269 1346 2322 rationem.
1379 2269 1678 2333 Quomodo
1709 2269 1864 2323 enim

163 2359 456 2412 voluntate
475 2358 716 2429 quisque
742 2358 1011 2411 miseram
1033 2358 1205 2412 vitam
1225 2357 1458 2429 patitur,
1483 2373 1612 2410 cum
1629 2357 1863 2412 omnino

162 2463 334 2501 nemo
380 2447 517 2502 velit
566 2447 772 2501 misere
821 2447 1044 2500 vivere?
1087 2449 1197 2500 Aut
1247 2447 1530 2516 quomodo
1575 2447 1862 2500 voluntate

159 2535 388 2590 beatam
420 2535 593 2589 vitam
623 2535 988 2606 consequitur
1019 2535 1208 2599 homo,
1243 2551 1372 2588 cum
1402 2539 1518 2588 tam
1553 2536 1719 2588 multi
1748 2536 1862 2590 mi-

163 2623 277 2677 seri
308 2623 440 2686 sint,
471 2635 528 2678 et
555 2624 707 2678 beati
755 2640 953 2677 omnes
993 2640 1113 2677 esse
1145 2623 1358 2676 velint?
1404 2625 1488 2676 An
1535 2639 1600 2676 eo
1651 2626 1857 2691 evenit,

164 2712 321 2782 quod
352 2711 506 2766 aliud
533 2716 617 2766 est
640 2712 782 2766 velle
813 2713 957 2766 bene
993 2717 1091 2765 aut
1127 2713 1294 2772 male,
1328 2711 1480 2764 aliud
1525 2713 1731 2765 mereri
1759 2714 1860 2767 ali-

163 2800 304 2871 quid
329 2817 431 2871 per
458 2800 669 2855 bonam
698 2801 784 2854 vel
817 2802 1025 2854 malam
1055 2799 1447 2853 voluntatem?
1478 2801 1616 2853 Nam
1647 2801 1730 2854 illi
1762 2802 1862 2872 qui

159 2889 316 2943 beati
349 2894 502 2955 sunt,
541 2905 685 2960 quos
723 2888 896 2942 etiam
931 2889 1107 2942 bonos
1144 2905 1263 2941 esse
1304 2892 1546 2957 oportet,
1577 2905 1691 2942 non
1721 2905 1860 2959 pro-

158 2983 358 3048 pterea
383 2982 517 3031 sunt
555 2977 729 3046 beati,
758 2977 892 3047 quia
923 2977 1085 3031 beate
1126 2977 1312 3030 vivere
1352 2977 1690 3043 voluerunt;
1726 2992 1861 3030 nam

159 3069 272 3122 hoc
298 3067 498 3121 volunt
529 3066 700 3120 etiam
723 3066 896 3120 mali:
927 3067 1020 3120 sed
1051 3066 1185 3136 quia
1209 3070 1378 3132 recte,
1412 3065 1562 3134 quod
1594 3065 1728 3119 mali
1756 3082 1858 3119 no-

159 3157 310 3211 lunt.
343 3154 725 3221 Quamobrem
755 3153 900 3208 nihil
929 3154 1141 3208 mirum
1163 3160 1248 3208 est
1267 3154 1418 3224 quod
1452 3153 1645 3208 miseri
1674 3154 1859 3208 homi-

158 3261 262 3300 nes
294 3261 411 3299 non
439 3244 830 3314 adipiscuntur
868 3243 1022 3314 quod
1050 3245 1264 3310 volunt,
1297 3243 1354 3296 id
1381 3247 1482 3304 est,
1523 3243 1745 3297 beatam
1777 3244 1858 3297 vi-

158 3338 299 3389 tam.
342 3333 486 3387 Illud
532 3333 685 3386 enim
715 3331 806 3386 cui
839 3348 1025 3386 comes
1069 3336 1173 3397 est,
1208 3335 1264 3384 et
1302 3331 1422 3385 sine
1453 3347 1566 3401 quo
1597 3348 1662 3384 ea
1690 3348 1859 3386 nemo

158 3422 370 3494 dignus
401 3425 507 3488 est,
539 3437 824 3492 nemoque
857 3419 1198 3490 assequitur,
1229 3424 1376 3473 recte
1409 3419 1620 3473 scilicet
1647 3419 1856 3488 vivere,

159 3527 282 3566 non
309 3511 506 3566 itidem
537 3511 752 3564 volunt.
788 3511 902 3564 Hoc
922 3509 1075 3563 enim
1097 3512 1310 3562 aeterna
1336 3509 1424 3562 lex
1453 3509 1571 3576 illa,
1600 3509 1669 3563 ad
1699 3510 1859 3579 cujus

157 3599 676 3654 considerationem
715 3599 898 3652 redire
927 3597 1050 3668 jam
1080 3602 1304 3667 tempus
1335 3602 1438 3664 est,
1472 3597 1855 3652 incommuta-

156 3688 262 3743 bili
296 3687 600 3741 stabilitate
626 3687 894 3752 ﬁrmavit,
932 3690 994 3739 ut
1031 3685 1091 3738 in
1131 3685 1418 3739 voluntate
1450 3686 1718 3739 meritum
1750 3687 1856 3753 sit;

157 3777 220 3830 in
249 3776 518 3831 beatitate
550 3780 740 3829 autem
769 3779 824 3829 et
853 3775 1082 3828 miseria
1111 3774 1416 3844 praemium
1446 3778 1617 3844 atque
1646 3775 1860 3846 suppli-

155 3864 312 3919 cium
345 3864 442 3934 (b).
475 3865 669 3934 Itaque
696 3879 825 3918 cum
857 3863 1097 3917 dicimus
1127 3863 1415 3917 voluntate
1445 3863 1705 3917 homines
1736 3881 1856 3918 esse

156 3954 420 4021 miseros,
453 3970 566 4008 non
598 3954 726 4007 ideo
774 3953 1037 4019 dicimus,
1086 3952 1239 4024 quod
1282 3951 1476 4006 miseri
1507 3969 1626 4007 esse
1659 3953 1856 4022 velint,

156 4044 256 4098 sed
283 4043 436 4114 quod
464 4043 525 4096 in
558 4060 624 4096 ea
652 4044 942 4097 voluntate
975 4047 1128 4111 sunt,
1159 4057 1333 4112 quam
1364 4041 1531 4095 etiam
1565 4041 1646 4094 eis
1667 4041 1858 4096 invitis

156 4132 390 4185 miseria
439 4135 711 4201 sequatur
761 4148 986 4186 necesse
1034 4135 1137 4186 est.
1187 4131 1369 4194 Quare
1415 4147 1530 4184 non
1575 4135 1858 4202 repugnat

157 4219 442 4291 superiori
476 4219 702 4286 rationi,
747 4221 900 4291 quod
942 4220 1147 4275 volunt
1176 4235 1371 4274 omnes
1403 4219 1553 4274 beati
1583 4236 1720 4287 esse,
1755 4236 1858 4274 nec

155 4313 430 4379 possunt;
476 4325 591 4362 non
627 4310 778 4362 enim
828 4309 1027 4362 volunt
1073 4324 1272 4362 omnes
1319 4312 1467 4361 recte
1517 4307 1723 4374 vivere,
1765 4307 1857 4362 cui

156 4397 264 4452 uni
291 4397 571 4451 voluntati
600 4397 712 4450 vita
743 4398 908 4451 beata
939 4397 1210 4451 debetur:
1247 4395 1357 4450 nisi
1385 4396 1522 4468 quid
1551 4397 1725 4451 habes
1756 4397 1854 4451 ad-

156 4502 350 4539 versus
380 4486 502 4540 haac
531 4486 737 4540 dicere.
772 4489 836 4541 E.
873 4488 985 4556 Ego
1017 4502 1147 4539 vero
1179 4486 1342 4540 nihil.

159 4575 386 4629 CAPUT
414 4576 520 4629 XV.
550 4605 616 4614 —
655 4577 767 4629 Lex
795 4580 1016 4643 aeterna,
1051 4576 1136 4628 lea:
1181 4575 1489 4644 temporalis
1530 4577 1589 4629 in
1631 4589 1763 4644 quos
1806 4579 1856 4627 et

748 4667 1012 4730 quantum
1037 4663 1271 4715 valeant.

230 4753 318 4804 31.
349 4748 458 4804 Sed
484 4749 779 4804 videamus
794 4751 914 4821 jam
937 4749 1226 4820 quomodo
1256 4750 1378 4804 haec
1404 4749 1475 4803 ad
1504 4749 1855 4820 propositam

154 4837 318 4892 illam
365 4836 746 4908 quaestionem
786 4838 856 4892 de
887 4837 1108 4892 duabus
1148 4837 1368 4906 legibus
1412 4838 1749 4891 referantur.
1782 4838 1854 4891 A.

157 4926 315 4980 Fiat:
351 4925 449 4980 sed
480 4926 570 4980 dic
599 4926 742 4980 mihi
773 4927 954 4997 prius,
986 4931 1181 4980 utrum
1209 4926 1308 4996 qui
1338 4930 1488 4980 recte
1517 4927 1704 4979 vivere
1734 4927 1855 4980 dili-

154 5015 258 5085 git,
294 5030 474 5084 eoque
501 5014 580 5068 ita
608 5015 942 5083 delectatur,
976 5021 1039 5070 ut
1067 5032 1183 5070 non
1215 5016 1400 5070 solum
1431 5015 1485 5069 ei
1514 5019 1732 5069 rectum
1762 5016 1852 5082 sit,

155 5103 254 5157 sed
284 5103 454 5157 etiam
491 5103 654 5157 dulce
685 5109 855 5174 atque
879 5105 1223 5174 jucundum,
1267 5109 1420 5158 amet
1457 5105 1604 5158 hanc
1648 5106 1854 5174 legem,

151 5192 472 5262 habeatque
497 5190 912 5259 charissimam,
932 5207 1046 5262 qua
1061 5192 1213 5246 videt
1233 5192 1508 5247 tributam
1540 5208 1660 5246 esse
1692 5192 1856 5246 bona:

153 5280 435 5335 voluntati
482 5281 708 5334 beatam
754 5279 948 5346 vitam,
998 5280 1164 5334 malae
1209 5281 1523 5336 miseram?
1568 5285 1639 5337 E.
1691 5284 1856 5336 Amat

153 5369 392 5424 omnino
422 5385 485 5422 ac
513 5369 917 5422 vehementer:
952 5383 1086 5421 nam
1116 5367 1284 5422 istam
1304 5369 1488 5441 ipsam
1510 5385 1756 5440 sequens
1777 5369 1857 5422 ita

217 5492 292 5552 (a)
323 5490 441 5539 Vid.
472 5491 697 5541 Retract.
728 5490 818 5540 lib.
849 5493 894 5551 1,
921 5503 1036 5553 cap.
1063 5491 1111 5550 9,
1141 5503 1194 5540 n.
1226 5492 1272 5538 3.

219 5553 288 5614 (b)
325 5553 440 5601 Vid.
479 5553 606 5602 ibid.

1652 285 1865 341 LIBER
1906 284 2186 340 PRIMUS.

3540 293 3678 346 1238

1986 409 2141 464 vivit.
2167 411 2237 464 A.
2273 410 2461 474 Quid?
2478 425 2606 464 cum
2627 410 2774 465 hanc
2794 415 2967 478 amat,
2991 411 3268 466 mutabile
3289 413 3507 485 aliquid
3529 419 3682 470 amat

1985 513 2048 551 ac
2078 499 2417 568 temporale,
2474 515 2545 552 an
2578 499 2780 554 stabile
2810 517 2874 554 ac
2904 501 3316 571 sempiternum
3336 504 3364 556 ?
3392 506 3456 558 E.
3499 506 3680 558 diter-

1985 602 2124 640 num
2159 602 2292 640 sane
2323 589 2490 657 atque
2531 587 3019 656 incommutabile,
3052 593 3126 644 A.
3172 590 3318 654 Quid
3354 590 3433 644 illi
3473 592 3572 662 qui
3619 592 3680 645 in

1984 675 2134 727 mala
2169 675 2458 727 voluntate
2485 683 2931 745 perseverantes,
2963 678 3341 734 nihilominus
3370 679 3519 733 beati
3559 695 3679 734 esse

1983 762 2270 832 cupiunt?
2302 767 2613 832 possuntne
2641 781 2832 818 amare
2872 767 3038 820 istam
3073 769 3280 838 legem,
3309 769 3444 838 quia
3474 768 3680 822 talibus

1981 851 2313 905 hominibus
2335 852 2566 905 miseria
2586 853 2790 906 merito
2815 855 3185 925 rependitur?
3211 859 3272 910 E.
3298 856 3463 910 Nullo
3481 856 3678 925 modo,

1981 939 2244 993 arbitror.
2271 942 2346 994 A.
2370 939 2597 994 Nihilne
2617 947 2812 994 amant
2833 943 2986 996 aliud
3005 945 3033 997 ?
3058 947 3122 1000 Ε.
3158 946 3278 998 lino
3308 945 3585 1015 plurima;
3612 960 3680 999 ea

1981 1027 2190 1082 scilicet
2219 1028 2278 1082 in
2310 1028 2517 1100 quibus
2544 1029 2918 1099 adipiscendis
2950 1032 3037 1084 vel
3067 1032 3380 1087 retinendis
3405 1034 3553 1087 mala
3584 1049 3674 1086 vo-

1979 1117 2167 1170 luntas
2196 1117 2291 1170 illa
2321 1117 2592 1188 persistit.
2621 1120 2696 1172 Α.
2731 1118 2947 1188 Opinor
2976 1123 3030 1172 te
3075 1120 3260 1173 dicere
3300 1120 3540 1188 divitias,
3569 1120 3674 1174 ho-

1980 1222 2164 1271 nores,
2195 1206 2535 1278 voluptates.
2570 1209 2624 1259 et
2655 1206 3141 1276 pulchritudinem
3189 1209 3466 1277 corporis,
3503 1213 3672 1262 caete-

1980 1308 2156 1362 raque
2178 1293 2370 1347 omnia
2400 1309 2526 1364 quae
2559 1298 2800 1364 possunt
2829 1299 2884 1348 et
2917 1295 3169 1349 volentes
3198 1312 3316 1350 non
3338 1296 3596 1366 adipisci,
3620 1300 3678 1352 et

1980 1381 2238 1434 amittere
2260 1380 2441 1436 inviti.
2465 1385 2530 1436 E.
2560 1383 2669 1436 Ista
2701 1381 2823 1451 ipsa
2855 1387 3007 1436 sunt.
3039 1387 3115 1437 A.
3151 1384 3296 1437 Num
3320 1384 3442 1438 haec
3465 1390 3678 1439 aeterna

1980 1486 2107 1523 ecce
2131 1486 2347 1537 censes,
2371 1487 2501 1524 cum
2526 1470 2800 1540 temporis
2819 1471 3165 1525 volubilitati
3187 1471 3376 1526 videas
3392 1473 3635 1526 obnoxia
3650 1475 3678 1527 ?

1978 1561 2042 1612 E.
2075 1558 2212 1622 Quis
2241 1558 2348 1611 hoc
2378 1559 2464 1611 vel
2491 1559 2953 1614 dementissimus
2984 1561 3271 1615 senserit?
3302 1564 3371 1616 A.
3405 1564 3546 1617 Cum
3578 1562 3678 1632 igi-

1975 1649 2072 1701 tur
2101 1646 2467 1701 manifestum
2489 1647 2560 1702 sit
2581 1647 2722 1701 alios
2737 1665 2856 1702 esse
2884 1650 3144 1704 homines
3173 1656 3457 1705 amatores
3477 1667 3675 1705 rerum

1977 1739 2342 1802 aeternarum,
2395 1735 2531 1788 alios
2574 1737 3003 1806 temporalium,
3050 1755 3295 1809 cumque
3354 1740 3492 1793 duas
3522 1741 3677 1809 leges

1979 1838 2098 1877 esse
2135 1823 2482 1889 convenerit,
2518 1840 2692 1877 unam
2721 1830 3016 1893 aeternam,
3059 1827 3230 1880 aliam
3262 1828 3633 1898 temporalem
3660 1848 3675 1894 ;

1975 1910 2022 1964 si
2053 1911 2192 1982 quid
2221 1911 2504 1982 aequitatis
2534 1911 2704 1981 sapis,
2753 1930 2896 1983 quos
2928 1913 3166 1968 istorum
3194 1915 3414 1984 judicas
3446 1919 3674 1968 aeterna:

1974 2000 2108 2070 legi,
2163 2017 2304 2070 quos
2358 2000 2665 2070 temporali
2717 2017 2840 2055 esse
2899 2003 3270 2057 subdendos?
3307 2007 3370 2058 E.
3413 2005 3554 2058 Puto
3613 2003 3673 2057 in

1974 2092 2243 2158 promptu
2277 2104 2396 2142 esse
2417 2089 2570 2158 quod
2603 2089 2811 2158 quaeris
2836 2106 2848 2143 :
2878 2106 3010 2143 nam
3040 2091 3234 2144 beatos
3262 2091 3390 2145 illos
3421 2092 3493 2146 ob
3522 2107 3672 2146 amo—

1973 2192 2097 2229 rem
2128 2176 2385 2246 ipsorum
2426 2181 2771 2230 aeternorum
2803 2178 2907 2232 sub
2956 2183 3167 2232 aeterna
3206 2181 3330 2249 lege
3365 2195 3530 2250 agere
3562 2180 3674 2234 exi-

1973 2265 2178 2330 stimo;
2221 2264 2443 2318 miseris
2490 2281 2624 2319 vero
2658 2266 2988 2336 temporalis
3028 2267 3361 2338 imponitur.
3392 2272 3467 2321 Α.
3502 2270 3673 2323 Recte

1970 2353 2212 2424 judicas,
2263 2353 2571 2407 dummodo
2617 2353 2763 2409 illud
2808 2355 3211 2410 inconcussum
3261 2361 3475 2424 teneas,
3517 2357 3672 2427 quod

1974 2441 2328 2513 apertissime
2342 2442 2462 2511 jam
2492 2442 2637 2496 ratio
2669 2442 3100 2512 demonstravit,
3120 2461 3213 2498 eos
3242 2445 3340 2514 qui
3368 2445 3673 2515 temporali

1972 2530 2088 2602 legi
2122 2530 2394 2596 serviunt,
2428 2547 2546 2584 non
2577 2547 2694 2584 esse
2725 2549 2893 2602 posse
2920 2533 2989 2586 ab
3012 2538 3225 2586 aeterna
3254 2533 3491 2597 liberos;
3520 2533 3672 2586 unde

1972 2619 2166 2673 omnia
2211 2635 2340 2690 quae
2383 2619 2536 2689 justa
2588 2625 2740 2685 sunt,
2769 2621 3038 2692 justeque
3075 2621 3388 2690 variantur,
3433 2620 3672 2692 exprimi

1972 2708 2249 2762 diximus:
2284 2724 2380 2761 eos
2411 2723 2545 2761 vero
2577 2709 2674 2779 qui
2709 2709 2821 2778 legi
2851 2714 3078 2762 aeternae
3109 2727 3210 2780 per
3237 2711 3448 2764 bonam
3471 2711 3670 2764 volun-

1970 2801 2146 2850 tatem
2167 2795 2411 2864 hserent,
2443 2796 2777 2866 temporalis
2807 2797 2948 2864 legis
2970 2814 3087 2850 non
3119 2797 3395 2867 indigere,
3428 2798 3582 2861 satis,
3607 2799 3671 2851 ut

1971 2887 2224 2954 apparet,
2250 2883 2538 2954 intelligis.
2578 2887 2642 2938 E.
2671 2886 2858 2938 Teneo
2891 2885 3046 2955 quod
3075 2885 3237 2939 dicis.

2042 2974 2126 3026 32.
2159 2974 2235 3026 .4.
2267 2972 2435 3026 lubet
2464 2972 2642 3042 igitur
2681 2979 2893 3026 aeterna
2950 2975 3036 3026 lex
3065 2977 3318 3026 avertere
3346 2987 3604 3026 amorem
3635 2989 3668 3026 a

1970 3061 2400 3132 temporalibus,
2419 3064 2617 3114 etcum
2631 3062 2968 3116 mundatum
2981 3066 3308 3116 convertere
3338 3061 3407 3115 ad
3431 3066 3663 3116 aeterna.

1969 3153 2034 3205 E.
2056 3151 2224 3204 Jubet
2251 3166 2403 3204 vero.
2437 3152 2512 3204 Α.
2539 3150 2684 3213 Quid
2715 3150 2921 3205 deinde
2953 3166 3147 3204 censes
3179 3151 3552 3220 temporalem
3578 3149 3668 3219 ju-

1970 3239 2124 3304 bere,
2157 3238 2267 3292 nisi
2292 3242 2355 3292 ut
2383 3238 2505 3292 haec
2536 3255 2665 3308 qua:
2697 3239 2768 3293 ad
2803 3243 3031 3309 tempus
3053 3243 3245 3292 nostra
3265 3239 3373 3292 dici
3405 3243 3663 3309 possunt,

1969 3328 2197 3399 quando
2230 3327 2309 3380 eis
2339 3326 2596 3381 homines
2618 3327 2928 3397 cupiditate
2960 3328 3262 3390 inhaerent,
3297 3343 3362 3380 eo
3385 3327 3515 3396 jure
3541 3343 3668 3395 pos-

1969 3417 2210 3482 sideant,
2245 3433 2359 3488 quo
2390 3433 2495 3486 pax
2529 3421 2583 3470 et
2615 3416 2850 3470 societas
2871 3417 3124 3470 humana
3157 3419 3429 3482 servetur,
3453 3420 3667 3486 quanta

1974 3505 2034 3559 in
2063 3506 2150 3559 his
2181 3506 2349 3559 rebus
2381 3505 2590 3559 servari
2621 3505 2854 3576 potest?
2905 3506 2979 3558 Ea
3010 3509 3140 3559 sunt
3180 3509 3368 3558 autem
3395 3521 3406 3558 :
3456 3505 3662 3575 primo,

1969 3595 2078 3648 hoc
2109 3610 2334 3664 corpus,
2387 3599 2444 3647 et
2491 3594 2612 3663 ejus
2643 3609 2772 3663 quas
2808 3597 3081 3646 vocantur
3109 3594 3282 3661 bona,
3328 3597 3392 3646 ut
3443 3593 3667 3662 integra

1967 3682 2250 3748 valetudo,
2283 3696 2524 3734 acumen
2573 3698 2864 3747 sensuum,
2910 3682 3079 3748 vires,
3110 3681 3498 3750 pulchritudo,
3532 3686 3588 3734 et
3617 3681 3664 3734 si

1968 3786 2081 3840 qua
2101 3773 2235 3822 sunt
2263 3773 2488 3832 caetera,
2534 3767 2743 3838 partim
2791 3769 3110 3822 necessaria
3140 3767 3304 3822 bonis
3337 3769 3574 3834 artibus,
3607 3773 3665 3823 et

1964 3855 2096 3909 ideo
2118 3855 2299 3926 pluris
2324 3856 2637 3924 pensanda,
2670 3855 2882 3926 partim
2905 3856 3124 3909 viliora.
3159 3855 3371 3910 Deinde
3403 3855 3657 3923 libertas,

1968 3961 2096 4014 qua:
2128 3945 2361 4015 quidem
2392 3945 2551 3997 nulla
2597 3961 2729 3998 vera
2758 3949 2862 4011 est,
2920 3944 3031 3998 nisi
3060 3945 3378 4009 beatorum,
3441 3949 3498 3998 et
3547 3944 3660 4014 legi

1967 4035 2196 4085 (eterna:
2224 4031 2640 4085 adhaerentium
2664 4048 2676 4085 :
2710 4032 2808 4085 sed
2835 4047 2959 4086 eam
2987 4047 3140 4085 nunc
3159 4030 3482 4085 libertatem
3512 4047 3661 4085 com-

1966 4135 2244 4182 memoro,
2273 4137 2386 4190 qua
2416 4136 2472 4173 se
2496 4121 2706 4174 liberos
2737 4126 2945 4191 putant
2974 4123 3071 4192 qui
3104 4119 3365 4174 dominos
3395 4118 3660 4174 homines

1967 4226 2082 4263 non
2112 4210 2342 4276 habent,
2375 4214 2432 4263 et
2463 4225 2637 4280 quam
2667 4210 2991 4264 desiderant
3019 4209 3060 4262 ii
3085 4209 3184 4280 qui
3217 4224 3248 4262 a
3281 4207 3528 4262 dominis
3552 4208 3657 4262 ho-

1965 4297 2219 4352 minibus
2249 4297 2576 4351 manumitti
2605 4298 2823 4352 volunt.
2875 4297 3086 4351 Deinde
3118 4302 3404 4367 parentes,
3435 4297 3657 4363 fratres,

1965 4387 2193 4457 conjux,
2220 4387 2406 4453 liberi,
2438 4387 2772 4458 propinqui,
2803 4386 3018 4448 affines,
3051 4386 3385 4451 familiares,
3419 4389 3476 4439 et
3524 4384 3657 4455 qui-

1965 4490 2211 4545 cumque
2235 4475 2399 4528 nobis
2425 4474 2617 4545 aliqua
2634 4474 3052 4528 necessitudine
3083 4473 3337 4544 adjuncti
3359 4476 3508 4538 sunt.
3535 4474 3663 4542 Ipsa

1967 4562 2215 4633 denique
2247 4562 2467 4632 civitas,
2499 4579 2628 4634 quae
2671 4562 2924 4633 parentis
2956 4563 3078 4616 loco
3118 4561 3317 4615 haberi
3347 4562 3526 4628 solet;
3555 4561 3662 4615 ho-

1965 4668 2134 4706 nores
2161 4651 2330 4706 etiam
2353 4656 2408 4705 et
2438 4651 2653 4718 laudes,
2686 4655 2740 4705 et
2769 4667 2835 4704 ea
2865 4667 2993 4720 qua:
3031 4650 3237 4704 dicitur
3272 4649 3454 4720 gloria
3481 4666 3661 4721 popu-

1966 4740 2118 4794 laris.
2151 4740 2235 4794 Ad
2267 4744 2586 4794 extremum
2630 4739 2894 4810 pecunia,
2931 4755 3044 4810 quo
3074 4755 3194 4792 uno
3223 4739 3455 4793 nomine
3485 4738 3660 4792 conti-

1964 4835 2174 4883 nentur
2203 4828 2395 4883 omnia
2417 4844 2664 4899 quorum
2687 4828 2817 4898 jure
2849 4827 3065 4881 domini
3086 4843 3304 4895 sumus,
3329 4833 3384 4880 et
3411 4827 3657 4897 quorum

1966 4917 2393 4973 vendendorum
2424 4920 2521 4970 aut
2550 4917 2948 4970 domandorum
2975 4916 3182 4970 habere
3213 4920 3556 4986 potestatem
3583 4914 3658 4967 vi-

1965 5006 2188 5060 demur.
2223 5006 2437 5059 Horum
2469 5003 2729 5058 omnium
2775 5005 3261 5075 quemadmodum
3315 5005 3400 5058 lex
3430 5003 3526 5056 illa
3558 5019 3659 5055 sua

1964 5095 2171 5166 cuique
2203 5093 2529 5158 distribuat,
2558 5092 2789 5146 difficile
2817 5097 2874 5146 et
2900 5094 3133 5163 longum
3165 5098 3246 5146 est
3275 5091 3574 5161 explicare,
3604 5093 3660 5143 et

1963 5185 2134 5256 plane
2153 5182 2222 5236 ad
2257 5181 2308 5236 id
2339 5181 2489 5253 quod
2513 5181 2917 5252 proposuimus
2944 5199 3060 5236 non
3078 5180 3480 5235 necessarium.
3513 5177 3658 5232 Satis

1965 5277 2051 5328 est
2080 5272 2234 5326 enim
2264 5270 2458 5325 videre
2488 5287 2605 5325 non
2629 5273 2777 5324 ultra
2798 5271 3016 5342 porrigi
3043 5271 3208 5339 hujus
3236 5268 3379 5337 legis
3410 5271 3658 5338 potesta-

1964 5367 2082 5416 tem
2109 5363 2170 5416 in
2218 5361 2577 5423 vindicando.
2613 5378 2787 5434 quam
2834 5366 2898 5416 ut
2925 5362 3047 5415 haec
3092 5361 3176 5413 vel
3206 5357 3420 5428 aliquid
3450 5358 3660 5411 horum

1967 5451 2182 5506 adimat
2207 5456 2378 5523 atque
2421 5451 2642 5506 auferat
2694 5451 2745 5504 ei
2792 5466 2962 5522 quem
3014 5447 3197 5520 punit.
3245 5447 3388 5500 Metu
3441 5450 3660 5500 coercet

1969 5558 2126 5614 ergo,
2156 5547 2212 5596 et
2255 5543 2324 5597 ad
2356 5543 2413 5597 id
2445 5543 2596 5615 quod
2647 5543 2785 5607 vult,
2817 5543 3044 5610 torquet
3073 5555 3138 5592 ac
3165 5541 3460 5610 retorquet
3486 5537 3656 5592 mise-
