4074 6352
421 327 556 379 1239

412 459 610 500 rorum
645 445 888 512 animos,
940 444 1148 516 quibus
1204 444 1471 516 regendis
1528 446 1950 501 accommodata
1991 449 2094 500 est.

418 535 566 589 Dum
595 533 750 588 enim
780 535 901 589 haec
934 534 1193 588 amittere
1233 534 1456 603 timent,
1503 538 1703 590 tenent
1729 535 1788 588 in
1819 535 1907 589 his
1936 539 2105 589 uten-

419 621 506 676 dis
534 622 842 693 quemdam
871 621 1105 676 modum
1134 625 1331 692 aptum
1369 622 1592 678 vinculo
1631 623 1889 688 civitatis,
1923 623 2105 693 qualis

421 725 486 765 ex
514 710 910 781 hujuscemodi
944 709 1274 764 hominibus
1303 711 1570 766 constitui
1606 717 1811 782 potest.
1848 713 1973 766 Non
2003 729 2104 765 au-

420 804 537 854 tem
563 799 853 853 ulciscitur
892 802 1189 868 peccatum
1230 815 1360 854 cum
1397 804 1662 854 amantur
1693 800 1818 866 ista,
1853 800 1951 854 sed
1975 815 2107 854 cum

421 887 547 942 aliis
577 903 680 958 per
708 886 1130 956 improbitatem
1160 888 1513 943 auferuntur.
1557 889 1939 954 Quamobrem
1979 888 2106 942 vide

420 980 616 1030 utrum
633 975 756 1046 jam
783 979 1124 1045 perventum
1155 975 1229 1030 sit
1257 977 1329 1030 ad
1356 977 1414 1031 id
1443 978 1597 1048 quod
1627 976 1917 1032 inﬁnitum
1947 981 2108 1047 puta-

419 1063 540 1118 bas.
582 1063 1015 1117 Institueramus
1062 1064 1216 1118 enim
1248 1081 1526 1136 quaerere,
1571 1069 1852 1136 quatenus
1903 1065 2109 1120 habeat

413 1152 510 1222 jus
541 1150 847 1206 ulciscendi
895 1168 962 1206 ea
1008 1153 1096 1206 lex
1127 1169 1242 1224 qua
1267 1153 1468 1224 populi
1495 1153 1708 1208 terreni
1737 1153 2108 1225 civitatesque

419 1239 830 1310 gubernantur.
863 1241 930 1295 E.
959 1239 1134 1294 Video
1160 1245 1521 1310 perventum.

492 1329 578 1382 33.
607 1329 683 1380 Α.
715 1327 880 1380 Vides
904 1343 1040 1397 ergo
1072 1328 1245 1381 etiam
1275 1327 1439 1395 illud,
1475 1329 1630 1400 quod
1669 1345 1840 1400 poena
1879 1347 1995 1386 non
2025 1348 2110 1385 es-

418 1420 520 1480 set,
557 1414 672 1469 sive
698 1431 826 1486 quas
850 1431 953 1486 per
982 1415 1270 1486 injuriam,
1305 1417 1418 1471 sive
1449 1435 1578 1490 qua:
1606 1435 1710 1489 per
1733 1419 1904 1474 talem
1926 1419 2110 1474 vindi-

420 1508 569 1560 ctam
588 1503 832 1558 infertur
850 1504 1203 1574 hominibus,
1225 1505 1274 1559 si
1303 1522 1397 1559 eas
1428 1523 1518 1560 res
1547 1523 1674 1578 qua:
1692 1507 1869 1562 invito
1899 1509 2110 1563 auferri

418 1598 679 1665 possunt,
710 1607 828 1646 non
857 1595 1169 1647 amarent?
1193 1596 1258 1648 E.
1291 1593 1355 1648 Id
1386 1610 1612 1665 quoque
1632 1595 1817 1651 video.
1857 1598 1934 1650 Α.
1968 1597 2110 1651 Cum

419 1681 598 1754 igitur
623 1681 836 1735 eisdem
862 1682 1031 1736 rebus
1061 1683 1202 1735 alius
1231 1683 1401 1749 male,
1435 1682 1579 1736 alius
1618 1683 1762 1738 bene
1793 1689 2014 1752 utatur;
2055 1689 2112 1740 et

419 1769 468 1826 is
490 1769 716 1841 quidem
745 1769 845 1840 qui
873 1771 1042 1837 male,
1072 1786 1264 1824 amore
1292 1770 1381 1824 his
1405 1770 1683 1826 inhaereat
1714 1776 1882 1844 atque
1909 1773 2111 1845 ;impli-

422 1863 602 1925 cetur,
635 1857 846 1912 scilicet
874 1858 1133 1912 subditus
1163 1858 1244 1912 eis
1271 1859 1443 1912 rebus
1467 1875 1607 1929 quas
1628 1859 1680 1914 ei
1709 1861 1961 1916 subditas
1989 1879 2110 1916 esse

421 1947 739 2018 oportebat,
773 1951 830 2000 et
859 1962 926 2001 ea
949 1947 1099 2001 bona
1128 1945 1237 2001 sibi
1280 1947 1648 2016 constituens,
1699 1950 1906 2020 quibus
1954 1950 2108 2006 ordi-

422 2035 626 2091 nandis
670 2036 930 2106 beneque
985 2035 1293 2090 tractandis
1322 2035 1442 2106 ipse
1472 2051 1592 2090 esse
1634 2037 1829 2108 utique
1883 2039 2113 2094 deberet

420 2125 672 2179 bonum:
705 2123 800 2178 ille
829 2128 1019 2177 autem
1051 2123 1150 2193 qui
1180 2127 1326 2177 recte
1350 2123 1436 2178 his
1467 2124 1666 2192 utitur,
1699 2127 1960 2180 ostendat
1990 2128 2112 2199 qui-

421 2211 552 2268 dem
581 2213 734 2268 bona
756 2229 896 2278 esse,
935 2212 1030 2266 sed
1063 2227 1174 2265 non
1207 2211 1349 2278 sibi;
1381 2228 1499 2266 non
1527 2212 1682 2267 enim
1733 2230 1865 2269 eum
1892 2215 2112 2270 bonum

420 2301 787 2356 melioremve
814 2301 1046 2392 faciunt,
1091 2300 1188 2354 sed
1217 2300 1287 2354 ab
1318 2316 1384 2354 eo
1412 2301 1603 2371 potius
1646 2302 1823 2357 ﬁunt:
1883 2309 1938 2358 et
1982 2304 2110 2359 ideo

425 2406 539 2445 non
561 2389 642 2444 eis
667 2388 860 2444 amore
886 2388 1292 2459 agglutinetur,
1328 2404 1536 2459 neque,
1556 2389 1708 2444 velut
1737 2391 1996 2445 membra
2023 2392 2114 2446 sui

423 2478 602 2534 animi
627 2478 810 2543 faciat,
846 2477 997 2548 quod
1025 2477 1089 2530 tit
1117 2477 1379 2542 amando,
1417 2493 1485 2532 ne
1507 2494 1638 2532 cum
1663 2480 1906 2533 resecari
1935 2496 2114 2551 coepe-

423 2566 561 2632 rint,
595 2582 726 2620 cum
759 2565 1012 2618 cruciatu
1041 2581 1104 2618 ac
1136 2564 1260 2619 tabe
1306 2565 1520 2619 foedent
1548 2583 1560 2632 ;
1595 2567 1694 2621 sed
1732 2569 1812 2621 eis
1836 2573 1991 2622 totus
2018 2585 2110 2622 su-

429 2654 762 2726 perferatur,
795 2657 850 2706 et
874 2654 1084 2708 habere
1116 2654 1213 2707 illa
1242 2658 1410 2724 atque
1432 2671 1651 2725 regere,
1679 2673 1808 2710 cum
1839 2673 1984 2728 opus
2007 2663 2108 2726 est,

423 2745 676 2812 paratus,
701 2747 758 2796 et
777 2741 1038 2795 amittere
1060 2758 1123 2795 ac
1146 2758 1259 2795 non
1281 2742 1489 2795 habere
1517 2743 1769 2813 paratior
1791 2761 1804 2798 :
1823 2761 1952 2799 cum
1975 2762 2111 2818 ergo

421 2829 546 2885 haec
568 2829 649 2884 ita
667 2829 800 2896 sint,
833 2846 972 2883 num
993 2835 1092 2884 aut
1115 2835 1416 2900 argentum
1439 2835 1494 2884 et
1514 2848 1718 2886 aurum
1739 2839 1970 2905 propter
1989 2851 2115 2889 ava-

421 2933 516 2974 ros
545 2919 925 2974 accusandum
950 2923 1136 2989 putas,
1168 2924 1266 2972 aut
1297 2918 1451 2973 cibos
1481 2926 1716 2990 propter
1739 2939 1984 2990 voraces,
2017 2928 2116 2978 aut

421 3006 619 3062 vinum
656 3012 892 3078 propter
941 3007 1217 3076 ebriosos,
1264 3012 1362 3061 aut
1407 3009 1714 3063 muliebres
1743 3011 1954 3066 formas
1981 3029 2112 3083 pro-

420 3099 547 3167 pter
577 3100 910 3150 scortatores
939 3101 994 3150 et
1026 3095 1329 3162 adulteros,
1349 3101 1518 3168 atque
1551 3097 1659 3151 hoc
1683 3099 1855 3153 modo
1887 3104 2107 3166 caetera,

423 3200 553 3238 cum
582 3185 899 3256 praesertim
928 3171 1132 3238 videas‘
1163 3188 1217 3238 et
1245 3185 1378 3255 igne
1408 3185 1553 3239 bene
1595 3186 1674 3240 uti
1701 3188 2005 3256 medicum,
2058 3194 2114 3245 et

423 3285 572 3341 pane
623 3273 891 3326 scelerate
932 3272 1291 3327 veneﬁcum?
1332 3276 1397 3328 E.
1432 3273 1801 3329 Verissimum
1840 3283 1941 3343 est,
1995 3294 2114 3333 non

424 3373 515 3412 res
539 3359 712 3429 ipsas,
743 3359 841 3414 sed
867 3360 1129 3414 homines
1150 3361 1250 3432 qui
1278 3361 1358 3415 eis
1393 3361 1539 3417 male
1574 3367 1811 3418 utuntur
1839 3381 1959 3420 esse
1993 3368 2112 3421 cul-

426 3447 664 3518 pandos.

409 3555 448 3562 "
531 3533 959 3624 ’ἾΪΑᾟΙῙῩ
975 3582 1043 3594 -—
1059 3554 1318 3623 Epilogus
1341 3557 1587 3610 tractata
1606 3559 1932 3626 quaestionis.

496 3659 583 3712 34.
614 3658 685 3713 Α.
720 3659 928 3714 Recte:
967 3661 1065 3714 sed
1117 3661 1388 3732 quoniam
1421 3667 1478 3716 et
1509 3663 1647 3734 quid
1674 3665 1858 3719 valeat
1899 3669 2114 3720 aeterna

423 3748 528 3812 lex,
567 3753 632 3803 ut
668 3749 893 3820 opinor,
924 3750 1116 3805 videre
1151 3753 1272 3822 jam
1303 3753 1598 3823 coepimus,
1633 3759 1685 3809 et
1714 3761 1996 3826 quantum
2025 3758 2114 3812 lex

422 3838 756 3908 temporalis
797 3838 857 3893 in
887 3839 1231 3894 vindicando
1275 3843 1544 3912 progredi
1585 3843 1783 3913 possit,
1817 3845 2114 3900 inventum

423 3930 507 3979 est
528 3946 543 3990 ;
571 3930 626 3980 et
649 3943 842 3982 rerum
863 3928 975 3982 duo
997 3945 1226 3999 genera,
1247 3935 1591 3984 aaternarum
1610 3936 1665 3986 et
1684 3935 2110 4004 temporalium,

425 4031 654 4086 quoque
701 4032 898 4070 rursus
928 4017 1248 4087 hominum,
1295 4017 1537 4073 aliorum
1565 4025 1823 4082 internas,
1866 4023 2113 4078 aliorum

421 4104 761 4171 temporales
773 4106 1136 4174 sequentium
1149 4111 1204 4159 et
1232 4106 1614 4177 diligentium,
1644 4109 1776 4162 satis
1805 4117 2113 4182 aperteque

423 4189 687 4244 distincta
720 4197 887 4245 sunt:
923 4193 1061 4262 quid
1092 4197 1283 4246 autem
1303 4193 1544 4264 quisque
1564 4198 1896 4251 sectandum
1919 4204 1978 4253 et
1996 4215 2114 4253 am-

423 4277 785 4346 plectendum
815 4279 1008 4349 eligat,
1048 4280 1107 4334 in
1136 4282 1429 4337 voluntate
1470 4299 1588 4336 esse
1617 4284 1866 4354 positum
1899 4289 2111 4342 consti-

423 4364 493 4417 tit
525 4365 630 4434 (a);
679 4366 950 4436 nullaque
989 4383 1052 4421 re
1091 4368 1160 4422 de
1187 4385 1312 4422 arce
1343 4370 1699 4440 dominandi,
1735 4379 2000 4446 rectoque
2027 4392 2116 4430 or-

426 4450 559 4505 dine
573 4458 825 4506 mentem
845 4455 1072 4526 deponi,
1087 4455 1196 4509 nisi
1208 4458 1495 4513 voluntate
1515 4476 1529 4513 :
1553 4464 1611 4514 et
1621 4464 1706 4515 est
1723 4462 2110 4532 manifestum,

489 4556 560 4617 (a)
588 4557 704 4606 Vid.
725 4559 950 4609 Retract.
975 4560 1064 4610 lib.
1086 4564 1132 4621 t,
1161 4576 1272 4626 cap.
1305 4565 1352 4620 9,
1381 4577 1434 4612 n.
1466 4566 1511 4613 3.

1502 323 1596 378 DE
1635 321 1894 379 LIBERO
1931 321 2292 391 ARBITRIO,
2333 321 2388 377 S.
2433 317 2819 377 AUGUSTINI

3782 313 3922 366 1240

2204 461 2322 500 non
2339 459 2461 499 rem
2479 444 2675 510 ullam,
2693 457 2823 496 cum
2847 456 2914 496 ea
2934 440 3176 512 quisque
3197 438 3345 494 male
3370 437 3568 508 utitur,
3593 437 3692 493 sed
3715 437 3919 508 ipsum

2216 534 2362 588 male
2384 536 2641 588 utentem
2671 547 2789 584 esse
2815 529 3172 601 arguendum
3197 545 3208 583 :
3235 529 3551 583 referamus
3572 543 3697 596 nos,
3726 527 3774 580 si
3804 526 3924 596 pla-

2214 626 2319 688 cet,
2351 620 2422 676 ad
2452 619 2826 692 quaestionem
2846 618 2904 672 in
2933 617 3165 672 exordio
3187 617 3358 688 hujus
3388 614 3669 670 sermonis
3701 630 3920 685 propo-

2216 709 2402 776 sitam,
2431 714 2487 762 et
2531 707 2820 761 videamus
2873 710 3064 764 utrum
3106 705 3290 758 soluta
3341 703 3446 768 sit;
3488 719 3621 756 nam
3654 717 3924 773 quaerere

2215 797 2646 852 institueramus
2692 795 2831 866 quid
2875 795 2946 849 sit
2985 794 3134 847 male
3181 793 3386 857 facere,
3429 795 3484 846 et
3531 795 3768 862 propter
3808 791 3923 844 hoc

2217 885 2410 940 omnia
2453 901 2582 956 qua:
2613 883 2761 938 dicta
2799 887 2951 948 sunt,
2987 881 3252 936 diximus.
3295 879 3568 946 Quocirca
3606 880 3738 934 licet
3765 895 3926 933 nunc

2216 974 2668 1028 animadvertere
2699 975 2754 1026 et
2802 971 3181 1038 considerare,
3230 973 3429 1024 utrum
3459 968 3531 1023 sit
3575 968 3730 1023 aliud
3768 969 3924 1021 male

2215 1064 2421 1126 facere,
2470 1076 2644 1132 quam
2691 1059 2963 1130 neglectis
3019 1058 3188 1113 rebus
3244 1057 3496 1126 aeternis,
3551 1056 3760 1128 quibus
3818 1071 3927 1126 per

2217 1151 2463 1222 seipsam
2491 1165 2653 1204 mens
2678 1148 2906 1215 fruitur,
2930 1151 2986 1202 et
3005 1163 3110 1218 per
3130 1147 3374 1217 seipsam
3397 1145 3660 1216 percipit,
3689 1149 3748 1199 et
3776 1161 3926 1216 quas

2219 1255 2416 1294 amans
2455 1238 2713 1292 amittere
2755 1253 2874 1291 non
2917 1239 3124 1306 potest,
3170 1234 3510 1305 temporalia
3549 1239 3605 1288 et
3646 1250 3778 1305 qua:
3821 1249 3928 1304 pcr

2218 1343 2423 1398 corpus
2442 1325 2690 1380 hominis
2712 1331 2931 1396 partem
2954 1323 3288 1377 vilissimam
3309 1322 3657 1390 sentiuntur,
3686 1326 3744 1377 et
3772 1337 3928 1375 nun-

2217 1431 2392 1488 quam
2443 1431 2563 1469 esse
2606 1417 2758 1468 certa
2802 1417 3058 1484 possunt,
3104 1411 3266 1484 quasi
3309 1427 3521 1481 magna
3556 1414 3613 1465 et
3651 1410 3926 1465 miranda

2219 1503 2439 1560 sectari.
2471 1504 2615 1558 Nam
2642 1503 2752 1557 hoc
2779 1517 2896 1556 uno
2927 1516 3134 1573 genere
3163 1500 3354 1556 omnia
3391 1499 3710 1566 malefacta,
3743 1499 3802 1554 id
3837 1503 3928 1554 cst

2217 1596 2464 1664 peccata,
2493 1591 2640 1646 mihi
2677 1590 2944 1645 videntur
2983 1589 3218 1645 includi.
3249 1588 3372 1644 Tibi
3405 1593 3598 1643 autem
3645 1587 3786 1660 quid
3837 1587 3924 1642 vi-

2217 1685 2438 1750 deatur,
2471 1687 2731 1753 exspecto
2763 1698 3122 1752 cognoscere.

2291 1777 2376 1828 35.
2407 1775 2472 1827 Ε.
2506 1773 2599 1826 Est
2623 1771 2700 1825 ita
2731 1775 2794 1824 ut
2819 1771 2978 1839 dicis,
3022 1775 3077 1826 et
3115 1770 3414 1840 assentior,
3455 1771 3650 1825 omnia
3688 1775 3930 1842 peccata

2218 1861 2327 1915 hoc
2349 1875 2462 1913 uno
2483 1873 2690 1930 genere
2718 1857 3014 1924 contineri,
3049 1873 3178 1912 cum
3201 1858 3442 1929 quisque
3471 1858 3742 1913 avertitur
3773 1875 3806 1913 a
3834 1858 3926 1913 di-

2219 1949 2364 2004 vinis
2393 1963 2638 2019 vereque
2682 1946 3067 2014 manentibus,
3101 1951 3156 2001 et
3185 1948 3254 2002 ad
3284 1947 3581 2002 mutabilia
3624 1951 3796 2019 atque
3828 1948 3926 2001 in-

2219 2042 2371 2092 certa
2397 2035 2766 2090 convertitur.
2797 2035 2934 2100 Quae
2963 2051 3304 2106 quanquam
3326 2034 3385 2088 in
3415 2035 3614 2089 ordine
3643 2052 3745 2090 suo
3766 2041 3928 2090 recte

2220 2127 2399 2180 locata
2423 2125 2557 2190 sint,
2602 2129 2659 2178 et
2697 2139 2859 2178 suam
2899 2124 3207 2195 quamdam
3254 2124 3742 2195 pulchritudinem
3789 2141 3926 2196 per-

2221 2218 2416 2286 agant;
2448 2212 2700 2285 perversi
2721 2217 2913 2267 tamen
2942 2213 3118 2266 animi
3147 2216 3232 2267 est
3262 2217 3318 2267 et
3344 2212 3680 2282 inordinati,
3709 2213 3791 2268 eis
3833 2230 3928 2268 se-

2220 2302 2460 2375 quendis
2483 2301 2707 2373 subjici,
2744 2302 2952 2373 quibus
2983 2301 3051 2355 ad
3083 2306 3288 2355 nutum
3315 2317 3483 2356 suum
3509 2301 3784 2356 ducendis
3813 2317 3929 2372 po-

2219 2392 2332 2445 tius
2363 2391 2552 2446 divino
2580 2391 2780 2446 ordine
2811 2407 2874 2444 ac
2896 2391 3025 2460 jure
3053 2391 3322 2460 praelatus
3345 2394 3446 2443 est.
3481 2390 3546 2444 Et
3572 2389 3718 2444 illud
3747 2390 3928 2444 simul

2220 2479 2365 2534 mihi
2389 2479 2581 2534 videre
2603 2479 2725 2549 jam
2754 2479 2948 2532 videor
2977 2478 3304 2532 absolutum
3334 2482 3504 2549 atque
3534 2483 3925 2549 compertum,

2221 2568 2375 2640 quod
2418 2573 2548 2638 post
2585 2567 2744 2620 illam
2785 2566 3181 2638 quaestionem,
3219 2567 3360 2638 quid
3398 2566 3472 2621 sit
3516 2567 3665 2621 male
3707 2567 3925 2636 facere,

2222 2657 2487 2726 deinceps
2512 2671 2768 2726 quaerere
2788 2655 3237 2722 institueramus,
3259 2655 3413 2708 unde
3443 2655 3589 2708 male
3618 2655 3926 2710 faciamus.

2223 2745 2340 2801 Nisi
2369 2745 2522 2799 enim
2553 2744 2737 2812 fallor,
2771 2749 2834 2798 ut
2872 2745 3015 2798 ratio
3049 2748 3284 2798 tractata
3309 2745 3670 2808 monstravit,
3698 2745 3759 2799 id
3792 2746 3931 2800 faci-

2223 2847 2348 2885 mus
2387 2849 2453 2886 ex
2493 2832 2672 2886 libero
2723 2833 3033 2886 voluntatis
3063 2833 3324 2887 arbitrio.
3356 2833 3465 2887 Sed
3494 2849 3689 2904 quaero
3724 2839 3930 2888 utrum

2221 2920 2410 2992 ipsum
2441 2920 2686 2974 liberum
2734 2921 3060 2989 arbitrium,
3119 2938 3231 2992 quo
3288 2921 3560 2991 peccandi
3589 2921 3930 2978 facultatem

2220 3009 2430 3064 habere
2460 3008 2871 3072 convincimur,
2903 3009 3222 3079 oportuerit
3250 3009 3410 3063 nobis
3443 3009 3563 3063 dari
3595 3009 3666 3064 ab
3710 3025 3777 3064 eo
3815 3012 3928 3082 qui

2221 3113 2323 3152 nos
2346 3097 2494 3151 fecit.
2525 3097 2794 3150 Videmur
2823 3097 2978 3151 enim
3014 3113 3131 3150 non
3163 3097 3334 3151 fuisse
3375 3095 3679 3166 peccaturi,
3715 3097 3763 3150 si
3809 3097 3927 3152 isto

2221 3201 2541 3241 careremus
2565 3189 2648 3251 ;et
2662 3187 3036 3240 metuendum
3059 3191 3140 3239 est
3163 3201 3232 3239 ne
3254 3186 3360 3239 hoc
3382 3185 3547 3239 modo
3573 3187 3717 3239 Deus
3739 3185 3926 3240 etiam

2224 3273 2652 3327 malefactorum
2678 3277 3005 3328 nostrorum
3037 3280 3228 3329 auctor
3250 3274 3622 3328 existimetur.
3651 3276 3723 3328 A.
3750 3275 3928 3328 Nullo

2220 3361 2390 3414 modo
2420 3361 2563 3414 istuc
2618 3361 2916 3416 timueris:
2949 3363 3046 3416 sed
3077 3368 3141 3417 ut
3191 3363 3521 3433 diligentius
3563 3365 3925 3434 requiratur,

2221 3449 2377 3503 aliud
2407 3454 2634 3519 tempus
2665 3451 3006 3504 sumendum
3033 3457 3134 3506 est.
3171 3453 3313 3506 Nam
3357 3453 3479 3506 hzec
3509 3451 3923 3508 sermocinatio

2220 3539 2457 3593 modum
2488 3539 2914 3611 terminumque
2939 3541 3061 3611 jam
3090 3541 3408 3608 desiderat;
3448 3558 3562 3612 qua
3591 3541 3761 3595 velim
3791 3557 3923 3596 cre-

2221 3627 2321 3682 das
2360 3643 2699 3697 magnarum
2747 3628 3185 3700 abditarumque
3215 3645 3407 3683 rerum
3434 3629 3924 3702 inquirendarum

2221 3715 2383 3787 quasi
2409 3717 2558 3770 fores
2589 3733 2706 3770 esse
2737 3717 3007 3788 pulsatas.
3053 3718 3116 3772 In
3146 3733 3390 3789 quarum
3436 3717 3751 3788 penetralia
3781 3735 3925 3772 cum

2221 3805 2336 3859 Deo
2365 3805 2504 3858 duce
2533 3805 2724 3859 venire
2753 3805 3114 3876 caeperimus,
3138 3805 3420 3876 judicabis
3453 3807 3704 3877 profecto
3736 3823 3929 3878 quan-

2219 3899 2342 3947 tum
2373 3891 2522 3947 inter
2550 3894 2695 3948 hanc
2720 3894 3186 3964 disputationem,
3220 3900 3276 3948 et
3303 3911 3397 3949 eas
3426 3911 3554 3966 qua:
3596 3900 3931 3967 sequuntur

2219 3980 2464 4047 intersit,
2498 3987 2894 4054 quantumque
2938 3982 3049 4038 illae
3089 3987 3359 4055 praestent
3384 3985 3424 4050 ί,
3473 4000 3588 4038 non
3627 3984 3796 4038 modo
3838 3985 3932 4040 in-

2220 4069 2612 4140 vestigationis
2643 4071 2967 4142 sagacitate,
2998 4072 3094 4126 sed
3141 4071 3313 4126 etiam
3355 4071 3650 4142 majestate
3692 4088 3926 4142 rerum,

2220 4161 2276 4212 et
2301 4159 2615 4213 clarissima
2660 4161 2785 4214 luce
2831 4160 3120 4215 veritatis:
3169 4162 3346 4232 pietas
3375 4165 3601 4215 tantum
3649 4161 3820 4228 adsit,
3852 4168 3926 4217 ut

2221 4262 2324 4300 nos
2356 4247 2546 4302 divina
2573 4248 2929 4317 providentia
2955 4265 3185 4304 cursum
3215 4265 3388 4320 quem
3429 4249 3806 4316 instituimus,
3831 4254 3923 4303 te-

2220 4351 2355 4389 nere
2387 4341 2442 4390 et
2468 4336 2741 4406 perficere
2772 4337 3080 4409 permittat.
3114 4341 3180 4393 E.
3205 4338 3351 4393 Cedo
3382 4338 3660 4399 voluntati
3686 4343 3824 4406 tuae,
3858 4344 3922 4395 et

2220 4423 2273 4477 ei
2302 4439 2488 4478 meam
2512 4424 2731 4494 judicio
2759 4431 2816 4480 et
2839 4431 2964 4481 voto
2995 4425 3368 4480 libentissime
3396 4425 3667 4496 adjungo.

2283 4513 2389 4577 '_In
2416 4513 2488 4571 B.,
2523 4512 2634 4577 illo,
2643 4517 2904 4576 praestent.
2922 4515 3006 4563 Er.
3032 4514 3195 4577 Lugd,
3214 4515 3344 4563 Ven.
3375 4513 3496 4561 Lov.
3529 4513 3816 4564 lectionem
3839 4531 3922 4566 se-

2220 4574 2326 4622 cuti
2352 4588 2555 4623 sumus.
2587 4576 2638 4624 M

421 4669 3922 4704 Μ

1408 4758 1923 4886 LIBER
2015 4763 2919 4894 SECUNDUS.

422 4933 480 4982 In
510 4935 1176 5018 qu'QLEifficultateﬁx‘e‘oi
1200 4942 1342 5018 quod
1370 4942 1602 5018 libertas.
1633 4953 2032 5018 qua-peccatur,
2063 4965 2093 5000 a
2124 4952 2231 5001 Deo
2260 4953 2382 5003 data
2411 4956 2478 5004 sit
2497 4948 2816 5018 emergente,
2853 4955 2950 5004 tria
2973 4953 3086 5002 haec
3114 4952 3481 5018 disquiruntur
3511 4971 3523 5007 :
3557 4957 3670 5016 Qua
3702 4959 3914 5012 ratione

571 4997 740 5047 Deum
766 5012 878 5050 esse
902 4997 1238 5052 manifestum
1267 5006 1359 5066 sit;
1391 5020 1459 5055 en
1485 5008 1550 5057 ab
1578 4997 1692 5071 ipso
1721 4997 1828 5060 sint
1858 4997 2004 5061 bona
2021 4997 3470 5078 hiéchinai'é';‘ﬁUuE’i‘B'BEﬁi;EeEé'ehJé'é‘ii’iiBEE-‘E
3486 4997 3754 5070 «milia;

1984 5137 2359 5152 ἣ

420 5252 646 5309 CAPUT
671 5254 966 5311 PRIMUM.
995 5283 1062 5296 -ο
1093 5256 1356 5328 Libertas,
1385 5274 1495 5327 qua
1517 5265 1792 5330 peccatur,
1823 5278 1920 5318 cur
1947 5279 1983 5318 α
2005 5267 2108 5321 Deo

1178 5346 1337 5401 data.

493 5469 540 5519 1.
573 5469 638 5520 Ε.
670 5468 817 5536 Jam,
848 5469 894 5523 si
919 5469 1044 5525 ﬁeri
1074 5475 1276 5543 potest,
1311 5473 1529 5543 explica
1550 5475 1692 5529 mihi
1731 5491 1907 5546 quare
1934 5478 2106 5532 dede-

418 5552 494 5608 rit
524 5555 671 5610 Deus
698 5557 920 5613 homini
949 5559 1194 5616 liberum
1233 5562 1537 5617 voluntatis
1567 5563 1867 5620 arbitrium
1893 5581 1906 5618 :
1949 5566 2106 5636 quod

2215 5211 2412 5284 utique
2443 5212 2490 5267 si
2515 5228 2629 5268 non
2658 5213 2982 5286 accepisset,
3013 5231 3247 5286 peccare
3277 5233 3396 5271 non
3428 5220 3637 5288 posset.
3670 5221 3748 5274 Α.
3780 5221 3910 5278 Jam

2213 5299 2368 5354 enim
2399 5305 2614 5356 certum
2654 5301 2758 5356 tibi
2788 5307 2960 5375 atque
2999 5305 3295 5378 cognitum
3335 5311 3438 5372 est,
3471 5308 3652 5361 Deum
3683 5308 3911 5366 dedisse

2212 5389 2434 5444 homini
2464 5390 2590 5459 hoc,
2622 5393 2774 5463 quod
2806 5393 2929 5448 dari
2958 5395 3210 5449 decuisse
3240 5410 3354 5450 non
3386 5399 3551 5466 putas
3571 5395 3598 5449 ‘i
3624 5399 3689 5451 E.
3715 5399 3908 5463 Quan-

2213 5483 2335 5533 tum
2362 5478 2422 5532 in
2452 5481 2718 5548 superior
2739 5482 2893 5548 libro
2941 5483 3259 5555 intelligere
3293 5484 3436 5539 mihi
3472 5485 3623 5538 visus
3646 5502 3798 5553 sum,
3852 5495 3911 5544 et

2213 5566 2487 5624 habemus
2517 5568 2760 5626 liberum
2790 5572 3096 5630 voluntatis
3125 5573 3446 5641 arbitrium,
3477 5578 3532 5628 et
3558 5589 3673 5628 non
3695 5575 3806 5629 nisi
3839 5594 3907 5632 eo
