  <div class='ocr_page' id='page_1' title='image "/cluster/home/n/w/nwhite01/storage/ocr_20150623/32/umn.31951002477326y/632.png"; bbox 0 0 4074 6386; ppageno 0'>
   <div class='ocr_carea' id='block_1_1' title="bbox 169 331 296 384">
    <p class='ocr_par' dir='ltr' id='par_1_1' title="bbox 169 331 296 384">
     <span class='ocr_line' id='line_1_1' title="bbox 169 331 296 384; baseline -0.008 0"><span class='ocrx_word' id='word_1_1' title='bbox 169 331 296 384; x_wconf 77' lang='grc'><strong>1241</strong></span> 
     </span>
    </p>
   </div>
   <div class='ocr_carea' id='block_1_2' title="bbox 159 450 1862 526">
    <p class='ocr_par' dir='ltr' id='par_1_2' title="bbox 159 450 1862 526">
     <span class='ocr_line' id='line_1_2' title="bbox 159 450 1862 526; baseline -0.001 -17"><span class='ocrx_word' id='word_1_2' title='bbox 159 469 477 526; x_wconf 84' lang='lat' dir='ltr'><strong>peccamus.</strong></span> <span class='ocrx_word' id='word_1_3' title='bbox 510 455 582 508; x_wconf 86' lang='lat' dir='ltr'><strong>A.</strong></span> <span class='ocrx_word' id='word_1_4' title='bbox 614 453 730 524; x_wconf 88' lang='lat' dir='ltr'><strong>Ego</strong></span> <span class='ocrx_word' id='word_1_5' title='bbox 759 467 986 524; x_wconf 88' lang='lat' dir='ltr'><strong>quoque</strong></span> <span class='ocrx_word' id='word_1_6' title='bbox 1033 450 1273 507; x_wconf 91' lang='lat' dir='ltr'><strong>memini</strong></span> <span class='ocrx_word' id='word_1_7' title='bbox 1319 451 1441 523; x_wconf 87' lang='lat' dir='ltr'><strong>jam</strong></span> <span class='ocrx_word' id='word_1_8' title='bbox 1488 451 1654 508; x_wconf 89' lang='lat' dir='ltr'><strong>nobis</strong></span> <span class='ocrx_word' id='word_1_9' title='bbox 1684 452 1743 507; x_wconf 89' lang='lat' dir='ltr'>id</span> <span class='ocrx_word' id='word_1_10' title='bbox 1769 453 1862 509; x_wconf 86' lang='lat' dir='ltr'><strong>fa-</strong></span> 
     </span>
    </p>
   </div>
   <div class='ocr_carea' id='block_1_3' title="bbox 161 540 1862 613">
    <p class='ocr_par' dir='ltr' id='par_1_3' title="bbox 161 540 1862 613">
     <span class='ocr_line' id='line_1_3' title="bbox 161 540 1862 613; baseline 0 -15"><span class='ocrx_word' id='word_1_11' title='bbox 161 548 313 598; x_wconf 91' lang='lat' dir='ltr'><strong>ctum</strong></span> <span class='ocrx_word' id='word_1_12' title='bbox 343 557 464 597; x_wconf 91' lang='lat' dir='ltr'><strong>esse</strong></span> <span class='ocrx_word' id='word_1_13' title='bbox 495 541 886 612; x_wconf 89' lang='lat' dir='ltr'><strong>perspicuum.</strong></span> <span class='ocrx_word' id='word_1_14' title='bbox 940 541 1050 596; x_wconf 90' lang='lat' dir='ltr'><strong>Sed</strong></span> <span class='ocrx_word' id='word_1_15' title='bbox 1077 556 1231 596; x_wconf 90' lang='lat' dir='ltr'><strong>nunc</strong></span> <span class='ocrx_word' id='word_1_16' title='bbox 1285 540 1638 613; x_wconf 84' lang='lat' dir='ltr'><strong>interrogavi</strong></span> <span class='ocrx_word' id='word_1_17' title='bbox 1667 547 1862 598; x_wconf 90' lang='lat' dir='ltr'><strong>utrum</strong></span> 
     </span>
    </p>
   </div>
   <div class='ocr_carea' id='block_1_4' title="bbox 160 630 1863 704">
    <p class='ocr_par' dir='ltr' id='par_1_4' title="bbox 160 630 1863 704">
     <span class='ocr_line' id='line_1_4' title="bbox 160 630 1863 704; baseline 0.001 -17"><span class='ocrx_word' id='word_1_18' title='bbox 160 633 266 687; x_wconf 91' lang='lat' dir='ltr'><strong>hoc</strong></span> <span class='ocrx_word' id='word_1_19' title='bbox 290 631 446 704; x_wconf 91' lang='lat' dir='ltr'><strong>quod</strong></span> <span class='ocrx_word' id='word_1_20' title='bbox 470 647 576 685; x_wconf 90' lang='lat' dir='ltr'><strong>nos</strong></span> <span class='ocrx_word' id='word_1_21' title='bbox 599 631 832 696; x_wconf 88' lang='lat' dir='ltr'><strong>habere,</strong></span> <span class='ocrx_word' id='word_1_22' title='bbox 861 634 918 684; x_wconf 89' lang='lat' dir='ltr'><strong>et</strong></span> <span class='ocrx_word' id='word_1_23' title='bbox 929 630 1082 702; x_wconf 88' lang='lat' dir='ltr'><strong>quod</strong></span> <span class='ocrx_word' id='word_1_24' title='bbox 1108 646 1213 684; x_wconf 88' lang='lat' dir='ltr'><strong>nos</strong></span> <span class='ocrx_word' id='word_1_25' title='bbox 1232 646 1465 701; x_wconf 87' lang='lat' dir='ltr'><strong>peccare</strong></span> <span class='ocrx_word' id='word_1_26' title='bbox 1493 632 1863 688; x_wconf 89' lang='lat' dir='ltr'><strong>manifestum</strong></span> 
     </span>
    </p>
   </div>
   <div class='ocr_carea' id='block_1_5' title="bbox 161 717 1858 791">
    <p class='ocr_par' dir='ltr' id='par_1_5' title="bbox 161 717 1858 791">
     <span class='ocr_line' id='line_1_5' title="bbox 161 717 1858 791; baseline 0 -16"><span class='ocrx_word' id='word_1_27' title='bbox 161 726 260 787; x_wconf 89' lang='lat' dir='ltr'><strong>est,</strong></span> <span class='ocrx_word' id='word_1_28' title='bbox 297 721 478 775; x_wconf 89' lang='lat' dir='ltr'><strong>Deum</strong></span> <span class='ocrx_word' id='word_1_29' title='bbox 506 718 672 772; x_wconf 92' lang='lat' dir='ltr'><strong>nobis</strong></span> <span class='ocrx_word' id='word_1_30' title='bbox 703 717 926 772; x_wconf 89' lang='lat' dir='ltr'><strong>dedisse</strong></span> <span class='ocrx_word' id='word_1_31' title='bbox 957 717 1116 772; x_wconf 85' lang='lat' dir='ltr'><strong>scias.</strong></span> <span class='ocrx_word' id='word_1_32' title='bbox 1140 720 1205 772; x_wconf 87' lang='grc' dir='ltr'><strong>Ε.</strong></span> <span class='ocrx_word' id='word_1_33' title='bbox 1232 717 1463 772; x_wconf 88' lang='lat' dir='ltr'><strong>Nullum</strong></span> <span class='ocrx_word' id='word_1_34' title='bbox 1494 717 1671 774; x_wconf 90' lang='lat' dir='ltr'><strong>alium</strong></span> <span class='ocrx_word' id='word_1_35' title='bbox 1701 724 1858 791; x_wconf 89' lang='lat' dir='ltr'><strong>puto.</strong></span> 
     </span>
    </p>
   </div>
   <div class='ocr_carea' id='block_1_6' title="bbox 161 804 1861 879">
    <p class='ocr_par' dir='ltr' id='par_1_6' title="bbox 161 804 1861 879">
     <span class='ocr_line' id='line_1_6' title="bbox 161 804 1861 879; baseline 0 -16"><span class='ocrx_word' id='word_1_36' title='bbox 161 809 244 864; x_wconf 84' lang='lat' dir='ltr'><strong>Ab</strong></span> <span class='ocrx_word' id='word_1_37' title='bbox 272 807 398 879; x_wconf 90' lang='lat' dir='ltr'><strong>ipso</strong></span> <span class='ocrx_word' id='word_1_38' title='bbox 430 807 579 861; x_wconf 90' lang='lat' dir='ltr'><strong>enim</strong></span> <span class='ocrx_word' id='word_1_39' title='bbox 632 821 868 874; x_wconf 89' lang='lat' dir='ltr'><strong>sumus;</strong></span> <span class='ocrx_word' id='word_1_40' title='bbox 903 811 960 860; x_wconf 91' lang='lat' dir='ltr'><strong>et</strong></span> <span class='ocrx_word' id='word_1_41' title='bbox 1012 804 1128 859; x_wconf 86' lang='lat' dir='ltr'><strong>sive</strong></span> <span class='ocrx_word' id='word_1_42' title='bbox 1184 811 1506 877; x_wconf 91' lang='lat' dir='ltr'><strong>peccantes,</strong></span> <span class='ocrx_word' id='word_1_43' title='bbox 1565 807 1681 862; x_wconf 86' lang='lat' dir='ltr'><strong>sive</strong></span> <span class='ocrx_word' id='word_1_44' title='bbox 1710 813 1861 863; x_wconf 91' lang='lat' dir='ltr'><strong>recte</strong></span> 
     </span>
    </p>
   </div>
   <div class='ocr_carea' id='block_1_7' title="bbox 162 894 1852 970">
    <p class='ocr_par' dir='ltr' id='par_1_7' title="bbox 162 894 1852 970">
     <span class='ocr_line' id='line_1_7' title="bbox 162 894 1852 970; baseline -0.001 -17"><span class='ocrx_word' id='word_1_45' title='bbox 162 902 414 970; x_wconf 82' lang='lat' dir='ltr'><strong>agentes,</strong></span> <span class='ocrx_word' id='word_1_46' title='bbox 468 895 537 949; x_wconf 90' lang='lat' dir='ltr'><strong>ab</strong></span> <span class='ocrx_word' id='word_1_47' title='bbox 594 894 693 948; x_wconf 91' lang='lat' dir='ltr'><strong>illo</strong></span> <span class='ocrx_word' id='word_1_48' title='bbox 750 910 980 966; x_wconf 76' lang='lat' dir='ltr'><strong>poenam</strong></span> <span class='ocrx_word' id='word_1_49' title='bbox 1028 910 1320 948; x_wconf 90' lang='lat' dir='ltr'><strong>meremur</strong></span> <span class='ocrx_word' id='word_1_50' title='bbox 1369 899 1466 949; x_wconf 90' lang='lat' dir='ltr'><strong>aut</strong></span> <span class='ocrx_word' id='word_1_51' title='bbox 1521 896 1852 966; x_wconf 80' lang='lat' dir='ltr'><strong>praemium.</strong></span> 
     </span>
    </p>
   </div>
   <div class='ocr_carea' id='block_1_8' title="bbox 159 982 1862 1056">
    <p class='ocr_par' dir='ltr' id='par_1_8' title="bbox 159 982 1862 1056">
     <span class='ocr_line' id='line_1_8' title="bbox 159 982 1862 1056; baseline -0.001 -15"><span class='ocrx_word' id='word_1_52' title='bbox 159 987 229 1042; x_wconf 83' lang='lat' dir='ltr'><strong>A.</strong></span> <span class='ocrx_word' id='word_1_53' title='bbox 258 988 375 1041; x_wconf 87' lang='lat' dir='ltr'><strong>Hoc</strong></span> <span class='ocrx_word' id='word_1_54' title='bbox 403 999 637 1056; x_wconf 90' lang='lat' dir='ltr'><strong>quoque</strong></span> <span class='ocrx_word' id='word_1_55' title='bbox 663 987 861 1037; x_wconf 89' lang='lat' dir='ltr'><strong>utrum</strong></span> <span class='ocrx_word' id='word_1_56' title='bbox 892 982 1113 1054; x_wconf 90' lang='lat' dir='ltr'><strong>liquido</strong></span> <span class='ocrx_word' id='word_1_57' title='bbox 1139 982 1384 1050; x_wconf 85' lang='lat' dir='ltr'><strong>noveris,</strong></span> <span class='ocrx_word' id='word_1_58' title='bbox 1413 998 1487 1036; x_wconf 90' lang='lat' dir='ltr'><strong>an</strong></span> <span class='ocrx_word' id='word_1_59' title='bbox 1527 984 1862 1039; x_wconf 82' lang='lat' dir='ltr'><strong>auctoritate</strong></span> 
     </span>
    </p>
   </div>
   <div class='ocr_carea' id='block_1_9' title="bbox 158 1070 1860 1144">
    <p class='ocr_par' dir='ltr' id='par_1_9' title="bbox 158 1070 1860 1144">
     <span class='ocr_line' id='line_1_9' title="bbox 158 1070 1860 1144; baseline -0.001 -16"><span class='ocrx_word' id='word_1_60' title='bbox 158 1076 474 1128; x_wconf 89' lang='lat' dir='ltr'><strong>commotus</strong></span> <span class='ocrx_word' id='word_1_61' title='bbox 505 1071 751 1125; x_wconf 83' lang='lat' dir='ltr'><strong>libenter</strong></span> <span class='ocrx_word' id='word_1_62' title='bbox 786 1070 958 1125; x_wconf 90' lang='lat' dir='ltr'><strong>etiam</strong></span> <span class='ocrx_word' id='word_1_63' title='bbox 1005 1071 1365 1141; x_wconf 90' lang='lat' dir='ltr'><strong>incognitum</strong></span> <span class='ocrx_word' id='word_1_64' title='bbox 1418 1072 1634 1142; x_wconf 88' lang='lat' dir='ltr'><strong>credas,</strong></span> <span class='ocrx_word' id='word_1_65' title='bbox 1690 1073 1860 1144; x_wconf 90' lang='lat' dir='ltr'><strong>cupio</strong></span> 
     </span>
    </p>
   </div>
   <div class='ocr_carea' id='block_1_10' title="bbox 159 1159 1862 1231">
    <p class='ocr_par' dir='ltr' id='par_1_10' title="bbox 159 1159 1862 1231">
     <span class='ocr_line' id='line_1_10' title="bbox 159 1159 1862 1231; baseline -0.001 -13"><span class='ocrx_word' id='word_1_66' title='bbox 159 1162 319 1218; x_wconf 88' lang='lat' dir='ltr'><strong>scire.</strong></span> <span class='ocrx_word' id='word_1_67' title='bbox 357 1163 424 1217; x_wconf 86' lang='lat' dir='ltr'><strong>E.</strong></span> <span class='ocrx_word' id='word_1_68' title='bbox 456 1159 801 1215; x_wconf 80' lang='lat' dir='ltr'><strong>Auctoritati</strong></span> <span class='ocrx_word' id='word_1_69' title='bbox 830 1159 1066 1231; x_wconf 87' lang='lat' dir='ltr'><strong>quidem</strong></span> <span class='ocrx_word' id='word_1_70' title='bbox 1123 1175 1217 1214; x_wconf 88' lang='lat' dir='ltr'><strong>me</strong></span> <span class='ocrx_word' id='word_1_71' title='bbox 1257 1160 1514 1231; x_wconf 90' lang='lat' dir='ltr'><strong>primum</strong></span> <span class='ocrx_word' id='word_1_72' title='bbox 1542 1162 1611 1216; x_wconf 90' lang='lat' dir='ltr'><strong>de</strong></span> <span class='ocrx_word' id='word_1_73' title='bbox 1641 1162 1747 1216; x_wconf 91' lang='lat' dir='ltr'><strong>hac</strong></span> <span class='ocrx_word' id='word_1_74' title='bbox 1799 1179 1862 1218; x_wconf 89' lang='lat' dir='ltr'><strong>re</strong></span> 
     </span>
    </p>
   </div>
   <div class='ocr_carea' id='block_1_11' title="bbox 160 1248 1864 1321">
    <p class='ocr_par' dir='ltr' id='par_1_11' title="bbox 160 1248 1864 1321">
     <span class='ocr_line' id='line_1_11' title="bbox 160 1248 1864 1321; baseline -0.001 -16"><span class='ocrx_word' id='word_1_75' title='bbox 160 1250 466 1306; x_wconf 79' lang='lat' dir='ltr'><strong>credidisse</strong></span> <span class='ocrx_word' id='word_1_76' title='bbox 497 1248 796 1302; x_wconf 91' lang='lat' dir='ltr'><strong>conﬁrmo.</strong></span> <span class='ocrx_word' id='word_1_77' title='bbox 839 1248 948 1303; x_wconf 89' lang='lat' dir='ltr'><strong>Sed</strong></span> <span class='ocrx_word' id='word_1_78' title='bbox 977 1248 1117 1320; x_wconf 92' lang='lat' dir='ltr'><strong>quid</strong></span> <span class='ocrx_word' id='word_1_79' title='bbox 1145 1249 1332 1303; x_wconf 91' lang='lat' dir='ltr'><strong>verius</strong></span> <span class='ocrx_word' id='word_1_80' title='bbox 1353 1265 1528 1321; x_wconf 90' lang='lat' dir='ltr'><strong>quam</strong></span> <span class='ocrx_word' id='word_1_81' title='bbox 1560 1265 1730 1304; x_wconf 91' lang='lat' dir='ltr'><strong>omne</strong></span> <span class='ocrx_word' id='word_1_82' title='bbox 1757 1250 1864 1303; x_wconf 93' lang='lat' dir='ltr'><strong>bo-</strong></span> 
     </span>
    </p>
   </div>
   <div class='ocr_carea' id='block_1_12' title="bbox 161 1337 1865 1408">
    <p class='ocr_par' dir='ltr' id='par_1_12' title="bbox 161 1337 1865 1408">
     <span class='ocr_line' id='line_1_12' title="bbox 161 1337 1865 1408; baseline -0.002 -14"><span class='ocrx_word' id='word_1_83' title='bbox 161 1355 298 1394; x_wconf 91' lang='lat' dir='ltr'><strong>num</strong></span> <span class='ocrx_word' id='word_1_84' title='bbox 331 1355 396 1392; x_wconf 85' lang='lat' dir='ltr'><strong>ex</strong></span> <span class='ocrx_word' id='word_1_85' title='bbox 425 1339 541 1392; x_wconf 91' lang='lat' dir='ltr'><strong>Deo</strong></span> <span class='ocrx_word' id='word_1_86' title='bbox 573 1353 716 1404; x_wconf 92' lang='lat' dir='ltr'><strong>esse,</strong></span> <span class='ocrx_word' id='word_1_87' title='bbox 750 1339 804 1390; x_wconf 91' lang='lat' dir='ltr'><strong>et</strong></span> <span class='ocrx_word' id='word_1_88' title='bbox 829 1353 999 1391; x_wconf 88' lang='lat' dir='ltr'><strong>omne</strong></span> <span class='ocrx_word' id='word_1_89' title='bbox 1018 1337 1240 1408; x_wconf 92' lang='lat' dir='ltr'><strong>justum</strong></span> <span class='ocrx_word' id='word_1_90' title='bbox 1260 1338 1476 1392; x_wconf 89' lang='lat' dir='ltr'><strong>bonum</strong></span> <span class='ocrx_word' id='word_1_91' title='bbox 1503 1354 1644 1403; x_wconf 91' lang='lat' dir='ltr'><strong>esse,</strong></span> <span class='ocrx_word' id='word_1_92' title='bbox 1665 1341 1720 1391; x_wconf 91' lang='lat' dir='ltr'><strong>et</strong></span> <span class='ocrx_word' id='word_1_93' title='bbox 1739 1353 1865 1408; x_wconf 91' lang='lat' dir='ltr'><strong>pec-</strong></span> 
     </span>
    </p>
   </div>
   <div class='ocr_carea' id='block_1_13' title="bbox 161 1425 1864 1497">
    <p class='ocr_par' dir='ltr' id='par_1_13' title="bbox 161 1425 1864 1497">
     <span class='ocr_line' id='line_1_13' title="bbox 161 1425 1864 1497; baseline -0.002 -14"><span class='ocrx_word' id='word_1_94' title='bbox 161 1427 419 1484; x_wconf 88' lang='lat' dir='ltr'><strong>cantibus</strong></span> <span class='ocrx_word' id='word_1_95' title='bbox 448 1441 680 1497; x_wconf 70' lang='lat' dir='ltr'><strong>poenam</strong></span> <span class='ocrx_word' id='word_1_96' title='bbox 727 1429 992 1496; x_wconf 88' lang='lat' dir='ltr'><strong>recteque</strong></span> <span class='ocrx_word' id='word_1_97' title='bbox 1043 1425 1381 1481; x_wconf 87' lang='lat' dir='ltr'><strong>facientibus</strong></span> <span class='ocrx_word' id='word_1_98' title='bbox 1427 1425 1732 1497; x_wconf 82' lang='lat' dir='ltr'><strong>praemium</strong></span> <span class='ocrx_word' id='word_1_99' title='bbox 1769 1427 1864 1497; x_wconf 88' lang='lat' dir='ltr'><strong>ju-</strong></span> 
     </span>
    </p>
   </div>
   <div class='ocr_carea' id='block_1_14' title="bbox 161 1510 1863 1585">
    <p class='ocr_par' dir='ltr' id='par_1_14' title="bbox 161 1510 1863 1585">
     <span class='ocr_line' id='line_1_14' title="bbox 161 1510 1863 1585; baseline -0.002 -13"><span class='ocrx_word' id='word_1_100' title='bbox 161 1522 314 1572; x_wconf 90' lang='lat' dir='ltr'><strong>stum</strong></span> <span class='ocrx_word' id='word_1_101' title='bbox 344 1510 464 1570; x_wconf 83' lang='lat' dir='ltr'><strong>esse</strong></span> <span class='ocrx_word' id='word_1_102' title='bbox 485 1517 515 1570; x_wconf 87' lang='lat'><strong>?</strong></span> <span class='ocrx_word' id='word_1_103' title='bbox 546 1516 625 1569; x_wconf 79' lang='lat' dir='ltr'><strong>Ex</strong></span> <span class='ocrx_word' id='word_1_104' title='bbox 654 1530 767 1585; x_wconf 90' lang='lat' dir='ltr'><strong>quo</strong></span> <span class='ocrx_word' id='word_1_105' title='bbox 798 1513 1148 1569; x_wconf 90' lang='lat' dir='ltr'><strong>conﬁcitura</strong></span> <span class='ocrx_word' id='word_1_106' title='bbox 1180 1515 1296 1569; x_wconf 92' lang='lat' dir='ltr'><strong>Deo</strong></span> <span class='ocrx_word' id='word_1_107' title='bbox 1332 1513 1501 1583; x_wconf 87' lang='lat' dir='ltr'><strong>afﬁci,</strong></span> <span class='ocrx_word' id='word_1_108' title='bbox 1529 1519 1585 1569; x_wconf 92' lang='lat' dir='ltr'><strong>et</strong></span> <span class='ocrx_word' id='word_1_109' title='bbox 1620 1530 1863 1585; x_wconf 91' lang='lat' dir='ltr'><strong>peccan-</strong></span> 
     </span>
    </p>
   </div>
   <div class='ocr_carea' id='block_1_15' title="bbox 161 1603 1413 1671">
    <p class='ocr_par' dir='ltr' id='par_1_15' title="bbox 161 1603 1413 1671">
     <span class='ocr_line' id='line_1_15' title="bbox 161 1603 1413 1671; baseline -0.003 -9"><span class='ocrx_word' id='word_1_110' title='bbox 161 1611 246 1662; x_wconf 90' lang='lat' dir='ltr'><strong>tes</strong></span> <span class='ocrx_word' id='word_1_111' title='bbox 275 1603 520 1671; x_wconf 89' lang='lat' dir='ltr'><strong>miseris,</strong></span> <span class='ocrx_word' id='word_1_112' title='bbox 556 1606 611 1658; x_wconf 89' lang='lat' dir='ltr'><strong>et</strong></span> <span class='ocrx_word' id='word_1_113' title='bbox 640 1606 790 1658; x_wconf 91' lang='lat' dir='ltr'><strong>recte</strong></span> <span class='ocrx_word' id='word_1_114' title='bbox 819 1603 1089 1657; x_wconf 88' lang='lat' dir='ltr'><strong>facientes</strong></span> <span class='ocrx_word' id='word_1_115' title='bbox 1118 1603 1413 1658; x_wconf 87' lang='lat' dir='ltr'><strong>beatitate.</strong></span> 
     </span>
    </p>
   </div>
   <div class='ocr_carea' id='block_1_16' title="bbox 233 1691 1863 1763">
    <p class='ocr_par' dir='ltr' id='par_1_16' title="bbox 233 1691 1863 1763">
     <span class='ocr_line' id='line_1_16' title="bbox 233 1691 1863 1763; baseline -0.002 -14"><span class='ocrx_word' id='word_1_116' title='bbox 233 1699 284 1750; x_wconf 81' lang='lat'><strong>2.</strong></span> <span class='ocrx_word' id='word_1_117' title='bbox 317 1694 390 1749; x_wconf 86' lang='grc' dir='ltr'><strong>Α.</strong></span> <span class='ocrx_word' id='word_1_118' title='bbox 423 1692 580 1748; x_wconf 88' lang='lat' dir='ltr'><strong>Nihil</strong></span> <span class='ocrx_word' id='word_1_119' title='bbox 611 1691 814 1747; x_wconf 88' lang='lat' dir='ltr'><strong>resisto</strong></span> <span class='ocrx_word' id='word_1_120' title='bbox 851 1709 864 1760; x_wconf 90' lang='lat'><strong>;</strong></span> <span class='ocrx_word' id='word_1_121' title='bbox 897 1692 995 1746; x_wconf 90' lang='lat' dir='ltr'><strong>sed</strong></span> <span class='ocrx_word' id='word_1_122' title='bbox 1025 1708 1220 1763; x_wconf 80' lang='lat' dir='ltr'><strong>quaero</strong></span> <span class='ocrx_word' id='word_1_123' title='bbox 1250 1692 1390 1746; x_wconf 93' lang='lat' dir='ltr'><strong>illud</strong></span> <span class='ocrx_word' id='word_1_124' title='bbox 1422 1692 1688 1755; x_wconf 84' lang='lat' dir='ltr'><strong>alterum,</strong></span> <span class='ocrx_word' id='word_1_125' title='bbox 1718 1707 1863 1763; x_wconf 90' lang='lat' dir='ltr'><strong>quo-</strong></span> 
     </span>
    </p>
   </div>
   <div class='ocr_carea' id='block_1_17' title="bbox 161 1779 1862 1851">
    <p class='ocr_par' dir='ltr' id='par_1_17' title="bbox 161 1779 1862 1851">
     <span class='ocr_line' id='line_1_17' title="bbox 161 1779 1862 1851; baseline -0.002 -13"><span class='ocrx_word' id='word_1_126' title='bbox 161 1783 334 1838; x_wconf 91' lang='lat' dir='ltr'><strong>modo</strong></span> <span class='ocrx_word' id='word_1_127' title='bbox 361 1781 587 1837; x_wconf 90' lang='lat' dir='ltr'><strong>noveris</strong></span> <span class='ocrx_word' id='word_1_128' title='bbox 617 1797 721 1835; x_wconf 92' lang='lat' dir='ltr'><strong>nos</strong></span> <span class='ocrx_word' id='word_1_129' title='bbox 756 1780 825 1835; x_wconf 92' lang='lat' dir='ltr'><strong>ab</strong></span> <span class='ocrx_word' id='word_1_130' title='bbox 855 1779 978 1850; x_wconf 90' lang='lat' dir='ltr'><strong>ipso</strong></span> <span class='ocrx_word' id='word_1_131' title='bbox 1001 1796 1140 1835; x_wconf 90' lang='lat' dir='ltr'><strong>esse.</strong></span> <span class='ocrx_word' id='word_1_132' title='bbox 1162 1781 1357 1851; x_wconf 89' lang='lat' dir='ltr'><strong>Neque</strong></span> <span class='ocrx_word' id='word_1_133' title='bbox 1379 1779 1534 1834; x_wconf 92' lang='lat' dir='ltr'><strong>enim</strong></span> <span class='ocrx_word' id='word_1_134' title='bbox 1563 1781 1670 1835; x_wconf 91' lang='lat' dir='ltr'><strong>hoc</strong></span> <span class='ocrx_word' id='word_1_135' title='bbox 1690 1796 1862 1846; x_wconf 91' lang='lat' dir='ltr'><strong>nunc,</strong></span> 
     </span>
    </p>
   </div>
   <div class='ocr_carea' id='block_1_18' title="bbox 161 1868 1865 1943">
    <p class='ocr_par' dir='ltr' id='par_1_18' title="bbox 161 1868 1865 1943">
     <span class='ocr_line' id='line_1_18' title="bbox 161 1868 1865 1943; baseline -0.003 -16"><span class='ocrx_word' id='word_1_136' title='bbox 161 1872 262 1927; x_wconf 89' lang='lat' dir='ltr'><strong>sed</strong></span> <span class='ocrx_word' id='word_1_137' title='bbox 291 1872 362 1926; x_wconf 89' lang='lat' dir='ltr'><strong>ab</strong></span> <span class='ocrx_word' id='word_1_138' title='bbox 392 1872 517 1943; x_wconf 91' lang='lat' dir='ltr'><strong>ipso</strong></span> <span class='ocrx_word' id='word_1_139' title='bbox 542 1886 649 1924; x_wconf 92' lang='lat' dir='ltr'><strong>nos</strong></span> <span class='ocrx_word' id='word_1_140' title='bbox 706 1869 794 1924; x_wconf 87' lang='lat' dir='ltr'><strong>vel</strong></span> <span class='ocrx_word' id='word_1_141' title='bbox 840 1884 1089 1941; x_wconf 83' lang='lat' dir='ltr'><strong>poenam,</strong></span> <span class='ocrx_word' id='word_1_142' title='bbox 1146 1869 1238 1923; x_wconf 90' lang='lat' dir='ltr'><strong>vel</strong></span> <span class='ocrx_word' id='word_1_143' title='bbox 1293 1869 1599 1940; x_wconf 72' lang='lat' dir='ltr'><strong>prmmium</strong></span> <span class='ocrx_word' id='word_1_144' title='bbox 1656 1868 1865 1923; x_wconf 88' lang='lat' dir='ltr'><strong>mereri</strong></span> 
     </span>
    </p>
   </div>
   <div class='ocr_carea' id='block_1_19' title="bbox 162 1956 1866 2032">
    <p class='ocr_par' dir='ltr' id='par_1_19' title="bbox 162 1956 1866 2032">
     <span class='ocr_line' id='line_1_19' title="bbox 162 1956 1866 2032; baseline -0.004 -16"><span class='ocrx_word' id='word_1_145' title='bbox 162 1960 478 2032; x_wconf 81' lang='lat' dir='ltr'><strong>explicasti.</strong></span> <span class='ocrx_word' id='word_1_146' title='bbox 507 1962 572 2014; x_wconf 87' lang='lat' dir='ltr'><strong>E.</strong></span> <span class='ocrx_word' id='word_1_147' title='bbox 606 1960 721 2012; x_wconf 88' lang='lat' dir='ltr'><strong>Hoc</strong></span> <span class='ocrx_word' id='word_1_148' title='bbox 747 1973 976 2029; x_wconf 88' lang='lat' dir='ltr'><strong>quoque</strong></span> <span class='ocrx_word' id='word_1_149' title='bbox 1007 1973 1124 2011; x_wconf 90' lang='lat' dir='ltr'><strong>non</strong></span> <span class='ocrx_word' id='word_1_150' title='bbox 1152 1957 1383 2011; x_wconf 87' lang='lat' dir='ltr'><strong>aliunde</strong></span> <span class='ocrx_word' id='word_1_151' title='bbox 1412 1956 1577 2011; x_wconf 91' lang='lat' dir='ltr'><strong>video</strong></span> <span class='ocrx_word' id='word_1_152' title='bbox 1601 1973 1718 2010; x_wconf 91' lang='lat' dir='ltr'><strong>esse</strong></span> <span class='ocrx_word' id='word_1_153' title='bbox 1749 1973 1866 2011; x_wconf 83' lang='lat' dir='ltr'><strong>ma-</strong></span> 
     </span>
    </p>
   </div>
   <div class='ocr_carea' id='block_1_20' title="bbox 161 2045 1864 2117">
    <p class='ocr_par' dir='ltr' id='par_1_20' title="bbox 161 2045 1864 2117">
     <span class='ocr_line' id='line_1_20' title="bbox 161 2045 1864 2117; baseline -0.002 -13"><span class='ocrx_word' id='word_1_154' title='bbox 161 2049 455 2116; x_wconf 90' lang='lat' dir='ltr'><strong>nifestum,</strong></span> <span class='ocrx_word' id='word_1_155' title='bbox 489 2046 600 2100; x_wconf 90' lang='lat' dir='ltr'><strong>nisi</strong></span> <span class='ocrx_word' id='word_1_156' title='bbox 631 2046 780 2117; x_wconf 90' lang='lat' dir='ltr'><strong>quod</strong></span> <span class='ocrx_word' id='word_1_157' title='bbox 803 2047 920 2116; x_wconf 78' lang='lat' dir='ltr'><strong>iam</strong></span> <span class='ocrx_word' id='word_1_158' title='bbox 950 2049 1169 2100; x_wconf 88' lang='lat' dir='ltr'><strong>constat</strong></span> <span class='ocrx_word' id='word_1_159' title='bbox 1211 2046 1394 2099; x_wconf 91' lang='lat' dir='ltr'><strong>Deum</strong></span> <span class='ocrx_word' id='word_1_160' title='bbox 1421 2045 1706 2100; x_wconf 89' lang='lat' dir='ltr'><strong>vindicare</strong></span> <span class='ocrx_word' id='word_1_161' title='bbox 1731 2061 1864 2116; x_wconf 92' lang='lat' dir='ltr'><strong>pec-</strong></span> 
     </span>
    </p>
   </div>
   <div class='ocr_carea' id='block_1_21' title="bbox 162 2133 1869 2208">
    <p class='ocr_par' dir='ltr' id='par_1_21' title="bbox 162 2133 1869 2208">
     <span class='ocr_line' id='line_1_21' title="bbox 162 2133 1869 2208; baseline -0.002 -15"><span class='ocrx_word' id='word_1_162' title='bbox 162 2141 304 2192; x_wconf 88' lang='lat' dir='ltr'><strong>cata.</strong></span> <span class='ocrx_word' id='word_1_163' title='bbox 336 2135 633 2208; x_wconf 88' lang='lat' dir='ltr'><strong>Siquidem</strong></span> <span class='ocrx_word' id='word_1_164' title='bbox 665 2133 734 2188; x_wconf 92' lang='lat' dir='ltr'><strong>ab</strong></span> <span class='ocrx_word' id='word_1_165' title='bbox 766 2134 864 2188; x_wconf 91' lang='lat' dir='ltr'><strong>illo</strong></span> <span class='ocrx_word' id='word_1_166' title='bbox 898 2139 982 2188; x_wconf 83' lang='lat' dir='ltr'><strong>est</strong></span> <span class='ocrx_word' id='word_1_167' title='bbox 999 2133 1184 2187; x_wconf 91' lang='lat' dir='ltr'><strong>omnis</strong></span> <span class='ocrx_word' id='word_1_168' title='bbox 1196 2133 1436 2204; x_wconf 88' lang='lat' dir='ltr'><strong>justitia.</strong></span> <span class='ocrx_word' id='word_1_169' title='bbox 1472 2135 1595 2188; x_wconf 83' lang='lat' dir='ltr'><strong>Non</strong></span> <span class='ocrx_word' id='word_1_170' title='bbox 1620 2134 1775 2189; x_wconf 88' lang='lat' dir='ltr'><strong>enim</strong></span> <span class='ocrx_word' id='word_1_171' title='bbox 1806 2138 1869 2190; x_wconf 90' lang='lat' dir='ltr'><strong>ut</strong></span> 
     </span>
    </p>
   </div>
   <div class='ocr_carea' id='block_1_22' title="bbox 165 2222 1868 2298">
    <p class='ocr_par' dir='ltr' id='par_1_22' title="bbox 165 2222 1868 2298">
     <span class='ocr_line' id='line_1_22' title="bbox 165 2222 1868 2298; baseline -0.002 -17"><span class='ocrx_word' id='word_1_172' title='bbox 165 2227 404 2298; x_wconf 90' lang='lat' dir='ltr'><strong>alicujus</strong></span> <span class='ocrx_word' id='word_1_173' title='bbox 435 2223 803 2279; x_wconf 89' lang='lat' dir='ltr'><strong>estbonitatis</strong></span> <span class='ocrx_word' id='word_1_174' title='bbox 817 2223 1018 2277; x_wconf 89' lang='lat' dir='ltr'><strong>alienis</strong></span> <span class='ocrx_word' id='word_1_175' title='bbox 1039 2227 1310 2294; x_wconf 64' lang='lat' dir='ltr'><strong>praestare</strong></span> <span class='ocrx_word' id='word_1_176' title='bbox 1323 2222 1602 2277; x_wconf 89' lang='lat' dir='ltr'><strong>beneﬁcia</strong></span> <span class='ocrx_word' id='word_1_177' title='bbox 1617 2223 1868 2294; x_wconf 88' lang='lat' dir='ltr'><strong>itajusti-</strong></span> 
     </span>
    </p>
   </div>
   <div class='ocr_carea' id='block_1_23' title="bbox 162 2311 1865 2371">
    <p class='ocr_par' dir='ltr' id='par_1_23' title="bbox 162 2311 1865 2371">
     <span class='ocr_line' id='line_1_23' title="bbox 162 2311 1865 2371; baseline -0.003 0"><span class='ocrx_word' id='word_1_178' title='bbox 162 2316 258 2371; x_wconf 65' lang='lat' dir='ltr'><strong>tiae</strong></span> <span class='ocrx_word' id='word_1_179' title='bbox 289 2313 580 2369; x_wconf 89' lang='lat' dir='ltr'><strong>vindicare</strong></span> <span class='ocrx_word' id='word_1_180' title='bbox 609 2312 672 2366; x_wconf 91' lang='lat' dir='ltr'><strong>in</strong></span> <span class='ocrx_word' id='word_1_181' title='bbox 697 2312 930 2366; x_wconf 89' lang='lat' dir='ltr'><strong>alienos.</strong></span> <span class='ocrx_word' id='word_1_182' title='bbox 955 2311 1113 2366; x_wconf 91' lang='lat' dir='ltr'><strong>Unde</strong></span> <span class='ocrx_word' id='word_1_183' title='bbox 1139 2311 1507 2365; x_wconf 88' lang='lat' dir='ltr'><strong>manifestum</strong></span> <span class='ocrx_word' id='word_1_184' title='bbox 1533 2316 1618 2365; x_wconf 92' lang='lat' dir='ltr'><strong>est</strong></span> <span class='ocrx_word' id='word_1_185' title='bbox 1642 2312 1713 2366; x_wconf 89' lang='lat' dir='ltr'><strong>ad</strong></span> <span class='ocrx_word' id='word_1_186' title='bbox 1733 2329 1865 2366; x_wconf 91' lang='lat' dir='ltr'><strong>eum</strong></span> 
     </span>
    </p>
   </div>
   <div class='ocr_carea' id='block_1_24' title="bbox 163 2399 1869 2474">
    <p class='ocr_par' dir='ltr' id='par_1_24' title="bbox 163 2399 1869 2474">
     <span class='ocr_line' id='line_1_24' title="bbox 163 2399 1869 2474; baseline -0.002 -16"><span class='ocrx_word' id='word_1_187' title='bbox 163 2419 267 2458; x_wconf 91' lang='lat' dir='ltr'><strong>nos</strong></span> <span class='ocrx_word' id='word_1_188' title='bbox 294 2401 760 2474; x_wconf 90' lang='lat' dir='ltr'><strong>pertinere,quia</strong></span> <span class='ocrx_word' id='word_1_189' title='bbox 773 2417 889 2455; x_wconf 92' lang='lat' dir='ltr'><strong>non</strong></span> <span class='ocrx_word' id='word_1_190' title='bbox 917 2401 1104 2454; x_wconf 89' lang='lat' dir='ltr'><strong>solum</strong></span> <span class='ocrx_word' id='word_1_191' title='bbox 1130 2400 1192 2454; x_wconf 91' lang='lat' dir='ltr'><strong>in</strong></span> <span class='ocrx_word' id='word_1_192' title='bbox 1220 2416 1324 2454; x_wconf 89' lang='lat' dir='ltr'><strong>nos</strong></span> <span class='ocrx_word' id='word_1_193' title='bbox 1347 2399 1869 2471; x_wconf 86' lang='lat' dir='ltr'><strong>benignissimusin</strong></span> 
     </span>
    </p>
   </div>
   <div class='ocr_carea' id='block_1_25' title="bbox 161 2489 1864 2564">
    <p class='ocr_par' dir='ltr' id='par_1_25' title="bbox 161 2489 1864 2564">
     <span class='ocr_line' id='line_1_25' title="bbox 161 2489 1864 2564; baseline -0.001 -18"><span class='ocrx_word' id='word_1_194' title='bbox 161 2491 514 2564; x_wconf 68' lang='lat' dir='ltr'><strong>praestando,</strong></span> <span class='ocrx_word' id='word_1_195' title='bbox 544 2490 639 2544; x_wconf 90' lang='lat' dir='ltr'><strong>sed</strong></span> <span class='ocrx_word' id='word_1_196' title='bbox 670 2489 843 2544; x_wconf 88' lang='lat' dir='ltr'><strong>etiam</strong></span> <span class='ocrx_word' id='word_1_197' title='bbox 892 2489 1244 2560; x_wconf 87' lang='lat' dir='ltr'><strong>justissimus</strong></span> <span class='ocrx_word' id='word_1_198' title='bbox 1295 2489 1357 2542; x_wconf 91' lang='lat' dir='ltr'><strong>in</strong></span> <span class='ocrx_word' id='word_1_199' title='bbox 1387 2489 1730 2544; x_wconf 90' lang='lat' dir='ltr'><strong>vindicando</strong></span> <span class='ocrx_word' id='word_1_200' title='bbox 1761 2494 1864 2544; x_wconf 89' lang='lat' dir='ltr'><strong>est.</strong></span> 
     </span>
    </p>
   </div>
   <div class='ocr_carea' id='block_1_26' title="bbox 165 2577 1858 2650">
    <p class='ocr_par' dir='ltr' id='par_1_26' title="bbox 165 2577 1858 2650">
     <span class='ocr_line' id='line_1_26' title="bbox 165 2577 1858 2650; baseline -0.002 -14"><span class='ocrx_word' id='word_1_201' title='bbox 165 2581 382 2636; x_wconf 89' lang='lat' dir='ltr'><strong>Deinde</strong></span> <span class='ocrx_word' id='word_1_202' title='bbox 413 2596 480 2634; x_wconf 84' lang='lat' dir='ltr'><strong>ex</strong></span> <span class='ocrx_word' id='word_1_203' title='bbox 505 2595 571 2633; x_wconf 89' lang='lat' dir='ltr'><strong>eo</strong></span> <span class='ocrx_word' id='word_1_204' title='bbox 595 2579 748 2650; x_wconf 88' lang='lat' dir='ltr'><strong>quod</strong></span> <span class='ocrx_word' id='word_1_205' title='bbox 777 2593 882 2648; x_wconf 86' lang='lat' dir='ltr'><strong>ego</strong></span> <span class='ocrx_word' id='word_1_206' title='bbox 913 2577 1097 2648; x_wconf 90' lang='lat' dir='ltr'><strong>posui,</strong></span> <span class='ocrx_word' id='word_1_207' title='bbox 1121 2581 1296 2648; x_wconf 90' lang='lat' dir='ltr'><strong>tuque</strong></span> <span class='ocrx_word' id='word_1_208' title='bbox 1310 2577 1654 2644; x_wconf 83' lang='lat' dir='ltr'><strong>concessisti,</strong></span> <span class='ocrx_word' id='word_1_209' title='bbox 1689 2595 1858 2632; x_wconf 92' lang='lat' dir='ltr'><strong>omne</strong></span> 
     </span>
    </p>
   </div>
   <div class='ocr_carea' id='block_1_27' title="bbox 161 2665 1870 2738">
    <p class='ocr_par' dir='ltr' id='par_1_27' title="bbox 161 2665 1870 2738">
     <span class='ocr_line' id='line_1_27' title="bbox 161 2665 1870 2738; baseline -0.002 -13"><span class='ocrx_word' id='word_1_210' title='bbox 161 2670 380 2725; x_wconf 89' lang='lat' dir='ltr'><strong>bonum</strong></span> <span class='ocrx_word' id='word_1_211' title='bbox 394 2685 458 2723; x_wconf 86' lang='lat' dir='ltr'><strong>ex</strong></span> <span class='ocrx_word' id='word_1_212' title='bbox 474 2669 588 2722; x_wconf 92' lang='lat' dir='ltr'><strong>Deo</strong></span> <span class='ocrx_word' id='word_1_213' title='bbox 603 2683 743 2734; x_wconf 91' lang='lat' dir='ltr'><strong>esse,</strong></span> <span class='ocrx_word' id='word_1_214' title='bbox 768 2667 939 2720; x_wconf 88' lang='lat' dir='ltr'><strong>etiam</strong></span> <span class='ocrx_word' id='word_1_215' title='bbox 955 2665 1249 2720; x_wconf 89' lang='lat' dir='ltr'><strong>hominem</strong></span> <span class='ocrx_word' id='word_1_216' title='bbox 1263 2682 1329 2720; x_wconf 85' lang='lat' dir='ltr'><strong>ex</strong></span> <span class='ocrx_word' id='word_1_217' title='bbox 1352 2667 1464 2720; x_wconf 92' lang='lat' dir='ltr'><strong>Deo</strong></span> <span class='ocrx_word' id='word_1_218' title='bbox 1486 2682 1606 2719; x_wconf 90' lang='lat' dir='ltr'><strong>esse</strong></span> <span class='ocrx_word' id='word_1_219' title='bbox 1626 2665 1870 2738; x_wconf 81' lang='lat' dir='ltr'><strong>intelligi</strong></span> 
     </span>
    </p>
   </div>
   <div class='ocr_carea' id='block_1_28' title="bbox 162 2755 1870 2832">
    <p class='ocr_par' dir='ltr' id='par_1_28' title="bbox 162 2755 1870 2832">
     <span class='ocr_line' id='line_1_28' title="bbox 162 2755 1870 2832; baseline -0.002 -19"><span class='ocrx_word' id='word_1_220' title='bbox 162 2762 369 2832; x_wconf 82' lang='lat' dir='ltr'><strong>potest.</strong></span> <span class='ocrx_word' id='word_1_221' title='bbox 408 2759 590 2812; x_wconf 87' lang='lat' dir='ltr'><strong>Homo</strong></span> <span class='ocrx_word' id='word_1_222' title='bbox 612 2757 765 2810; x_wconf 88' lang='lat' dir='ltr'><strong>enim</strong></span> <span class='ocrx_word' id='word_1_223' title='bbox 789 2755 910 2825; x_wconf 89' lang='lat' dir='ltr'><strong>ipse</strong></span> <span class='ocrx_word' id='word_1_224' title='bbox 931 2755 992 2808; x_wconf 89' lang='lat' dir='ltr'><strong>in</strong></span> <span class='ocrx_word' id='word_1_225' title='bbox 1017 2762 1299 2826; x_wconf 88' lang='lat' dir='ltr'><strong>quantum</strong></span> <span class='ocrx_word' id='word_1_226' title='bbox 1329 2756 1502 2808; x_wconf 89' lang='lat' dir='ltr'><strong>homo</strong></span> <span class='ocrx_word' id='word_1_227' title='bbox 1523 2759 1606 2808; x_wconf 90' lang='lat' dir='ltr'><strong>est</strong></span> <span class='ocrx_word' id='word_1_228' title='bbox 1635 2755 1870 2827; x_wconf 89' lang='lat' dir='ltr'><strong>aliquod</strong></span> 
     </span>
    </p>
   </div>
   <div class='ocr_carea' id='block_1_29' title="bbox 162 2843 1786 2916">
    <p class='ocr_par' dir='ltr' id='par_1_29' title="bbox 162 2843 1786 2916">
     <span class='ocr_line' id='line_1_29' title="bbox 162 2843 1786 2916; baseline -0.002 -14"><span class='ocrx_word' id='word_1_229' title='bbox 162 2848 386 2903; x_wconf 90' lang='lat' dir='ltr'><strong>bonum</strong></span> <span class='ocrx_word' id='word_1_230' title='bbox 417 2850 502 2900; x_wconf 91' lang='lat' dir='ltr'><strong>est</strong></span> <span class='ocrx_word' id='word_1_231' title='bbox 527 2866 541 2914; x_wconf 89' lang='lat'><strong>;</strong></span> <span class='ocrx_word' id='word_1_232' title='bbox 573 2845 708 2916; x_wconf 90' lang='lat' dir='ltr'><strong>quia</strong></span> <span class='ocrx_word' id='word_1_233' title='bbox 736 2849 885 2899; x_wconf 91' lang='lat' dir='ltr'><strong>recte</strong></span> <span class='ocrx_word' id='word_1_234' title='bbox 916 2844 1123 2911; x_wconf 87' lang='lat' dir='ltr'><strong>vivere,</strong></span> <span class='ocrx_word' id='word_1_235' title='bbox 1155 2859 1287 2897; x_wconf 91' lang='lat' dir='ltr'><strong>cum</strong></span> <span class='ocrx_word' id='word_1_236' title='bbox 1315 2843 1456 2912; x_wconf 82' lang='lat' dir='ltr'><strong>vult,</strong></span> <span class='ocrx_word' id='word_1_237' title='bbox 1478 2847 1661 2913; x_wconf 91' lang='lat' dir='ltr'><strong>potest</strong></span> <span class='ocrx_word' id='word_1_238' title='bbox 1695 2844 1786 2915; x_wconf 85' lang='lat' dir='ltr'><strong>(a).</strong></span> 
     </span>
    </p>
   </div>
   <div class='ocr_carea' id='block_1_30' title="bbox 241 2932 1870 3003">
    <p class='ocr_par' dir='ltr' id='par_1_30' title="bbox 241 2932 1870 3003">
     <span class='ocr_line' id='line_1_30' title="bbox 241 2932 1870 3003; baseline -0.002 -13"><span class='ocrx_word' id='word_1_239' title='bbox 241 2938 289 2990; x_wconf 88' lang='grc'>3.</span> <span class='ocrx_word' id='word_1_240' title='bbox 323 2937 394 2990; x_wconf 90' lang='grc' dir='ltr'><strong>Α.</strong></span> <span class='ocrx_word' id='word_1_241' title='bbox 429 2935 602 2988; x_wconf 93' lang='lat' dir='ltr'><strong>Plane</strong></span> <span class='ocrx_word' id='word_1_242' title='bbox 630 2933 677 2986; x_wconf 92' lang='lat' dir='ltr'><strong>si</strong></span> <span class='ocrx_word' id='word_1_243' title='bbox 705 2933 827 2986; x_wconf 59' lang='lat' dir='ltr'><strong>haec</strong></span> <span class='ocrx_word' id='word_1_244' title='bbox 848 2932 927 2985; x_wconf 90' lang='lat' dir='ltr'><strong>ita</strong></span> <span class='ocrx_word' id='word_1_245' title='bbox 946 2936 1098 2998; x_wconf 90' lang='lat' dir='ltr'><strong>sunt,</strong></span> <span class='ocrx_word' id='word_1_246' title='bbox 1130 2932 1564 3002; x_wconf 80' lang='lat' dir='ltr'><strong>solutaquaestio</strong></span> <span class='ocrx_word' id='word_1_247' title='bbox 1594 2937 1676 2986; x_wconf 92' lang='lat' dir='ltr'><strong>est</strong></span> <span class='ocrx_word' id='word_1_248' title='bbox 1695 2949 1870 3003; x_wconf 88' lang='lat' dir='ltr'><strong>quam</strong></span> 
     </span>
    </p>
   </div>
   <div class='ocr_carea' id='block_1_31' title="bbox 164 3020 1870 3096">
    <p class='ocr_par' dir='ltr' id='par_1_31' title="bbox 164 3020 1870 3096">
     <span class='ocr_line' id='line_1_31' title="bbox 164 3020 1870 3096; baseline -0.001 -18"><span class='ocrx_word' id='word_1_249' title='bbox 164 3022 540 3096; x_wconf 88' lang='lat' dir='ltr'><strong>proposuisti.</strong></span> <span class='ocrx_word' id='word_1_250' title='bbox 574 3021 633 3076; x_wconf 92' lang='lat' dir='ltr'><strong>Si</strong></span> <span class='ocrx_word' id='word_1_251' title='bbox 663 3021 818 3075; x_wconf 91' lang='lat' dir='ltr'><strong>enim</strong></span> <span class='ocrx_word' id='word_1_252' title='bbox 835 3023 1006 3074; x_wconf 92' lang='lat' dir='ltr'><strong>homo</strong></span> <span class='ocrx_word' id='word_1_253' title='bbox 1035 3020 1266 3090; x_wconf 90' lang='lat' dir='ltr'><strong>aliquod</strong></span> <span class='ocrx_word' id='word_1_254' title='bbox 1293 3020 1510 3074; x_wconf 89' lang='lat' dir='ltr'><strong>bonum</strong></span> <span class='ocrx_word' id='word_1_255' title='bbox 1541 3025 1643 3084; x_wconf 91' lang='lat' dir='ltr'><strong>est,</strong></span> <span class='ocrx_word' id='word_1_256' title='bbox 1666 3025 1720 3075; x_wconf 91' lang='lat' dir='ltr'><strong>et</strong></span> <span class='ocrx_word' id='word_1_257' title='bbox 1753 3037 1870 3076; x_wconf 91' lang='lat' dir='ltr'><strong>non</strong></span> 
     </span>
    </p>
   </div>
   <div class='ocr_carea' id='block_1_32' title="bbox 166 3109 1869 3187">
    <p class='ocr_par' dir='ltr' id='par_1_32' title="bbox 166 3109 1869 3187">
     <span class='ocr_line' id='line_1_32' title="bbox 166 3109 1869 3187; baseline -0.002 -20"><span class='ocrx_word' id='word_1_258' title='bbox 166 3117 384 3187; x_wconf 90' lang='lat' dir='ltr'><strong>posset,</strong></span> <span class='ocrx_word' id='word_1_259' title='bbox 416 3110 530 3165; x_wconf 90' lang='lat' dir='ltr'><strong>nisi</strong></span> <span class='ocrx_word' id='word_1_260' title='bbox 560 3125 689 3164; x_wconf 93' lang='lat' dir='ltr'><strong>cum</strong></span> <span class='ocrx_word' id='word_1_261' title='bbox 719 3110 908 3177; x_wconf 91' lang='lat' dir='ltr'><strong>vellet,</strong></span> <span class='ocrx_word' id='word_1_262' title='bbox 965 3113 1119 3163; x_wconf 90' lang='lat' dir='ltr'><strong>recte</strong></span> <span class='ocrx_word' id='word_1_263' title='bbox 1174 3109 1378 3175; x_wconf 89' lang='lat' dir='ltr'><strong>facere,</strong></span> <span class='ocrx_word' id='word_1_264' title='bbox 1435 3109 1632 3164; x_wconf 89' lang='lat' dir='ltr'><strong>debuit</strong></span> <span class='ocrx_word' id='word_1_265' title='bbox 1659 3109 1869 3164; x_wconf 89' lang='lat' dir='ltr'><strong>habere</strong></span> 
     </span>
    </p>
   </div>
   <div class='ocr_carea' id='block_1_33' title="bbox 166 3198 1865 3270">
    <p class='ocr_par' dir='ltr' id='par_1_33' title="bbox 166 3198 1865 3270">
     <span class='ocr_line' id='line_1_33' title="bbox 166 3198 1865 3270; baseline -0.002 -12"><span class='ocrx_word' id='word_1_266' title='bbox 166 3203 411 3258; x_wconf 86' lang='lat' dir='ltr'><strong>liberam</strong></span> <span class='ocrx_word' id='word_1_267' title='bbox 441 3199 816 3262; x_wconf 88' lang='lat' dir='ltr'><strong>voluntatem,</strong></span> <span class='ocrx_word' id='word_1_268' title='bbox 844 3198 966 3252; x_wconf 90' lang='lat' dir='ltr'><strong>sine</strong></span> <span class='ocrx_word' id='word_1_269' title='bbox 993 3214 1107 3269; x_wconf 92' lang='lat' dir='ltr'><strong>qua</strong></span> <span class='ocrx_word' id='word_1_270' title='bbox 1127 3202 1276 3252; x_wconf 89' lang='lat' dir='ltr'><strong>recte</strong></span> <span class='ocrx_word' id='word_1_271' title='bbox 1308 3198 1492 3252; x_wconf 87' lang='lat' dir='ltr'><strong>facere</strong></span> <span class='ocrx_word' id='word_1_272' title='bbox 1521 3215 1638 3252; x_wconf 92' lang='lat' dir='ltr'><strong>non</strong></span> <span class='ocrx_word' id='word_1_273' title='bbox 1657 3204 1865 3270; x_wconf 90' lang='lat' dir='ltr'><strong>posset.</strong></span> 
     </span>
    </p>
   </div>
   <div class='ocr_carea' id='block_1_34' title="bbox 169 3287 1870 3360">
    <p class='ocr_par' dir='ltr' id='par_1_34' title="bbox 169 3287 1870 3360">
     <span class='ocr_line' id='line_1_34' title="bbox 169 3287 1870 3360; baseline -0.002 -15"><span class='ocrx_word' id='word_1_274' title='bbox 169 3291 295 3345; x_wconf 89' lang='lat' dir='ltr'><strong>Non</strong></span> <span class='ocrx_word' id='word_1_275' title='bbox 326 3289 482 3342; x_wconf 89' lang='lat' dir='ltr'><strong>enim</strong></span> <span class='ocrx_word' id='word_1_276' title='bbox 515 3287 651 3360; x_wconf 89' lang='lat' dir='ltr'><strong>quia</strong></span> <span class='ocrx_word' id='word_1_277' title='bbox 689 3303 792 3358; x_wconf 91' lang='lat' dir='ltr'><strong>per</strong></span> <span class='ocrx_word' id='word_1_278' title='bbox 815 3287 973 3341; x_wconf 91' lang='lat' dir='ltr'><strong>illam</strong></span> <span class='ocrx_word' id='word_1_279' title='bbox 1003 3287 1176 3341; x_wconf 90' lang='lat' dir='ltr'><strong>etiam</strong></span> <span class='ocrx_word' id='word_1_280' title='bbox 1206 3291 1490 3358; x_wconf 89' lang='lat' dir='ltr'><strong>peccatur,</strong></span> <span class='ocrx_word' id='word_1_281' title='bbox 1518 3287 1588 3342; x_wconf 91' lang='lat' dir='ltr'><strong>ad</strong></span> <span class='ocrx_word' id='word_1_282' title='bbox 1616 3287 1722 3341; x_wconf 93' lang='lat' dir='ltr'><strong>hoc</strong></span> <span class='ocrx_word' id='word_1_283' title='bbox 1743 3304 1870 3342; x_wconf 89' lang='lat' dir='ltr'><strong>eam</strong></span> 
     </span>
    </p>
   </div>
   <div class='ocr_carea' id='block_1_35' title="bbox 168 3374 1872 3445">
    <p class='ocr_par' dir='ltr' id='par_1_35' title="bbox 168 3374 1872 3445">
     <span class='ocr_line' id='line_1_35' title="bbox 168 3374 1872 3445; baseline -0.003 -12"><span class='ocrx_word' id='word_1_284' title='bbox 168 3379 354 3433; x_wconf 88' lang='lat' dir='ltr'><strong>Deum</strong></span> <span class='ocrx_word' id='word_1_285' title='bbox 387 3375 608 3431; x_wconf 88' lang='lat' dir='ltr'><strong>dedisse</strong></span> <span class='ocrx_word' id='word_1_286' title='bbox 621 3375 970 3429; x_wconf 89' lang='lat' dir='ltr'><strong>credendum</strong></span> <span class='ocrx_word' id='word_1_287' title='bbox 996 3378 1103 3428; x_wconf 90' lang='lat' dir='ltr'><strong>est.</strong></span> <span class='ocrx_word' id='word_1_288' title='bbox 1133 3374 1276 3428; x_wconf 89' lang='lat' dir='ltr'><strong>Satis</strong></span> <span class='ocrx_word' id='word_1_289' title='bbox 1299 3389 1432 3445; x_wconf 92' lang='lat' dir='ltr'><strong>ergo</strong></span> <span class='ocrx_word' id='word_1_290' title='bbox 1454 3390 1638 3429; x_wconf 67' lang='lat' dir='ltr'><strong>causa:</strong></span> <span class='ocrx_word' id='word_1_291' title='bbox 1666 3378 1750 3428; x_wconf 90' lang='lat' dir='ltr'><strong>est</strong></span> <span class='ocrx_word' id='word_1_292' title='bbox 1771 3391 1872 3430; x_wconf 92' lang='lat' dir='ltr'><strong>cur</strong></span> 
     </span>
    </p>
   </div>
   <div class='ocr_carea' id='block_1_36' title="bbox 166 3462 1870 3535">
    <p class='ocr_par' dir='ltr' id='par_1_36' title="bbox 166 3462 1870 3535">
     <span class='ocr_line' id='line_1_36' title="bbox 166 3462 1870 3535; baseline -0.002 -13"><span class='ocrx_word' id='word_1_293' title='bbox 166 3467 295 3523; x_wconf 89' lang='lat' dir='ltr'><strong>dari</strong></span> <span class='ocrx_word' id='word_1_294' title='bbox 327 3465 611 3532; x_wconf 89' lang='lat' dir='ltr'><strong>debuerit,</strong></span> <span class='ocrx_word' id='word_1_295' title='bbox 648 3464 921 3535; x_wconf 88' lang='lat' dir='ltr'><strong>quoniam</strong></span> <span class='ocrx_word' id='word_1_296' title='bbox 948 3463 1069 3518; x_wconf 90' lang='lat' dir='ltr'><strong>sine</strong></span> <span class='ocrx_word' id='word_1_297' title='bbox 1100 3462 1200 3517; x_wconf 89' lang='lat' dir='ltr'><strong>illa</strong></span> <span class='ocrx_word' id='word_1_298' title='bbox 1231 3463 1406 3518; x_wconf 89' lang='lat' dir='ltr'><strong>homo</strong></span> <span class='ocrx_word' id='word_1_299' title='bbox 1434 3467 1586 3518; x_wconf 89' lang='lat' dir='ltr'><strong>recte</strong></span> <span class='ocrx_word' id='word_1_300' title='bbox 1615 3480 1732 3518; x_wconf 91' lang='lat' dir='ltr'><strong>non</strong></span> <span class='ocrx_word' id='word_1_301' title='bbox 1762 3481 1870 3535; x_wconf 89' lang='lat' dir='ltr'><strong>po-</strong></span> 
     </span>
    </p>
   </div>
   <div class='ocr_carea' id='block_1_37' title="bbox 164 3552 1870 3624">
    <p class='ocr_par' dir='ltr' id='par_1_37' title="bbox 164 3552 1870 3624">
     <span class='ocr_line' id='line_1_37' title="bbox 164 3552 1870 3624; baseline -0.002 -12"><span class='ocrx_word' id='word_1_302' title='bbox 164 3561 279 3612; x_wconf 88' lang='lat' dir='ltr'><strong>test</strong></span> <span class='ocrx_word' id='word_1_303' title='bbox 309 3555 519 3610; x_wconf 90' lang='lat' dir='ltr'><strong>vivere.</strong></span> <span class='ocrx_word' id='word_1_304' title='bbox 551 3553 636 3608; x_wconf 85' lang='lat' dir='ltr'><strong>Ad</strong></span> <span class='ocrx_word' id='word_1_305' title='bbox 665 3554 773 3608; x_wconf 91' lang='lat' dir='ltr'><strong>hoc</strong></span> <span class='ocrx_word' id='word_1_306' title='bbox 803 3557 993 3608; x_wconf 88' lang='lat' dir='ltr'><strong>autem</strong></span> <span class='ocrx_word' id='word_1_307' title='bbox 1021 3553 1210 3607; x_wconf 88' lang='lat' dir='ltr'><strong>datam</strong></span> <span class='ocrx_word' id='word_1_308' title='bbox 1227 3553 1311 3606; x_wconf 90' lang='lat' dir='ltr'><strong>vel</strong></span> <span class='ocrx_word' id='word_1_309' title='bbox 1338 3553 1471 3607; x_wconf 91' lang='lat' dir='ltr'><strong>hinc</strong></span> <span class='ocrx_word' id='word_1_310' title='bbox 1489 3552 1736 3624; x_wconf 89' lang='lat' dir='ltr'><strong>intelligi</strong></span> <span class='ocrx_word' id='word_1_311' title='bbox 1765 3571 1870 3624; x_wconf 94' lang='lat' dir='ltr'><strong>po-</strong></span> 
     </span>
    </p>
   </div>
   <div class='ocr_carea' id='block_1_38' title="bbox 163 3641 1867 3715">
    <p class='ocr_par' dir='ltr' id='par_1_38' title="bbox 163 3641 1867 3715">
     <span class='ocr_line' id='line_1_38' title="bbox 163 3641 1867 3715; baseline -0.002 -15"><span class='ocrx_word' id='word_1_312' title='bbox 163 3650 291 3712; x_wconf 87' lang='lat' dir='ltr'><strong>test,</strong></span> <span class='ocrx_word' id='word_1_313' title='bbox 325 3643 459 3715; x_wconf 89' lang='lat' dir='ltr'><strong>quia</strong></span> <span class='ocrx_word' id='word_1_314' title='bbox 490 3643 537 3696; x_wconf 95' lang='lat' dir='ltr'><strong>si</strong></span> <span class='ocrx_word' id='word_1_315' title='bbox 569 3641 695 3714; x_wconf 88' lang='lat' dir='ltr'><strong>quis</strong></span> <span class='ocrx_word' id='word_1_316' title='bbox 725 3659 791 3697; x_wconf 91' lang='lat' dir='ltr'><strong>ea</strong></span> <span class='ocrx_word' id='word_1_317' title='bbox 815 3657 956 3696; x_wconf 90' lang='lat' dir='ltr'><strong>usus</strong></span> <span class='ocrx_word' id='word_1_318' title='bbox 985 3641 1158 3696; x_wconf 88' lang='lat' dir='ltr'><strong>fuerit</strong></span> <span class='ocrx_word' id='word_1_319' title='bbox 1202 3641 1271 3695; x_wconf 89' lang='lat' dir='ltr'><strong>ad</strong></span> <span class='ocrx_word' id='word_1_320' title='bbox 1324 3641 1694 3712; x_wconf 90' lang='lat' dir='ltr'><strong>peccandum,</strong></span> <span class='ocrx_word' id='word_1_321' title='bbox 1727 3641 1867 3697; x_wconf 89' lang='lat' dir='ltr'><strong>divi-</strong></span> 
     </span>
    </p>
   </div>
   <div class='ocr_carea' id='block_1_39' title="bbox 161 3721 1868 3800">
    <p class='ocr_par' dir='ltr' id='par_1_39' title="bbox 161 3721 1868 3800">
     <span class='ocr_line' id='line_1_39' title="bbox 161 3721 1868 3800; baseline -0.002 -13"><span class='ocrx_word' id='word_1_322' title='bbox 161 3733 324 3787; x_wconf 87' lang='lat' dir='ltr'><strong>nitus</strong></span> <span class='ocrx_word' id='word_1_323' title='bbox 354 3731 416 3785; x_wconf 93' lang='lat' dir='ltr'><strong>in</strong></span> <span class='ocrx_word' id='word_1_324' title='bbox 445 3747 578 3786; x_wconf 91' lang='lat' dir='ltr'><strong>eum</strong></span> <span class='ocrx_word' id='word_1_325' title='bbox 607 3721 947 3785; x_wconf 74' lang='lat' dir='ltr'><strong>vindicatur.</strong></span> <span class='ocrx_word' id='word_1_326' title='bbox 984 3730 1148 3796; x_wconf 90' lang='lat' dir='ltr'><strong>Quod</strong></span> <span class='ocrx_word' id='word_1_327' title='bbox 1201 3730 1412 3800; x_wconf 89' lang='lat' dir='ltr'><strong>injuste</strong></span> <span class='ocrx_word' id='word_1_328' title='bbox 1461 3729 1646 3797; x_wconf 88' lang='lat' dir='ltr'><strong>ﬁeret,</strong></span> <span class='ocrx_word' id='word_1_329' title='bbox 1676 3730 1722 3784; x_wconf 91' lang='lat' dir='ltr'><strong>si</strong></span> <span class='ocrx_word' id='word_1_330' title='bbox 1752 3747 1868 3784; x_wconf 94' lang='lat' dir='ltr'><strong>non</strong></span> 
     </span>
    </p>
   </div>
   <div class='ocr_carea' id='block_1_40' title="bbox 162 3816 1866 3888">
    <p class='ocr_par' dir='ltr' id='par_1_40' title="bbox 162 3816 1866 3888">
     <span class='ocr_line' id='line_1_40' title="bbox 162 3816 1866 3888; baseline -0.002 -14"><span class='ocrx_word' id='word_1_331' title='bbox 162 3821 354 3874; x_wconf 91' lang='lat' dir='ltr'><strong>solum</strong></span> <span class='ocrx_word' id='word_1_332' title='bbox 377 3823 442 3872; x_wconf 87' lang='lat' dir='ltr'><strong>ut</strong></span> <span class='ocrx_word' id='word_1_333' title='bbox 471 3823 620 3873; x_wconf 91' lang='lat' dir='ltr'><strong>recte</strong></span> <span class='ocrx_word' id='word_1_334' title='bbox 664 3818 968 3884; x_wconf 87' lang='lat' dir='ltr'><strong>viveretur,</strong></span> <span class='ocrx_word' id='word_1_335' title='bbox 1025 3817 1122 3870; x_wconf 90' lang='lat' dir='ltr'><strong>sed</strong></span> <span class='ocrx_word' id='word_1_336' title='bbox 1179 3816 1354 3870; x_wconf 83' lang='lat' dir='ltr'><strong>etiam</strong></span> <span class='ocrx_word' id='word_1_337' title='bbox 1400 3821 1464 3870; x_wconf 92' lang='lat' dir='ltr'><strong>ut</strong></span> <span class='ocrx_word' id='word_1_338' title='bbox 1514 3822 1866 3888; x_wconf 88' lang='lat' dir='ltr'><strong>peccaretur,</strong></span> 
     </span>
    </p>
   </div>
   <div class='ocr_carea' id='block_1_41' title="bbox 164 3904 1868 3977">
    <p class='ocr_par' dir='ltr' id='par_1_41' title="bbox 164 3904 1868 3977">
     <span class='ocr_line' id='line_1_41' title="bbox 164 3904 1868 3977; baseline -0.001 -15"><span class='ocrx_word' id='word_1_339' title='bbox 164 3909 350 3963; x_wconf 87' lang='lat' dir='ltr'><strong>libera</strong></span> <span class='ocrx_word' id='word_1_340' title='bbox 380 3911 526 3962; x_wconf 91' lang='lat' dir='ltr'><strong>esset</strong></span> <span class='ocrx_word' id='word_1_341' title='bbox 556 3907 819 3962; x_wconf 79' lang='lat' dir='ltr'><strong>voluntas</strong></span> <span class='ocrx_word' id='word_1_342' title='bbox 847 3907 997 3960; x_wconf 90' lang='lat' dir='ltr'><strong>data.</strong></span> <span class='ocrx_word' id='word_1_343' title='bbox 1029 3905 1326 3969; x_wconf 87' lang='lat' dir='ltr'><strong>Quomodo</strong></span> <span class='ocrx_word' id='word_1_344' title='bbox 1367 3904 1521 3959; x_wconf 90' lang='lat' dir='ltr'><strong>enim</strong></span> <span class='ocrx_word' id='word_1_345' title='bbox 1560 3907 1715 3977; x_wconf 88' lang='lat' dir='ltr'><strong>juste</strong></span> <span class='ocrx_word' id='word_1_346' title='bbox 1744 3906 1868 3961; x_wconf 90' lang='lat' dir='ltr'><strong>vin-</strong></span> 
     </span>
    </p>
   </div>
   <div class='ocr_carea' id='block_1_42' title="bbox 165 3996 1868 4069">
    <p class='ocr_par' dir='ltr' id='par_1_42' title="bbox 165 3996 1868 4069">
     <span class='ocr_line' id='line_1_42' title="bbox 165 3996 1868 4069; baseline -0.002 -16"><span class='ocrx_word' id='word_1_347' title='bbox 165 3999 457 4054; x_wconf 84' lang='lat' dir='ltr'><strong>dicaretur</strong></span> <span class='ocrx_word' id='word_1_348' title='bbox 485 3998 547 4052; x_wconf 92' lang='lat' dir='ltr'><strong>in</strong></span> <span class='ocrx_word' id='word_1_349' title='bbox 578 4013 732 4064; x_wconf 91' lang='lat' dir='ltr'><strong>eum,</strong></span> <span class='ocrx_word' id='word_1_350' title='bbox 766 3997 866 4069; x_wconf 90' lang='lat' dir='ltr'><strong>qui</strong></span> <span class='ocrx_word' id='word_1_351' title='bbox 893 3997 965 4051; x_wconf 93' lang='lat' dir='ltr'><strong>ad</strong></span> <span class='ocrx_word' id='word_1_352' title='bbox 986 3996 1134 4050; x_wconf 91' lang='lat' dir='ltr'><strong>hanc</strong></span> <span class='ocrx_word' id='word_1_353' title='bbox 1163 4011 1286 4050; x_wconf 89' lang='lat' dir='ltr'><strong>rem</strong></span> <span class='ocrx_word' id='word_1_354' title='bbox 1316 4011 1450 4050; x_wconf 91' lang='lat' dir='ltr'><strong>usus</strong></span> <span class='ocrx_word' id='word_1_355' title='bbox 1486 4001 1634 4050; x_wconf 90' lang='lat' dir='ltr'><strong>esset</strong></span> <span class='ocrx_word' id='word_1_356' title='bbox 1668 3996 1868 4050; x_wconf 89' lang='lat' dir='ltr'><strong>volun-</strong></span> 
     </span>
    </p>
   </div>
   <div class='ocr_carea' id='block_1_43' title="bbox 162 4087 1868 4160">
    <p class='ocr_par' dir='ltr' id='par_1_43' title="bbox 162 4087 1868 4160">
     <span class='ocr_line' id='line_1_43' title="bbox 162 4087 1868 4160; baseline -0.003 -15"><span class='ocrx_word' id='word_1_357' title='bbox 162 4095 303 4160; x_wconf 87' lang='lat' dir='ltr'><strong>tate,</strong></span> <span class='ocrx_word' id='word_1_358' title='bbox 332 4090 404 4144; x_wconf 87' lang='lat' dir='ltr'><strong>ad</strong></span> <span class='ocrx_word' id='word_1_359' title='bbox 434 4105 608 4160; x_wconf 90' lang='lat' dir='ltr'><strong>quam</strong></span> <span class='ocrx_word' id='word_1_360' title='bbox 638 4103 762 4142; x_wconf 88' lang='lat' dir='ltr'><strong>rem</strong></span> <span class='ocrx_word' id='word_1_361' title='bbox 791 4087 922 4142; x_wconf 86' lang='lat' dir='ltr'><strong>data</strong></span> <span class='ocrx_word' id='word_1_362' title='bbox 977 4087 1108 4141; x_wconf 86' lang='lat' dir='ltr'><strong>est?</strong></span> <span class='ocrx_word' id='word_1_363' title='bbox 1139 4088 1301 4141; x_wconf 91' lang='lat' dir='ltr'><strong>Nunc</strong></span> <span class='ocrx_word' id='word_1_364' title='bbox 1346 4103 1480 4140; x_wconf 89' lang='lat' dir='ltr'><strong>vero</strong></span> <span class='ocrx_word' id='word_1_365' title='bbox 1531 4088 1680 4140; x_wconf 91' lang='lat' dir='ltr'><strong>Deus</strong></span> <span class='ocrx_word' id='word_1_366' title='bbox 1737 4103 1868 4140; x_wconf 91' lang='lat' dir='ltr'><strong>cum</strong></span> 
     </span>
    </p>
   </div>
   <div class='ocr_carea' id='block_1_44' title="bbox 161 4174 1870 4251">
    <p class='ocr_par' dir='ltr' id='par_1_44' title="bbox 161 4174 1870 4251">
     <span class='ocr_line' id='line_1_44' title="bbox 161 4174 1870 4251; baseline -0.003 -18"><span class='ocrx_word' id='word_1_367' title='bbox 161 4183 498 4251; x_wconf 89' lang='lat' dir='ltr'><strong>peccantem</strong></span> <span class='ocrx_word' id='word_1_368' title='bbox 528 4177 716 4248; x_wconf 87' lang='lat' dir='ltr'><strong>punit,</strong></span> <span class='ocrx_word' id='word_1_369' title='bbox 744 4176 882 4248; x_wconf 92' lang='lat' dir='ltr'><strong>quid</strong></span> <span class='ocrx_word' id='word_1_370' title='bbox 905 4174 1124 4231; x_wconf 89' lang='lat' dir='ltr'><strong>videtur</strong></span> <span class='ocrx_word' id='word_1_371' title='bbox 1153 4175 1259 4231; x_wconf 91' lang='lat' dir='ltr'><strong>tibi</strong></span> <span class='ocrx_word' id='word_1_372' title='bbox 1314 4174 1468 4230; x_wconf 91' lang='lat' dir='ltr'><strong>aliud</strong></span> <span class='ocrx_word' id='word_1_373' title='bbox 1522 4174 1708 4229; x_wconf 92' lang='lat' dir='ltr'><strong>dicere</strong></span> <span class='ocrx_word' id='word_1_374' title='bbox 1738 4174 1870 4242; x_wconf 91' lang='lat' dir='ltr'><strong>nisi,</strong></span> 
     </span>
    </p>
   </div>
   <div class='ocr_carea' id='block_1_45' title="bbox 161 4263 1865 4332">
    <p class='ocr_par' dir='ltr' id='par_1_45' title="bbox 161 4263 1865 4332">
     <span class='ocr_line' id='line_1_45' title="bbox 161 4263 1865 4332; baseline -0.004 -8"><span class='ocrx_word' id='word_1_375' title='bbox 161 4269 278 4324; x_wconf 89' lang='lat' dir='ltr'><strong>Cur</strong></span> <span class='ocrx_word' id='word_1_376' title='bbox 305 4284 423 4322; x_wconf 90' lang='lat' dir='ltr'><strong>non</strong></span> <span class='ocrx_word' id='word_1_377' title='bbox 453 4267 524 4323; x_wconf 90' lang='lat' dir='ltr'><strong>ad</strong></span> <span class='ocrx_word' id='word_1_378' title='bbox 558 4281 686 4321; x_wconf 89' lang='lat' dir='ltr'><strong>eam</strong></span> <span class='ocrx_word' id='word_1_379' title='bbox 732 4280 855 4321; x_wconf 90' lang='lat' dir='ltr'><strong>rem</strong></span> <span class='ocrx_word' id='word_1_380' title='bbox 902 4281 1037 4320; x_wconf 90' lang='lat' dir='ltr'><strong>usus</strong></span> <span class='ocrx_word' id='word_1_381' title='bbox 1068 4281 1127 4318; x_wconf 92' lang='lat' dir='ltr'><strong>es</strong></span> <span class='ocrx_word' id='word_1_382' title='bbox 1182 4265 1364 4319; x_wconf 89' lang='lat' dir='ltr'><strong>libera</strong></span> <span class='ocrx_word' id='word_1_383' title='bbox 1420 4264 1732 4332; x_wconf 90' lang='lat' dir='ltr'><strong>voluntate,</strong></span> <span class='ocrx_word' id='word_1_384' title='bbox 1794 4263 1865 4318; x_wconf 91' lang='lat' dir='ltr'><strong>ad</strong></span> 
     </span>
    </p>
   </div>
   <div class='ocr_carea' id='block_1_46' title="bbox 165 4353 1871 4429">
    <p class='ocr_par' dir='ltr' id='par_1_46' title="bbox 165 4353 1871 4429">
     <span class='ocr_line' id='line_1_46' title="bbox 165 4353 1871 4429; baseline -0.003 -18"><span class='ocrx_word' id='word_1_385' title='bbox 165 4372 343 4429; x_wconf 89' lang='lat' dir='ltr'><strong>quam</strong></span> <span class='ocrx_word' id='word_1_386' title='bbox 370 4356 473 4411; x_wconf 89' lang='lat' dir='ltr'><strong>tibi</strong></span> <span class='ocrx_word' id='word_1_387' title='bbox 521 4372 648 4411; x_wconf 89' lang='lat' dir='ltr'><strong>eam</strong></span> <span class='ocrx_word' id='word_1_388' title='bbox 707 4354 858 4424; x_wconf 90' lang='lat' dir='ltr'><strong>dedi,</strong></span> <span class='ocrx_word' id='word_1_389' title='bbox 912 4354 1020 4408; x_wconf 92' lang='lat' dir='ltr'><strong>hoc</strong></span> <span class='ocrx_word' id='word_1_390' title='bbox 1075 4357 1159 4408; x_wconf 87' lang='lat' dir='ltr'><strong>est</strong></span> <span class='ocrx_word' id='word_1_391' title='bbox 1191 4354 1264 4408; x_wconf 94' lang='lat' dir='ltr'><strong>ad</strong></span> <span class='ocrx_word' id='word_1_392' title='bbox 1317 4357 1467 4408; x_wconf 90' lang='lat' dir='ltr'><strong>recte</strong></span> <span class='ocrx_word' id='word_1_393' title='bbox 1497 4353 1871 4408; x_wconf 86' lang='lat' dir='ltr'><strong>faciendum?</strong></span> 
     </span>
    </p>
   </div>
   <div class='ocr_carea' id='block_1_47' title="bbox 162 4441 1872 4514">
    <p class='ocr_par' dir='ltr' id='par_1_47' title="bbox 162 4441 1872 4514">
     <span class='ocr_line' id='line_1_47' title="bbox 162 4441 1872 4514; baseline -0.003 -13"><span class='ocrx_word' id='word_1_394' title='bbox 162 4446 388 4501; x_wconf 90' lang='lat' dir='ltr'><strong>Deinde</strong></span> <span class='ocrx_word' id='word_1_395' title='bbox 417 4445 562 4500; x_wconf 88' lang='lat' dir='ltr'><strong>illud</strong></span> <span class='ocrx_word' id='word_1_396' title='bbox 619 4445 862 4514; x_wconf 89' lang='lat' dir='ltr'><strong>bonum,</strong></span> <span class='ocrx_word' id='word_1_397' title='bbox 894 4459 1008 4514; x_wconf 90' lang='lat' dir='ltr'><strong>quo</strong></span> <span class='ocrx_word' id='word_1_398' title='bbox 1039 4442 1472 4497; x_wconf 88' lang='lat' dir='ltr'><strong>commendatur</strong></span> <span class='ocrx_word' id='word_1_399' title='bbox 1501 4442 1625 4512; x_wconf 90' lang='lat' dir='ltr'><strong>ipsa</strong></span> <span class='ocrx_word' id='word_1_400' title='bbox 1650 4441 1872 4512; x_wconf 82' lang='lat' dir='ltr'><strong>justitia</strong></span> 
     </span>
    </p>
   </div>
   <div class='ocr_carea' id='block_1_48' title="bbox 162 4530 1865 4606">
    <p class='ocr_par' dir='ltr' id='par_1_48' title="bbox 162 4530 1865 4606">
     <span class='ocr_line' id='line_1_48' title="bbox 162 4530 1865 4606; baseline -0.002 -18"><span class='ocrx_word' id='word_1_401' title='bbox 162 4533 227 4589; x_wconf 90' lang='lat' dir='ltr'><strong>in</strong></span> <span class='ocrx_word' id='word_1_402' title='bbox 257 4533 600 4590; x_wconf 87' lang='lat' dir='ltr'><strong>damnandis</strong></span> <span class='ocrx_word' id='word_1_403' title='bbox 645 4532 892 4606; x_wconf 89' lang='lat' dir='ltr'><strong>peccatis</strong></span> <span class='ocrx_word' id='word_1_404' title='bbox 944 4535 1211 4602; x_wconf 89' lang='lat' dir='ltr'><strong>recteque</strong></span> <span class='ocrx_word' id='word_1_405' title='bbox 1273 4530 1435 4585; x_wconf 91' lang='lat' dir='ltr'><strong>factis</strong></span> <span class='ocrx_word' id='word_1_406' title='bbox 1492 4530 1865 4599; x_wconf 89' lang='lat' dir='ltr'><strong>honorandis,</strong></span> 
     </span>
    </p>
   </div>
   <div class='ocr_carea' id='block_1_49' title="bbox 164 4619 1870 4696">
    <p class='ocr_par' dir='ltr' id='par_1_49' title="bbox 164 4619 1870 4696">
     <span class='ocr_line' id='line_1_49' title="bbox 164 4619 1870 4696; baseline -0.002 -19"><span class='ocrx_word' id='word_1_407' title='bbox 164 4624 460 4696; x_wconf 88' lang='lat' dir='ltr'><strong>quomodo</strong></span> <span class='ocrx_word' id='word_1_408' title='bbox 493 4626 657 4691; x_wconf 90' lang='lat' dir='ltr'><strong>esset,</strong></span> <span class='ocrx_word' id='word_1_409' title='bbox 692 4622 739 4677; x_wconf 91' lang='lat' dir='ltr'><strong>si</strong></span> <span class='ocrx_word' id='word_1_410' title='bbox 767 4622 941 4676; x_wconf 90' lang='lat' dir='ltr'><strong>homo</strong></span> <span class='ocrx_word' id='word_1_411' title='bbox 969 4623 1185 4676; x_wconf 87' lang='lat' dir='ltr'><strong>careret</strong></span> <span class='ocrx_word' id='word_1_412' title='bbox 1235 4619 1413 4674; x_wconf 90' lang='lat' dir='ltr'><strong>libero</strong></span> <span class='ocrx_word' id='word_1_413' title='bbox 1444 4620 1751 4674; x_wconf 88' lang='lat' dir='ltr'><strong>voluntatis</strong></span> <span class='ocrx_word' id='word_1_414' title='bbox 1780 4636 1870 4674; x_wconf 91' lang='lat' dir='ltr'><strong>ar-</strong></span> 
     </span>
    </p>
   </div>
   <div class='ocr_carea' id='block_1_50' title="bbox 163 4707 1870 4781">
    <p class='ocr_par' dir='ltr' id='par_1_50' title="bbox 163 4707 1870 4781">
     <span class='ocr_line' id='line_1_50' title="bbox 163 4707 1870 4781; baseline -0.003 -14"><span class='ocrx_word' id='word_1_415' title='bbox 163 4712 338 4768; x_wconf 89' lang='lat' dir='ltr'><strong>bitrio</strong></span> <span class='ocrx_word' id='word_1_416' title='bbox 359 4713 388 4766; x_wconf 83' lang='lat'><strong>?</strong></span> <span class='ocrx_word' id='word_1_417' title='bbox 417 4713 541 4767; x_wconf 88' lang='lat' dir='ltr'><strong>Non</strong></span> <span class='ocrx_word' id='word_1_418' title='bbox 566 4712 721 4766; x_wconf 91' lang='lat' dir='ltr'><strong>enim</strong></span> <span class='ocrx_word' id='word_1_419' title='bbox 751 4715 849 4765; x_wconf 91' lang='lat' dir='ltr'><strong>aut</strong></span> <span class='ocrx_word' id='word_1_420' title='bbox 888 4713 1184 4781; x_wconf 90' lang='lat' dir='ltr'><strong>peccatum</strong></span> <span class='ocrx_word' id='word_1_421' title='bbox 1242 4712 1405 4776; x_wconf 90' lang='lat' dir='ltr'><strong>esset,</strong></span> <span class='ocrx_word' id='word_1_422' title='bbox 1462 4713 1561 4763; x_wconf 90' lang='lat' dir='ltr'><strong>aut</strong></span> <span class='ocrx_word' id='word_1_423' title='bbox 1607 4713 1760 4764; x_wconf 90' lang='lat' dir='ltr'><strong>recte</strong></span> <span class='ocrx_word' id='word_1_424' title='bbox 1789 4707 1870 4763; x_wconf 87' lang='lat' dir='ltr'><strong>fa-</strong></span> 
     </span>
    </p>
   </div>
   <div class='ocr_carea' id='block_1_51' title="bbox 165 4797 1874 4872">
    <p class='ocr_par' dir='ltr' id='par_1_51' title="bbox 165 4797 1874 4872">
     <span class='ocr_line' id='line_1_51' title="bbox 165 4797 1874 4872; baseline -0.002 -17"><span class='ocrx_word' id='word_1_425' title='bbox 165 4805 348 4869; x_wconf 91' lang='lat' dir='ltr'><strong>ctum,</strong></span> <span class='ocrx_word' id='word_1_426' title='bbox 381 4801 534 4872; x_wconf 88' lang='lat' dir='ltr'><strong>quod</strong></span> <span class='ocrx_word' id='word_1_427' title='bbox 564 4817 681 4855; x_wconf 90' lang='lat' dir='ltr'><strong>non</strong></span> <span class='ocrx_word' id='word_1_428' title='bbox 710 4800 873 4855; x_wconf 88' lang='lat' dir='ltr'><strong>ﬁeret</strong></span> <span class='ocrx_word' id='word_1_429' title='bbox 903 4799 1212 4854; x_wconf 90' lang='lat' dir='ltr'><strong>voluntate.</strong></span> <span class='ocrx_word' id='word_1_430' title='bbox 1245 4799 1324 4852; x_wconf 85' lang='lat' dir='ltr'><strong>Ac</strong></span> <span class='ocrx_word' id='word_1_431' title='bbox 1352 4812 1457 4867; x_wconf 93' lang='lat' dir='ltr'><strong>per</strong></span> <span class='ocrx_word' id='word_1_432' title='bbox 1483 4797 1590 4851; x_wconf 92' lang='lat' dir='ltr'><strong>hoc</strong></span> <span class='ocrx_word' id='word_1_433' title='bbox 1623 4801 1679 4851; x_wconf 92' lang='lat' dir='ltr'><strong>et</strong></span> <span class='ocrx_word' id='word_1_434' title='bbox 1701 4813 1874 4868; x_wconf 90' lang='lat' dir='ltr'><strong>poena</strong></span> 
     </span>
    </p>
   </div>
   <div class='ocr_carea' id='block_1_52' title="bbox 165 4886 1873 4962">
    <p class='ocr_par' dir='ltr' id='par_1_52' title="bbox 165 4886 1873 4962">
     <span class='ocr_line' id='line_1_52' title="bbox 165 4886 1873 4962; baseline -0.002 -17"><span class='ocrx_word' id='word_1_435' title='bbox 165 4891 384 4962; x_wconf 80' lang='lat' dir='ltr'><strong>injuste</strong></span> <span class='ocrx_word' id='word_1_436' title='bbox 411 4894 558 4945; x_wconf 81' lang='lat' dir='ltr'><strong>esset</strong></span> <span class='ocrx_word' id='word_1_437' title='bbox 586 4894 641 4944; x_wconf 90' lang='lat' dir='ltr'><strong>et</strong></span> <span class='ocrx_word' id='word_1_438' title='bbox 679 4888 1006 4961; x_wconf 70' lang='lat' dir='ltr'><strong>praemium,</strong></span> <span class='ocrx_word' id='word_1_439' title='bbox 1048 4888 1096 4943; x_wconf 94' lang='lat' dir='ltr'><strong>si</strong></span> <span class='ocrx_word' id='word_1_440' title='bbox 1133 4887 1306 4942; x_wconf 90' lang='lat' dir='ltr'><strong>homo</strong></span> <span class='ocrx_word' id='word_1_441' title='bbox 1351 4886 1705 4941; x_wconf 88' lang='lat' dir='ltr'><strong>voluntatem</strong></span> <span class='ocrx_word' id='word_1_442' title='bbox 1757 4903 1873 4941; x_wconf 92' lang='lat' dir='ltr'><strong>non</strong></span> 
     </span>
    </p>
   </div>
   <div class='ocr_carea' id='block_1_53' title="bbox 166 4974 1873 5046">
    <p class='ocr_par' dir='ltr' id='par_1_53' title="bbox 166 4974 1873 5046">
     <span class='ocr_line' id='line_1_53' title="bbox 166 4974 1873 5046; baseline -0.003 -11"><span class='ocrx_word' id='word_1_443' title='bbox 166 4979 411 5035; x_wconf 89' lang='lat' dir='ltr'><strong>haberet</strong></span> <span class='ocrx_word' id='word_1_444' title='bbox 438 4979 700 5034; x_wconf 88' lang='lat' dir='ltr'><strong>liberam.</strong></span> <span class='ocrx_word' id='word_1_445' title='bbox 733 4978 940 5033; x_wconf 92' lang='lat' dir='ltr'><strong>Debuit</strong></span> <span class='ocrx_word' id='word_1_446' title='bbox 965 4981 1159 5033; x_wconf 89' lang='lat' dir='ltr'><strong>autem</strong></span> <span class='ocrx_word' id='word_1_447' title='bbox 1206 4979 1263 5031; x_wconf 90' lang='lat' dir='ltr'><strong>et</strong></span> <span class='ocrx_word' id='word_1_448' title='bbox 1291 4975 1351 5030; x_wconf 89' lang='lat' dir='ltr'><strong>in</strong></span> <span class='ocrx_word' id='word_1_449' title='bbox 1380 4974 1682 5046; x_wconf 91' lang='lat' dir='ltr'><strong>supplicio,</strong></span> <span class='ocrx_word' id='word_1_450' title='bbox 1729 4979 1784 5030; x_wconf 93' lang='lat' dir='ltr'><strong>et</strong></span> <span class='ocrx_word' id='word_1_451' title='bbox 1812 4975 1873 5030; x_wconf 88' lang='lat' dir='ltr'><strong>in</strong></span> 
     </span>
    </p>
   </div>
   <div class='ocr_carea' id='block_1_54' title="bbox 163 5063 1873 5141">
    <p class='ocr_par' dir='ltr' id='par_1_54' title="bbox 163 5063 1873 5141">
     <span class='ocr_line' id='line_1_54' title="bbox 163 5063 1873 5141; baseline -0.002 -18"><span class='ocrx_word' id='word_1_452' title='bbox 163 5067 412 5141; x_wconf 80' lang='lat' dir='ltr'><strong>praemio</strong></span> <span class='ocrx_word' id='word_1_453' title='bbox 427 5084 548 5122; x_wconf 90' lang='lat' dir='ltr'><strong>esse</strong></span> <span class='ocrx_word' id='word_1_454' title='bbox 555 5065 805 5139; x_wconf 89' lang='lat' dir='ltr'><strong>justitia;</strong></span> <span class='ocrx_word' id='word_1_455' title='bbox 843 5067 1114 5138; x_wconf 90' lang='lat' dir='ltr'><strong>quoniam</strong></span> <span class='ocrx_word' id='word_1_456' title='bbox 1139 5066 1247 5121; x_wconf 92' lang='lat' dir='ltr'><strong>hoc</strong></span> <span class='ocrx_word' id='word_1_457' title='bbox 1276 5080 1459 5119; x_wconf 91' lang='lat' dir='ltr'><strong>unum</strong></span> <span class='ocrx_word' id='word_1_458' title='bbox 1480 5067 1565 5118; x_wconf 88' lang='lat' dir='ltr'><strong>est</strong></span> <span class='ocrx_word' id='word_1_459' title='bbox 1591 5063 1873 5120; x_wconf 89' lang='lat' dir='ltr'><strong>bonorum</strong></span> 
     </span>
    </p>
   </div>
   <div class='ocr_carea' id='block_1_55' title="bbox 166 5153 1872 5231">
    <p class='ocr_par' dir='ltr' id='par_1_55' title="bbox 166 5153 1872 5231">
     <span class='ocr_line' id='line_1_55' title="bbox 166 5153 1872 5231; baseline -0.002 -19"><span class='ocrx_word' id='word_1_460' title='bbox 166 5174 303 5231; x_wconf 80' lang='lat' dir='ltr'><strong>quae</strong></span> <span class='ocrx_word' id='word_1_461' title='bbox 333 5162 468 5212; x_wconf 91' lang='lat' dir='ltr'><strong>sunt</strong></span> <span class='ocrx_word' id='word_1_462' title='bbox 496 5172 561 5210; x_wconf 85' lang='lat' dir='ltr'><strong>ex</strong></span> <span class='ocrx_word' id='word_1_463' title='bbox 592 5157 733 5210; x_wconf 91' lang='lat' dir='ltr'><strong>Deo.</strong></span> <span class='ocrx_word' id='word_1_464' title='bbox 775 5154 980 5210; x_wconf 89' lang='lat' dir='ltr'><strong>Debuit</strong></span> <span class='ocrx_word' id='word_1_465' title='bbox 1006 5155 1184 5227; x_wconf 81' lang='lat' dir='ltr'><strong>igitur</strong></span> <span class='ocrx_word' id='word_1_466' title='bbox 1213 5155 1362 5210; x_wconf 90' lang='lat' dir='ltr'><strong>Deus</strong></span> <span class='ocrx_word' id='word_1_467' title='bbox 1391 5153 1524 5209; x_wconf 90' lang='lat' dir='ltr'><strong>dare</strong></span> <span class='ocrx_word' id='word_1_468' title='bbox 1553 5153 1775 5216; x_wconf 86' lang='lat' dir='ltr'><strong>homini</strong></span> <span class='ocrx_word' id='word_1_469' title='bbox 1803 5154 1872 5209; x_wconf 90' lang='lat' dir='ltr'><strong>li-</strong></span> 
     </span>
    </p>
   </div>
   <div class='ocr_carea' id='block_1_56' title="bbox 165 5246 774 5302">
    <p class='ocr_par' dir='ltr' id='par_1_56' title="bbox 165 5246 774 5302">
     <span class='ocr_line' id='line_1_56' title="bbox 165 5246 774 5302; baseline -0.008 0"><span class='ocrx_word' id='word_1_470' title='bbox 165 5248 369 5302; x_wconf 89' lang='lat' dir='ltr'><strong>beram</strong></span> <span class='ocrx_word' id='word_1_471' title='bbox 398 5246 774 5301; x_wconf 85' lang='lat' dir='ltr'><strong>voluntatem.</strong></span> 
     </span>
    </p>
   </div>
   <div class='ocr_carea' id='block_1_57' title="bbox 167 5332 1874 5402">
    <p class='ocr_par' dir='ltr' id='par_1_57' title="bbox 167 5332 1874 5402">
     <span class='ocr_line' id='line_1_57' title="bbox 167 5332 1874 5402; baseline -0.002 -10"><span class='ocrx_word' id='word_1_472' title='bbox 167 5337 400 5392; x_wconf 85' lang='lat' dir='ltr'><strong>CAPUT</strong></span> <span class='ocrx_word' id='word_1_473' title='bbox 449 5334 518 5390; x_wconf 90' lang='grc' dir='ltr'><strong>Ιῐ.</strong></span> <span class='ocrx_word' id='word_1_474' title='bbox 579 5362 643 5373; x_wconf 90' lang='lat'>—</span> <span class='ocrx_word' id='word_1_475' title='bbox 704 5332 940 5402; x_wconf 85' lang='lat' dir='ltr'><strong>Objectio</strong></span> <span class='ocrx_word' id='word_1_476' title='bbox 972 5351 989 5386; x_wconf 90' lang='lat'><strong><em>:</em></strong></span> <span class='ocrx_word' id='word_1_477' title='bbox 1019 5332 1275 5387; x_wconf 85' lang='lat' dir='ltr'><strong>Liberum</strong></span> <span class='ocrx_word' id='word_1_478' title='bbox 1329 5333 1644 5400; x_wconf 78' lang='lat' dir='ltr'><strong>arbitrium,</strong></span> <span class='ocrx_word' id='word_1_479' title='bbox 1711 5334 1761 5388; x_wconf 87' lang='lat' dir='ltr'><strong>si</strong></span> <span class='ocrx_word' id='word_1_480' title='bbox 1800 5333 1874 5388; x_wconf 84' lang='lat' dir='ltr'><strong>ad</strong></span> 
     </span>
    </p>
   </div>
   <div class='ocr_carea' id='block_1_58' title="bbox 317 5421 1727 5491">
    <p class='ocr_par' dir='ltr' id='par_1_58' title="bbox 317 5421 1727 5491">
     <span class='ocr_line' id='line_1_58' title="bbox 317 5421 1727 5491; baseline -0.002 -11"><span class='ocrx_word' id='word_1_481' title='bbox 317 5427 511 5480; x_wconf 83' lang='lat' dir='ltr'><strong>bonum</strong></span> <span class='ocrx_word' id='word_1_482' title='bbox 541 5423 732 5477; x_wconf 86' lang='lat' dir='ltr'><strong>datum</strong></span> <span class='ocrx_word' id='word_1_483' title='bbox 762 5427 860 5488; x_wconf 81' lang='lat' dir='ltr'><strong>est,</strong></span> <span class='ocrx_word' id='word_1_484' title='bbox 886 5421 1146 5491; x_wconf 86' lang='lat' dir='ltr'><strong>quomodo</strong></span> <span class='ocrx_word' id='word_1_485' title='bbox 1177 5422 1250 5476; x_wconf 86' lang='lat' dir='ltr'><strong>ad</strong></span> <span class='ocrx_word' id='word_1_486' title='bbox 1297 5424 1500 5478; x_wconf 79' lang='lat' dir='ltr'><strong>malum</strong></span> <span class='ocrx_word' id='word_1_487' title='bbox 1531 5424 1727 5491; x_wconf 69' lang='lat' dir='ltr'><strong>ﬂexile.</strong></span> 
     </span>
    </p>
   </div>
   <div class='ocr_carea' id='block_1_59' title="bbox 239 5511 1872 5571">
    <p class='ocr_par' dir='ltr' id='par_1_59' title="bbox 239 5511 1872 5571">
     <span class='ocr_line' id='line_1_59' title="bbox 239 5511 1872 5571; baseline -0.002 -1"><span class='ocrx_word' id='word_1_488' title='bbox 239 5517 296 5570; x_wconf 80' lang='grc'><strong>4.</strong></span> <span class='ocrx_word' id='word_1_489' title='bbox 329 5518 392 5571; x_wconf 89' lang='grc' dir='ltr'><strong>Ε.</strong></span> <span class='ocrx_word' id='word_1_490' title='bbox 425 5516 550 5569; x_wconf 85' lang='lat' dir='ltr'><strong>Jam</strong></span> <span class='ocrx_word' id='word_1_491' title='bbox 573 5513 820 5567; x_wconf 89' lang='lat' dir='ltr'><strong>concedo</strong></span> <span class='ocrx_word' id='word_1_492' title='bbox 851 5527 978 5565; x_wconf 90' lang='lat' dir='ltr'><strong>eam</strong></span> <span class='ocrx_word' id='word_1_493' title='bbox 1035 5512 1216 5565; x_wconf 91' lang='lat' dir='ltr'><strong>Deum</strong></span> <span class='ocrx_word' id='word_1_494' title='bbox 1255 5511 1494 5567; x_wconf 91' lang='lat' dir='ltr'><strong>dedisse.</strong></span> <span class='ocrx_word' id='word_1_495' title='bbox 1538 5512 1646 5567; x_wconf 91' lang='lat' dir='ltr'><strong>Sed</strong></span> <span class='ocrx_word' id='word_1_496' title='bbox 1678 5527 1872 5567; x_wconf 88' lang='lat' dir='ltr'><strong>nonne</strong></span> 
     </span>
    </p>
   </div>
   <div class='ocr_carea' id='block_1_60' title="bbox 233 5608 1297 5675">
    <p class='ocr_par' dir='ltr' id='par_1_60' title="bbox 233 5608 1297 5675">
     <span class='ocr_line' id='line_1_60' title="bbox 233 5608 1297 5675; baseline -0.003 -15"><span class='ocrx_word' id='word_1_497' title='bbox 233 5612 310 5675; x_wconf 90' lang='lat' dir='ltr'><strong>(a)</strong></span> <span class='ocrx_word' id='word_1_498' title='bbox 342 5611 460 5662; x_wconf 87' lang='lat' dir='ltr'><strong>Vid.</strong></span> <span class='ocrx_word' id='word_1_499' title='bbox 491 5611 718 5662; x_wconf 84' lang='lat' dir='ltr'><strong>Retract.</strong></span> <span class='ocrx_word' id='word_1_500' title='bbox 748 5608 840 5659; x_wconf 92' lang='lat' dir='ltr'><strong>lib.</strong></span> <span class='ocrx_word' id='word_1_501' title='bbox 870 5611 915 5670; x_wconf 84' lang='grc'><strong>1,</strong></span> <span class='ocrx_word' id='word_1_502' title='bbox 946 5621 1059 5672; x_wconf 87' lang='lat' dir='ltr'><strong>cap.</strong></span> <span class='ocrx_word' id='word_1_503' title='bbox 1090 5609 1138 5668; x_wconf 89' lang='lat'><strong>9,</strong></span> <span class='ocrx_word' id='word_1_504' title='bbox 1164 5621 1218 5657; x_wconf 91' lang='lat' dir='ltr'><strong>n.</strong></span> <span class='ocrx_word' id='word_1_505' title='bbox 1251 5609 1297 5657; x_wconf 89' lang='lat'><strong>3.</strong></span> 
     </span>
    </p>
   </div>
   <div class='ocr_carea' id='block_1_61' title="bbox 1605 329 2238 388">
    <p class='ocr_par' dir='ltr' id='par_1_61' title="bbox 1605 329 2238 388">
     <span class='ocr_line' id='line_1_61' title="bbox 1605 329 2238 388; baseline 0 -3"><span class='ocrx_word' id='word_1_506' title='bbox 1605 330 1820 388; x_wconf 83' lang='lat' dir='ltr'><strong>LIBER</strong></span> <span class='ocrx_word' id='word_1_507' title='bbox 1858 329 2238 388; x_wconf 86' lang='lat' dir='ltr'><strong>SECUNDUS.</strong></span> 
     </span>
    </p>
   </div>
   <div class='ocr_carea' id='block_1_62' title="bbox 3531 334 3666 388">
    <p class='ocr_par' dir='ltr' id='par_1_62' title="bbox 3531 334 3666 388">
     <span class='ocr_line' id='line_1_62' title="bbox 3531 334 3666 388; baseline 0.015 -2"><span class='ocrx_word' id='word_1_508' title='bbox 3531 334 3550 386; x_wconf 89' lang='grc'><strong>1</strong></span> <span class='ocrx_word' id='word_1_509' title='bbox 3561 334 3666 388; x_wconf 77' lang='grc'><strong>242</strong></span> 
     </span>
    </p>
   </div>
   <div class='ocr_carea' id='block_1_63' title="bbox 1969 451 3668 527">
    <p class='ocr_par' dir='ltr' id='par_1_63' title="bbox 1969 451 3668 527">
     <span class='ocr_line' id='line_1_63' title="bbox 1969 451 3668 527; baseline -0.001 -17"><span class='ocrx_word' id='word_1_510' title='bbox 1969 454 2077 510; x_wconf 90' lang='lat' dir='ltr'><strong>tibi</strong></span> <span class='ocrx_word' id='word_1_511' title='bbox 2105 454 2352 522; x_wconf 88' lang='lat' dir='ltr'><strong>videtur,</strong></span> <span class='ocrx_word' id='word_1_512' title='bbox 2381 471 2575 527; x_wconf 72' lang='lat' dir='ltr'><strong>quasso</strong></span> <span class='ocrx_word' id='word_1_513' title='bbox 2606 459 2681 521; x_wconf 90' lang='lat' dir='ltr'><strong>te,</strong></span> <span class='ocrx_word' id='word_1_514' title='bbox 2711 453 2757 508; x_wconf 92' lang='lat' dir='ltr'><strong>si</strong></span> <span class='ocrx_word' id='word_1_515' title='bbox 2786 453 2859 509; x_wconf 88' lang='lat' dir='ltr'><strong>ad</strong></span> <span class='ocrx_word' id='word_1_516' title='bbox 2884 456 3036 508; x_wconf 89' lang='lat' dir='ltr'><strong>recte</strong></span> <span class='ocrx_word' id='word_1_517' title='bbox 3065 451 3392 508; x_wconf 83' lang='lat' dir='ltr'><strong>faciendum</strong></span> <span class='ocrx_word' id='word_1_518' title='bbox 3410 453 3541 508; x_wconf 89' lang='lat' dir='ltr'><strong>data</strong></span> <span class='ocrx_word' id='word_1_519' title='bbox 3558 457 3668 523; x_wconf 90' lang='lat' dir='ltr'><strong>est,</strong></span> 
     </span>
    </p>
   </div>
   <div class='ocr_carea' id='block_1_64' title="bbox 1971 541 3668 616">
    <p class='ocr_par' dir='ltr' id='par_1_64' title="bbox 1971 541 3668 616">
     <span class='ocr_line' id='line_1_64' title="bbox 1971 541 3668 616; baseline -0.002 -18"><span class='ocrx_word' id='word_1_520' title='bbox 1971 543 2124 616; x_wconf 90' lang='lat' dir='ltr'><strong>quod</strong></span> <span class='ocrx_word' id='word_1_521' title='bbox 2159 560 2270 598; x_wconf 90' lang='lat' dir='ltr'><strong>non</strong></span> <span class='ocrx_word' id='word_1_522' title='bbox 2300 544 2558 598; x_wconf 91' lang='lat' dir='ltr'><strong>debuerit</strong></span> <span class='ocrx_word' id='word_1_523' title='bbox 2578 544 2649 598; x_wconf 93' lang='lat' dir='ltr'><strong>ad</strong></span> <span class='ocrx_word' id='word_1_524' title='bbox 2677 543 3033 615; x_wconf 89' lang='lat' dir='ltr'><strong>peccandum</strong></span> <span class='ocrx_word' id='word_1_525' title='bbox 3069 558 3236 614; x_wconf 89' lang='lat' dir='ltr'><strong>posse</strong></span> <span class='ocrx_word' id='word_1_526' title='bbox 3264 542 3554 596; x_wconf 86' lang='lat' dir='ltr'><strong>converti?</strong></span> <span class='ocrx_word' id='word_1_527' title='bbox 3587 541 3668 596; x_wconf 93' lang='lat' dir='ltr'><strong>sic</strong></span> 
     </span>
    </p>
   </div>
   <div class='ocr_carea' id='block_1_65' title="bbox 1971 630 3664 703">
    <p class='ocr_par' dir='ltr' id='par_1_65' title="bbox 1971 630 3664 703">
     <span class='ocr_line' id='line_1_65' title="bbox 1971 630 3664 703; baseline -0.002 -17"><span class='ocrx_word' id='word_1_528' title='bbox 1971 636 2034 686; x_wconf 90' lang='lat' dir='ltr'><strong>ut</strong></span> <span class='ocrx_word' id='word_1_529' title='bbox 2062 633 2185 702; x_wconf 90' lang='lat' dir='ltr'><strong>ipsa</strong></span> <span class='ocrx_word' id='word_1_530' title='bbox 2210 631 2432 702; x_wconf 90' lang='lat' dir='ltr'><strong>justitia</strong></span> <span class='ocrx_word' id='word_1_531' title='bbox 2453 649 2582 703; x_wconf 65' lang='lat' dir='ltr'><strong>quas</strong></span> <span class='ocrx_word' id='word_1_532' title='bbox 2612 634 2744 687; x_wconf 90' lang='lat' dir='ltr'><strong>data</strong></span> <span class='ocrx_word' id='word_1_533' title='bbox 2774 637 2860 687; x_wconf 91' lang='lat' dir='ltr'><strong>est</strong></span> <span class='ocrx_word' id='word_1_534' title='bbox 2886 631 3110 686; x_wconf 89' lang='lat' dir='ltr'><strong>homini</strong></span> <span class='ocrx_word' id='word_1_535' title='bbox 3165 631 3234 686; x_wconf 92' lang='lat' dir='ltr'><strong>ad</strong></span> <span class='ocrx_word' id='word_1_536' title='bbox 3293 631 3439 686; x_wconf 90' lang='lat' dir='ltr'><strong>bene</strong></span> <span class='ocrx_word' id='word_1_537' title='bbox 3469 630 3664 684; x_wconf 81' lang='lat' dir='ltr'><strong>viven-</strong></span> 
     </span>
    </p>
   </div>
   <div class='ocr_carea' id='block_1_66' title="bbox 1972 717 3666 791">
    <p class='ocr_par' dir='ltr' id='par_1_66' title="bbox 1972 717 3666 791">
     <span class='ocr_line' id='line_1_66' title="bbox 1972 717 3666 791; baseline -0.002 -17"><span class='ocrx_word' id='word_1_538' title='bbox 1972 719 2110 774; x_wconf 91' lang='lat' dir='ltr'><strong>dum</strong></span> <span class='ocrx_word' id='word_1_539' title='bbox 2145 735 2159 773; x_wconf 90' lang='lat'>:</span> <span class='ocrx_word' id='word_1_540' title='bbox 2191 719 2473 790; x_wconf 90' lang='lat' dir='ltr'><strong>numquid</strong></span> <span class='ocrx_word' id='word_1_541' title='bbox 2506 720 2657 773; x_wconf 91' lang='lat' dir='ltr'><strong>enim</strong></span> <span class='ocrx_word' id='word_1_542' title='bbox 2687 724 2875 790; x_wconf 86' lang='lat' dir='ltr'><strong>potest</strong></span> <span class='ocrx_word' id='word_1_543' title='bbox 2912 718 3196 791; x_wconf 89' lang='lat' dir='ltr'><strong>quispiam</strong></span> <span class='ocrx_word' id='word_1_544' title='bbox 3251 734 3357 790; x_wconf 92' lang='lat' dir='ltr'><strong>per</strong></span> <span class='ocrx_word' id='word_1_545' title='bbox 3378 717 3666 788; x_wconf 89' lang='lat' dir='ltr'><strong>justitiam</strong></span> 
     </span>
    </p>
   </div>
   <div class='ocr_carea' id='block_1_67' title="bbox 1971 807 3669 879">
    <p class='ocr_par' dir='ltr' id='par_1_67' title="bbox 1971 807 3669 879">
     <span class='ocr_line' id='line_1_67' title="bbox 1971 807 3669 879; baseline -0.001 -18"><span class='ocrx_word' id='word_1_546' title='bbox 1971 823 2133 862; x_wconf 89' lang='lat' dir='ltr'><strong>suam</strong></span> <span class='ocrx_word' id='word_1_547' title='bbox 2159 809 2309 861; x_wconf 90' lang='lat' dir='ltr'><strong>male</strong></span> <span class='ocrx_word' id='word_1_548' title='bbox 2362 807 2548 861; x_wconf 90' lang='lat' dir='ltr'><strong>vivere</strong></span> <span class='ocrx_word' id='word_1_549' title='bbox 2566 808 2594 862; x_wconf 74' lang='lat' dir='ltr'><strong>‘I</strong></span> <span class='ocrx_word' id='word_1_550' title='bbox 2621 807 2710 862; x_wconf 92' lang='lat' dir='ltr'><strong>Sic</strong></span> <span class='ocrx_word' id='word_1_551' title='bbox 2764 824 2934 862; x_wconf 90' lang='lat' dir='ltr'><strong>nemo</strong></span> <span class='ocrx_word' id='word_1_552' title='bbox 2965 811 3154 879; x_wconf 90' lang='lat' dir='ltr'><strong>posset</strong></span> <span class='ocrx_word' id='word_1_553' title='bbox 3181 823 3284 879; x_wconf 90' lang='lat' dir='ltr'><strong>per</strong></span> <span class='ocrx_word' id='word_1_554' title='bbox 3313 807 3669 861; x_wconf 90' lang='lat' dir='ltr'><strong>voluntatem</strong></span> 
     </span>
    </p>
   </div>
   <div class='ocr_carea' id='block_1_68' title="bbox 1968 894 3662 969">
    <p class='ocr_par' dir='ltr' id='par_1_68' title="bbox 1968 894 3662 969">
     <span class='ocr_line' id='line_1_68' title="bbox 1968 894 3662 969; baseline 0 -19"><span class='ocrx_word' id='word_1_555' title='bbox 1968 913 2221 969; x_wconf 88' lang='lat' dir='ltr'><strong>peccare,</strong></span> <span class='ocrx_word' id='word_1_556' title='bbox 2254 896 2302 950; x_wconf 90' lang='lat' dir='ltr'><strong>si</strong></span> <span class='ocrx_word' id='word_1_557' title='bbox 2330 897 2596 950; x_wconf 86' lang='lat' dir='ltr'><strong>voluntas</strong></span> <span class='ocrx_word' id='word_1_558' title='bbox 2623 896 2752 950; x_wconf 90' lang='lat' dir='ltr'><strong>data</strong></span> <span class='ocrx_word' id='word_1_559' title='bbox 2803 901 2949 951; x_wconf 90' lang='lat' dir='ltr'><strong>esset</strong></span> <span class='ocrx_word' id='word_1_560' title='bbox 2978 897 3047 950; x_wconf 91' lang='lat' dir='ltr'><strong>ad</strong></span> <span class='ocrx_word' id='word_1_561' title='bbox 3105 901 3257 950; x_wconf 92' lang='lat' dir='ltr'><strong>recte</strong></span> <span class='ocrx_word' id='word_1_562' title='bbox 3313 894 3662 950; x_wconf 89' lang='lat' dir='ltr'><strong>faciendum.</strong></span> 
     </span>
    </p>
   </div>
   <div class='ocr_carea' id='block_1_69' title="bbox 1969 984 3664 1056">
    <p class='ocr_par' dir='ltr' id='par_1_69' title="bbox 1969 984 3664 1056">
     <span class='ocr_line' id='line_1_69' title="bbox 1969 984 3664 1056; baseline -0.002 -16"><span class='ocrx_word' id='word_1_563' title='bbox 1969 987 2040 1041; x_wconf 87' lang='lat' dir='ltr'><strong>A.</strong></span> <span class='ocrx_word' id='word_1_564' title='bbox 2073 985 2319 1040; x_wconf 89' lang='lat' dir='ltr'><strong>Donabit</strong></span> <span class='ocrx_word' id='word_1_565' title='bbox 2345 984 2576 1056; x_wconf 91' lang='lat' dir='ltr'><strong>quidem</strong></span> <span class='ocrx_word' id='word_1_566' title='bbox 2607 986 2778 1050; x_wconf 91' lang='lat' dir='ltr'><strong>Deus,</strong></span> <span class='ocrx_word' id='word_1_567' title='bbox 2801 988 2864 1038; x_wconf 90' lang='lat' dir='ltr'><strong>ut</strong></span> <span class='ocrx_word' id='word_1_568' title='bbox 2893 1000 3081 1054; x_wconf 87' lang='lat' dir='ltr'><strong>spero,</strong></span> <span class='ocrx_word' id='word_1_569' title='bbox 3113 992 3178 1038; x_wconf 89' lang='lat' dir='ltr'><strong>ut</strong></span> <span class='ocrx_word' id='word_1_570' title='bbox 3197 984 3304 1039; x_wconf 89' lang='lat' dir='ltr'><strong>tibi</strong></span> <span class='ocrx_word' id='word_1_571' title='bbox 3326 984 3542 1037; x_wconf 89' lang='lat' dir='ltr'><strong>valeam</strong></span> <span class='ocrx_word' id='word_1_572' title='bbox 3573 998 3664 1036; x_wconf 84' lang='lat' dir='ltr'><strong>re-</strong></span> 
     </span>
    </p>
   </div>
   <div class='ocr_carea' id='block_1_70' title="bbox 1971 1072 3668 1145">
    <p class='ocr_par' dir='ltr' id='par_1_70' title="bbox 1971 1072 3668 1145">
     <span class='ocr_line' id='line_1_70' title="bbox 1971 1072 3668 1145; baseline -0.002 -17"><span class='ocrx_word' id='word_1_573' title='bbox 1971 1074 2273 1145; x_wconf 89' lang='lat' dir='ltr'><strong>spondere,</strong></span> <span class='ocrx_word' id='word_1_574' title='bbox 2304 1075 2390 1128; x_wconf 91' lang='lat' dir='ltr'><strong>vel</strong></span> <span class='ocrx_word' id='word_1_575' title='bbox 2422 1074 2614 1144; x_wconf 89' lang='lat' dir='ltr'><strong>potius</strong></span> <span class='ocrx_word' id='word_1_576' title='bbox 2644 1078 2708 1127; x_wconf 92' lang='lat' dir='ltr'><strong>ut</strong></span> <span class='ocrx_word' id='word_1_577' title='bbox 2727 1072 2849 1143; x_wconf 92' lang='lat' dir='ltr'><strong>ipse</strong></span> <span class='ocrx_word' id='word_1_578' title='bbox 2877 1073 2981 1127; x_wconf 89' lang='lat' dir='ltr'><strong>tibi</strong></span> <span class='ocrx_word' id='word_1_579' title='bbox 3015 1074 3234 1139; x_wconf 87' lang='lat' dir='ltr'><strong>eadem,</strong></span> <span class='ocrx_word' id='word_1_580' title='bbox 3267 1089 3395 1145; x_wconf 83' lang='lat' dir='ltr'><strong>quae</strong></span> <span class='ocrx_word' id='word_1_581' title='bbox 3441 1087 3668 1126; x_wconf 90' lang='lat' dir='ltr'><strong>summa</strong></span> 
     </span>
    </p>
   </div>
   <div class='ocr_carea' id='block_1_71' title="bbox 1971 1161 3663 1233">
    <p class='ocr_par' dir='ltr' id='par_1_71' title="bbox 1971 1161 3663 1233">
     <span class='ocr_line' id='line_1_71' title="bbox 1971 1161 3663 1233; baseline -0.001 -16"><span class='ocrx_word' id='word_1_582' title='bbox 1971 1163 2231 1218; x_wconf 91' lang='lat' dir='ltr'><strong>omnium</strong></span> <span class='ocrx_word' id='word_1_583' title='bbox 2255 1162 2528 1233; x_wconf 89' lang='lat' dir='ltr'><strong>magistra</strong></span> <span class='ocrx_word' id='word_1_584' title='bbox 2552 1166 2636 1215; x_wconf 91' lang='lat' dir='ltr'><strong>est</strong></span> <span class='ocrx_word' id='word_1_585' title='bbox 2661 1161 2900 1216; x_wconf 88' lang='lat' dir='ltr'><strong>veritate</strong></span> <span class='ocrx_word' id='word_1_586' title='bbox 2954 1161 3107 1216; x_wconf 90' lang='lat' dir='ltr'><strong>intus</strong></span> <span class='ocrx_word' id='word_1_587' title='bbox 3137 1163 3371 1217; x_wconf 90' lang='lat' dir='ltr'><strong>docente</strong></span> <span class='ocrx_word' id='word_1_588' title='bbox 3423 1177 3663 1232; x_wconf 90' lang='lat' dir='ltr'><strong>respon-</strong></span> 
     </span>
    </p>
   </div>
   <div class='ocr_carea' id='block_1_72' title="bbox 1972 1242 3666 1321">
    <p class='ocr_par' dir='ltr' id='par_1_72' title="bbox 1972 1242 3666 1321">
     <span class='ocr_line' id='line_1_72' title="bbox 1972 1242 3666 1321; baseline -0.001 -15"><span class='ocrx_word' id='word_1_589' title='bbox 1972 1251 2124 1306; x_wconf 89' lang='lat' dir='ltr'><strong>deas.</strong></span> <span class='ocrx_word' id='word_1_590' title='bbox 2158 1251 2265 1307; x_wconf 92' lang='lat' dir='ltr'><strong>Sed</strong></span> <span class='ocrx_word' id='word_1_591' title='bbox 2291 1251 2586 1321; x_wconf 88' lang='lat' dir='ltr'><strong>paulisper</strong></span> <span class='ocrx_word' id='word_1_592' title='bbox 2609 1249 2751 1304; x_wconf 90' lang='lat' dir='ltr'><strong>mihi</strong></span> <span class='ocrx_word' id='word_1_593' title='bbox 2777 1251 2906 1304; x_wconf 93' lang='lat' dir='ltr'><strong>volo</strong></span> <span class='ocrx_word' id='word_1_594' title='bbox 2952 1249 3175 1314; x_wconf 90' lang='lat' dir='ltr'><strong>dicas,si</strong></span> <span class='ocrx_word' id='word_1_595' title='bbox 3204 1250 3264 1305; x_wconf 90' lang='lat' dir='ltr'><strong>id</strong></span> <span class='ocrx_word' id='word_1_596' title='bbox 3293 1251 3443 1321; x_wconf 86' lang='lat' dir='ltr'><strong>quod</strong></span> <span class='ocrx_word' id='word_1_597' title='bbox 3474 1242 3580 1304; x_wconf 83' lang='lat' dir='ltr'><strong>abs</strong></span> <span class='ocrx_word' id='word_1_598' title='bbox 3607 1253 3666 1304; x_wconf 87' lang='lat' dir='ltr'><strong>te</strong></span> 
     </span>
    </p>
   </div>
   <div class='ocr_carea' id='block_1_73' title="bbox 1973 1336 3666 1412">
    <p class='ocr_par' dir='ltr' id='par_1_73' title="bbox 1973 1336 3666 1412">
     <span class='ocr_line' id='line_1_73' title="bbox 1973 1336 3666 1412; baseline -0.002 -17"><span class='ocrx_word' id='word_1_599' title='bbox 1973 1340 2370 1412; x_wconf 67' lang='lat' dir='ltr'><strong>qumsiveram,</strong></span> <span class='ocrx_word' id='word_1_600' title='bbox 2403 1345 2622 1394; x_wconf 90' lang='lat' dir='ltr'><strong>certum</strong></span> <span class='ocrx_word' id='word_1_601' title='bbox 2653 1342 2708 1393; x_wconf 90' lang='lat' dir='ltr'><strong>et</strong></span> <span class='ocrx_word' id='word_1_602' title='bbox 2731 1338 3024 1410; x_wconf 88' lang='lat' dir='ltr'><strong>cognitum</strong></span> <span class='ocrx_word' id='word_1_603' title='bbox 3053 1341 3231 1404; x_wconf 90' lang='lat' dir='ltr'><strong>tenes,</strong></span> <span class='ocrx_word' id='word_1_604' title='bbox 3292 1339 3470 1392; x_wconf 90' lang='lat' dir='ltr'><strong>Deum</strong></span> <span class='ocrx_word' id='word_1_605' title='bbox 3500 1336 3666 1392; x_wconf 91' lang='lat' dir='ltr'><strong>nobis</strong></span> 
     </span>
    </p>
   </div>
   <div class='ocr_carea' id='block_1_74' title="bbox 1973 1427 3667 1496">
    <p class='ocr_par' dir='ltr' id='par_1_74' title="bbox 1973 1427 3667 1496">
     <span class='ocr_line' id='line_1_74' title="bbox 1973 1427 3667 1496; baseline -0.002 -12"><span class='ocrx_word' id='word_1_606' title='bbox 1973 1430 2194 1485; x_wconf 92' lang='lat' dir='ltr'><strong>dedisse</strong></span> <span class='ocrx_word' id='word_1_607' title='bbox 2215 1429 2454 1484; x_wconf 90' lang='lat' dir='ltr'><strong>liberam</strong></span> <span class='ocrx_word' id='word_1_608' title='bbox 2486 1429 2863 1496; x_wconf 89' lang='lat' dir='ltr'><strong>voluntatem,</strong></span> <span class='ocrx_word' id='word_1_609' title='bbox 2918 1432 3116 1482; x_wconf 88' lang='lat' dir='ltr'><strong>utrum</strong></span> <span class='ocrx_word' id='word_1_610' title='bbox 3165 1430 3424 1496; x_wconf 88' lang='lat' dir='ltr'><strong>oporteat</strong></span> <span class='ocrx_word' id='word_1_611' title='bbox 3478 1427 3667 1480; x_wconf 89' lang='lat' dir='ltr'><strong>dicere</strong></span> 
     </span>
    </p>
   </div>
   <div class='ocr_carea' id='block_1_75' title="bbox 1973 1515 3666 1589">
    <p class='ocr_par' dir='ltr' id='par_1_75' title="bbox 1973 1515 3666 1589">
     <span class='ocr_line' id='line_1_75' title="bbox 1973 1515 3666 1589; baseline -0.002 -16"><span class='ocrx_word' id='word_1_612' title='bbox 1973 1519 2098 1574; x_wconf 90' lang='lat' dir='ltr'><strong>dari</strong></span> <span class='ocrx_word' id='word_1_613' title='bbox 2128 1535 2246 1572; x_wconf 90' lang='lat' dir='ltr'><strong>non</strong></span> <span class='ocrx_word' id='word_1_614' title='bbox 2292 1518 2567 1584; x_wconf 88' lang='lat' dir='ltr'><strong>debuisse,</strong></span> <span class='ocrx_word' id='word_1_615' title='bbox 2619 1517 2770 1589; x_wconf 93' lang='lat' dir='ltr'><strong>quod</strong></span> <span class='ocrx_word' id='word_1_616' title='bbox 2799 1516 3018 1571; x_wconf 90' lang='lat' dir='ltr'><strong>dedisse</strong></span> <span class='ocrx_word' id='word_1_617' title='bbox 3069 1515 3408 1570; x_wconf 89' lang='lat' dir='ltr'><strong>conﬁtemur</strong></span> <span class='ocrx_word' id='word_1_618' title='bbox 3465 1516 3666 1570; x_wconf 88' lang='lat' dir='ltr'><strong>Deum.</strong></span> 
     </span>
    </p>
   </div>
   <div class='ocr_carea' id='block_1_76' title="bbox 1972 1603 3673 1675">
    <p class='ocr_par' dir='ltr' id='par_1_76' title="bbox 1972 1603 3673 1675">
     <span class='ocr_line' id='line_1_76' title="bbox 1972 1603 3673 1675; baseline -0.004 -13"><span class='ocrx_word' id='word_1_619' title='bbox 1972 1607 2030 1664; x_wconf 93' lang='lat' dir='ltr'><strong>Si</strong></span> <span class='ocrx_word' id='word_1_620' title='bbox 2060 1607 2214 1662; x_wconf 91' lang='lat' dir='ltr'><strong>enim</strong></span> <span class='ocrx_word' id='word_1_621' title='bbox 2242 1607 2524 1661; x_wconf 89' lang='lat' dir='ltr'><strong>incertum</strong></span> <span class='ocrx_word' id='word_1_622' title='bbox 2551 1611 2635 1661; x_wconf 92' lang='lat' dir='ltr'><strong>est</strong></span> <span class='ocrx_word' id='word_1_623' title='bbox 2661 1610 2858 1661; x_wconf 88' lang='lat' dir='ltr'><strong>utrum</strong></span> <span class='ocrx_word' id='word_1_624' title='bbox 2890 1605 3127 1671; x_wconf 91' lang='lat' dir='ltr'><strong>dederit,</strong></span> <span class='ocrx_word' id='word_1_625' title='bbox 3166 1608 3316 1659; x_wconf 91' lang='lat' dir='ltr'><strong>recte</strong></span> <span class='ocrx_word' id='word_1_626' title='bbox 3360 1603 3673 1675; x_wconf 67' lang='lat' dir='ltr'><strong>quaerimus</strong></span> 
     </span>
    </p>
   </div>
   <div class='ocr_carea' id='block_1_77' title="bbox 1971 1691 3672 1761">
    <p class='ocr_par' dir='ltr' id='par_1_77' title="bbox 1971 1691 3672 1761">
     <span class='ocr_line' id='line_1_77' title="bbox 1971 1691 3672 1761; baseline -0.003 -11"><span class='ocrx_word' id='word_1_627' title='bbox 1971 1701 2167 1750; x_wconf 91' lang='lat' dir='ltr'><strong>utrum</strong></span> <span class='ocrx_word' id='word_1_628' title='bbox 2197 1696 2342 1750; x_wconf 88' lang='lat' dir='ltr'><strong>bene</strong></span> <span class='ocrx_word' id='word_1_629' title='bbox 2371 1696 2443 1749; x_wconf 91' lang='lat' dir='ltr'><strong>sit</strong></span> <span class='ocrx_word' id='word_1_630' title='bbox 2465 1695 2610 1761; x_wconf 90' lang='lat' dir='ltr'><strong>data,</strong></span> <span class='ocrx_word' id='word_1_631' title='bbox 2645 1699 2709 1748; x_wconf 91' lang='lat' dir='ltr'><strong>ut</strong></span> <span class='ocrx_word' id='word_1_632' title='bbox 2738 1710 2866 1748; x_wconf 90' lang='lat' dir='ltr'><strong>cum</strong></span> <span class='ocrx_word' id='word_1_633' title='bbox 2895 1692 3284 1748; x_wconf 88' lang='lat' dir='ltr'><strong>invenerimus</strong></span> <span class='ocrx_word' id='word_1_634' title='bbox 3311 1692 3457 1746; x_wconf 88' lang='lat' dir='ltr'><strong>bene</strong></span> <span class='ocrx_word' id='word_1_635' title='bbox 3480 1691 3672 1745; x_wconf 84' lang='lat' dir='ltr'><strong>datam</strong></span> 
     </span>
    </p>
   </div>
   <div class='ocr_carea' id='block_1_78' title="bbox 1973 1779 3674 1854">
    <p class='ocr_par' dir='ltr' id='par_1_78' title="bbox 1973 1779 3674 1854">
     <span class='ocr_line' id='line_1_78' title="bbox 1973 1779 3674 1854; baseline -0.005 -12"><span class='ocrx_word' id='word_1_636' title='bbox 1973 1802 2114 1854; x_wconf 88' lang='lat' dir='ltr'><strong>esse,</strong></span> <span class='ocrx_word' id='word_1_637' title='bbox 2162 1784 2489 1839; x_wconf 89' lang='lat' dir='ltr'><strong>inveniatur</strong></span> <span class='ocrx_word' id='word_1_638' title='bbox 2517 1783 2688 1838; x_wconf 89' lang='lat' dir='ltr'><strong>etiam</strong></span> <span class='ocrx_word' id='word_1_639' title='bbox 2718 1784 2882 1837; x_wconf 91' lang='lat' dir='ltr'><strong>illum</strong></span> <span class='ocrx_word' id='word_1_640' title='bbox 2939 1782 3184 1851; x_wconf 90' lang='lat' dir='ltr'><strong>dedisse,</strong></span> <span class='ocrx_word' id='word_1_641' title='bbox 3213 1798 3246 1835; x_wconf 90' lang='lat' dir='ltr'><strong>a</strong></span> <span class='ocrx_word' id='word_1_642' title='bbox 3274 1797 3389 1852; x_wconf 91' lang='lat' dir='ltr'><strong>quo</strong></span> <span class='ocrx_word' id='word_1_643' title='bbox 3444 1779 3674 1835; x_wconf 89' lang='lat' dir='ltr'><strong>homini</strong></span> 
     </span>
    </p>
   </div>
   <div class='ocr_carea' id='block_1_79' title="bbox 1971 1869 3674 1930">
    <p class='ocr_par' dir='ltr' id='par_1_79' title="bbox 1971 1869 3674 1930">
     <span class='ocr_line' id='line_1_79' title="bbox 1971 1869 3674 1930; baseline -0.005 0"><span class='ocrx_word' id='word_1_644' title='bbox 1971 1875 2104 1930; x_wconf 90' lang='lat' dir='ltr'><strong>data</strong></span> <span class='ocrx_word' id='word_1_645' title='bbox 2133 1878 2265 1928; x_wconf 91' lang='lat' dir='ltr'><strong>sunt</strong></span> <span class='ocrx_word' id='word_1_646' title='bbox 2296 1873 2486 1927; x_wconf 90' lang='lat' dir='ltr'><strong>omnia</strong></span> <span class='ocrx_word' id='word_1_647' title='bbox 2543 1873 2697 1927; x_wconf 89' lang='lat' dir='ltr'><strong>bona</strong></span> <span class='ocrx_word' id='word_1_648' title='bbox 2720 1873 2740 1908; x_wconf 77' lang='grc' dir='ltr'>ί</span> <span class='ocrx_word' id='word_1_649' title='bbox 2766 1887 2779 1928; x_wconf 89' lang='lat'><strong>:</strong></span> <span class='ocrx_word' id='word_1_650' title='bbox 2812 1871 2858 1925; x_wconf 90' lang='lat' dir='ltr'><strong>si</strong></span> <span class='ocrx_word' id='word_1_651' title='bbox 2888 1875 3079 1925; x_wconf 90' lang='lat' dir='ltr'><strong>autem</strong></span> <span class='ocrx_word' id='word_1_652' title='bbox 3110 1869 3499 1924; x_wconf 89' lang='lat' dir='ltr'><strong>invenerimus</strong></span> <span class='ocrx_word' id='word_1_653' title='bbox 3555 1884 3674 1923; x_wconf 91' lang='lat' dir='ltr'><strong>non</strong></span> 
     </span>
    </p>
   </div>
   <div class='ocr_carea' id='block_1_80' title="bbox 1972 1959 3674 2030">
    <p class='ocr_par' dir='ltr' id='par_1_80' title="bbox 1972 1959 3674 2030">
     <span class='ocr_line' id='line_1_80' title="bbox 1972 1959 3674 2030; baseline -0.004 -12"><span class='ocrx_word' id='word_1_654' title='bbox 1972 1963 2118 2018; x_wconf 90' lang='lat' dir='ltr'><strong>bene</strong></span> <span class='ocrx_word' id='word_1_655' title='bbox 2152 1963 2341 2018; x_wconf 90' lang='lat' dir='ltr'><strong>datam</strong></span> <span class='ocrx_word' id='word_1_656' title='bbox 2372 1978 2512 2023; x_wconf 91' lang='lat' dir='ltr'><strong>esse,</strong></span> <span class='ocrx_word' id='word_1_657' title='bbox 2529 1978 2644 2016; x_wconf 92' lang='lat' dir='ltr'><strong>non</strong></span> <span class='ocrx_word' id='word_1_658' title='bbox 2659 1977 2790 2015; x_wconf 91' lang='lat' dir='ltr'><strong>eum</strong></span> <span class='ocrx_word' id='word_1_659' title='bbox 2803 1960 3026 2015; x_wconf 91' lang='lat' dir='ltr'><strong>dedisse</strong></span> <span class='ocrx_word' id='word_1_660' title='bbox 3055 1959 3466 2030; x_wconf 86' lang='lat' dir='ltr'><strong>intelligamus,</strong></span> <span class='ocrx_word' id='word_1_661' title='bbox 3498 1973 3674 2030; x_wconf 90' lang='lat' dir='ltr'><strong>quem</strong></span> 
     </span>
    </p>
   </div>
   <div class='ocr_carea' id='block_1_81' title="bbox 1973 2046 3672 2123">
    <p class='ocr_par' dir='ltr' id='par_1_81' title="bbox 1973 2046 3672 2123">
     <span class='ocr_line' id='line_1_81' title="bbox 1973 2046 3672 2123; baseline -0.004 -16"><span class='ocrx_word' id='word_1_662' title='bbox 1973 2054 2202 2123; x_wconf 88' lang='lat' dir='ltr'><strong>culpare</strong></span> <span class='ocrx_word' id='word_1_663' title='bbox 2233 2051 2394 2106; x_wconf 85' lang='lat' dir='ltr'><strong>nefas</strong></span> <span class='ocrx_word' id='word_1_664' title='bbox 2426 2056 2527 2106; x_wconf 90' lang='lat' dir='ltr'><strong>est.</strong></span> <span class='ocrx_word' id='word_1_665' title='bbox 2559 2050 2616 2105; x_wconf 92' lang='lat' dir='ltr'><strong>Si</strong></span> <span class='ocrx_word' id='word_1_666' title='bbox 2640 2065 2772 2104; x_wconf 87' lang='lat' dir='ltr'><strong>vero</strong></span> <span class='ocrx_word' id='word_1_667' title='bbox 2803 2054 3023 2104; x_wconf 90' lang='lat' dir='ltr'><strong>certum</strong></span> <span class='ocrx_word' id='word_1_668' title='bbox 3053 2053 3137 2103; x_wconf 91' lang='lat' dir='ltr'><strong>est</strong></span> <span class='ocrx_word' id='word_1_669' title='bbox 3176 2048 3331 2120; x_wconf 89' lang='lat' dir='ltr'><strong>quod</strong></span> <span class='ocrx_word' id='word_1_670' title='bbox 3360 2048 3481 2118; x_wconf 89' lang='lat' dir='ltr'><strong>ipse</strong></span> <span class='ocrx_word' id='word_1_671' title='bbox 3511 2046 3672 2101; x_wconf 89' lang='lat' dir='ltr'><strong>illam</strong></span> 
     </span>
    </p>
   </div>
   <div class='ocr_carea' id='block_1_82' title="bbox 1976 2137 3675 2212">
    <p class='ocr_par' dir='ltr' id='par_1_82' title="bbox 1976 2137 3675 2212">
     <span class='ocr_line' id='line_1_82' title="bbox 1976 2137 3675 2212; baseline -0.004 -17"><span class='ocrx_word' id='word_1_672' title='bbox 1976 2140 2218 2209; x_wconf 90' lang='lat' dir='ltr'><strong>dederit,</strong></span> <span class='ocrx_word' id='word_1_673' title='bbox 2244 2144 2468 2212; x_wconf 91' lang='lat' dir='ltr'><strong>oportet</strong></span> <span class='ocrx_word' id='word_1_674' title='bbox 2496 2140 2797 2206; x_wconf 87' lang='lat' dir='ltr'><strong>fateamur,</strong></span> <span class='ocrx_word' id='word_1_675' title='bbox 2829 2154 3058 2210; x_wconf 89' lang='lat' dir='ltr'><strong>quoquo</strong></span> <span class='ocrx_word' id='word_1_676' title='bbox 3088 2138 3258 2192; x_wconf 91' lang='lat' dir='ltr'><strong>modo</strong></span> <span class='ocrx_word' id='word_1_677' title='bbox 3290 2137 3421 2192; x_wconf 91' lang='lat' dir='ltr'><strong>data</strong></span> <span class='ocrx_word' id='word_1_678' title='bbox 3446 2139 3549 2203; x_wconf 91' lang='lat' dir='ltr'><strong>est,</strong></span> <span class='ocrx_word' id='word_1_679' title='bbox 3579 2151 3675 2189; x_wconf 85' lang='lat' dir='ltr'><strong>ne-</strong></span> 
     </span>
    </p>
   </div>
   <div class='ocr_carea' id='block_1_83' title="bbox 1977 2225 3670 2302">
    <p class='ocr_par' dir='ltr' id='par_1_83' title="bbox 1977 2225 3670 2302">
     <span class='ocr_line' id='line_1_83' title="bbox 1977 2225 3670 2302; baseline -0.005 -17"><span class='ocrx_word' id='word_1_680' title='bbox 1977 2247 2088 2302; x_wconf 94' lang='lat' dir='ltr'><strong>que</strong></span> <span class='ocrx_word' id='word_1_681' title='bbox 2118 2246 2235 2284; x_wconf 91' lang='lat' dir='ltr'><strong>non</strong></span> <span class='ocrx_word' id='word_1_682' title='bbox 2265 2230 2408 2296; x_wconf 89' lang='lat' dir='ltr'><strong>dari,</strong></span> <span class='ocrx_word' id='word_1_683' title='bbox 2440 2245 2626 2300; x_wconf 88' lang='lat' dir='ltr'><strong>neque</strong></span> <span class='ocrx_word' id='word_1_684' title='bbox 2658 2228 2822 2282; x_wconf 88' lang='lat' dir='ltr'><strong>aliter</strong></span> <span class='ocrx_word' id='word_1_685' title='bbox 2848 2227 2972 2281; x_wconf 91' lang='lat' dir='ltr'><strong>dari</strong></span> <span class='ocrx_word' id='word_1_686' title='bbox 3028 2242 3155 2280; x_wconf 90' lang='lat' dir='ltr'><strong>eam</strong></span> <span class='ocrx_word' id='word_1_687' title='bbox 3208 2225 3466 2280; x_wconf 90' lang='lat' dir='ltr'><strong>debuisse</strong></span> <span class='ocrx_word' id='word_1_688' title='bbox 3495 2239 3670 2295; x_wconf 90' lang='lat' dir='ltr'><strong>quam</strong></span> 
     </span>
    </p>
   </div>
   <div class='ocr_carea' id='block_1_84' title="bbox 1976 2314 3672 2386">
    <p class='ocr_par' dir='ltr' id='par_1_84' title="bbox 1976 2314 3672 2386">
     <span class='ocr_line' id='line_1_84' title="bbox 1976 2314 3672 2386; baseline -0.004 -13"><span class='ocrx_word' id='word_1_689' title='bbox 1976 2320 2106 2374; x_wconf 86' lang='lat' dir='ltr'><strong>data</strong></span> <span class='ocrx_word' id='word_1_690' title='bbox 2135 2323 2239 2373; x_wconf 92' lang='lat' dir='ltr'><strong>est.</strong></span> <span class='ocrx_word' id='word_1_691' title='bbox 2271 2319 2369 2372; x_wconf 92' lang='lat' dir='ltr'><strong>Ille</strong></span> <span class='ocrx_word' id='word_1_692' title='bbox 2398 2317 2552 2372; x_wconf 88' lang='lat' dir='ltr'><strong>enim</strong></span> <span class='ocrx_word' id='word_1_693' title='bbox 2577 2316 2751 2382; x_wconf 89' lang='lat' dir='ltr'><strong>dedit,</strong></span> <span class='ocrx_word' id='word_1_694' title='bbox 2810 2316 2972 2386; x_wconf 89' lang='lat' dir='ltr'><strong>cujus</strong></span> <span class='ocrx_word' id='word_1_695' title='bbox 3028 2314 3241 2369; x_wconf 90' lang='lat' dir='ltr'><strong>factum</strong></span> <span class='ocrx_word' id='word_1_696' title='bbox 3287 2317 3439 2369; x_wconf 89' lang='lat' dir='ltr'><strong>recte</strong></span> <span class='ocrx_word' id='word_1_697' title='bbox 3479 2327 3672 2385; x_wconf 88' lang='lat' dir='ltr'><strong>repre-</strong></span> 
     </span>
    </p>
   </div>
   <div class='ocr_carea' id='block_1_85' title="bbox 1976 2406 3350 2481">
    <p class='ocr_par' dir='ltr' id='par_1_85' title="bbox 1976 2406 3350 2481">
     <span class='ocr_line' id='line_1_85' title="bbox 1976 2406 3350 2481; baseline -0.002 -18"><span class='ocrx_word' id='word_1_698' title='bbox 1976 2408 2152 2463; x_wconf 91' lang='lat' dir='ltr'><strong>hendi</strong></span> <span class='ocrx_word' id='word_1_699' title='bbox 2182 2406 2342 2460; x_wconf 92' lang='lat' dir='ltr'><strong>nullo</strong></span> <span class='ocrx_word' id='word_1_700' title='bbox 2371 2410 2535 2476; x_wconf 89' lang='lat' dir='ltr'><strong>pacto</strong></span> <span class='ocrx_word' id='word_1_701' title='bbox 2563 2409 2770 2476; x_wconf 88' lang='lat' dir='ltr'><strong>potest.</strong></span> <span class='ocrx_word' id='word_1_702' title='bbox 3339 2471 3350 2481; x_wconf 44' lang='lat'><em>.</em></span> 
     </span>
    </p>
   </div>
   <div class='ocr_carea' id='block_1_86' title="bbox 2049 2492 3673 2566">
    <p class='ocr_par' dir='ltr' id='par_1_86' title="bbox 2049 2492 3673 2566">
     <span class='ocr_line' id='line_1_86' title="bbox 2049 2492 3673 2566; baseline -0.004 -16"><span class='ocrx_word' id='word_1_703' title='bbox 2049 2499 2098 2550; x_wconf 85' lang='lat'><strong>5.</strong></span> <span class='ocrx_word' id='word_1_704' title='bbox 2133 2499 2196 2550; x_wconf 91' lang='grc' dir='ltr'><strong>Ε.</strong></span> <span class='ocrx_word' id='word_1_705' title='bbox 2231 2495 2570 2566; x_wconf 84' lang='lat' dir='ltr'><strong>Quanquam</strong></span> <span class='ocrx_word' id='word_1_706' title='bbox 2593 2495 2716 2549; x_wconf 66' lang='lat' dir='ltr'><strong>haec</strong></span> <span class='ocrx_word' id='word_1_707' title='bbox 2759 2493 3092 2548; x_wconf 90' lang='lat' dir='ltr'><strong>inconcussa</strong></span> <span class='ocrx_word' id='word_1_708' title='bbox 3140 2492 3252 2547; x_wconf 91' lang='lat' dir='ltr'><strong>ﬁde</strong></span> <span class='ocrx_word' id='word_1_709' title='bbox 3303 2495 3552 2558; x_wconf 90' lang='lat' dir='ltr'><strong>teneam,</strong></span> <span class='ocrx_word' id='word_1_710' title='bbox 3584 2493 3673 2544; x_wconf 78' lang='lat' dir='ltr'><strong>ta-</strong></span> 
     </span>
    </p>
   </div>
   <div class='ocr_carea' id='block_1_87' title="bbox 1977 2580 3676 2656">
    <p class='ocr_par' dir='ltr' id='par_1_87' title="bbox 1977 2580 3676 2656">
     <span class='ocr_line' id='line_1_87' title="bbox 1977 2580 3676 2656; baseline -0.003 -18"><span class='ocrx_word' id='word_1_711' title='bbox 1977 2600 2111 2638; x_wconf 90' lang='lat' dir='ltr'><strong>men</strong></span> <span class='ocrx_word' id='word_1_712' title='bbox 2139 2583 2274 2656; x_wconf 88' lang='lat' dir='ltr'><strong>quia</strong></span> <span class='ocrx_word' id='word_1_713' title='bbox 2303 2583 2628 2655; x_wconf 87' lang='lat' dir='ltr'><strong>cognitione</strong></span> <span class='ocrx_word' id='word_1_714' title='bbox 2666 2583 2922 2638; x_wconf 91' lang='lat' dir='ltr'><strong>nondum</strong></span> <span class='ocrx_word' id='word_1_715' title='bbox 2974 2587 3158 2643; x_wconf 85' lang='lat' dir='ltr'><strong>teneo,</strong></span> <span class='ocrx_word' id='word_1_716' title='bbox 3216 2580 3296 2635; x_wconf 92' lang='lat' dir='ltr'><strong>ita</strong></span> <span class='ocrx_word' id='word_1_717' title='bbox 3348 2595 3676 2651; x_wconf 64' lang='lat' dir='ltr'><strong>quaeramus</strong></span> 
     </span>
    </p>
   </div>
   <div class='ocr_carea' id='block_1_88' title="bbox 1978 2667 3675 2746">
    <p class='ocr_par' dir='ltr' id='par_1_88' title="bbox 1978 2667 3675 2746">
     <span class='ocr_line' id='line_1_88' title="bbox 1978 2667 3675 2746; baseline -0.005 -17"><span class='ocrx_word' id='word_1_718' title='bbox 1978 2673 2139 2746; x_wconf 79' lang='lat' dir='ltr'><strong>quasi</strong></span> <span class='ocrx_word' id='word_1_719' title='bbox 2165 2673 2360 2727; x_wconf 88' lang='lat' dir='ltr'><strong>omnia</strong></span> <span class='ocrx_word' id='word_1_720' title='bbox 2382 2673 2600 2728; x_wconf 89' lang='lat' dir='ltr'><strong>incerta</strong></span> <span class='ocrx_word' id='word_1_721' title='bbox 2626 2672 2756 2726; x_wconf 90' lang='lat' dir='ltr'><strong>sint.</strong></span> <span class='ocrx_word' id='word_1_722' title='bbox 2790 2671 2962 2726; x_wconf 90' lang='lat' dir='ltr'><strong>Video</strong></span> <span class='ocrx_word' id='word_1_723' title='bbox 2993 2670 3147 2724; x_wconf 90' lang='lat' dir='ltr'><strong>enirn</strong></span> <span class='ocrx_word' id='word_1_724' title='bbox 3179 2685 3245 2724; x_wconf 85' lang='lat' dir='ltr'><strong>ex</strong></span> <span class='ocrx_word' id='word_1_725' title='bbox 3277 2669 3386 2723; x_wconf 89' lang='lat' dir='ltr'><strong>hoc</strong></span> <span class='ocrx_word' id='word_1_726' title='bbox 3411 2669 3565 2740; x_wconf 89' lang='lat' dir='ltr'><strong>quod</strong></span> <span class='ocrx_word' id='word_1_727' title='bbox 3587 2667 3675 2721; x_wconf 88' lang='lat' dir='ltr'><strong>in-</strong></span> 
     </span>
    </p>
   </div>
   <div class='ocr_carea' id='block_1_89' title="bbox 1977 2757 3678 2830">
    <p class='ocr_par' dir='ltr' id='par_1_89' title="bbox 1977 2757 3678 2830">
     <span class='ocr_line' id='line_1_89' title="bbox 1977 2757 3678 2830; baseline -0.004 -13"><span class='ocrx_word' id='word_1_728' title='bbox 1977 2768 2194 2818; x_wconf 91' lang='lat' dir='ltr'><strong>certum</strong></span> <span class='ocrx_word' id='word_1_729' title='bbox 2225 2766 2328 2830; x_wconf 89' lang='lat' dir='ltr'><strong>est,</strong></span> <span class='ocrx_word' id='word_1_730' title='bbox 2355 2766 2548 2815; x_wconf 89' lang='lat' dir='ltr'><strong>utrum</strong></span> <span class='ocrx_word' id='word_1_731' title='bbox 2585 2761 2655 2816; x_wconf 93' lang='lat' dir='ltr'><strong>ad</strong></span> <span class='ocrx_word' id='word_1_732' title='bbox 2685 2764 2834 2815; x_wconf 91' lang='lat' dir='ltr'><strong>recte</strong></span> <span class='ocrx_word' id='word_1_733' title='bbox 2864 2759 3190 2814; x_wconf 90' lang='lat' dir='ltr'><strong>faciendum</strong></span> <span class='ocrx_word' id='word_1_734' title='bbox 3208 2759 3468 2813; x_wconf 87' lang='lat' dir='ltr'><strong>voluntas</strong></span> <span class='ocrx_word' id='word_1_735' title='bbox 3495 2757 3678 2811; x_wconf 88' lang='lat' dir='ltr'><strong>libera</strong></span> 
     </span>
    </p>
   </div>
   <div class='ocr_carea' id='block_1_90' title="bbox 1978 2845 3674 2921">
    <p class='ocr_par' dir='ltr' id='par_1_90' title="bbox 1978 2845 3674 2921">
     <span class='ocr_line' id='line_1_90' title="bbox 1978 2845 3674 2921; baseline -0.005 -14"><span class='ocrx_word' id='word_1_736' title='bbox 1978 2852 2110 2907; x_wconf 90' lang='lat' dir='ltr'><strong>data</strong></span> <span class='ocrx_word' id='word_1_737' title='bbox 2133 2851 2225 2917; x_wconf 92' lang='lat' dir='ltr'><strong>sit,</strong></span> <span class='ocrx_word' id='word_1_738' title='bbox 2258 2865 2389 2903; x_wconf 90' lang='lat' dir='ltr'><strong>cum</strong></span> <span class='ocrx_word' id='word_1_739' title='bbox 2414 2865 2518 2921; x_wconf 90' lang='lat' dir='ltr'><strong>per</strong></span> <span class='ocrx_word' id='word_1_740' title='bbox 2544 2849 2703 2903; x_wconf 90' lang='lat' dir='ltr'><strong>illam</strong></span> <span class='ocrx_word' id='word_1_741' title='bbox 2734 2848 2908 2903; x_wconf 91' lang='lat' dir='ltr'><strong>etiam</strong></span> <span class='ocrx_word' id='word_1_742' title='bbox 2938 2863 3172 2917; x_wconf 89' lang='lat' dir='ltr'><strong>peccare</strong></span> <span class='ocrx_word' id='word_1_743' title='bbox 3205 2846 3511 2916; x_wconf 90' lang='lat' dir='ltr'><strong>possimus,</strong></span> <span class='ocrx_word' id='word_1_744' title='bbox 3546 2845 3674 2899; x_wconf 87' lang='lat' dir='ltr'><strong>ﬁeri</strong></span> 
     </span>
    </p>
   </div>
   <div class='ocr_carea' id='block_1_91' title="bbox 1979 2932 3670 3003">
    <p class='ocr_par' dir='ltr' id='par_1_91' title="bbox 1979 2932 3670 3003">
     <span class='ocr_line' id='line_1_91' title="bbox 1979 2932 3670 3003; baseline -0.005 -10"><span class='ocrx_word' id='word_1_745' title='bbox 1979 2940 2150 3000; x_wconf 87' lang='lat' dir='ltr'><strong>etiam</strong></span> <span class='ocrx_word' id='word_1_746' title='bbox 2179 2939 2322 2994; x_wconf 92' lang='lat' dir='ltr'><strong>illud</strong></span> <span class='ocrx_word' id='word_1_747' title='bbox 2351 2938 2656 3003; x_wconf 88' lang='lat' dir='ltr'><strong>incertum,</strong></span> <span class='ocrx_word' id='word_1_748' title='bbox 2688 2942 2884 2991; x_wconf 91' lang='lat' dir='ltr'><strong>utrum</strong></span> <span class='ocrx_word' id='word_1_749' title='bbox 2930 2935 3054 2990; x_wconf 89' lang='lat' dir='ltr'><strong>dari</strong></span> <span class='ocrx_word' id='word_1_750' title='bbox 3107 2934 3387 2989; x_wconf 90' lang='lat' dir='ltr'><strong>debuerit.</strong></span> <span class='ocrx_word' id='word_1_751' title='bbox 3423 2933 3482 2988; x_wconf 92' lang='lat' dir='ltr'><strong>Si</strong></span> <span class='ocrx_word' id='word_1_752' title='bbox 3513 2932 3670 2987; x_wconf 91' lang='lat' dir='ltr'><strong>enim</strong></span> 
     </span>
    </p>
   </div>
   <div class='ocr_carea' id='block_1_92' title="bbox 1977 3021 3674 3087">
    <p class='ocr_par' dir='ltr' id='par_1_92' title="bbox 1977 3021 3674 3087">
     <span class='ocr_line' id='line_1_92' title="bbox 1977 3021 3674 3087; baseline -0.005 -5"><span class='ocrx_word' id='word_1_753' title='bbox 1977 3028 2257 3083; x_wconf 90' lang='lat' dir='ltr'><strong>incertum</strong></span> <span class='ocrx_word' id='word_1_754' title='bbox 2285 3032 2369 3082; x_wconf 90' lang='lat' dir='ltr'><strong>est</strong></span> <span class='ocrx_word' id='word_1_755' title='bbox 2399 3028 2470 3082; x_wconf 93' lang='lat' dir='ltr'><strong>ad</strong></span> <span class='ocrx_word' id='word_1_756' title='bbox 2512 3031 2660 3081; x_wconf 90' lang='lat' dir='ltr'><strong>recte</strong></span> <span class='ocrx_word' id='word_1_757' title='bbox 2711 3025 3037 3080; x_wconf 89' lang='lat' dir='ltr'><strong>faciendum</strong></span> <span class='ocrx_word' id='word_1_758' title='bbox 3069 3023 3259 3078; x_wconf 89' lang='lat' dir='ltr'><strong>datam</strong></span> <span class='ocrx_word' id='word_1_759' title='bbox 3314 3037 3454 3087; x_wconf 91' lang='lat' dir='ltr'><strong>esse,</strong></span> <span class='ocrx_word' id='word_1_760' title='bbox 3491 3021 3674 3074; x_wconf 90' lang='lat' dir='ltr'><strong>incer-</strong></span> 
     </span>
    </p>
   </div>
   <div class='ocr_carea' id='block_1_93' title="bbox 1978 3112 3676 3184">
    <p class='ocr_par' dir='ltr' id='par_1_93' title="bbox 1978 3112 3676 3184">
     <span class='ocr_line' id='line_1_93' title="bbox 1978 3112 3676 3184; baseline -0.005 -13"><span class='ocrx_word' id='word_1_761' title='bbox 1978 3122 2102 3171; x_wconf 91' lang='lat' dir='ltr'><strong>tum</strong></span> <span class='ocrx_word' id='word_1_762' title='bbox 2133 3121 2218 3170; x_wconf 91' lang='lat' dir='ltr'><strong>est</strong></span> <span class='ocrx_word' id='word_1_763' title='bbox 2242 3116 2411 3171; x_wconf 91' lang='lat' dir='ltr'><strong>etiam</strong></span> <span class='ocrx_word' id='word_1_764' title='bbox 2440 3115 2562 3170; x_wconf 91' lang='lat' dir='ltr'><strong>dari</strong></span> <span class='ocrx_word' id='word_1_765' title='bbox 2592 3115 2849 3169; x_wconf 89' lang='lat' dir='ltr'><strong>debuisse</strong></span> <span class='ocrx_word' id='word_1_766' title='bbox 2878 3130 2891 3168; x_wconf 92' lang='lat'>:</span> <span class='ocrx_word' id='word_1_767' title='bbox 2925 3131 2988 3169; x_wconf 94' lang='lat' dir='ltr'><strong>ac</strong></span> <span class='ocrx_word' id='word_1_768' title='bbox 3017 3130 3120 3184; x_wconf 88' lang='lat' dir='ltr'><strong>per</strong></span> <span class='ocrx_word' id='word_1_769' title='bbox 3142 3113 3250 3168; x_wconf 88' lang='lat' dir='ltr'><strong>hoc</strong></span> <span class='ocrx_word' id='word_1_770' title='bbox 3275 3112 3449 3166; x_wconf 90' lang='lat' dir='ltr'><strong>etiam</strong></span> <span class='ocrx_word' id='word_1_771' title='bbox 3477 3114 3676 3164; x_wconf 89' lang='lat' dir='ltr'><strong>utrum</strong></span> 
     </span>
    </p>
   </div>
   <div class='ocr_carea' id='block_1_94' title="bbox 1979 3201 3673 3274">
    <p class='ocr_par' dir='ltr' id='par_1_94' title="bbox 1979 3201 3673 3274">
     <span class='ocr_line' id='line_1_94' title="bbox 1979 3201 3673 3274; baseline -0.005 -14"><span class='ocrx_word' id='word_1_772' title='bbox 1979 3222 2105 3260; x_wconf 89' lang='lat' dir='ltr'><strong>eam</strong></span> <span class='ocrx_word' id='word_1_773' title='bbox 2138 3207 2315 3260; x_wconf 91' lang='lat' dir='ltr'><strong>Deum</strong></span> <span class='ocrx_word' id='word_1_774' title='bbox 2373 3204 2610 3272; x_wconf 89' lang='lat' dir='ltr'><strong>dederit,</strong></span> <span class='ocrx_word' id='word_1_775' title='bbox 2659 3203 2944 3258; x_wconf 90' lang='lat' dir='ltr'><strong>incertum</strong></span> <span class='ocrx_word' id='word_1_776' title='bbox 2969 3203 3113 3269; x_wconf 90' lang='lat' dir='ltr'><strong>erit;</strong></span> <span class='ocrx_word' id='word_1_777' title='bbox 3147 3201 3283 3274; x_wconf 92' lang='lat' dir='ltr'><strong>quia</strong></span> <span class='ocrx_word' id='word_1_778' title='bbox 3310 3201 3356 3254; x_wconf 92' lang='lat' dir='ltr'><strong>si</strong></span> <span class='ocrx_word' id='word_1_779' title='bbox 3385 3201 3673 3254; x_wconf 89' lang='lat' dir='ltr'><strong>incertum</strong></span> 
     </span>
    </p>
   </div>
   <div class='ocr_carea' id='block_1_95' title="bbox 1979 3291 3675 3360">
    <p class='ocr_par' dir='ltr' id='par_1_95' title="bbox 1979 3291 3675 3360">
     <span class='ocr_line' id='line_1_95' title="bbox 1979 3291 3675 3360; baseline -0.004 -12"><span class='ocrx_word' id='word_1_780' title='bbox 1979 3298 2063 3349; x_wconf 88' lang='lat' dir='ltr'><strong>est</strong></span> <span class='ocrx_word' id='word_1_781' title='bbox 2093 3294 2216 3348; x_wconf 91' lang='lat' dir='ltr'><strong>dari</strong></span> <span class='ocrx_word' id='word_1_782' title='bbox 2265 3293 2544 3360; x_wconf 88' lang='lat' dir='ltr'><strong>debuisse,</strong></span> <span class='ocrx_word' id='word_1_783' title='bbox 2598 3293 2882 3348; x_wconf 88' lang='lat' dir='ltr'><strong>incertum</strong></span> <span class='ocrx_word' id='word_1_784' title='bbox 2937 3296 3019 3346; x_wconf 90' lang='lat' dir='ltr'><strong>est</strong></span> <span class='ocrx_word' id='word_1_785' title='bbox 3049 3291 3118 3346; x_wconf 92' lang='lat' dir='ltr'><strong>ab</strong></span> <span class='ocrx_word' id='word_1_786' title='bbox 3173 3308 3238 3346; x_wconf 94' lang='lat' dir='ltr'><strong>eo</strong></span> <span class='ocrx_word' id='word_1_787' title='bbox 3295 3291 3484 3345; x_wconf 87' lang='lat' dir='ltr'><strong>datam</strong></span> <span class='ocrx_word' id='word_1_788' title='bbox 3533 3304 3675 3356; x_wconf 88' lang='lat' dir='ltr'><strong>esse,</strong></span> 
     </span>
    </p>
   </div>
   <div class='ocr_carea' id='block_1_96' title="bbox 1980 3378 3678 3455">
    <p class='ocr_par' dir='ltr' id='par_1_96' title="bbox 1980 3378 3678 3455">
     <span class='ocr_line' id='line_1_96' title="bbox 1980 3378 3678 3455; baseline -0.003 -19"><span class='ocrx_word' id='word_1_789' title='bbox 1980 3400 2152 3455; x_wconf 92' lang='lat' dir='ltr'><strong>quem</strong></span> <span class='ocrx_word' id='word_1_790' title='bbox 2182 3383 2338 3437; x_wconf 90' lang='lat' dir='ltr'><strong>nefas</strong></span> <span class='ocrx_word' id='word_1_791' title='bbox 2369 3386 2455 3436; x_wconf 89' lang='lat' dir='ltr'><strong>est</strong></span> <span class='ocrx_word' id='word_1_792' title='bbox 2482 3383 2713 3438; x_wconf 89' lang='lat' dir='ltr'><strong>credere</strong></span> <span class='ocrx_word' id='word_1_793' title='bbox 2741 3381 2958 3437; x_wconf 90' lang='lat' dir='ltr'><strong>dedisse</strong></span> <span class='ocrx_word' id='word_1_794' title='bbox 2987 3379 3202 3451; x_wconf 90' lang='lat' dir='ltr'><strong>aliquid</strong></span> <span class='ocrx_word' id='word_1_795' title='bbox 3233 3379 3384 3451; x_wconf 89' lang='lat' dir='ltr'><strong>quod</strong></span> <span class='ocrx_word' id='word_1_796' title='bbox 3415 3378 3538 3432; x_wconf 92' lang='lat' dir='ltr'><strong>dari</strong></span> <span class='ocrx_word' id='word_1_797' title='bbox 3561 3394 3678 3432; x_wconf 89' lang='lat' dir='ltr'><strong>non</strong></span> 
     </span>
    </p>
   </div>
   <div class='ocr_carea' id='block_1_97' title="bbox 1977 3469 3673 3535">
    <p class='ocr_par' dir='ltr' id='par_1_97' title="bbox 1977 3469 3673 3535">
     <span class='ocr_line' id='line_1_97' title="bbox 1977 3469 3673 3535; baseline -0.006 -8"><span class='ocrx_word' id='word_1_798' title='bbox 1977 3472 2192 3527; x_wconf 91' lang='lat' dir='ltr'><strong>debuit.</strong></span> <span class='ocrx_word' id='word_1_799' title='bbox 2227 3473 2300 3527; x_wconf 83' lang='lat' dir='ltr'><strong>A.</strong></span> <span class='ocrx_word' id='word_1_800' title='bbox 2332 3471 2479 3526; x_wconf 89' lang='lat' dir='ltr'><strong>Illud</strong></span> <span class='ocrx_word' id='word_1_801' title='bbox 2511 3472 2712 3526; x_wconf 90' lang='lat' dir='ltr'><strong>saltem</strong></span> <span class='ocrx_word' id='word_1_802' title='bbox 2741 3471 2847 3525; x_wconf 91' lang='lat' dir='ltr'><strong>tibi</strong></span> <span class='ocrx_word' id='word_1_803' title='bbox 2902 3475 3122 3524; x_wconf 90' lang='lat' dir='ltr'><strong>certum</strong></span> <span class='ocrx_word' id='word_1_804' title='bbox 3175 3472 3278 3535; x_wconf 88' lang='lat' dir='ltr'><strong>est,</strong></span> <span class='ocrx_word' id='word_1_805' title='bbox 3322 3469 3501 3522; x_wconf 89' lang='lat' dir='ltr'><strong>Deum</strong></span> <span class='ocrx_word' id='word_1_806' title='bbox 3533 3481 3673 3519; x_wconf 90' lang='lat' dir='ltr'><strong>esse.</strong></span> 
     </span>
    </p>
   </div>
   <div class='ocr_carea' id='block_1_98' title="bbox 1977 3555 3680 3632">
    <p class='ocr_par' dir='ltr' id='par_1_98' title="bbox 1977 3555 3680 3632">
     <span class='ocr_line' id='line_1_98' title="bbox 1977 3555 3680 3632; baseline -0.005 -17"><span class='ocrx_word' id='word_1_807' title='bbox 1977 3564 2042 3616; x_wconf 89' lang='lat' dir='ltr'><strong>E.</strong></span> <span class='ocrx_word' id='word_1_808' title='bbox 2079 3561 2261 3615; x_wconf 88' lang='lat' dir='ltr'><strong>Etiam</strong></span> <span class='ocrx_word' id='word_1_809' title='bbox 2273 3561 2379 3614; x_wconf 91' lang='lat' dir='ltr'><strong>hoc</strong></span> <span class='ocrx_word' id='word_1_810' title='bbox 2401 3577 2516 3614; x_wconf 89' lang='lat' dir='ltr'><strong>non</strong></span> <span class='ocrx_word' id='word_1_811' title='bbox 2560 3559 3024 3632; x_wconf 82' lang='lat' dir='ltr'><strong>contemplanda,</strong></span> <span class='ocrx_word' id='word_1_812' title='bbox 3048 3558 3148 3613; x_wconf 92' lang='lat' dir='ltr'><strong>sed</strong></span> <span class='ocrx_word' id='word_1_813' title='bbox 3170 3557 3456 3612; x_wconf 91' lang='lat' dir='ltr'><strong>credendo</strong></span> <span class='ocrx_word' id='word_1_814' title='bbox 3475 3555 3680 3608; x_wconf 88' lang='lat' dir='ltr'><strong>incon-</strong></span> 
     </span>
    </p>
   </div>
   <div class='ocr_carea' id='block_1_99' title="bbox 1977 3644 3674 3721">
    <p class='ocr_par' dir='ltr' id='par_1_99' title="bbox 1977 3644 3674 3721">
     <span class='ocr_line' id='line_1_99' title="bbox 1977 3644 3674 3721; baseline -0.005 -17"><span class='ocrx_word' id='word_1_815' title='bbox 1977 3666 2205 3704; x_wconf 90' lang='lat' dir='ltr'><strong>cussum</strong></span> <span class='ocrx_word' id='word_1_816' title='bbox 2233 3654 2420 3704; x_wconf 91' lang='lat' dir='ltr'><strong>teneo.</strong></span> <span class='ocrx_word' id='word_1_817' title='bbox 2452 3649 2524 3704; x_wconf 85' lang='lat' dir='ltr'><strong>A.</strong></span> <span class='ocrx_word' id='word_1_818' title='bbox 2557 3649 2614 3704; x_wconf 91' lang='lat' dir='ltr'><strong>Si</strong></span> <span class='ocrx_word' id='word_1_819' title='bbox 2635 3649 2762 3721; x_wconf 92' lang='lat' dir='ltr'><strong>quis</strong></span> <span class='ocrx_word' id='word_1_820' title='bbox 2799 3664 2935 3719; x_wconf 87' lang='lat' dir='ltr'><strong>ergo</strong></span> <span class='ocrx_word' id='word_1_821' title='bbox 2963 3648 3194 3701; x_wconf 91' lang='lat' dir='ltr'><strong>illorum</strong></span> <span class='ocrx_word' id='word_1_822' title='bbox 3250 3644 3674 3716; x_wconf 90' lang='lat' dir='ltr'><strong>insipientium,</strong></span> 
     </span>
    </p>
   </div>
   <div class='ocr_carea' id='block_1_100' title="bbox 1976 3735 3670 3810">
    <p class='ocr_par' dir='ltr' id='par_1_100' title="bbox 1976 3735 3670 3810">
     <span class='ocr_line' id='line_1_100' title="bbox 1976 3735 3670 3810; baseline -0.004 -15"><span class='ocrx_word' id='word_1_823' title='bbox 1976 3740 2045 3795; x_wconf 91' lang='lat' dir='ltr'><strong>de</strong></span> <span class='ocrx_word' id='word_1_824' title='bbox 2075 3739 2285 3810; x_wconf 88' lang='lat' dir='ltr'><strong>quibus</strong></span> <span class='ocrx_word' id='word_1_825' title='bbox 2315 3738 2588 3809; x_wconf 88' lang='lat' dir='ltr'><strong>scriptum</strong></span> <span class='ocrx_word' id='word_1_826' title='bbox 2619 3743 2724 3810; x_wconf 71' lang='lat' dir='ltr'><strong>est,</strong></span> <span class='ocrx_word' id='word_1_827' title='bbox 2767 3740 2922 3793; x_wconf 69' lang='lat' dir='ltr'><strong>Dixit</strong></span> <span class='ocrx_word' id='word_1_828' title='bbox 2972 3739 3235 3806; x_wconf 81' lang='lat' dir='ltr'><strong>insipiens</strong></span> <span class='ocrx_word' id='word_1_829' title='bbox 3265 3737 3324 3789; x_wconf 88' lang='lat' dir='ltr'><strong>in</strong></span> <span class='ocrx_word' id='word_1_830' title='bbox 3360 3735 3517 3790; x_wconf 85' lang='lat' dir='ltr'><strong>corde</strong></span> <span class='ocrx_word' id='word_1_831' title='bbox 3554 3748 3670 3799; x_wconf 84' lang='lat' dir='ltr'><strong>suo,</strong></span> 
     </span>
    </p>
   </div>
   <div class='ocr_carea' id='block_1_101' title="bbox 1975 3819 3677 3900">
    <p class='ocr_par' dir='ltr' id='par_1_101' title="bbox 1975 3819 3677 3900">
     <span class='ocr_line' id='line_1_101' title="bbox 1975 3819 3677 3900; baseline -0.006 -14"><span class='ocrx_word' id='word_1_832' title='bbox 1975 3831 2096 3886; x_wconf 88' lang='lat' dir='ltr'><strong>Non</strong></span> <span class='ocrx_word' id='word_1_833' title='bbox 2124 3831 2201 3882; x_wconf 85' lang='lat' dir='ltr'><strong>est</strong></span> <span class='ocrx_word' id='word_1_834' title='bbox 2229 3830 2368 3882; x_wconf 76' lang='lat' dir='ltr'><strong>Deus</strong></span> <span class='ocrx_word' id='word_1_835' title='bbox 2392 3819 2557 3896; x_wconf 80' lang='lat' dir='ltr'><strong>(Psal.</strong></span> <span class='ocrx_word' id='word_1_836' title='bbox 2582 3819 2699 3900; x_wconf 62' lang='lat' dir='ltr'><strong>Luj</strong></span> <span class='ocrx_word' id='word_1_837' title='bbox 2722 3825 2794 3897; x_wconf 83' lang='grc'><strong>1),</strong></span> <span class='ocrx_word' id='word_1_838' title='bbox 2826 3827 2934 3880; x_wconf 92' lang='lat' dir='ltr'><strong>hoc</strong></span> <span class='ocrx_word' id='word_1_839' title='bbox 2982 3825 3086 3880; x_wconf 91' lang='lat' dir='ltr'><strong>tibi</strong></span> <span class='ocrx_word' id='word_1_840' title='bbox 3137 3824 3370 3889; x_wconf 90' lang='lat' dir='ltr'><strong>diceret,</strong></span> <span class='ocrx_word' id='word_1_841' title='bbox 3426 3838 3529 3876; x_wconf 89' lang='lat' dir='ltr'><strong>nec</strong></span> <span class='ocrx_word' id='word_1_842' title='bbox 3557 3823 3677 3876; x_wconf 89' lang='lat' dir='ltr'><strong>vel-</strong></span> 
     </span>
    </p>
   </div>
   <div class='ocr_carea' id='block_1_102' title="bbox 1975 3905 3676 3984">
    <p class='ocr_par' dir='ltr' id='par_1_102' title="bbox 1975 3905 3676 3984">
     <span class='ocr_line' id='line_1_102' title="bbox 1975 3905 3676 3984; baseline -0.005 -14"><span class='ocrx_word' id='word_1_843' title='bbox 1975 3915 2056 3970; x_wconf 91' lang='lat' dir='ltr'><strong>let</strong></span> <span class='ocrx_word' id='word_1_844' title='bbox 2091 3919 2281 3970; x_wconf 90' lang='lat' dir='ltr'><strong>tecum</strong></span> <span class='ocrx_word' id='word_1_845' title='bbox 2308 3905 2719 3984; x_wconf 60' lang='lat' dir='ltr'><strong>credere-quod</strong></span> <span class='ocrx_word' id='word_1_846' title='bbox 2747 3911 2951 3979; x_wconf 89' lang='lat' dir='ltr'><strong>credis,</strong></span> <span class='ocrx_word' id='word_1_847' title='bbox 2984 3910 3083 3965; x_wconf 91' lang='lat' dir='ltr'><strong>sed</strong></span> <span class='ocrx_word' id='word_1_848' title='bbox 3112 3924 3451 3980; x_wconf 88' lang='lat' dir='ltr'><strong>cognoscere</strong></span> <span class='ocrx_word' id='word_1_849' title='bbox 3479 3911 3676 3962; x_wconf 89' lang='lat' dir='ltr'><strong>utrum</strong></span> 
     </span>
    </p>
   </div>
   <div class='ocr_carea' id='block_1_103' title="bbox 1976 3995 3676 4073">
    <p class='ocr_par' dir='ltr' id='par_1_103' title="bbox 1976 3995 3676 4073">
     <span class='ocr_line' id='line_1_103' title="bbox 1976 3995 3676 4073; baseline -0.005 -15"><span class='ocrx_word' id='word_1_850' title='bbox 1976 4020 2111 4058; x_wconf 90' lang='lat' dir='ltr'><strong>vera</strong></span> <span class='ocrx_word' id='word_1_851' title='bbox 2141 4002 2484 4070; x_wconf 89' lang='lat' dir='ltr'><strong>credideris;</strong></span> <span class='ocrx_word' id='word_1_852' title='bbox 2523 4001 2954 4073; x_wconf 87' lang='lat' dir='ltr'><strong>relinqueresne</strong></span> <span class='ocrx_word' id='word_1_853' title='bbox 3002 3999 3318 4065; x_wconf 90' lang='lat' dir='ltr'><strong>hominem,</strong></span> <span class='ocrx_word' id='word_1_854' title='bbox 3364 4014 3437 4052; x_wconf 92' lang='lat' dir='ltr'><strong>an</strong></span> <span class='ocrx_word' id='word_1_855' title='bbox 3483 3995 3676 4068; x_wconf 90' lang='lat' dir='ltr'><strong>aliquo</strong></span> 
     </span>
    </p>
   </div>
   <div class='ocr_carea' id='block_1_104' title="bbox 1978 4087 3679 4165">
    <p class='ocr_par' dir='ltr' id='par_1_104' title="bbox 1978 4087 3679 4165">
     <span class='ocr_line' id='line_1_104' title="bbox 1978 4087 3679 4165; baseline -0.006 -17"><span class='ocrx_word' id='word_1_856' title='bbox 1978 4093 2166 4160; x_wconf 90' lang='lat' dir='ltr'><strong>modo,</strong></span> <span class='ocrx_word' id='word_1_857' title='bbox 2201 4093 2356 4165; x_wconf 85' lang='lat' dir='ltr'><strong>quod</strong></span> <span class='ocrx_word' id='word_1_858' title='bbox 2384 4093 2786 4146; x_wconf 90' lang='lat' dir='ltr'><strong>inconcussum</strong></span> <span class='ocrx_word' id='word_1_859' title='bbox 2819 4095 2997 4158; x_wconf 89' lang='lat' dir='ltr'><strong>tenes,</strong></span> <span class='ocrx_word' id='word_1_860' title='bbox 3039 4087 3498 4161; x_wconf 89' lang='lat' dir='ltr'><strong>persuadendum</strong></span> <span class='ocrx_word' id='word_1_861' title='bbox 3557 4101 3679 4140; x_wconf 91' lang='lat' dir='ltr'><strong>esse</strong></span> 
     </span>
    </p>
   </div>
   <div class='ocr_carea' id='block_1_105' title="bbox 1979 4173 3675 4252">
    <p class='ocr_par' dir='ltr' id='par_1_105' title="bbox 1979 4173 3675 4252">
     <span class='ocr_line' id='line_1_105' title="bbox 1979 4173 3675 4252; baseline -0.005 -15"><span class='ocrx_word' id='word_1_862' title='bbox 1979 4181 2358 4249; x_wconf 85' lang='lat' dir='ltr'><strong>arbitrareris;</strong></span> <span class='ocrx_word' id='word_1_863' title='bbox 2388 4179 2708 4252; x_wconf 70' lang='lat' dir='ltr'><strong>praesertim</strong></span> <span class='ocrx_word' id='word_1_864' title='bbox 2739 4179 2787 4234; x_wconf 91' lang='lat' dir='ltr'><strong>si</strong></span> <span class='ocrx_word' id='word_1_865' title='bbox 2813 4179 2908 4234; x_wconf 91' lang='lat' dir='ltr'><strong>ille</strong></span> <span class='ocrx_word' id='word_1_866' title='bbox 2924 4195 3039 4233; x_wconf 90' lang='lat' dir='ltr'><strong>non</strong></span> <span class='ocrx_word' id='word_1_867' title='bbox 3061 4175 3340 4232; x_wconf 91' lang='lat' dir='ltr'><strong>obluctari</strong></span> <span class='ocrx_word' id='word_1_868' title='bbox 3366 4173 3675 4246; x_wconf 90' lang='lat' dir='ltr'><strong>pervicaci-</strong></span> 
     </span>
    </p>
   </div>
   <div class='ocr_carea' id='block_1_106' title="bbox 1977 4263 3678 4339">
    <p class='ocr_par' dir='ltr' id='par_1_106' title="bbox 1977 4263 3678 4339">
     <span class='ocr_line' id='line_1_106' title="bbox 1977 4263 3678 4339; baseline -0.005 -13"><span class='ocrx_word' id='word_1_869' title='bbox 1977 4276 2083 4338; x_wconf 88' lang='lat' dir='ltr'><strong>ter,</strong></span> <span class='ocrx_word' id='word_1_870' title='bbox 2113 4271 2211 4326; x_wconf 92' lang='lat' dir='ltr'><strong>sed</strong></span> <span class='ocrx_word' id='word_1_871' title='bbox 2243 4271 2490 4325; x_wconf 89' lang='lat' dir='ltr'><strong>studiose</strong></span> <span class='ocrx_word' id='word_1_872' title='bbox 2519 4268 2578 4324; x_wconf 93' lang='lat' dir='ltr'><strong>id</strong></span> <span class='ocrx_word' id='word_1_873' title='bbox 2615 4269 2786 4324; x_wconf 91' lang='lat' dir='ltr'><strong>vellet</strong></span> <span class='ocrx_word' id='word_1_874' title='bbox 2840 4265 3194 4339; x_wconf 87' lang='lat' dir='ltr'><strong>agnoscere?</strong></span> <span class='ocrx_word' id='word_1_875' title='bbox 3234 4269 3291 4321; x_wconf 85' lang='grc' dir='ltr'><strong>Ε.</strong></span> <span class='ocrx_word' id='word_1_876' title='bbox 3353 4266 3468 4320; x_wconf 85' lang='lat' dir='ltr'><strong>Hoc</strong></span> <span class='ocrx_word' id='word_1_877' title='bbox 3521 4263 3678 4335; x_wconf 89' lang='lat' dir='ltr'><strong>quod</strong></span> 
     </span>
    </p>
   </div>
   <div class='ocr_carea' id='block_1_107' title="bbox 1978 4354 3679 4431">
    <p class='ocr_par' dir='ltr' id='par_1_107' title="bbox 1978 4354 3679 4431">
     <span class='ocr_line' id='line_1_107' title="bbox 1978 4354 3679 4431; baseline -0.005 -16"><span class='ocrx_word' id='word_1_878' title='bbox 1978 4360 2249 4416; x_wconf 90' lang='lat' dir='ltr'><strong>ultimum</strong></span> <span class='ocrx_word' id='word_1_879' title='bbox 2281 4358 2537 4431; x_wconf 90' lang='lat' dir='ltr'><strong>posuisti,</strong></span> <span class='ocrx_word' id='word_1_880' title='bbox 2572 4357 2706 4412; x_wconf 91' lang='lat' dir='ltr'><strong>satis</strong></span> <span class='ocrx_word' id='word_1_881' title='bbox 2736 4373 2828 4412; x_wconf 87' lang='lat' dir='ltr'><strong>me</strong></span> <span class='ocrx_word' id='word_1_882' title='bbox 2861 4357 3134 4411; x_wconf 89' lang='lat' dir='ltr'><strong>admonet</strong></span> <span class='ocrx_word' id='word_1_883' title='bbox 3163 4355 3301 4426; x_wconf 92' lang='lat' dir='ltr'><strong>quid</strong></span> <span class='ocrx_word' id='word_1_884' title='bbox 3357 4354 3410 4409; x_wconf 93' lang='lat' dir='ltr'><strong>ei</strong></span> <span class='ocrx_word' id='word_1_885' title='bbox 3442 4369 3679 4424; x_wconf 82' lang='lat' dir='ltr'><strong>respon-</strong></span> 
     </span>
    </p>
   </div>
   <div class='ocr_carea' id='block_1_108' title="bbox 1979 4441 3680 4517">
    <p class='ocr_par' dir='ltr' id='par_1_108' title="bbox 1979 4441 3680 4517">
     <span class='ocr_line' id='line_1_108' title="bbox 1979 4441 3680 4517; baseline -0.005 -13"><span class='ocrx_word' id='word_1_886' title='bbox 1979 4449 2112 4504; x_wconf 89' lang='lat' dir='ltr'><strong>dere</strong></span> <span class='ocrx_word' id='word_1_887' title='bbox 2139 4449 2428 4504; x_wconf 89' lang='lat' dir='ltr'><strong>deberem.</strong></span> <span class='ocrx_word' id='word_1_888' title='bbox 2461 4448 2622 4504; x_wconf 89' lang='lat' dir='ltr'><strong>Certe</strong></span> <span class='ocrx_word' id='word_1_889' title='bbox 2651 4445 2806 4502; x_wconf 89' lang='lat' dir='ltr'><strong>enim</strong></span> <span class='ocrx_word' id='word_1_890' title='bbox 2846 4444 3107 4517; x_wconf 89' lang='lat' dir='ltr'><strong>quamvis</strong></span> <span class='ocrx_word' id='word_1_891' title='bbox 3137 4449 3284 4499; x_wconf 86' lang='lat' dir='ltr'><strong>esset</strong></span> <span class='ocrx_word' id='word_1_892' title='bbox 3335 4441 3680 4499; x_wconf 90' lang='lat' dir='ltr'><strong>absurdissi-</strong></span> 
     </span>
    </p>
   </div>
   <div class='ocr_carea' id='block_1_109' title="bbox 1979 4531 3677 4604">
    <p class='ocr_par' dir='ltr' id='par_1_109' title="bbox 1979 4531 3677 4604">
     <span class='ocr_line' id='line_1_109' title="bbox 1979 4531 3677 4604; baseline -0.004 -12"><span class='ocrx_word' id='word_1_893' title='bbox 1979 4553 2128 4604; x_wconf 89' lang='lat' dir='ltr'><strong>mus,</strong></span> <span class='ocrx_word' id='word_1_894' title='bbox 2170 4537 2506 4591; x_wconf 90' lang='lat' dir='ltr'><strong>concederet</strong></span> <span class='ocrx_word' id='word_1_895' title='bbox 2536 4535 2697 4601; x_wconf 90' lang='lat' dir='ltr'><strong>mihi,</strong></span> <span class='ocrx_word' id='word_1_896' title='bbox 2729 4550 2860 4588; x_wconf 91' lang='lat' dir='ltr'><strong>cum</strong></span> <span class='ocrx_word' id='word_1_897' title='bbox 2918 4534 3113 4588; x_wconf 91' lang='lat' dir='ltr'><strong>doloso</strong></span> <span class='ocrx_word' id='word_1_898' title='bbox 3172 4538 3230 4588; x_wconf 92' lang='lat' dir='ltr'><strong>et</strong></span> <span class='ocrx_word' id='word_1_899' title='bbox 3274 4531 3557 4603; x_wconf 89' lang='lat' dir='ltr'><strong>pervicaci</strong></span> <span class='ocrx_word' id='word_1_900' title='bbox 3607 4531 3677 4585; x_wconf 92' lang='lat' dir='ltr'><strong>de</strong></span> 
     </span>
    </p>
   </div>
   <div class='ocr_carea' id='block_1_110' title="bbox 1979 4620 3682 4696">
    <p class='ocr_par' dir='ltr' id='par_1_110' title="bbox 1979 4620 3682 4696">
     <span class='ocr_line' id='line_1_110' title="bbox 1979 4620 3682 4696; baseline -0.005 -15"><span class='ocrx_word' id='word_1_901' title='bbox 1979 4627 2137 4696; x_wconf 86' lang='lat' dir='ltr'><strong>nulla</strong></span> <span class='ocrx_word' id='word_1_902' title='bbox 2169 4626 2404 4682; x_wconf 92' lang='lat' dir='ltr'><strong>omnino</strong></span> <span class='ocrx_word' id='word_1_903' title='bbox 2437 4630 2493 4680; x_wconf 93' lang='lat' dir='ltr'><strong>et</strong></span> <span class='ocrx_word' id='word_1_904' title='bbox 2522 4624 2765 4679; x_wconf 82' lang='lat' dir='ltr'><strong>maxime</strong></span> <span class='ocrx_word' id='word_1_905' title='bbox 2794 4624 2862 4679; x_wconf 87' lang='lat' dir='ltr'><strong>de</strong></span> <span class='ocrx_word' id='word_1_906' title='bbox 2887 4639 2948 4678; x_wconf 93' lang='lat' dir='ltr'><strong>re</strong></span> <span class='ocrx_word' id='word_1_907' title='bbox 2979 4627 3155 4689; x_wconf 82' lang='lat' dir='ltr'><strong>tanta,</strong></span> <span class='ocrx_word' id='word_1_908' title='bbox 3187 4638 3303 4676; x_wconf 95' lang='lat' dir='ltr'><strong>non</strong></span> <span class='ocrx_word' id='word_1_909' title='bbox 3334 4637 3457 4675; x_wconf 90' lang='lat' dir='ltr'><strong>esse</strong></span> <span class='ocrx_word' id='word_1_910' title='bbox 3496 4620 3682 4675; x_wconf 85' lang='lat' dir='ltr'><strong>disse-</strong></span> 
     </span>
    </p>
   </div>
   <div class='ocr_carea' id='block_1_111' title="bbox 1979 4709 3681 4784">
    <p class='ocr_par' dir='ltr' id='par_1_111' title="bbox 1979 4709 3681 4784">
     <span class='ocr_line' id='line_1_111' title="bbox 1979 4709 3681 4784; baseline -0.004 -14"><span class='ocrx_word' id='word_1_911' title='bbox 1979 4717 2244 4772; x_wconf 89' lang='lat' dir='ltr'><strong>rendum.</strong></span> <span class='ocrx_word' id='word_1_912' title='bbox 2278 4717 2399 4782; x_wconf 94' lang='lat' dir='ltr'><strong>Quo</strong></span> <span class='ocrx_word' id='word_1_913' title='bbox 2431 4731 2719 4780; x_wconf 89' lang='lat' dir='ltr'><strong>concesso,</strong></span> <span class='ocrx_word' id='word_1_914' title='bbox 2767 4713 2923 4784; x_wconf 90' lang='lat' dir='ltr'><strong>prior</strong></span> <span class='ocrx_word' id='word_1_915' title='bbox 2953 4727 3179 4766; x_wconf 89' lang='lat' dir='ltr'><strong>mecum</strong></span> <span class='ocrx_word' id='word_1_916' title='bbox 3205 4715 3419 4781; x_wconf 87' lang='lat' dir='ltr'><strong>ageret,</strong></span> <span class='ocrx_word' id='word_1_917' title='bbox 3474 4715 3541 4764; x_wconf 91' lang='lat' dir='ltr'><strong>ut</strong></span> <span class='ocrx_word' id='word_1_918' title='bbox 3569 4709 3681 4764; x_wconf 91' lang='lat' dir='ltr'><strong>sibi</strong></span> 
     </span>
    </p>
   </div>
   <div class='ocr_carea' id='block_1_112' title="bbox 1977 4798 3677 4872">
    <p class='ocr_par' dir='ltr' id='par_1_112' title="bbox 1977 4798 3677 4872">
     <span class='ocr_line' id='line_1_112' title="bbox 1977 4798 3677 4872; baseline -0.005 -12"><span class='ocrx_word' id='word_1_919' title='bbox 1977 4806 2268 4860; x_wconf 90' lang='lat' dir='ltr'><strong>crederem</strong></span> <span class='ocrx_word' id='word_1_920' title='bbox 2296 4805 2448 4860; x_wconf 89' lang='lat' dir='ltr'><strong>bono</strong></span> <span class='ocrx_word' id='word_1_921' title='bbox 2478 4803 2670 4859; x_wconf 89' lang='lat' dir='ltr'><strong>animo</strong></span> <span class='ocrx_word' id='word_1_922' title='bbox 2693 4817 2826 4858; x_wconf 91' lang='lat' dir='ltr'><strong>eum</strong></span> <span class='ocrx_word' id='word_1_923' title='bbox 2852 4801 2996 4856; x_wconf 89' lang='lat' dir='ltr'><strong>istuc</strong></span> <span class='ocrx_word' id='word_1_924' title='bbox 3026 4815 3301 4872; x_wconf 56' lang='lat' dir='ltr'><strong>quaerere,</strong></span> <span class='ocrx_word' id='word_1_925' title='bbox 3333 4815 3520 4870; x_wconf 88' lang='lat' dir='ltr'><strong>neque</strong></span> <span class='ocrx_word' id='word_1_926' title='bbox 3563 4798 3677 4853; x_wconf 89' lang='lat' dir='ltr'><strong>ali-</strong></span> 
     </span>
    </p>
   </div>
   <div class='ocr_carea' id='block_1_113' title="bbox 1982 4882 3682 4966">
    <p class='ocr_par' dir='ltr' id='par_1_113' title="bbox 1982 4882 3682 4966">
     <span class='ocr_line' id='line_1_113' title="bbox 1982 4882 3682 4966; baseline -0.005 -17"><span class='ocrx_word' id='word_1_927' title='bbox 1982 4894 2122 4966; x_wconf 88' lang='lat' dir='ltr'><strong>quid</strong></span> <span class='ocrx_word' id='word_1_928' title='bbox 2147 4895 2209 4948; x_wconf 91' lang='lat' dir='ltr'><strong>in</strong></span> <span class='ocrx_word' id='word_1_929' title='bbox 2238 4911 2316 4961; x_wconf 91' lang='lat' dir='ltr'><strong>se,</strong></span> <span class='ocrx_word' id='word_1_930' title='bbox 2350 4894 2502 4965; x_wconf 91' lang='lat' dir='ltr'><strong>quod</strong></span> <span class='ocrx_word' id='word_1_931' title='bbox 2533 4892 2603 4947; x_wconf 93' lang='lat' dir='ltr'><strong>ad</strong></span> <span class='ocrx_word' id='word_1_932' title='bbox 2631 4882 2754 4947; x_wconf 80' lang='lat' dir='ltr'><strong>rem</strong></span> <span class='ocrx_word' id='word_1_933' title='bbox 2787 4892 2931 4946; x_wconf 90' lang='lat' dir='ltr'><strong>hanc</strong></span> <span class='ocrx_word' id='word_1_934' title='bbox 2961 4889 3183 4955; x_wconf 90' lang='lat' dir='ltr'><strong>attinet,</strong></span> <span class='ocrx_word' id='word_1_935' title='bbox 3215 4887 3331 4944; x_wconf 92' lang='lat' dir='ltr'><strong>doli</strong></span> <span class='ocrx_word' id='word_1_936' title='bbox 3377 4904 3440 4942; x_wconf 92' lang='lat' dir='ltr'><strong>ac</strong></span> <span class='ocrx_word' id='word_1_937' title='bbox 3493 4886 3682 4958; x_wconf 90' lang='lat' dir='ltr'><strong>pervi-</strong></span> 
     </span>
    </p>
   </div>
   <div class='ocr_carea' id='block_1_114' title="bbox 1981 4974 3679 5053">
    <p class='ocr_par' dir='ltr' id='par_1_114' title="bbox 1981 4974 3679 5053">
     <span class='ocr_line' id='line_1_114' title="bbox 1981 4974 3679 5053; baseline -0.006 -15"><span class='ocrx_word' id='word_1_938' title='bbox 1981 4984 2148 5038; x_wconf 82' lang='lat' dir='ltr'><strong>caciae</strong></span> <span class='ocrx_word' id='word_1_939' title='bbox 2174 4984 2370 5038; x_wconf 89' lang='lat' dir='ltr'><strong>latere.</strong></span> <span class='ocrx_word' id='word_1_940' title='bbox 2405 4984 2548 5036; x_wconf 90' lang='lat' dir='ltr'><strong>Tum</strong></span> <span class='ocrx_word' id='word_1_941' title='bbox 2592 4998 2698 5053; x_wconf 91' lang='lat' dir='ltr'><strong>ego</strong></span> <span class='ocrx_word' id='word_1_942' title='bbox 2751 4981 3230 5046; x_wconf 87' lang='lat' dir='ltr'><strong>demonstrarem,</strong></span> <span class='ocrx_word' id='word_1_943' title='bbox 3289 4976 3444 5050; x_wconf 87' lang='lat' dir='ltr'><strong>quod</strong></span> <span class='ocrx_word' id='word_1_944' title='bbox 3501 4974 3679 5028; x_wconf 92' lang='lat' dir='ltr'><strong>cuivis</strong></span> 
     </span>
    </p>
   </div>
   <div class='ocr_carea' id='block_1_115' title="bbox 1981 5063 3678 5143">
    <p class='ocr_par' dir='ltr' id='par_1_115' title="bbox 1981 5063 3678 5143">
     <span class='ocr_line' id='line_1_115' title="bbox 1981 5063 3678 5143; baseline -0.006 -15"><span class='ocrx_word' id='word_1_945' title='bbox 1981 5073 2318 5129; x_wconf 87' lang='lat' dir='ltr'><strong>facillimum</strong></span> <span class='ocrx_word' id='word_1_946' title='bbox 2349 5077 2511 5143; x_wconf 90' lang='lat' dir='ltr'><strong>puto,</strong></span> <span class='ocrx_word' id='word_1_947' title='bbox 2545 5075 2755 5143; x_wconf 90' lang='lat' dir='ltr'><strong>quanto</strong></span> <span class='ocrx_word' id='word_1_948' title='bbox 2812 5074 2959 5125; x_wconf 90' lang='lat' dir='ltr'><strong>esset</strong></span> <span class='ocrx_word' id='word_1_949' title='bbox 3009 5069 3253 5141; x_wconf 61' lang='lat' dir='ltr'><strong>aequius,</strong></span> <span class='ocrx_word' id='word_1_950' title='bbox 3309 5083 3440 5122; x_wconf 91' lang='lat' dir='ltr'><strong>cum</strong></span> <span class='ocrx_word' id='word_1_951' title='bbox 3470 5064 3576 5118; x_wconf 89' lang='lat' dir='ltr'><strong>sibi</strong></span> <span class='ocrx_word' id='word_1_952' title='bbox 3608 5063 3678 5117; x_wconf 89' lang='lat' dir='ltr'><strong>de</strong></span> 
     </span>
    </p>
   </div>
   <div class='ocr_carea' id='block_1_116' title="bbox 1982 5156 3680 5233">
    <p class='ocr_par' dir='ltr' id='par_1_116' title="bbox 1982 5156 3680 5233">
     <span class='ocr_line' id='line_1_116' title="bbox 1982 5156 3680 5233; baseline -0.006 -16"><span class='ocrx_word' id='word_1_953' title='bbox 1982 5162 2214 5218; x_wconf 90' lang='lat' dir='ltr'><strong>occultis</strong></span> <span class='ocrx_word' id='word_1_954' title='bbox 2243 5161 2421 5216; x_wconf 89' lang='lat' dir='ltr'><strong>animi</strong></span> <span class='ocrx_word' id='word_1_955' title='bbox 2451 5160 2538 5215; x_wconf 90' lang='lat' dir='ltr'><strong>sui</strong></span> <span class='ocrx_word' id='word_1_956' title='bbox 2555 5177 2684 5233; x_wconf 68' lang='lat' dir='ltr'><strong>qua:</strong></span> <span class='ocrx_word' id='word_1_957' title='bbox 2712 5160 2835 5230; x_wconf 91' lang='lat' dir='ltr'><strong>ipse</strong></span> <span class='ocrx_word' id='word_1_958' title='bbox 2865 5164 3074 5224; x_wconf 91' lang='lat' dir='ltr'><strong>nosset,</strong></span> <span class='ocrx_word' id='word_1_959' title='bbox 3105 5158 3273 5211; x_wconf 90' lang='lat' dir='ltr'><strong>vellet</strong></span> <span class='ocrx_word' id='word_1_960' title='bbox 3299 5156 3543 5209; x_wconf 90' lang='lat' dir='ltr'><strong>alterum</strong></span> <span class='ocrx_word' id='word_1_961' title='bbox 3558 5167 3680 5206; x_wconf 89' lang='lat' dir='ltr'><strong>cre-</strong></span> 
     </span>
    </p>
   </div>
   <div class='ocr_carea' id='block_1_117' title="bbox 1981 5242 3680 5323">
    <p class='ocr_par' dir='ltr' id='par_1_117' title="bbox 1981 5242 3680 5323">
     <span class='ocr_line' id='line_1_117' title="bbox 1981 5242 3680 5323; baseline -0.008 -16"><span class='ocrx_word' id='word_1_962' title='bbox 1981 5252 2114 5306; x_wconf 89' lang='lat' dir='ltr'><strong>dere</strong></span> <span class='ocrx_word' id='word_1_963' title='bbox 2138 5250 2236 5323; x_wconf 89' lang='lat' dir='ltr'><strong>qui</strong></span> <span class='ocrx_word' id='word_1_964' title='bbox 2269 5266 2386 5304; x_wconf 89' lang='lat' dir='ltr'><strong>non</strong></span> <span class='ocrx_word' id='word_1_965' title='bbox 2416 5254 2624 5316; x_wconf 90' lang='lat' dir='ltr'><strong>nosset,</strong></span> <span class='ocrx_word' id='word_1_966' title='bbox 2659 5252 2721 5302; x_wconf 90' lang='lat' dir='ltr'><strong>ut</strong></span> <span class='ocrx_word' id='word_1_967' title='bbox 2749 5248 2922 5302; x_wconf 88' lang='lat' dir='ltr'><strong>etiam</strong></span> <span class='ocrx_word' id='word_1_968' title='bbox 2951 5247 3070 5317; x_wconf 89' lang='lat' dir='ltr'><strong>ipse</strong></span> <span class='ocrx_word' id='word_1_969' title='bbox 3103 5250 3394 5300; x_wconf 90' lang='lat' dir='ltr'><strong>tantorum</strong></span> <span class='ocrx_word' id='word_1_970' title='bbox 3427 5242 3680 5296; x_wconf 90' lang='lat' dir='ltr'><strong>virorum</strong></span> 
     </span>
    </p>
   </div>
   <div class='ocr_carea' id='block_1_118' title="bbox 1983 5330 3680 5412">
    <p class='ocr_par' dir='ltr' id='par_1_118' title="bbox 1983 5330 3680 5412">
     <span class='ocr_line' id='line_1_118' title="bbox 1983 5330 3680 5412; baseline -0.008 -16"><span class='ocrx_word' id='word_1_971' title='bbox 1983 5341 2185 5409; x_wconf 90' lang='lat' dir='ltr'><strong>Libris,</strong></span> <span class='ocrx_word' id='word_1_972' title='bbox 2217 5339 2315 5412; x_wconf 91' lang='lat' dir='ltr'><strong>qui</strong></span> <span class='ocrx_word' id='word_1_973' title='bbox 2344 5356 2403 5394; x_wconf 92' lang='lat' dir='ltr'><strong>se</strong></span> <span class='ocrx_word' id='word_1_974' title='bbox 2431 5355 2562 5394; x_wconf 91' lang='lat' dir='ltr'><strong>cum</strong></span> <span class='ocrx_word' id='word_1_975' title='bbox 2589 5338 2729 5394; x_wconf 89' lang='lat' dir='ltr'><strong>Filio</strong></span> <span class='ocrx_word' id='word_1_976' title='bbox 2763 5338 2864 5392; x_wconf 93' lang='lat' dir='ltr'><strong>Dei</strong></span> <span class='ocrx_word' id='word_1_977' title='bbox 2895 5337 3097 5391; x_wconf 82' lang='lat' dir='ltr'><strong>vixisse</strong></span> <span class='ocrx_word' id='word_1_978' title='bbox 3124 5337 3393 5388; x_wconf 89' lang='lat' dir='ltr'><strong>testatum</strong></span> <span class='ocrx_word' id='word_1_979' title='bbox 3451 5330 3680 5387; x_wconf 89' lang='lat' dir='ltr'><strong>Litteris</strong></span> 
     </span>
    </p>
   </div>
   <div class='ocr_carea' id='block_1_119' title="bbox 1981 5419 3678 5501">
    <p class='ocr_par' dir='ltr' id='par_1_119' title="bbox 1981 5419 3678 5501">
     <span class='ocr_line' id='line_1_119' title="bbox 1981 5419 3678 5501; baseline -0.006 -17"><span class='ocrx_word' id='word_1_980' title='bbox 1981 5431 2357 5501; x_wconf 89' lang='lat' dir='ltr'><strong>reliquerunt,</strong></span> <span class='ocrx_word' id='word_1_981' title='bbox 2386 5445 2506 5483; x_wconf 89' lang='lat' dir='ltr'><strong>esse</strong></span> <span class='ocrx_word' id='word_1_982' title='bbox 2540 5430 2717 5482; x_wconf 89' lang='lat' dir='ltr'><strong>Deum</strong></span> <span class='ocrx_word' id='word_1_983' title='bbox 2766 5429 3057 5492; x_wconf 80' lang='lat' dir='ltr'><strong>crederet;</strong></span> <span class='ocrx_word' id='word_1_984' title='bbox 3118 5425 3253 5495; x_wconf 88' lang='lat' dir='ltr'><strong>quia</strong></span> <span class='ocrx_word' id='word_1_985' title='bbox 3283 5427 3340 5477; x_wconf 91' lang='lat' dir='ltr'><strong>et</strong></span> <span class='ocrx_word' id='word_1_986' title='bbox 3377 5438 3443 5475; x_wconf 89' lang='lat' dir='ltr'><strong>ea</strong></span> <span class='ocrx_word' id='word_1_987' title='bbox 3483 5437 3541 5475; x_wconf 91' lang='lat' dir='ltr'><strong>se</strong></span> <span class='ocrx_word' id='word_1_988' title='bbox 3593 5419 3678 5475; x_wconf 90' lang='lat' dir='ltr'><strong>vi-</strong></span> 
     </span>
    </p>
   </div>
   <div class='ocr_carea' id='block_1_120' title="bbox 1982 5511 3682 5590">
    <p class='ocr_par' dir='ltr' id='par_1_120' title="bbox 1982 5511 3682 5590">
     <span class='ocr_line' id='line_1_120' title="bbox 1982 5511 3682 5590; baseline -0.006 -16"><span class='ocrx_word' id='word_1_989' title='bbox 1982 5520 2128 5575; x_wconf 90' lang='lat' dir='ltr'><strong>disse</strong></span> <span class='ocrx_word' id='word_1_990' title='bbox 2156 5518 2524 5590; x_wconf 89' lang='lat' dir='ltr'><strong>scripseruut,</strong></span> <span class='ocrx_word' id='word_1_991' title='bbox 2583 5534 2711 5590; x_wconf 76' lang='lat' dir='ltr'><strong>quae</strong></span> <span class='ocrx_word' id='word_1_992' title='bbox 2763 5519 2920 5572; x_wconf 88' lang='lat' dir='ltr'><strong>nullo</strong></span> <span class='ocrx_word' id='word_1_993' title='bbox 2976 5515 3144 5570; x_wconf 92' lang='lat' dir='ltr'><strong>modo</strong></span> <span class='ocrx_word' id='word_1_994' title='bbox 3187 5513 3314 5568; x_wconf 91' lang='lat' dir='ltr'><strong>ﬁeri</strong></span> <span class='ocrx_word' id='word_1_995' title='bbox 3342 5515 3597 5584; x_wconf 90' lang='lat' dir='ltr'><strong>possent,</strong></span> <span class='ocrx_word' id='word_1_996' title='bbox 3632 5511 3682 5564; x_wconf 93' lang='lat' dir='ltr'><strong>si</strong></span> 
     </span>
    </p>
   </div>
   <div class='ocr_carea' id='block_1_121' title="bbox 2049 5601 3680 5670">
    <p class='ocr_par' dir='ltr' id='par_1_121' title="bbox 2049 5601 3680 5670">
     <span class='ocr_line' id='line_1_121' title="bbox 2049 5601 3680 5670; baseline -0.004 -12"><span class='ocrx_word' id='word_1_997' title='bbox 2049 5609 2065 5644; x_wconf 73' lang='grc' dir='ltr'>ί</span> <span class='ocrx_word' id='word_1_998' title='bbox 2084 5607 2491 5667; x_wconf 85' lang='lat' dir='ltr'><strong>Quatuordecim</strong></span> <span class='ocrx_word' id='word_1_999' title='bbox 2513 5607 2634 5658; x_wconf 86' lang='lat' dir='ltr'><strong>Mss.</strong></span> <span class='ocrx_word' id='word_1_1000' title='bbox 2644 5643 2656 5667; x_wconf 90' lang='lat'><strong>,</strong></span> <span class='ocrx_word' id='word_1_1001' title='bbox 2671 5620 2706 5658; x_wconf 90' lang='lat' dir='ltr'><strong>a</strong></span> <span class='ocrx_word' id='word_1_1002' title='bbox 2723 5619 2828 5670; x_wconf 87' lang='lat' dir='ltr'><strong>quo</strong></span> <span class='ocrx_word' id='word_1_1003' title='bbox 2841 5608 3034 5658; x_wconf 67' lang='lat' dir='ltr'><strong>anima;</strong></span> <span class='ocrx_word' id='word_1_1004' title='bbox 3046 5601 3181 5655; x_wconf 84' lang='lat' dir='ltr'><strong>data</strong></span> <span class='ocrx_word' id='word_1_1005' title='bbox 3191 5605 3316 5655; x_wconf 74' lang='lat' dir='ltr'><strong>sunt</strong></span> <span class='ocrx_word' id='word_1_1006' title='bbox 3328 5601 3509 5654; x_wconf 81' lang='lat' dir='ltr'><strong>omnia</strong></span> <span class='ocrx_word' id='word_1_1007' title='bbox 3523 5601 3680 5652; x_wconf 79' lang='lat' dir='ltr'><strong>bona.</strong></span> 
     </span>
    </p>
   </div>
  </div>
