4074 6362
417 269 547 322 1243

413 403 529 442 non
552 390 700 445 esset
730 387 880 441 Deus
909 405 924 454 ;
953 389 1011 440 et
1058 385 1302 440 nimium
1334 383 1538 438 stultus
1587 387 1749 448 esset,
1794 383 1841 437 si
1885 399 1977 437 me
2009 399 2099 437 re-

409 476 791 547 prehenderet
823 475 974 546 quod
1004 473 1116 529 illis
1163 472 1524 538 crediderim,
1558 472 1658 543 qui
1703 471 1812 526 sibi
1841 473 2011 526 vellet
2039 476 2099 526 ut

411 565 726 619 crederem.
757 566 881 619 Jam
907 580 1037 618 vero
1064 563 1217 633 quod
1247 566 1395 615 recte
1425 561 1840 632 reprehendere
1865 577 1983 614 non
2011 576 2102 614 va-

409 653 578 719 leret,
611 654 767 707 nullo
799 653 968 707 modo
999 651 1275 721 reperiret
1333 667 1432 704 cur
1461 649 1630 703 etiam
1663 650 1838 704 nollet
1867 649 2100 703 imitari.

410 744 484 796 A.
516 742 572 796 Si
603 758 738 812 ergo
769 745 963 794 utrum
993 739 1066 792 sit
1091 740 1256 798 Deus,
1288 739 1419 792 satis
1448 754 1567 791 esse
1599 737 1905 798 existimas,
1949 737 2102 808 quod

413 846 532 884 non
563 835 777 884 temere
809 827 978 882 tantis
1004 827 1138 880 viris
1167 827 1513 882 credendum
1537 843 1657 880 esse
1683 827 2062 897 judicavimus
2087 843 2100 880 :

414 934 516 972 cur
542 933 678 983 non,
713 932 904 986 quaeso
936 921 1007 981 te,
1041 916 1110 970 de
1157 916 1225 970 iis
1276 932 1504 986 quoque
1555 916 1742 980 rebus,
1795 931 1937 986 quas
1975 920 2102 968 tan-

415 1021 586 1077 quam
605 1005 848 1058 incertas
864 1007 920 1057 et
943 1005 1109 1074 plane
1132 1005 1448 1075 incognitas
1464 1020 1718 1075 quaerere
1730 1003 2100 1071 instituimus,

413 1092 676 1147 similiter
703 1097 870 1162 putas
894 1093 1225 1147 eorumdem
1251 1092 1505 1146 virorum
1530 1091 1852 1146 auctoritati
1875 1092 1953 1146 sic
1983 1109 2103 1146 esse

416 1181 786 1247 credendum,
821 1185 883 1234 ut
912 1181 979 1236 de
1000 1181 1433 1252 investigatione
1465 1196 1660 1234 earum
1689 1179 1834 1234 nihil
1859 1181 2103 1250 amplius

412 1269 781 1323 laboremus?
808 1271 873 1323 E.
908 1269 1016 1323 Sed
1046 1285 1150 1322 nos
1203 1269 1261 1323 id
1290 1268 1439 1338 quod
1471 1269 1774 1336 credimus,
1833 1285 1996 1323 nosse
2053 1274 2108 1324 et

413 1357 734 1429 intelligere
763 1357 1046 1428 cupimus.

485 1451 536 1501 6.
565 1448 637 1502 Α.
673 1449 844 1501 Recte
870 1445 1201 1513 meministi,
1235 1445 1387 1517 quod
1417 1445 1590 1500 etiam
1646 1445 1705 1499 in
1735 1445 1965 1500 exordio
2006 1463 2103 1501 su-

412 1535 655 1606 perioris
683 1534 1082 1605 disputationis
1121 1551 1153 1588 a
1206 1534 1369 1588 nobis
1413 1534 1663 1606 positum
1711 1549 1831 1587 esse
1860 1533 2014 1604 (Lib.
2055 1535 2103 1598 1,

415 1639 532 1693 cap.
567 1622 641 1693 2),
675 1639 883 1694 negare
915 1639 1027 1677 non
1055 1638 1374 1694 possumus.
1429 1622 1547 1676 Nisi
1579 1621 1733 1676 enim
1779 1621 1932 1675 aliud
1963 1625 2108 1676 esset

415 1713 664 1778 credere,
697 1716 752 1766 et
771 1711 926 1765 aliud
952 1712 1294 1781 intelligere,
1339 1716 1396 1765 et
1423 1711 1607 1782 primo
1640 1711 1984 1764 credendum
2015 1727 2107 1764 es-

413 1805 515 1867 set,
548 1800 703 1871 quod
732 1816 1004 1871 magnum
1029 1806 1085 1855 et
1111 1800 1364 1855 divinum
1396 1799 1716 1867 intelligere
1743 1815 2104 1870 cuperemus,

413 1889 623 1944 frustra
646 1890 924 1960 propheta
955 1889 1204 1955 dixisset,
1238 1891 1363 1945 Nisi
1400 1889 1759 1954 credideritis,
1800 1905 1905 1942 non
1944 1890 2108 1942 intel-

415 1978 594 2044 ligetis
637 1976 793 2047 (Isai.
826 1994 920 2044 vn,
973 1981 1026 2044 9,
1056 1993 1158 2032 sec.
1191 1976 1362 2046 LXX).
1416 1977 1541 2046 Ipse
1573 1993 1801 2047 quoque
1832 1977 2108 2031 Dominus

413 2070 609 2120 noster
634 2070 690 2119 et
719 2066 884 2120 dictis
913 2071 970 2120 et
997 2065 1159 2119 factis
1211 2065 1285 2119 ad
1315 2065 1664 2119 credendum
1696 2065 1883 2136 primo
1915 2066 2106 2120 horta-

413 2159 505 2209 tus
534 2158 638 2221 est,
671 2171 816 2225 quos
846 2154 917 2208 ad
947 2153 1190 2208 salutem
1222 2153 1458 2208 vocavit.
1488 2153 1595 2208 Sed
1633 2157 1829 2224 postea
1879 2171 2009 2207 cum
2039 2155 2107 2208 de

411 2242 534 2314 ipso
566 2243 719 2296 dono
747 2243 1096 2312 loqueretur,
1132 2242 1285 2312 quod
1313 2246 1433 2295 erat
1458 2243 1694 2297 daturus
1722 2242 2106 2311 credentibus,

413 2343 530 2385 non
556 2331 656 2397 ait,
691 2332 821 2384 Haec
849 2334 935 2384 est
965 2333 1153 2383 autem
1191 2331 1305 2384 vita
1337 2336 1551 2384 aeterna
1601 2335 1666 2386 ut
1694 2331 1954 2396 credant;
1989 2331 2107 2399 sed,

411 2422 536 2475 Hac
571 2425 663 2480 est,
709 2418 898 2490 inquit
941 2421 1057 2472 vita
1098 2423 1320 2485 eterna,
1365 2423 1425 2472 ut
1487 2423 1804 2484 cognoscant
1860 2423 1908 2472 te
1937 2420 2107 2473 solum

413 2509 581 2561 Deum
610 2521 814 2566 verum,
846 2509 895 2558 et
938 2521 1092 2573 quem
1119 2507 1320 2559 misisti
1365 2508 1545 2560 Jesum
1599 2506 1871 2560 Christum
1917 2504 2100 2571 (Joan.

413 2610 546 2658 xvu,
601 2593 676 2664 3).
733 2592 948 2647 Deinde
993 2593 1114 2663 jam
1162 2593 1526 2648 credentibus
1555 2592 1711 2662 dicit,
1781 2595 2014 2658 Quaerite
2059 2598 2110 2648 et

415 2684 699 2737 invenietis
732 2683 943 2752 (Matth.
994 2699 1087 2749 vn,
1128 2683 1179 2751 '7)
1211 2699 1224 2737 :
1257 2698 1392 2736 nam
1439 2698 1624 2753 neque
1674 2681 1968 2736 inventum
1999 2681 2110 2735 dici

415 2775 622 2842 potest,
655 2771 807 2841 quod
838 2769 1194 2841 incognitum
1244 2770 1536 2838 creditur;
1566 2787 1751 2842 neque
1805 2771 2108 2842 quisquam

413 2859 757 2914 inveniendo
792 2861 902 2913 Deo
931 2859 998 2914 ﬁt
1025 2859 1283 2926 idoneus,
1307 2859 1417 2912 nisi
1447 2863 1614 2914 antea
1636 2860 1937 2914 crediderit
1955 2860 2107 2930 quod

416 2953 501 3003 est
529 2954 726 3020 postea
757 2949 1105 3018 cogniturus.
1140 2949 1498 3018 Quapropter
1529 2948 1756 3002 Domini
1810 2948 2109 3020 praeceptis

416 3038 877 3108 obtemperantes
905 3053 1230 3107 quaeramus
1259 3037 1559 3092 instanter.
1598 3037 1758 3101 Quod
1791 3036 1944 3090 enim
1975 3037 2107 3090 hor-

413 3130 569 3182 tante
600 3127 722 3198 ipso
757 3126 1089 3197 qua-erimus,
1149 3125 1350 3180 eodem
1380 3125 1503 3196 ipso
1549 3126 1976 3180 demonstrante
2020 3125 2106 3178 in-

413 3214 730 3281 veniemus,
759 3218 1038 3285 quantum
1066 3213 1186 3268 haec
1208 3214 1385 3268 inhac
1413 3215 1547 3283 vita,
1576 3218 1631 3267 et
1661 3231 1690 3268 a
1723 3213 1887 3268 nobis
1901 3213 2109 3267 talibus

416 3300 663 3356 inveniri
694 3306 914 3372 queunt
943 3319 956 3356 :
982 3317 1114 3355 nam
1143 3307 1200 3356 et
1230 3319 1262 3355 a
1290 3302 1623 3356 melioribus
1645 3302 1812 3356 etiam
1843 3303 1979 3356 dum
2007 3302 2108 3355 has

413 3394 596 3444 terras
635 3389 912 3457 incolunt,
946 3394 1001 3444 et
1029 3395 1179 3444 certe
1210 3407 1242 3444 a
1271 3391 1437 3446 bonis
1466 3396 1522 3446 et
1549 3391 1659 3462 piis
1690 3392 1952 3446 omnibus
1981 3395 2111 3462 post

414 3478 563 3532 hanc
594 3477 790 3546 vitam,
817 3477 1137 3532 evidentius
1170 3482 1340 3550 atque
1359 3480 1663 3550 perfectius
1691 3479 1797 3534 ista
1823 3479 1976 3534 cerni
2006 3481 2106 3534 ob-

411 3566 703 3638 tinerique
733 3566 1082 3622 credendum
1112 3571 1226 3634 est;
1262 3571 1318 3620 et
1372 3567 1538 3622 nobis
1594 3567 1672 3622 ita
1718 3568 1835 3622 fore
1867 3584 2105 3638 speran-

415 3655 552 3710 dum
583 3660 687 3723 est,
746 3659 802 3710 et
861 3655 970 3709 ista
1032 3656 1375 3726 contemptis
1427 3656 1669 3711 terrenis
1709 3662 1766 3712 et
1817 3657 2102 3725 humanis,

417 3745 577 3798 omni
607 3745 778 3799 modo
809 3744 1179 3799 desideranda
1206 3750 1261 3800 et
1280 3745 1569 3815 diligenda
1594 3751 1744 3801 sunt.

422 3835 646 3889 CAPUT
680 3835 774 3888 IIl.
809 3864 876 3873 -—
907 3836 1074 3889 Deum
1103 3850 1214 3889 esse
1257 3840 1320 3889 ut
1345 3837 1694 3902 manifestum
1725 3835 1940 3903 evadat,
1995 3836 2108 3890 dis-

608 3925 784 3991 quirit
813 3923 950 3992 quid
977 3925 1049 3978 sit
1073 3926 1132 3978 in
1153 3925 1363 3978 homine
1389 3927 1915 3996 prastantissimum.

485 4017 540 4067 7.
574 4013 906 4078 Quaeramus
934 4017 1126 4067 autem
1147 4013 1490 4082 hociordine,
1517 4013 1564 4067 si
1588 4017 1772 4084 placet
1796 4029 1808 4080 ;
1833 4013 2105 4083 primum,

415 4102 704 4173 quomodo
737 4100 1104 4155 manifestum
1151 4106 1236 4156 est
1258 4103 1438 4156 Deum
1468 4118 1588 4156 esse
1613 4119 1626 4168 ;
1655 4101 1882 4167 deinde,
1917 4107 2108 4156 utrum

417 4191 487 4245 ab
539 4191 636 4244 illo
689 4189 806 4244 sint
857 4205 1235 4260 quascumque
1285 4190 1345 4243 in
1415 4195 1945 4261 quantumcumque
1977 4194 2110 4244 sunt

418 4279 598 4345 bona;
632 4283 944 4349 postremo,
978 4282 1174 4332 utrum
1225 4278 1284 4332 in
1315 4278 1480 4332 bonis
1508 4279 1860 4333 numeranda
1907 4280 1979 4334 sit
2018 4297 2112 4334 vo-

417 4367 608 4420 luntas
638 4366 842 4420 libera.
871 4365 1086 4430 Quibus
1123 4366 1430 4436 compertis
1485 4366 1621 4420 satis
1676 4367 1990 4438 apparebit,
2049 4372 2114 4422 ut

419 4454 646 4524 opinor,
687 4459 878 4508 utrum
909 4458 1059 4508 recte
1087 4455 1307 4509 homini
1337 4455 1467 4509 data
1497 4455 1584 4509 sit.
1619 4455 1801 4520 Quare
1828 4456 1985 4527 prius
2013 4457 2112 4511 abs

417 4547 474 4597 te
507 4560 723 4613 quiero,
764 4547 828 4597 ut
857 4543 927 4597 de
956 4544 1430 4598 manifestissimis
1451 4545 1742 4616 capiamus
1773 4546 2069 4600 exordium
2095 4563 2109 4613 ;

421 4638 614 4687 utrum
653 4637 712 4685 tu
741 4631 861 4704 ipse
889 4633 988 4687 sis.
1031 4636 1119 4686 An
1150 4637 1210 4687 tu
1243 4633 1478 4688 fortasse
1535 4634 1764 4701 metuis,
1797 4651 1868 4688 ne
1919 4634 1980 4689 in
2007 4636 2112 4689 hac

418 4721 865 4792 interrogatione
897 4721 1131 4785 fallaris,
1164 4738 1292 4776 cum
1319 4723 1515 4794 utique
1546 4723 1594 4776 si
1621 4739 1737 4776 non
1784 4739 1953 4792 esses,
1993 4723 2112 4777 falli

421 4809 657 4864 omnino
687 4825 801 4863 non
828 4812 1071 4880 posses?
1099 4814 1163 4866 E.
1196 4813 1372 4881 Perge
1428 4811 1621 4882 potius
1659 4811 1729 4866 ad
1785 4817 2006 4865 cwtera.
2041 4813 2109 4866 Α.

423 4901 567 4970 Ergo
599 4900 874 4969 quoniam
899 4900 1266 4954 manifestum
1299 4905 1384 4954 est
1412 4916 1531 4954 esse
1562 4905 1635 4966 te,
1671 4916 1776 4954 nec
1800 4900 1904 4954 tibi
1951 4900 2112 4954 aliter

420 4987 785 5043 manifestum
817 4992 980 5056 esset,
1014 4987 1125 5042 nisi
1144 4988 1379 5056 viveres,
1408 4989 1463 5043 id
1487 5006 1716 5061 quoque
1747 4989 2112 5044 manifestum

420 5082 524 5142 est,
557 5076 743 5131 vivere
780 5080 835 5131 te
864 5095 880 5130 :
911 5075 1256 5148 intelligisne
1297 5078 1402 5130 ista
1432 5079 1544 5132 duo
1594 5095 1714 5132 esse
1773 5079 2114 5132 verissima?

417 5168 491 5221 Ε.
523 5167 758 5220 Prorsus
787 5165 1067 5236 intelligo.
1101 5167 1171 5221 Α.
1223 5167 1365 5236 Ergo
1399 5167 1568 5220 etiam
1601 5167 1706 5221 hoc
1736 5168 1968 5221 tertium
2000 5184 2111 5220 ma-

420 5254 693 5309 nifestum
719 5259 821 5320 est,
854 5255 962 5308 hoc
989 5257 1073 5308 est
1104 5254 1425 5325 intelligere
1481 5261 1555 5310 te.
1613 5259 1679 5311 E.
1733 5256 2109 5310 Manifestum.

420 5345 492 5398 A.
525 5343 669 5408 Quid
711 5344 771 5398 in
800 5344 888 5398 his
914 5343 1096 5398 tribus
1122 5345 1227 5398 tibi
1252 5345 1475 5398 videtur
1503 5347 1774 5400 excellere
1793 5345 1820 5398 ?
1849 5349 1912 5400 E.
1948 5346 2114 5399 Intel-

426 5432 680 5502 ligentia.
714 5435 786 5488 A.
821 5435 932 5488 Cur
959 5433 1061 5488 tibi
1109 5435 1214 5488 hoc
1243 5434 1509 5487 videtur?
1536 5438 1600 5489 Ε.
1634 5434 1774 5499 Quia
1821 5450 1950 5488 cum
2005 5433 2115 5488 tria

421 5520 534 5574 sint
560 5521 702 5584 haec,
735 5537 877 5592 esse,
925 5523 1128 5589 vivere,
1191 5522 1548 5594 intelligere;
1601 5528 1658 5578 et
1703 5523 1848 5594 lapis
1903 5526 2006 5588 est,
2057 5527 2113 5576 et

1501 266 1594 320 DE
1635 207 1895 323 LIBEORO
1932 264 2292 330 ARBITRIO,
2334 261 2390 318 S.
2433 261 2816 318 AUGUSTINI

3785 266 3925 318 1244

2212 397 2385 452 pecus
2415 379 2573 441 vivit,
2604 395 2708 434 nec
2737 383 2932 434 tamen
2964 380 3213 450 lapidem
3243 385 3384 450 puto
3413 380 3622 447 vivere,
3665 384 3768 435 aut
3818 396 3924 451 pe-
3985 451 3990 454 _

2213 486 2308 524 cus
2343 469 2663 539 intelligere
2693 489 2707 535 ;
2735 469 2834 539 qui
2888 474 3078 522 autem
3131 469 3421 540 intelligit,
3454 485 3587 523 eum
3617 473 3676 523 et
3706 484 3836 523 esse
3868 471 3929 521 et

2212 559 2419 625 vivere,
2452 557 2830 611 certissimum
2863 561 2947 610 est
2974 574 2986 610 :
3021 573 3196 628 quare
3229 573 3346 612 non
3395 557 3593 612 dubito
3623 557 3679 610 id
3734 556 3925 610 excel-

2213 646 2422 701 lentius
2453 645 2734 716 judicare,
2767 645 2858 699 cui
2913 645 3107 699 omnia
3143 645 3252 699 tria
3281 645 3496 712 insunt,
3531 661 3708 716 quam
3739 645 3800 698 id
3833 643 3930 697 cui

2215 735 2329 789 duo
2358 735 2446 788 vel
2473 750 2654 788 unum
2702 734 2862 788 desit.
2917 735 3059 787 Nam
3099 727 3252 804 quod
3308 733 3463 799 vivit,
3499 732 3695 804 utique
3729 738 3786 785 et
3817 736 3930 798 est,

2215 823 2313 878 sed
2344 838 2460 876 non
2491 821 2751 893 sequitur
2795 827 2860 876 ut
2917 822 3089 876 etiam
3118 821 3403 892 intelligat
3435 838 3448 875 :
3481 823 3715 893 qualem
3745 819 3932 873 vitam

2215 927 2336 967 esse
2366 910 2586 981 pecoris
2626 911 2890 964 arbitror.
2942 911 3100 974 Quod
3154 915 3349 964 autem
3393 913 3494 972 est,
3555 926 3672 964 non
3718 909 3932 978 utique

2213 1015 2564 1070 consequens
2595 1003 2678 1052 est
2707 1003 2769 1052 ut
2826 1002 2882 1052 et
2938 999 3089 1052 vivat
3143 1002 3198 1052 et
3251 997 3580 1069 intelligat:
3629 1013 3768 1050 nam
3797 1011 3930 1050 esse

2214 1089 2488 1143 cadavera
2509 1103 2737 1158 possum
2768 1087 2952 1154 fateri,
2984 1087 3171 1141 vivere
3223 1092 3417 1141 autem
3461 1086 3655 1140 nullus
3687 1084 3928 1150 dixerit,

2212 1178 2472 1232 Jamvero
2503 1177 2657 1247 quod
2686 1177 2966 1242 nonvivit,
2993 1162 3174 1230 multo
3187 1175 3378 1229 minus
3407 1174 3694 1245 intelligit.
3725 1174 3796 1228 A.
3815 1174 3930 1228 Te-

2217 1282 2418 1321 nemus
2439 1265 2613 1336 igitur
2633 1267 2838 1319 horum
2866 1265 3041 1319 trium
3073 1266 3185 1319 duo
3210 1265 3402 1318 deesse
3432 1263 3715 1328 cadaveri,
3733 1277 3929 1315 unum

2213 1355 2424 1427 pecori,
2484 1353 2628 1408 nihil
2692 1354 2935 1408 homini.
2979 1357 3044 1408 E.
3103 1355 3312 1407 Verum
3365 1357 3467 1406 est.
3502 1353 3572 1407 A.
3621 1353 3930 1405 Tenemus

2216 1444 2389 1498 etiam
2421 1443 2478 1498 id
2510 1459 2630 1498 esse
2660 1443 2720 1496 in
2749 1443 2837 1497 his
2887 1443 3071 1497 tribus
3108 1441 3492 1514 praestantius,
3550 1441 3703 1512 quod
3732 1440 3919 1494 homo

2216 1549 2344 1587 cum
2376 1532 2598 1586 duobus
2628 1532 2846 1586 caeteris
2874 1532 3068 1600 habet,
3125 1531 3184 1586 id
3219 1536 3306 1585 est
3354 1530 3697 1599 intelligere,
3758 1528 3926 1599 quod

2215 1622 2521 1676 habentem
2552 1621 2812 1692 sequitur
2841 1625 2895 1673 et
2927 1637 3048 1674 esse
3067 1625 3122 1673 et
3150 1620 3442 1674 vivere.E.
3465 1619 3927 1672 Tenemussane.

2289 1714 2348 1765 8.
2385 1711 2455 1765 A.
2487 1709 2584 1764 Dic
2613 1710 2756 1764 mihi
2778 1710 2899 1779 jam
2929 1715 3124 1763 utrum
3155 1709 3284 1762 illos
3336 1706 3763 1777 vulgatissimos
3794 1722 3931 1760 cor-

2216 1799 2370 1870 poris
2400 1815 2594 1852 sensus
2617 1799 2823 1853 habere
2853 1802 2906 1851 te
2937 1797 3183 1864 noveris,
3215 1797 3472 1863 videndi,
3507 1801 3563 1850 et
3615 1795 3927 1860 audiendi,

2217 1893 2273 1943 et
2303 1887 2624 1953 olfaciendi,
2655 1891 2711 1941 et
2742 1886 3029 1958 gustandi,
3089 1891 3144 1940 et
3188 1885 3482 1956 tangendi.
3515 1888 3580 1940 E.
3649 1884 3812 1938 Novi.
3848 1886 3928 1938 A.

2219 1976 2364 2040 Quid
2396 1979 2560 2047 putas
2589 1975 2874 2046 pertinere
2905 1975 2977 2029 ad
3006 1974 3238 2029 videndi
3267 1972 3541 2027 sensum?
3563 1973 3618 2028 id
3649 1977 3756 2039 est,
3782 1972 3933 2043 quid

2220 2070 2387 2136 putas
2415 2081 2518 2118 nos
2548 2064 2788 2118 videndo
2819 2064 3028 2118 sentire
3048 2065 3077 2118 ?
3127 2067 3190 2118 E.
3231 2063 3617 2133 Quaecumque
3649 2077 3931 2131 corpora-

2219 2153 2315 2220 lia,
2347 2155 2420 2207 A.
2449 2154 2594 2207 Num
2626 2154 2798 2206 etiam
2827 2153 2969 2207 dura
2999 2157 3056 2206 et
3085 2152 3281 2206 mollia
3309 2151 3559 2206 videndo
3593 2149 3928 2205 sentimus?

2218 2246 2282 2298 E.
2312 2243 2455 2297 Non.
2493 2243 2566 2297 Λ.
2601 2241 2748 2306 Quid
2791 2258 2925 2312 ergo
2974 2241 3208 2312 proprie
3258 2241 3329 2295 ad
3385 2240 3578 2294 oculos
3634 2238 3919 2309 pertinet,

2219 2330 2375 2402 quod
2404 2346 2506 2401 per
2537 2346 2630 2384 eos
2650 2329 2967 2384 sentimus?
3000 2333 3065 2384 Ε.
3099 2329 3285 2384 Color.
3314 2330 3385 2383 A.
3429 2329 3575 2393 Quid
3607 2329 3677 2382 ad
3706 2343 3880 2382 aures
3901 2327 3931 2381 ?

2218 2423 2280 2474 E.
2319 2420 2517 2473 Sonus.
2550 2422 2622 2474 A.
2657 2418 2803 2483 Quid
2859 2419 2930 2472 ad
2981 2418 3294 2472 olfactum?
3325 2421 3396 2472 E.
3458 2417 3631 2472 Odor.
3663 2418 3738 2472 Α.
3773 2416 3931 2481 Quid

2219 2508 2291 2562 ad
2319 2505 2596 2579 gustum?
2637 2510 2701 2561 E.
2731 2507 2929 2576 Sapor.
2961 2507 3030 2560 A.
3063 2505 3207 2569 Quid
3251 2505 3319 2559 ad
3367 2505 3625 2559 tactum?
3653 2508 3719 2560 E.
3756 2506 3931 2560 Molle

2218 2599 2305 2652 vel
2335 2598 2564 2663 durum,
2590 2597 2717 2651 lene
2747 2597 2836 2650 vel
2865 2612 3152 2666 asperum,
3174 2597 3426 2650 etmulta
3458 2596 3610 2650 talia.
3641 2597 3712 2650 Α.
3743 2596 3932 2660 Quid?

2218 2702 2526 2757 corporum
2557 2686 2790 2751 formas,
2821 2700 3078 2755 magnas,
3110 2685 3332 2754 breves,
3390 2684 3659 2755 quadrae,
3717 2688 3929 2738 rotun-

2218 2773 2335 2837 das,
2365 2777 2420 2826 et
2451 2773 2498 2826 si
2529 2771 2669 2842 quid
2699 2771 3032 2842 hujusmodi
3061 2776 3168 2837 est,
3200 2787 3393 2825 nonne
3442 2775 3496 2824 et
3524 2772 3818 2842 tangendo
3871 2776 3934 2826 et

2218 2861 2462 2916 videndo
2493 2860 2788 2927 sentimus,
2814 2865 2870 2914 et
2900 2861 3026 2914 ideo
3052 2876 3155 2914 nec
3191 2859 3335 2914 visui
3363 2859 3616 2930 proprie,
3673 2875 3780 2913 nec
3832 2864 3929 2913 ta-

2219 2951 2334 3005 ctui
2363 2950 2538 3028 tribui
2568 2954 2824 3021 possunt,
2861 2950 2958 3004 sed
2985 2949 3260 3020 utrique?
3285 2951 3362 3004 E.
3398 2949 3679 3020 Intelligo.
3713 2949 3787 3004 A.
3829 2951 3932 3004 In-

2220 3039 2429 3110 telligis
2455 3055 2591 3110 ergo
2621 3043 2678 3092 et
2707 3039 2972 3110 quaedam
3019 3039 3274 3109 singulos
3303 3053 3503 3092 sensus
3535 3037 3745 3091 habere
3797 3053 3935 3107 pro-

2217 3129 2364 3199 pria,
2429 3129 2496 3182 de
2555 3128 2761 3200 quibus
2813 3127 3164 3193 renuntient,
3224 3130 3280 3181 et
3309 3126 3573 3198 quasdam
3632 3127 3931 3196 quosdam

2219 3218 2430 3272 habere
2460 3216 2834 3271 communia?
2857 3219 2922 3271 E.
2958 3215 3435 3286 Ethocintelligo.
3467 3216 3537 3269 A.
3571 3214 3720 3278 Quid
3741 3214 3934 3285 igitur

2220 3307 2292 3361 ad
2329 3321 2616 3376 quemque
2646 3321 2877 3359 sensum
2932 3305 3233 3374 pertineat,
3267 3310 3323 3360 et
3365 3305 3506 3377 quid
3561 3305 3712 3359 inter
3741 3322 3803 3360 se
3835 3309 3932 3360 vel

2217 3411 2414 3450 omnes
2442 3396 2529 3448 vel
2559 3394 2794 3465 quidam
2825 3410 3024 3448 eorum
3054 3395 3437 3448 communiter
3465 3395 3736 3462 habeant,
3772 3410 3925 3449 num

2219 3499 2521 3555 possumus
2576 3483 2692 3537 ullo
2745 3499 2946 3535 eorum
3004 3499 3174 3537 sensu
3227 3483 3578 3554 dijudicare?
3633 3487 3698 3538 Ε.
3753 3484 3932 3539 Nullo

2218 3571 2408 3634 modo,
2430 3571 2528 3626 sed
2559 3570 3088 3642 quodaminteriore
3114 3571 3221 3625 ista
3241 3572 3646 3642 dijudicantur.
3671 3574 3742 3626 A.
3771 3573 3931 3626 Num

2219 3661 2454 3716 fortasse
2482 3660 2606 3731 ipsa
2635 3663 2719 3713 est
2744 3659 2911 3728 ratio,
2973 3676 3087 3731 qua
3142 3661 3338 3714 bestia:
3393 3662 3636 3715 carent?
3665 3677 3827 3728 nam,
3862 3667 3935 3716 ut

2220 3749 2446 3819 opinor,
2491 3748 2711 3802 ratione
2743 3748 2851 3802 ista
2881 3748 3440 3819 comprehendimus,
3474 3753 3530 3803 et
3555 3749 3634 3802 ita
3664 3765 3790 3803 sese
3822 3750 3931 3804 ha-

2219 3838 2353 3892 bere
2384 3837 2801 3908 cognoscimus.
2832 3838 2897 3892 E.
2928 3838 3103 3908 Magis
3134 3854 3238 3892 nos
3268 3838 3515 3892 arbitror
3534 3839 3750 3892 ratione
3771 3855 3934 3894 com-

2220 3926 2574 3998 prehendere
2620 3942 2739 3980 esse
2795 3925 3126 3980 interiorem
3169 3927 3478 3998 quemdam
3537 3943 3790 3993 sensum,
3854 3929 3935 3983 ad

2220 4031 2393 4086 quem
2423 4015 2495 4069 ab
2524 4014 2647 4068 istis
2681 4013 2936 4086 quinque
2968 4015 3278 4070 notissimis
3332 4019 3532 4070 cuncta
3572 4015 3929 4073 referantur.

2223 4105 2458 4174 Nanque
2488 4103 2640 4157 aliud
2670 4108 2755 4158 est
2804 4120 2916 4174 quo
2949 4104 3101 4158 videt
3127 4104 3328 4171 bestia,
3371 4105 3523 4158 aliud
3555 4121 3665 4174 quo
3695 4121 3762 4158 ea
3789 4121 3931 4176 qua?

2174 4187 2182 4252 ἰ
2220 4191 2461 4246 videndo
2491 4191 2681 4259 sentit,
2714 4193 2801 4247 vel
2840 4193 2980 4247 vitat
3003 4195 3091 4248 vel
3119 4194 3376 4265 appetit:
3410 4194 3505 4248 ille
3535 4194 3690 4247 enim
3724 4210 3935 4248 sensus

2180 4265 2184 4300 ⁵
2220 4281 2281 4334 in
2325 4280 2504 4334 oculis
2537 4285 2639 4347 est,
2675 4281 2771 4335 ille
2810 4285 3003 4336 autem
3060 4281 3215 4336 intus
3249 4282 3310 4335 in
3365 4281 3490 4352 ipsa
3541 4281 3772 4349 anima;
3808 4299 3934 4354 quo

2221 4386 2336 4424 non
2363 4371 2548 4424 solum
2562 4386 2628 4424 ea
2649 4386 2778 4440 quae
2801 4370 3085 4436 videntur,
3121 4371 3216 4425 sed
3233 4371 3402 4424 etiam
3427 4387 3554 4441 quae
3583 4371 3933 4442 audiuntur,

2221 4475 2462 4530 quaeque
2493 4459 2710 4512 caeteris
2740 4459 3044 4530 capiuntur
3073 4458 3326 4528 corporis
3381 4457 3658 4522 sensibus,
3693 4461 3786 4514 vel
3816 4477 3931 4532 ap-

2219 4552 2422 4618 petunt
2448 4547 2717 4602 animalia
2747 4548 3021 4603 delectata
3041 4552 3095 4601 et
3113 4550 3428 4611 assumunt,
3458 4545 3545 4599 vel
3577 4547 3801 4602 offensa
3830 4551 3933 4604 de-

2222 4637 2399 4690 vitant
2427 4641 2482 4690 et
2511 4641 2807 4707 respuunt.
2849 4638 2945 4690 hic
2967 4642 3156 4689 autem
3189 4651 3290 4688 nec
3319 4633 3496 4702 visus,
3529 4650 3634 4688 nec
3663 4638 3929 4707 auditus,

2222 4741 2327 4779 nec
2357 4725 2614 4794 olfactus,
2658 4741 2761 4779 nec
2816 4729 3092 4794 gustatus,
3147 4738 3251 4775 nec
3305 4726 3488 4775 tactus
3540 4723 3651 4778 dici
3708 4731 3927 4795 potest,

2223 4818 2318 4867 sed
2340 4813 2528 4867 nescio
2552 4813 2690 4885 quid
2721 4813 2876 4868 aliud
2907 4811 3060 4882 quod
3077 4811 3342 4864 omnibus
3373 4812 3761 4867 communiter
3782 4832 3933 4885 prae-

2224 4903 2386 4957 sidet.
2430 4903 2590 4968 Quod
2631 4918 2759 4956 cum
2806 4900 3024 4954 ratione
3064 4899 3619 4969 comprehendamus,
3668 4906 3734 4955 ut
3779 4903 3927 4973 dixi,

2221 4993 2328 5046 hoc
2358 4992 2546 5062 ipsum
2576 4996 2766 5046 tamen
2786 4988 3068 5042 rationem
3095 5003 3297 5042 vocare
3329 5005 3448 5043 non
3471 5006 3702 5061 possum
3727 5007 3740 5056 ;
3767 5008 3926 5062 quo-

2223 5080 2378 5134 niam
2410 5085 2464 5134 et
2495 5079 2689 5134 bestiis
2719 5079 2902 5131 inesse
2933 5076 3301 5132 manifestum
3332 5083 3431 5133 est.

2295 5174 2348 5223 9.
2387 5170 2457 5223 A.
2490 5172 2748 5238 Agnosco
2784 5165 2935 5220 istud
2986 5166 3264 5237 quidquid
3296 5172 3399 5234 est,
3433 5171 3488 5222 et
3519 5183 3649 5221 eum
3685 5167 3928 5225 interio-

2224 5273 2346 5311 rem
2377 5271 2604 5309 sensum
2637 5253 2927 5325 appellare
2957 5270 3075 5308 non
3104 5254 3322 5308 dubito.
3373 5255 3480 5310 Sed
3511 5255 3620 5310 nisi
3663 5261 3720 5310 et
3744 5257 3924 5313 istum

2222 5351 2492 5409 transeat,
2528 5343 2677 5414 quod
2708 5343 2778 5396 ad
2811 5359 2912 5396 nos
2969 5344 3212 5398 refertur
3242 5361 3274 5396 a
3325 5344 3584 5398 sensibus
3637 5348 3919 5417 corporis,

2225 5432 2521 5504 pervenire
2551 5431 2619 5485 ad
2651 5431 2946 5486 scientiam
2991 5448 3105 5486 non
3160 5436 3366 5503 potest.
3423 5431 3710 5502 Quidquid
3761 5435 3920 5490 enim

2227 5521 2454 5588 scimus,
2486 5519 2544 5576 id
2572 5519 2791 5576 ratione
2830 5522 3305 5593 comprehensum
3359 5524 3640 5575 tenemus.
3695 5522 3923 5579 Scimus
