4074 6360
144 285 280 336 1245

135 411 352 473 autem,
382 410 447 460 ut
482 406 550 460 de
587 405 807 460 caeteris
833 408 1070 473 taceam,
1102 423 1205 462 nec
1234 409 1452 462 colores
1483 409 1702 480 auditu,
1732 427 1837 466 nec

131 511 297 548 voces
323 494 447 548 visu
475 511 639 565 posse
670 494 886 550 sentiri.
924 497 988 550 Et
1017 512 1148 550 cum
1178 498 1286 551 hoc
1313 497 1539 559 scimus,
1573 515 1677 553 nec
1703 516 1835 555 ocu-

135 584 226 650 lis,
267 600 372 638 nec
417 584 652 638 auribus
697 585 926 652 scimus,
959 601 1149 656 neque
1194 586 1292 641 illo
1334 604 1507 641 sensu
1542 588 1838 660 interiore,

134 688 252 743 quo
282 688 386 726 nec
416 672 612 726 bestiae
645 678 857 727 carent.
895 674 1017 727 Non
1052 675 1206 729 enim
1237 676 1588 731 credendum
1626 683 1712 732 est
1745 694 1838 732 eas

134 777 322 827 nosse,
355 777 456 814 nec
495 761 728 815 auribus
770 761 966 816 sentiri
1007 763 1214 830 lucem,
1258 781 1362 818 nec
1392 766 1572 822 oculis
1601 782 1834 834 vocem;

135 849 410 920 quoniam
454 849 560 903 ista
590 849 818 903 nonnisi
845 850 1112 905 rationali
1143 851 1640 909 animadversione
1665 859 1721 910 et
1745 871 1837 909 co-

135 938 416 1008 gitatione
447 937 840 993 discernimus.
881 942 943 993 E.
977 941 1100 994 Non
1129 957 1367 1011 possum
1397 943 1583 998 dicere
1612 943 1717 998 hoc
1746 961 1839 999 me

135 1027 349 1081 habere
380 1030 729 1098 perceptum.
763 1027 908 1090 Quid
939 1027 986 1082 si
1024 1029 1176 1083 enim
1210 1046 1378 1084 sensu
1407 1031 1506 1085 illo
1540 1032 1836 1100 interiore,

136 1132 253 1187 quo
285 1132 377 1170 eas
418 1131 533 1169 non
561 1131 753 1170 carere
779 1116 1062 1184 concedis,
1097 1118 1205 1172 hoc
1241 1135 1472 1190 quoque
1497 1120 1836 1191 dijudicant,

138 1220 245 1258 nec
285 1205 501 1258 colores
529 1205 730 1271 auditu
772 1220 876 1258 nec
916 1205 1042 1259 visu
1069 1222 1235 1260 voces
1269 1223 1432 1277 posse
1463 1209 1709 1264 sentiri?
1757 1214 1836 1266 A.

138 1293 288 1346 Num
319 1291 491 1346 etiam
541 1296 705 1362 putas
753 1309 819 1346 ea
871 1309 1033 1364 posse
1081 1294 1425 1363 discernere,
1474 1297 1542 1351 ab
1590 1298 1837 1354 invicem

511 1380 522 1390 .
689 1381 698 1390 .
1293 1384 1302 1394 .
1351 1385 1360 1394 .
1881 1399 1884 1414 ι
1952 1380 2054 1390 ...ν
2083 1380 2353 1402 --..----.,
2389 1380 2503 1389 ην.-
2533 1380 2604 1389 ....
2635 1380 2946 1400 --.ν-...πη
2978 1380 3238 1405 ηψπ-νυ
3271 1380 3504 1391 .....ν...υ
3537 1380 3642 1405 νυν,

136 1383 1408 1498 ῗῗὲῗῖῗῗηὲυξ.ῗῗῗ¹ἷῗῖ’,.ῗῖ,⁵ῗῗῗ¹ἒ“ἶ.ῗέ¹ἷέ32
1437 1387 1843 1498 οῗῗῖίῖξῗξζίί
1948 1425 2048 1480 sed
2086 1429 2309 1478 tantum
2343 1425 2416 1478 ad
2464 1423 2832 1489 movendum.
2879 1424 3035 1496 quod
3079 1440 3197 1478 non
3223 1424 3424 1496 utique
3455 1426 3648 1498 aliquo

136 1469 470 1525 interiorem
515 1469 680 1524 illum
709 1486 942 1525 sensum
976 1471 1130 1542 apud
1159 1473 1433 1539 animam,
1467 1479 1524 1528 et
1553 1475 1838 1531 rationem

136 1576 254 1631 qua
287 1560 396 1614 ista
421 1559 753 1631 singillatim
774 1559 1134 1615 deﬁniuntur
1174 1566 1230 1616 et
1255 1563 1696 1618 dinumerantur
1714 1565 1742 1619 ?
1769 1569 1838 1622 E.

136 1649 309 1703 Nullo
339 1649 528 1703 modo.
572 1651 650 1703 Α.
682 1648 827 1713 Quid
849 1648 876 1702 ?
918 1649 1024 1704 ista
1053 1650 1198 1705 ratio
1226 1656 1418 1722 posset
1445 1652 1567 1706 haec
1595 1657 1842 1724 quatuor

136 1737 459 1792 discernere
517 1737 585 1791 ab
636 1736 883 1792 invicem
943 1744 1001 1792 et
1041 1739 1472 1795 definitionibus
1503 1743 1837 1810 terminare,

136 1828 251 1882 nisi
278 1829 348 1882 ad
377 1844 503 1882 eam
534 1826 843 1882 referretur
863 1832 920 1883 et
947 1830 1105 1883 color
1127 1846 1230 1900 per
1259 1831 1557 1886 oculorum
1585 1848 1838 1900 sensum,

137 1923 194 1973 et
224 1918 345 1989 ipse
393 1934 588 1972 rursus
622 1935 723 1988 per
752 1918 918 1973 illum
948 1918 1286 1974 interiorem
1329 1921 1429 1992 qui
1469 1922 1522 1976 ei
1552 1924 1838 1993 praesidet,

140 2011 198 2062 et
215 2006 369 2061 idem
399 2005 636 2061 interior
654 2023 758 2076 per
778 2007 1048 2077 seipsum,
1083 2008 1132 2062 si
1159 2013 1351 2063 tamen
1365 2009 1487 2079 jam
1517 2009 1661 2063 nihil
1691 2009 1842 2063 aliud

140 2091 544 2163 interpositum
587 2094 707 2148 est?
749 2097 814 2148 E.
851 2095 974 2148 Non
1001 2094 1164 2149 video
1192 2097 1480 2167 quomodo
1519 2097 1682 2150 aliter
1710 2113 1840 2167 pos-

141 2186 246 2235 set.
278 2184 355 2236 Λ.
389 2182 582 2247 Quid?
626 2183 735 2236 hoc
762 2182 1014 2250 videsne,
1057 2200 1226 2238 sensu
1260 2186 1558 2240 oculorum
1589 2187 1839 2240 colorem

143 2270 362 2337 sentiri,
414 2271 680 2326 eumdem
723 2275 916 2326 autem
963 2289 1194 2327 sensum
1246 2274 1450 2328 eodem
1506 2291 1676 2329 sensu
1725 2291 1842 2329 non

143 2359 385 2413 sentiri?
444 2361 570 2413 Non
625 2359 781 2414 enim
837 2377 951 2431 quo
1004 2377 1172 2415 sensu
1221 2362 1471 2416 colorem
1522 2363 1696 2432 vides,
1737 2365 1844 2419 hoc

143 2448 352 2502 eodem
394 2447 550 2502 vides
597 2449 769 2502 etiam
808 2449 999 2520 ipsum
1047 2450 1257 2506 videre.
1302 2455 1365 2506 E.
1413 2453 1540 2506 Non
1585 2453 1842 2508 omnino.

141 2539 224 2591 Α.
275 2535 501 2591 Enitere
540 2537 713 2591 etiam
745 2536 852 2591 ista
880 2537 1228 2608 dijudicare:
1272 2555 1408 2593 nam
1440 2540 1609 2594 credo
1640 2547 1695 2594 te
1725 2557 1845 2595 non

143 2641 356 2696 negare
380 2625 534 2680 aliud
559 2626 810 2680 colorem
834 2641 977 2694 esse,
1009 2631 1065 2680 et
1082 2627 1240 2681 aliud
1270 2629 1521 2682 colorem
1546 2629 1758 2696 videre,
1790 2633 1847 2683 et

144 2714 286 2768 item
311 2714 464 2768 aliud
479 2714 671 2780 etiam,
695 2731 826 2769 cum
847 2715 1002 2768 color
1020 2731 1134 2769 non
1156 2716 1368 2782 subest,
1384 2718 1594 2772 habere
1616 2735 1844 2772 sensum

145 2819 262 2874 quo
308 2802 487 2857 videri
528 2808 740 2873 posset,
782 2803 828 2858 si
881 2803 1154 2859 subesset.
1203 2808 1268 2860 Ε.
1319 2806 1586 2860 Discerno
1623 2811 1679 2861 et
1715 2807 1840 2875 ista,

145 2896 206 2945 et
232 2890 382 2944 inter
419 2907 476 2945 se
519 2891 744 2945 differre
805 2892 1073 2946 concedo.
1111 2894 1189 2948 Α.
1233 2894 1380 2947 Num
1417 2895 1624 2948 horum
1669 2894 1844 2949 trium

145 2977 462 3050 quidquam
489 2980 644 3034 vides
675 2979 876 3048 oculis,
911 2980 1021 3034 nisi
1055 2981 1344 3036 colorem?
1375 2985 1440 3037 E.
1485 2983 1636 3037 Nihil
1671 2983 1843 3037 aliud.

144 3070 224 3122 Α.
259 3068 358 3122 Dic
387 3085 525 3139 ergo
554 3069 707 3123 unde
736 3068 929 3123 videas
963 3068 1076 3122 alia
1109 3069 1223 3123 duo
1251 3089 1265 3136 ;
1296 3086 1413 3124 non
1443 3071 1598 3125 enim
1634 3088 1702 3126 ea
1730 3089 1845 3126 non

143 3157 263 3212 visa
309 3173 502 3228 posses
546 3158 884 3212 discernere.
929 3160 993 3213 E.
1049 3158 1246 3213 Nescio
1293 3159 1431 3231 quid
1478 3160 1674 3228 aliud;
1726 3177 1845 3215 esse

146 3245 286 3312 scio,
343 3245 490 3300 nihil
549 3245 816 3316 amplius.
871 3248 949 3300 Α.
1010 3246 1200 3301 Nescis
1254 3247 1432 3319 igitur
1480 3254 1674 3303 utrum
1723 3251 1846 3320 jam

146 3333 272 3404 ipsa
303 3333 376 3388 sit
403 3333 567 3402 ratio,
601 3351 673 3389 an
703 3334 801 3388 illa
830 3333 943 3389 vita
972 3334 1044 3388 sit
1063 3351 1236 3406 quam
1258 3352 1490 3391 sensum
1513 3338 1846 3394 interiorem

144 3439 414 3477 vocamus
442 3423 866 3494 praecellentem
903 3423 1160 3478 sensibus
1200 3424 1473 3495 corporis,
1505 3442 1580 3480 an
1626 3426 1846 3498 aliquid

146 3511 345 3566 aliud?
395 3513 460 3566 Ε.
511 3511 729 3566 Nescio.
770 3514 847 3567 Α.
880 3512 1030 3567 Illud
1079 3517 1272 3568 tamen
1319 3515 1446 3582 scis,
1497 3531 1564 3570 ea
1618 3515 1847 3571 deliniri

146 3601 261 3656 nisi
288 3599 505 3655 ratione
533 3617 648 3655 non
675 3617 872 3672 posse;
899 3618 1086 3674 neque
1117 3603 1399 3658 rationem
1420 3603 1480 3659 id
1501 3604 1710 3672 facere,
1733 3605 1845 3659 nisi

146 3690 218 3745 de
237 3690 305 3744 iis
326 3706 455 3761 quae
477 3689 584 3744 sibi
612 3689 992 3746 examinanda
1016 3691 1361 3748 offeruntur.
1390 3696 1455 3748 E.
1483 3694 1714 3749 Certum
1741 3698 1842 3749 est.

143 3781 224 3832 Α.
261 3778 550 3850 Quidquid
582 3778 761 3850 igitur
791 3783 876 3834 est
902 3779 1058 3835 aliud
1082 3797 1196 3851 quo
1229 3781 1427 3836 sentiri
1455 3786 1642 3853 potest
1673 3799 1846 3838 omne

144 3867 305 3939 quod
333 3867 564 3936 scimus,
605 3867 993 3924 ministerium
1022 3869 1259 3924 rationis
1306 3875 1408 3938 est,
1444 3871 1537 3926 cui
1579 3871 1744 3926 offert
1791 3876 1848 3927 et

144 3956 442 4010 renuntiat
482 3956 764 4028 quidquid
815 3957 1064 4029 attingit,
1105 3963 1171 4012 ut
1212 3975 1280 4012 ea
1335 3975 1464 4030 quae
1521 3960 1847 4014 sentiuntur

145 4044 392 4099 discerni
419 4044 536 4099 suis
556 4044 764 4100 ﬁnibus
787 4045 1030 4116 possint,
1053 4050 1110 4100 et
1136 4063 1253 4101 non
1274 4047 1568 4102 sentiendo
1597 4051 1843 4116 tantum,

144 4134 246 4189 sed
271 4133 443 4188 etiam
469 4133 699 4190 sciendo
725 4135 1157 4206 comprehendi.
1188 4139 1260 4191 E.
1298 4137 1380 4190 Ita
1409 4140 1510 4191 est.
1543 4139 1620 4190 Α.
1653 4137 1799 4202 Quid
1818 4137 1846 4191 ‘I

145 4223 271 4294 ipsa
315 4222 460 4278 ratio
491 4239 620 4295 quae
646 4223 941 4279 ministros
971 4241 1124 4291 suos,
1160 4229 1215 4280 et
1249 4241 1316 4278 ea
1345 4241 1475 4296 quae
1504 4230 1842 4297 suggerunt,

146 4311 420 4366 discernit
469 4312 540 4367 ab
595 4312 862 4376 invicem,
919 4318 976 4367 et
1026 4312 1166 4367 item
1219 4312 1357 4383 quid
1420 4313 1570 4367 inter
1614 4313 1737 4367 haec
1789 4329 1847 4378 et

145 4398 392 4470 seipsam
424 4399 614 4464 distet,
647 4401 923 4472 agnoscit,
968 4417 1141 4472 seque
1181 4400 1294 4454 illis
1331 4402 1844 4472 praepotentiorem

145 4505 268 4543 esse
298 4489 635 4556 confirmat;
669 4507 808 4544 num
851 4489 963 4544 alia
996 4506 1059 4544 re
1107 4489 1354 4560 seipsam
1396 4489 1505 4544 nisi
1535 4489 1742 4561 seipsa,
1784 4490 1844 4544 id

144 4581 229 4632 est
257 4579 479 4634 ratione
507 4579 941 4651 comprehendit
960 4581 979 4617 ί
999 4581 1027 4634 ?
1057 4596 1130 4633 an
1159 4579 1325 4633 aliter
1353 4578 1524 4634 scires
1553 4584 1606 4634 te
1631 4580 1843 4634 habere

142 4667 446 4734 rationem,
495 4668 606 4722 nisi
670 4669 728 4723 id
781 4668 998 4722 ratione
1052 4667 1374 4738 perciperes
1415 4669 1445 4721 ?
1502 4671 1565 4723 E.
1636 4667 1842 4722 Verisi-

143 4772 307 4810 mum
345 4760 448 4811 est.
489 4760 560 4813 Α.
587 4757 893 4828 Ωιιοῑιὴιω
933 4772 1069 4828 ergo
1099 4773 1230 4811 cum
1259 4757 1510 4811 colorem
1541 4756 1841 4828 sentimus,

142 4861 263 4899 non
291 4845 492 4900 itidem
531 4861 699 4900 sensu
748 4846 874 4916 ipsa
913 4863 1018 4901 nos
1048 4844 1258 4900 sentire
1307 4844 1482 4899 etiam
1525 4845 1838 4913 sentimus;

141 4950 330 5006 neque
359 4951 488 4988 cum
519 4934 784 4990 audimus
815 4952 1044 5004 sonum,
1065 4939 1329 4989 nostrum
1374 4933 1550 4988 etiam
1576 4935 1841 4989 audimus

141 5023 407 5078 auditum
433 5044 448 5091 ;
472 5040 658 5096 neque
687 5040 818 5078 cum
844 5025 1140 5080 olfacimus
1170 5041 1380 5090 rosam,
1405 5024 1522 5078 olet
1545 5023 1711 5077 nobis
1736 5025 1839 5078 ali-

141 5111 281 5183 quid
329 5117 382 5167 et
421 5113 542 5184 ipse
593 5112 864 5178 olfactus;
897 5128 1085 5186 neque
1124 5113 1440 5184 quidquam
1479 5113 1840 5184 gustantibus

142 5201 290 5271 sapit
318 5200 376 5254 in
409 5217 505 5255 ore
535 5201 655 5272 ipse
675 5204 906 5272 gustus;
930 5217 1035 5256 nec
1064 5205 1361 5272 tangentes
1388 5201 1620 5272 aliquid,
1649 5201 1840 5272 ipsum
1891 5221 1894 5252 τ

143 5288 316 5344 etiam
355 5289 631 5362 tangendi
659 5305 890 5345 sensum
935 5306 1236 5360 possumus
1266 5295 1502 5362 tangere
1535 5307 1548 5346 :
1590 5292 1838 5346 manife-

211 5442 222 5474 ι
247 5441 307 5488 In
333 5441 392 5506 B_.
417 5455 428 5488 :
454 5441 725 5506 A’umialia
745 5454 802 5506 re
823 5443 1049 5505 seipsam
1065 5443 1174 5506 nisi
1197 5455 1252 5492 se
1273 5446 1389 5506 ipsa
1412 5443 1467 5493 id
1489 5447 1558 5493 est
1579 5446 1838 5494 rationem

143 5502 551 5615 ἒῗῗέςεὴθῶἀίι.
576 5505 727 5554 Hunc
749 5502 924 5554 locum
953 5502 1370 5556 restituimus'ex
1393 5507 1478 5556 Er.
1511 5507 1676 5571 Lugd.
1705 5507 1833 5556 Ven.

1575 285 1786 342 LIBER
1826 285 2226 343 SECUNDUS.

3524 299 3654 352 1246

1947 415 2099 465 stum
2145 422 2230 465 est
2273 411 2529 482 quinque
2579 411 2718 467 istos
2769 429 2967 467 sensus
3009 415 3166 468 nullo
3217 431 3417 472 eorum
3474 434 3650 474 sensu

1947 515 2110 571 posse
2155 499 2372 566 sentiri,
2422 501 2680 570 quamvis
2741 502 2820 556 eis
2864 503 3179 574 corporalia
3231 521 3474 577 quaeque
3512 523 3645 561 sen-

1946 592 2182 643 tiantur.
2212 592 2277 643 E.
2308 590 2666 646 Manifestum
2699 597 2799 646 est.

2017 697 2241 751 CAPUT
2271 697 2356 750 IV.
2385 698 2669 752 ~—Sensus
2697 701 2921 754 interior
2949 703 3112 756 sentit
3140 704 3319 771 ipsum
3335 703 3536 756 sentire
3561 717 3573 755 :

2522 801 2594 839 an
2622 791 2673 840 et
2700 802 2754 841 se
2779 789 3072 845 discernat.

2023 892 2106 946 10.
2150 891 2220 945 Α.
2269 890 2532 945 Arbitror
2568 891 2740 946 etiam
2770 893 2910 948 illud
2944 912 3062 949 csse
3096 894 3482 961 manifestum,
3517 913 3647 949 sen-
3709 895 3724 962 λ

1949 995 2075 1033 sum
2119 979 2283 1034 illum
2329 979 2665 1034 interiorem
2717 997 2831 1034 non
2871 999 2937 1036 ea
2980 987 3204 1038 tantum
3235 985 3465 1051 sentire,
3514 1001 3642 1056 quin
3721 967 3724 980 '

1947 1069 2230 1140 acceperit
2285 1086 2318 1122 a
2371 1069 2626 1140 quinque
2675 1070 2935 1124 sensibus
2984 1073 3251 1141 corporis,
3313 1073 3412 1126 sed
3470 1074 3645 1127 etiam

1947 1159 2101 1230 ipsos
2131 1159 2201 1213 ab
2231 1175 2298 1213 eo
2339 1159 2554 1212 sentiri.
2608 1161 2729 1212 Non
2779 1159 2934 1212 enim
2983 1160 3149 1213 aliter
3187 1161 3364 1215 bestia
3394 1166 3648 1217 moveret

1949 1265 2030 1317 se,
2063 1248 2147 1302 vel
2196 1247 2514 1318 appetendo
2555 1246 2793 1318 aliquid,
2829 1247 2914 1301 vel
2953 1247 3245 1317 fugiendo,
3278 1249 3390 1302 nisi
3421 1266 3478 1303 se
3511 1265 3645 1303 sen-
3709 1246 3716 1267 '

1946 1336 2054 1390 tire
2083 1335 2314 1390 sentiret
2340 1351 2353 1402 ;
2386 1351 2503 1389 non
2533 1335 2604 1389 ad
2635 1335 2946 1400 sciendum,
2977 1335 3238 1405 namhoc
3267 1337 3504 1391 rationis
3536 1343 3642 1405 est,

1949 1513 2180 1567 illorum
2212 1512 2468 1584 quinque
2499 1512 2690 1566 sentit.
2723 1513 2887 1577 Quod
2917 1513 2964 1566 si
2991 1513 3176 1568 adhuc
3205 1513 3509 1568 obscurum
3542 1520 3650 1581 est,

1949 1603 2243 1664 elucescet,
2281 1601 2327 1654 si
2375 1600 2793 1654 animadvertas
2835 1601 2988 1672 quod
3037 1602 3285 1673 exempli
3331 1603 3513 1673 gratia
3569 1606 3654 1657 sat

1950 1695 2034 1745 est
2062 1690 2122 1744 in
2152 1706 2270 1744 uno
2305 1689 2495 1761 aliquo
2524 1706 2714 1756 sensu,
2747 1690 2903 1743 velut
2941 1689 2999 1742 in
3030 1690 3173 1746 visu.
3218 1691 3476 1761 Namque
3513 1706 3650 1761 ape-
3703 1729 3706 1742 ι

1948 1779 2061 1833 rire
2092 1780 2343 1844 oculum,
2375 1783 2431 1833 et
2461 1794 2690 1833 movere
2722 1778 3052 1848 aspiciendo
3085 1779 3156 1832 ad
3187 1778 3246 1832 id
3275 1779 3426 1850 quod
3457 1779 3648 1834 videre

1951 1869 2186 1940 appetit,
2219 1869 2376 1922 nullo
2408 1869 2577 1922 modo
2610 1872 2820 1938 posset,
2862 1867 2972 1921 nisi
2999 1868 3163 1922 oculo
3195 1868 3386 1921 clauso
3415 1869 3500 1921 vel
3532 1884 3653 1922 non

1949 1957 2029 2011 ita
2058 1960 2212 2010 moto
2243 1973 2300 2010 se
2329 1956 2388 2010 id
2419 1972 2534 2010 non
2564 1956 2756 2010 videre
2789 1956 3043 2010 sentiret.
3077 1955 3135 2010 Si
3164 1961 3355 2010 autem
3387 1957 3560 2010 sentit
3590 1972 3648 2010 se

1950 2061 2067 2099 non
2088 2045 2277 2099 videre
2314 2045 2451 2099 dum
2491 2043 2807 2113 non_videt,
2831 2060 3059 2098 necesse
3105 2049 3192 2098 est
3226 2045 3402 2099 etiam
3444 2044 3653 2098 sentiat

1952 2149 2010 2188 se
2036 2132 2227 2187 videre
2258 2133 2396 2187 dum
2433 2133 2619 2198 videt;
2654 2133 2789 2204 quia
2818 2148 2949 2187 cum
2988 2149 3054 2188 eo
3093 2133 3354 2204 appetitu
3382 2149 3497 2187 non
3527 2150 3653 2187 mo-

1950 2226 2044 2277 vet
2083 2223 2311 2276 oculum
2358 2222 2576 2290 videns,
2611 2237 2725 2293 quo
2775 2226 2966 2276 movet
3013 2237 3131 2276 non
3173 2221 3392 2288 videns,
3440 2221 3653 2276 iudicat

1952 2327 2011 2365 se
2041 2315 2348 2382 utrumque
2379 2311 2616 2365 sentire.
2654 2311 2762 2365 Sed
2789 2315 2983 2364 utrum
3010 2314 3066 2364 et
3093 2326 3150 2364 se
3181 2310 3362 2381 ipsam
3389 2310 3512 2364 haec
3539 2311 3655 2365 vita

1955 2398 2178 2466 sentiat,
2212 2415 2342 2471 quae
2372 2415 2430 2454 se
2456 2400 2776 2470 corporalia
2807 2399 3018 2454 sentire
3050 2399 3242 2466 sentit,
3279 2415 3395 2452 non
3426 2399 3506 2453 ita
3533 2400 3652 2452 cla-

1953 2504 2083 2542 rum
2113 2491 2216 2554 est,
2236 2487 2347 2542 nisi
2373 2488 2527 2559 quod
2549 2504 2606 2542 se
2641 2488 2882 2560 quisque
2904 2488 3058 2542 intus
3085 2488 3472 2558 interrogans,
3504 2488 3658 2542 inve-

1955 2577 2039 2631 nit
2066 2593 2300 2631 omnem
2342 2593 2465 2631 rem
2503 2576 2786 2632 viventem
2816 2577 3016 2648 fugere
3048 2582 3289 2631 mortem
3316 2593 3329 2643 ;
3367 2593 3496 2648 quia
3525 2592 3657 2631 cum

1954 2663 2027 2718 sit
2067 2665 2197 2718 vitae
2237 2665 2540 2731 contraria,
2583 2681 2808 2720 necesse
2841 2670 2922 2719 est
2953 2669 3016 2720 ut
3057 2666 3173 2720 vita
3203 2666 3376 2720 etiam
3409 2665 3654 2736 seipsam

1954 2752 2178 2818 sentiat,
2194 2769 2322 2823 qua:
2341 2753 2691 2808 contrarium
2715 2770 2883 2808 suum
2899 2754 3064 2825 fugit.
3082 2755 3244 2819 Quod
3266 2755 3311 2808 si
3334 2755 3518 2808 adhuc
3536 2770 3652 2808 non

1953 2841 2154 2911 liquet,
2178 2841 2498 2910 omittatur,
2524 2845 2590 2896 ut
2610 2858 2727 2896 non
2748 2842 3000 2896 nitamur
3020 2842 3088 2896 ad
3112 2843 3167 2897 id
3195 2843 3344 2914 quod
3367 2843 3652 2908 volumus,

1954 2927 2064 2982 nisi
2093 2929 2260 2982 certis
2298 2929 2725 3001 manifestisque
2759 2929 3136 2984 documentis.
3170 2931 3462 2985 Manifesta
3498 2930 3653 2984 enim

1955 3021 2108 3086 sunt,
2129 3032 2300 3071 sensu
2313 3018 2568 3088 corporis
2588 3018 2787 3073 sentiri
2808 3019 3149 3090 corporalia;
3172 3020 3438 3073 eumdem
3460 3023 3655 3072 autem

1955 3121 2184 3160 sensum
2225 3107 2331 3161 hoc
2373 3108 2574 3162 eodem
2614 3123 2781 3161 sensu
2820 3123 2938 3162 non
2987 3124 3150 3178 posse
3190 3107 3427 3174 sentiri;
3485 3123 3657 3162 sensu

1953 3198 2146 3249 autem
2167 3195 2435 3249 interiore
2457 3200 2514 3250 et
2535 3196 2854 3266 corporalia
2869 3212 2973 3266 per
2993 3212 3226 3250 sensum
3248 3195 3502 3266 corporis
3520 3211 3650 3250 sen-

1954 3282 2071 3350 tiri,
2102 3287 2160 3337 et
2208 3283 2398 3353 ipsum
2429 3284 2680 3355 corporis
2711 3300 2980 3340 sensum:
3014 3285 3235 3339 ratione
3268 3301 3400 3338 vero
3445 3288 3502 3338 et
3548 3283 3647 3338 illa

1955 3371 2168 3438 omnia,
2192 3377 2247 3427 et
2267 3373 2528 3428 eamdem
2549 3374 2731 3444 ipsam
2753 3379 2950 3428 notam
2973 3374 3120 3442 fieri,
3145 3379 3202 3429 et
3222 3373 3458 3428 scientia
3477 3373 3658 3428 conti-

1954 3459 2081 3514 neri
2111 3475 2124 3513 :
2157 3477 2229 3515 an
2257 3461 2362 3516 tibi
2392 3478 2508 3516 non
2537 3462 2762 3517 videtur
2781 3464 2810 3516 ?
2837 3466 2900 3518 E.
2941 3463 3172 3518 Videtur
3203 3479 3363 3520 sane.
3403 3466 3479 3517 Α.
3513 3465 3656 3533 Age,

1955 3564 2108 3602 nunc
2137 3550 2416 3620 responde
2439 3551 2590 3605 unde
2620 3551 2692 3606 sit
2722 3551 2986 3622 quaestio,
3019 3553 3090 3606 ad
3117 3553 3276 3622 cujus
3308 3551 3655 3606 solutionem

1955 3637 2253 3708 pervenire
2291 3639 2605 3710 cupientes,
2655 3640 2777 3711 jam
2824 3641 2924 3695 diu
2958 3641 3127 3695 istam
3166 3641 3441 3696 molimur
3483 3640 3656 3696 viam.

1956 3760 2180 3816 CAPUT
2206 3762 2266 3817 V.
2296 3791 2365 3803 -
2393 3763 2590 3818 Sensus
2619 3765 2848 3817 interior
2869 3769 3100 3834 prastat
3125 3768 3362 3820 externis
3391 3765 3655 3834 sensibus,

2327 3867 2556 3921 quorum
2585 3856 2663 3906 est
2691 3852 2996 3907 moderator
3023 3857 3073 3906 et
3094 3852 3292 3921 judem.

2029 3961 2112 4012 11.
2147 3960 2212 4013 Ε.
2238 3957 2528 4022 Quantum
2562 3957 2799 4012 memini
2818 3958 2994 4013 trium
3017 3958 3246 4014 illarum
3270 3959 3656 4031 quaestionum

1954 4062 2096 4118 quas
2117 4047 2286 4116 paulo
2317 4050 2448 4100 ante
2478 4046 2552 4101 ad
2588 4047 3008 4102 contexendum
3031 4047 3294 4102 ordinem
3323 4049 3494 4120 hujus
3532 4047 3658 4103 dis-

1952 4134 2266 4207 putationis
2286 4135 2602 4206 posuimus,
2622 4151 2776 4190 nunc
2791 4135 2981 4207 prima
2996 4147 3274 4199 versatur,
3299 4137 3355 4191 id
3377 4141 3482 4204 est,
3507 4153 3648 4209 quo-

1953 4225 2124 4278 modo
2167 4224 2532 4278 manifestum
2571 4223 2697 4279 ﬁeri
2746 4225 2946 4295 possit,
2982 4225 3240 4296 quamvis
3287 4225 3648 4280 tenacissime

1952 4313 2392 4385 firmissimeque
2433 4313 2777 4368 credendum
2825 4313 2919 4382 sit,
2966 4314 3146 4368 Deum
3189 4330 3330 4370 esse.
3363 4314 3435 4369 A.
3481 4315 3650 4370 Recte

1952 4402 2060 4457 hoc
2086 4406 2286 4468 tenes;
2328 4401 2428 4456 sed
2473 4400 2646 4455 etiam
2675 4401 2816 4455 illud
2847 4401 3154 4472 diligenter
3187 4407 3376 4456 tenere
3410 4406 3465 4456 te
3503 4403 3659 4470 volo,

1953 4505 2082 4545 cum
2112 4490 2181 4544 de
2212 4490 2393 4562 teipso
2425 4506 2745 4562 quaererem
2774 4495 2972 4545 utrum
3003 4495 3057 4545 te
3089 4507 3210 4545 esse
3255 4491 3500 4558 noveris,
3531 4507 3651 4546 non

1953 4580 2137 4634 solum
2162 4581 2290 4647 hoc,
2323 4579 2420 4634 sed
2450 4579 2625 4634 etiam
2653 4579 2765 4634 alia
2797 4580 2909 4634 duo
2940 4579 3103 4634 nobis
3133 4580 3462 4650 apparuisse
3495 4581 3653 4652 quod

1951 4670 2192 4724 noveris.
2227 4672 2292 4724 E.
2338 4669 2401 4723 Id
2447 4685 2676 4740 quoque
2716 4672 2902 4722 teneo.
2937 4670 3011 4722 Α.
3049 4669 3210 4723 Nunc
3245 4684 3384 4739 ergo
3417 4669 3541 4724 vide
3575 4671 3650 4724 ad

1949 4774 2122 4830 quam
2152 4773 2275 4812 rem
2317 4757 2555 4811 istarum
2595 4756 2771 4810 trium
2819 4755 3106 4826 intelligas
3142 4757 3430 4827 pertinere
3472 4773 3653 4815 omne

1950 4847 2102 4917 quod
2140 4845 2391 4916 corporis
2421 4861 2622 4900 sensus
2668 4845 2936 4914 attingit;
2970 4844 3028 4898 id
3068 4849 3173 4912 est,
3206 4846 3267 4899 in
3301 4862 3415 4917 quo
3457 4861 3653 4900 rerum

1950 4951 2160 5006 genere
2201 4935 2304 4990 tibi
2345 4934 2678 5005 ponendum
2714 4934 2990 5000 videatur,
3023 4934 3308 5005 quidquid
3338 4935 3425 4990 vel
3455 4935 3645 4988 oculo-

1950 5041 2100 5091 rum,
2134 5025 2222 5079 vel
2265 5023 2378 5077 alio
2423 5024 2684 5095 quolibet
2723 5023 2978 5094 corporis
3027 5024 3409 5078 instrumento
3451 5027 3653 5077 noster

1949 5129 2147 5168 sensus
2183 5113 2447 5183 attingit:
2483 5117 2676 5168 utrum
2712 5113 2773 5167 in
2805 5129 2872 5167 eo
2906 5114 3062 5184 quod
3091 5116 3316 5167 tantum
3347 5115 3449 5176 est,
3483 5126 3558 5163 an
3589 5109 3652 5165 in

1949 5219 2016 5258 eo
2051 5202 2203 5274 quod
2233 5202 2404 5256 etiam
2453 5201 2610 5268 vivit,
2646 5218 2718 5256 an
2758 5201 2819 5256 in
2869 5218 2935 5256 eo
2966 5202 3121 5272 quod
3151 5201 3320 5254 etiam
3354 5197 3651 5268 intelligit.

1947 5295 2013 5348 E.
2044 5293 2107 5346 In
2137 5308 2202 5346 eo
2252 5292 2404 5362 quod
2436 5295 2659 5346 tantum
2691 5296 2793 5346 est.
2848 5293 2920 5346 Α.
2970 5290 3157 5355 Quid?
3195 5288 3382 5358 ipsum
3425 5303 3655 5340 sensum

1947 5381 2007 5436 in
2041 5397 2153 5452 quo
2194 5396 2404 5452 genere
2443 5380 2620 5435 trium
2660 5381 2870 5435 horum
2919 5395 3040 5434 esse
3081 5377 3320 5430 censes?
3358 5378 3424 5430 E.
3475 5376 3540 5429 In
3587 5392 3656 5433 eo

1948 5471 2099 5542 quod
2130 5470 2284 5525 vivit.
2309 5471 2375 5525 A.
2406 5470 2552 5536 Quid
2584 5470 2760 5541 igitur
2791 5471 3009 5524 horum
3039 5467 3281 5520 duorum
3312 5463 3516 5518 melius
3537 5480 3657 5520 esse

1939 5557 2203 5630 judicas?
2237 5575 2467 5614 sensum
2501 5558 2712 5630 ipsum,
2756 5573 2829 5612 an
2861 5555 3015 5628 quod
3046 5569 3244 5608 sensus
3269 5553 3547 5624 attingit?
3582 5557 3649 5610 Ε.
