4074 6374
423 291 442 343 l
453 289 556 342 247

419 407 665 464 Sensum
709 405 941 462 scilicet.
969 405 1042 461 Α.
1073 404 1306 469 Quare?
1347 405 1414 460 E.
1463 401 1606 468 Quia
1665 403 1872 458 melius
1923 405 2008 458 est
2049 402 2111 458 id

423 497 580 570 quod
610 495 781 550 etiam
805 494 960 562 vivit,
990 510 1163 566 quam
1194 493 1254 548 id
1283 493 1435 564 quod
1464 496 1692 548 tantum
1721 496 1823 548 est;

499 589 584 641 t2.
622 586 690 640 Α.
726 584 870 650 Quid
892 583 1101 637 ?illum
1133 598 1361 637 sensum
1390 581 1743 650 interiorem,
1782 597 1954 653 quem
1982 580 2106 652 qui-

427 675 556 730 dem
587 674 736 728 infra
761 673 1062 737 rationem,
1093 675 1148 724 et
1173 671 1358 726 adhuc
1385 669 1553 726 nobis
1581 685 1948 724 communem
1981 685 2113 724 cum

425 763 621 819 bestiis
645 761 908 832 superius
936 759 1354 831 indagavimus,
1385 759 1743 814 dubitabisne
1761 759 1894 813 huic
1921 758 2114 813 sensui

423 867 760 924 praeponere
791 865 904 920 quo
947 865 1154 919 corpus
1186 848 1539 919 attingimus,
1572 853 1630 902 et
1659 863 1830 919 quem
1853 847 1974 918 jam
2003 846 2114 918 ipsi

422 938 643 1011 corpori
670 937 1123 1009 praeponendum
1144 936 1513 1007 esseldixisti?
1540 939 1604 992 E.
1632 936 1798 990 Nullo
1829 936 1998 990 modo
2015 936 2116 990 du-

417 1027 738 1084 bitaverim.
769 1027 841 1081 A.
873 1026 1055 1081 Etiam
1082 1027 1195 1081 hoc
1227 1042 1328 1082 cur
1357 1042 1472 1080 non
1499 1025 1742 1092 dubites,
1771 1026 1900 1080 volo
1932 1024 2030 1078 abs
2057 1028 2114 1079 te

423 1117 642 1172 audire.
675 1116 798 1170 Non
838 1115 993 1170 enim
1031 1115 1249 1186 poteris
1279 1115 1466 1170 dicere
1504 1114 1658 1168 hunc
1695 1129 1926 1168 sensum
1973 1114 2116 1168 inte-

421 1204 635 1260 riorem
667 1204 789 1276 jam
828 1204 890 1258 in
929 1219 994 1258 eo
1027 1219 1236 1275 genere
1279 1204 1455 1258 trium
1484 1202 1711 1256 illorum
1749 1219 1868 1257 esse
1896 1218 2114 1274 ponen-

423 1295 583 1362 dum,
615 1293 766 1364 quod
805 1292 979 1347 etiam
1021 1291 1309 1364 intelligit,
1341 1292 1441 1346 sed
1469 1291 1654 1345 adhuc
1684 1290 1746 1344 in
1773 1307 1838 1345 eo
1879 1291 2028 1362 quod
2060 1294 2116 1346 et

425 1387 510 1438 est
537 1386 596 1437 et
624 1381 778 1450 vivit,
810 1380 1032 1436 etiamsi
1061 1380 1355 1435 intellectu
1381 1384 1569 1434 caret:
1601 1379 1708 1434 iste
1737 1379 1887 1433 enim
1918 1395 2116 1435 sensus

425 1470 573 1526 inest
621 1474 676 1524 et
711 1469 927 1532 bestiis,
974 1468 1183 1541 quibus
1235 1469 1558 1522 intellectus
1609 1484 1725 1522 non
1776 1467 1939 1523 inest.
1977 1468 2116 1532 Quae

427 1575 558 1614 cum
585 1559 662 1613 ita
687 1559 820 1621 sint,
848 1575 1042 1629 quaero
1071 1574 1172 1612 cur
1199 1573 1500 1630 praeponas
1519 1572 1749 1611 sensum
1779 1557 2116 1613 interiorem

425 1647 561 1703 huic
583 1647 772 1701 sensui
793 1663 905 1717 quo
936 1646 1250 1718 corporalia
1270 1646 1609 1713 sentiuntur,
1631 1661 1761 1699 cum
1782 1645 1853 1699 sit
1876 1639 2116 1716 uterque

429 1736 490 1791 in
511 1751 578 1790 eo
605 1751 814 1806 genere
841 1736 992 1805 quod
1013 1734 1169 1788 vivit.
1194 1734 1433 1789 Sensum
1455 1739 1649 1788 autem
1676 1733 1847 1787 istum
1876 1734 1977 1804 qui
1995 1750 2117 1789 cor-

428 1838 572 1894 pora
601 1821 851 1893 attingit,
899 1822 1027 1876 ideo
1074 1820 1436 1892 praeposuisti
1467 1819 1822 1891 corporibus,
1852 1820 1988 1890 quia
2016 1821 2116 1875 illa

428 1914 561 1967 sunt
589 1910 650 1964 in
703 1925 769 1966 eo
807 1925 1015 1982 genere
1058 1911 1216 1982 quod
1241 1913 1464 1964 tantum
1503 1913 1606 1976 est,
1636 1908 1741 1963 iste
1781 1925 1911 1963 vero
1958 1909 2019 1963 in
2046 1925 2114 1964 eo

429 2000 585 2071 quod
615 1999 786 2054 etiam
813 1999 990 2054 vivit:
1036 1999 1096 2053 in
1134 2014 1247 2070 quo
1276 2014 1407 2053 cum
1445 2001 1502 2052 et
1537 1997 1634 2051 ille
1671 1996 1914 2052 interior
1950 2015 2117 2069 repe-

423 2088 625 2156 riatur,
667 2104 769 2142 cur
824 2103 957 2143 eum
999 2088 1298 2142 meliorem
1343 2091 1509 2158 putes
1550 2086 1640 2141 dic
1670 2086 1833 2142 mihi.
1874 2087 1930 2142 Si
1961 2087 2116 2143 enim

430 2175 658 2244 dixeris,
708 2175 844 2247 quia
883 2175 979 2230 ille
1007 2175 1179 2230 istum
1224 2174 1416 2242 sentit,
1462 2190 1577 2229 non
1604 2179 1660 2229 te
1703 2175 1871 2230 credo
1915 2174 2114 2230 inven-

427 2269 626 2321 turum
655 2265 914 2336 regulam
945 2281 1056 2335 qua
1083 2263 1259 2334 ﬁgere
1287 2261 1572 2334 possimus
1591 2261 1634 2330 ⁴,
1669 2278 1838 2316 omne
1867 2263 2116 2317 sentiens

427 2354 632 2410 melius
659 2369 780 2408 esse
809 2369 982 2425 quam
1008 2352 1066 2407 id
1101 2352 1252 2423 quod
1283 2352 1352 2406 ab
1378 2369 1445 2408 eo
1463 2351 1737 2423 :sentitur,
1762 2368 1834 2406 ne
1863 2351 2116 2406 fortassis

427 2459 497 2498 ex
519 2443 628 2498 hoc
644 2441 815 2497 etiam
845 2456 1120 2512 cogamur
1139 2439 1344 2508 dicere,
1375 2457 1544 2494 omne
1565 2440 1888 2512 intelligens
1913 2440 2117 2495 melius

430 2547 550 2586 esse
593 2546 767 2601 quam
799 2530 858 2584 id
901 2529 1056 2600 quod
1086 2529 1156 2584 ab
1195 2545 1263 2584 eo
1293 2529 1652 2600 intelligitur.
1686 2530 1800 2584 Hoc
1829 2529 1984 2584 enim
2012 2529 2116 2584 fal-

429 2634 556 2673 sum
593 2622 714 2685 est;
747 2617 882 2689 quia
911 2617 1084 2672 homo
1114 2616 1383 2688 intelligit
1409 2617 1770 2687 sapientiam,
1805 2622 1861 2671 et
1890 2634 2004 2672 non
2034 2621 2120 2672 est

431 2705 637 2760 melior
683 2721 858 2776 quam
905 2704 1031 2776 ipsa
1075 2703 1374 2776 sapientia.
1417 2705 1796 2769 Quamobrem
1835 2705 1962 2760 vide
2005 2722 2121 2776 qua

429 2808 598 2848 causa
625 2793 728 2848 tibi
768 2793 952 2848 visum
998 2792 1089 2860 sit,
1121 2808 1348 2847 sensum
1388 2792 1724 2847 interiorem
1768 2792 1902 2848 huic
1929 2793 2120 2848 sensui

429 2897 541 2953 quo
599 2881 876 2936 sentimus
921 2896 1180 2952 corpora,
1230 2897 1351 2935 esse
1399 2881 1842 2952 praeferendum.
1877 2885 1939 2936 E.
1977 2881 2121 2947 Quia

359 2962 366 3010 ἵ
425 2970 848 3024 moderatorem
893 2973 952 3024 et
974 2969 1228 3040 judicem
1259 2971 1567 3041 quemdam
1597 2970 1768 3041 hujus
1798 2971 1963 3026 illum
2000 2987 2119 3026 esse

425 3074 727 3130 cognosco.
761 3058 904 3112 Nam
925 3063 981 3113 et
1007 3058 1054 3112 si
1084 3058 1223 3130 quid
1247 3058 1380 3113 huic
1409 3058 1468 3112 in
1501 3058 1686 3114 ofﬁcio
1716 3075 1818 3114 suo
1850 3059 2118 3128 defuerit,

424 3147 522 3202 ille
564 3151 836 3218 tanquam
863 3146 1122 3201 debitum
1149 3163 1183 3201 a
1219 3147 1480 3202 ministro
1506 3147 1744 3219 ﬂagitat,
1777 3147 1923 3202 sicut
1950 3147 2119 3218 paulo

426 3239 560 3291 ante
591 3233 947 3306 disputatum
972 3239 1075 3290 est.
1107 3236 1230 3290 Non
1257 3235 1412 3290 enim
1440 3252 1498 3289 se
1531 3236 1735 3302 videre,
1768 3240 1868 3290 aut
1888 3251 2008 3309 non
2036 3235 2121 3288 vi-

427 3323 562 3378 dere
591 3338 791 3376 sensus
821 3322 971 3376 oculi
999 3322 1174 3392 videt,
1199 3327 1256 3377 et
1282 3324 1416 3394 quia
1445 3339 1560 3377 non
1587 3323 1759 3387 videt,
1789 3339 1904 3378 non
1934 3327 2122 3393 potest

428 3410 568 3483 quid
589 3409 697 3464 sibi
725 3409 892 3475 desit,
925 3414 1025 3464 aut
1049 3410 1186 3481 quid
1215 3409 1350 3464 satis
1378 3410 1452 3465 sit
1473 3411 1763 3481 judicare;
1797 3412 1894 3465 sed
1926 3412 2021 3466 ille
2039 3413 2121 3466 in-

425 3497 622 3564 terior,
642 3513 757 3570 quo
779 3499 1125 3553 admonetur
1150 3501 1205 3553 et
1221 3498 1412 3554 anima
1429 3499 1626 3554 bestia:
1647 3502 1869 3572 aperire
1893 3501 2120 3556 oculum

429 3587 706 3654 clausum,
739 3591 796 3640 et
832 3586 986 3658 quod
1023 3587 1216 3642 deesse
1250 3589 1422 3643 sentit
1454 3589 1712 3660 implere.
1741 3590 1899 3645 Nulli
1928 3595 2122 3646 autem

430 3675 666 3734 dubium
701 3681 785 3731 est
821 3692 955 3730 eum
1003 3676 1103 3748 qui
1125 3662 1368 3758 judicat.
1409 3693 1475 3732 eo
1517 3677 1586 3732 de
1615 3694 1729 3750 quo
1751 3678 1973 3750 judicat
2001 3694 2122 3734 esse

374 3810 377 3814 ,
430 3765 751 3820 meliorem.
783 3765 854 3821 A.
893 3765 1087 3821 Cernis
1130 3781 1266 3836 ergo
1304 3765 1476 3820 istum
1506 3766 1678 3822 etiam
1709 3768 1964 3839 corporis
1993 3784 2123 3823 sen-

374 3847 376 3850 ’
431 3870 561 3909 sum
589 3855 659 3909 de
698 3854 1035 3926 corporibus
1061 3855 1486 3927 quodammodo
1511 3857 1766 3928 judicare
1785 3860 1814 3914 ?
1844 3857 1929 3912 Ad
1957 3857 2124 3912 illum

429 3943 586 4000 enim
631 3945 881 4014 pertinet
907 3945 1171 4015 voluptas
1212 3948 1270 3998 et
1309 3945 1485 4012 dolor,
1523 3961 1654 4000 cum
1682 3947 1771 4000 vel
1800 3946 2007 4000 leniter
2033 3946 2124 4000 vel

429 4046 626 4102 aspere
653 4047 891 4103 corpore
921 4031 1242 4104 attingitur.
1268 4033 1407 4087 Nam
1437 4033 1581 4088 sicut
1606 4033 1699 4087 ille
1728 4033 1969 4088 interior
1987 4033 2126 4104 quid

430 4118 578 4174 desit
604 4119 692 4172 vel
723 4119 860 4174 satis
907 4119 979 4174 sit
1027 4121 1320 4174 oculorum
1365 4121 1555 4176 sensui
1585 4121 1835 4192 judicat;
1886 4122 1964 4176 sic
2003 4122 2126 4192 ipse

431 4223 631 4263 sensus
667 4210 963 4263 oculorum
1005 4209 1144 4279 quid
1191 4209 1336 4264 desit
1363 4208 1406 4277 ³,
1451 4211 1538 4265 vel
1568 4211 1702 4265 satis
1743 4211 1813 4265 sit
1841 4211 2125 4266 coloribus

423 4297 664 4368 judicat.
699 4298 842 4352 Item
865 4297 1007 4352 sicut
1036 4298 1132 4353 ille
1161 4299 1401 4353 interior
1427 4299 1497 4354 de
1527 4299 1723 4354 auditu
1752 4305 1944 4354 nostro
1968 4300 2124 4371 judi-
2177 4335 2182 4338 -

437 4390 548 4452 cat,
578 4389 768 4439 utrum
791 4385 984 4440 minus
1004 4403 1077 4441 an
1099 4387 1446 4443 sufﬁcienter
1469 4387 1722 4443 intentus
1740 4387 1844 4456 sit;
1877 4388 1954 4443 sic
1967 4388 2124 4459 judi-

435 4479 526 4530 cat
547 4474 772 4529 auditus
789 4474 911 4546 ipse
933 4476 1002 4531 de
1025 4477 1275 4547 vocibus,
1297 4477 1435 4549 quid
1459 4493 1655 4533 earum
1678 4478 1883 4533 leniter
1900 4478 2122 4545 inﬂuat,

435 4567 536 4618 aut
565 4579 761 4634 aspere
785 4569 1124 4637 perstrepat.
1151 4568 1276 4621 Non
1308 4583 1534 4622 necesse
1555 4571 1640 4622 est
1665 4572 1900 4622 cmteros
1929 4583 2127 4622 sensus

436 4651 692 4722 corporis
719 4653 984 4725 persequi
1004 4671 1017 4709 :
1034 4653 1158 4725 jam
1179 4655 1352 4723 enim,
1383 4659 1449 4710 ut
1476 4655 1702 4726 opinor,
1725 4653 2126 4709 animadvertis

437 4739 575 4811 quid
601 4741 768 4795 velim
791 4742 996 4811 dicere,
1026 4743 1104 4799 ita
1125 4744 1338 4800 scilicet
1357 4760 1586 4799 sensum
1615 4743 1778 4799 illum
1794 4742 2128 4797 interiorem

335 4876 339 4882 .
439 4829 508 4883 de
532 4828 654 4882 istis
689 4831 945 4900 corporis
975 4833 1230 4887 sensibus
1252 4833 1530 4904 judicare,
1563 4849 1693 4887 cum
1723 4848 1920 4887 eorum
1952 4836 2006 4885 et
2036 4831 2128 4885 in.

434 4918 759 4990 tegritatem
781 4921 1003 4990 probat,
1028 4927 1084 4976 et
1105 4922 1360 4978 debitum
1381 4923 1616 4992 ﬂagitat,
1645 4921 2128 4994 quemadmodum

439 5012 496 5063 et
525 5007 637 5078 ipsi
673 5009 928 5080 corporis
957 5025 1154 5065 sensus
1199 5011 1269 5066 de
1307 5012 1642 5083 corporibus
1665 5011 1944 5083 judicant,
1977 5026 2128 5064 assu-

441 5102 663 5152 mentes
704 5097 763 5152 in
802 5097 884 5153 eis
933 5099 1120 5153 lenem
1161 5104 1394 5165 tactum,
1432 5101 1866 5172 rejicientesque
1903 5103 2127 5154 contra-

449 5187 618 5243 rium.
653 5191 720 5245 E.
753 5188 933 5244 Cerno
964 5203 1120 5256 sane,
1152 5194 1209 5244 et
1236 5189 1524 5245 verissima
1552 5207 1672 5246 esse
1702 5189 2009 5245 consentio.

498 5367 518 5438 ξ
547 5365 701 5438 gditj.
735 5366 987 5438 Regulam
1005 5379 1129 5438 qua
1156 5362 1316 5438 ﬁdere
1337 5369 1628 5438 possimus:
1660 5367 1802 5438 Mss,
1829 5363 2002 5438 ﬁgere:

497 5430 518 5462 ²
547 5428 739 5492 Regius
768 5429 940 5477 Codex
971 5427 1163 5492 aliique
1182 5429 1304 5492 duo
1332 5427 1404 5477 sic
1434 5429 1664 5492 habent:
1698 5427 1837 5492 Nam
1869 5429 2003 5479 sicut
2033 5427 2127 5492 ille

431 5489 659 5559 interior
671 5491 734 5559 de
744 5495 866 5559 risu
884 5489 1501 5559 nostro'judicatulrum
1517 5491 1868 5559 minusclare,
1890 5506 1961 5543 an
1980 5489 2129 5559 διιΪρ

433 5555 639 5604 denter
671 5552 842 5603 videat
866 5569 879 5614 ;
901 5553 978 5604 sic
997 5552 1156 5606 visus
1180 5557 1292 5619 ipse
1315 5553 1443 5618 quid
1467 5553 1610 5605 desit.

1511 281 1604 336 DE
1644 278 1906 336 LIBEBO
1943 279 2302 348 ARBITRIO,
2347 277 2400 334 S.
2445 273 2830 335 AUGUSTINI

3788 274 3928 328 1248

2223 403 2444 459 CAPUT
2483 401 2572 456 VI.
2616 429 2683 441 —
2710 399 2872 455 Ratio
2917 398 3121 452 caeteris
3150 399 3211 452 in
3257 396 3467 451 homine
3504 398 3763 467 prastat;
3811 409 3930 465 qua

2609 491 2658 544 si
2689 487 2824 558 quid
2846 489 3221 557 praestantius,
3257 489 3395 541 Deus
3425 490 3520 540 est.

2298 581 2382 635 13.
2415 580 2490 634 Α.
2521 577 2761 633 Attende
2784 577 2906 647 jam
2936 581 3128 630 utrum
3157 575 3306 630 ratio
3336 573 3508 629 etiam
3539 574 3607 628 de
3637 574 3752 628 hoc
3779 572 3930 627 inte-

2223 667 2372 723 riore
2401 683 2568 722 sensu
2588 665 2822 738 judicet.
2857 667 2980 719 Jam
3011 663 3164 719 enim
3195 679 3312 718 non
3340 678 3536 734 quem
3569 667 3767 717 utrum
3794 676 3932 716 eam

2225 757 2521 812 meliorem
2552 755 2650 809 illo
2681 770 2801 808 esse
2839 754 3083 820 dubites,
3115 753 3250 824 quia
3273 767 3390 806 non
3419 751 3618 806 dubito
3652 751 3712 805 id
3744 754 3802 805 te
3829 750 3932 821 ju-

2224 846 2411 902 dicare
2437 861 2450 899 :
2475 859 2807 916 quanquam
2841 859 2912 898 ne
2935 842 2994 897 id
3017 842 3246 912 quidem
3260 841 3384 912 jam
3410 839 3792 912 qumrendum
3815 854 3934 910 pu-

2222 939 2360 1001 tem,
2386 937 2581 989 utrum
2611 933 2679 986 de
2709 931 2816 986 isto
2848 947 3019 986 sensu
3042 930 3258 1002 judicet
3280 930 3448 984 ratio.
3478 930 3738 999 Namque
3764 926 3827 980 in
3856 926 3932 981 iis

2223 1023 2362 1095 ipsis
2393 1038 2524 1094 qua:
2553 1021 2704 1075 infra
2734 1036 2860 1074 eam
2910 1023 3062 1086 sunt,
3096 1018 3150 1073 id
3190 1021 3276 1072 est
3303 1016 3364 1072 in
3401 1016 3738 1087 corporibus
3775 1019 3836 1070 et
3864 1015 3934 1069 in

2225 1112 2486 1167 sensibus
2528 1108 2784 1182 corporis
2826 1113 2899 1167 et_
2925 1107 3031 1172 isio
3076 1107 3346 1162 interiore
3391 1121 3582 1172 sensu,
3625 1103 3931 1176 quomodo

2224 1201 2298 1256 sit
2321 1200 2480 1256 aliud
2499 1199 2610 1254 alio
2636 1197 2860 1266 melius,
2884 1203 2940 1253 et
2963 1212 3138 1268 quam
3165 1197 3236 1250 sit
3258 1195 3368 1249 illis
3385 1193 3751 1266 praestantior
3772 1193 3931 1263 ipsa,

2226 1305 2355 1360 quae
2375 1288 2627 1355 tandem,
2654 1287 2764 1341 nisi
2790 1287 2911 1358 ipsa
2934 1284 3265 1341 renuntiat?
3288 1283 3440 1356 quod
3460 1283 3718 1354 profecto
3757 1281 3932 1336 nullo

2225 1379 2398 1434 modo
2424 1381 2635 1448 posset,
2663 1376 2772 1431 nisi
2792 1376 2860 1431 de
2890 1376 2978 1430 his
2997 1375 3121 1446 ipsa
3143 1373 3444 1444 judicaret.
3464 1375 3529 1428 E.
3557 1371 3934 1427 Manifestum

2225 1471 2328 1523 est.
2359 1467 2430 1523 A.
2465 1467 2605 1522 Cum
2633 1481 2770 1537 ergo
2802 1481 2927 1519 eam
2955 1469 3218 1519 naturam
3249 1478 3379 1534 quae
3416 1465 3642 1516 tantum
3679 1463 3784 1527 est,
3816 1475 3932 1514 nec

2223 1555 2360 1611 vivit
2389 1571 2495 1610 nec
2523 1555 2812 1626 intelligit,
2848 1553 3011 1607 sicuti
3031 1557 3118 1607 est
3145 1567 3352 1622 corpus
3385 1549 3671 1616 exanime,
3702 1563 3931 1619 praece-

2225 1645 2321 1700 dat
2355 1661 2422 1699 ea
2458 1647 2661 1699 natura
2696 1659 2826 1713 quae
2871 1659 2986 1697 non
3014 1645 3240 1695 tantum
3272 1643 3378 1707 est,
3426 1639 3521 1693 sed
3553 1637 3731 1693 etiam
3761 1637 3929 1704 vivit,

2222 1750 2328 1789 nec
2359 1732 2646 1803 intelligit,
2678 1731 2844 1786 sicuti
2888 1735 2972 1785 est
3017 1730 3209 1784 anima
3253 1728 3567 1784 bestiarum
3593 1747 3608 1795 ;
3638 1731 3694 1781 et
3723 1741 3933 1780 rursus

2221 1824 2368 1878 hanc
2396 1822 2680 1894 praecedat
2705 1837 2772 1876 ea
2800 1837 2930 1892 quae
2956 1819 3128 1874 simul
3159 1822 3216 1873 et
3245 1821 3332 1873 est
3361 1821 3420 1872 et
3445 1816 3585 1870 vivit
3613 1820 3671 1870 et
3707 1814 3930 1869 intelli-

2225 1912 2326 1982 git,
2358 1910 2503 1965 sicut
2530 1910 2590 1964 in
2618 1908 2854 1965 homine
2889 1923 3051 1962 mens
3079 1905 3377 1961 rationalis
3401 1925 3418 1974 ;
3451 1921 3594 1960 num
3624 1903 3931 1958 arbitraris

2224 1999 2285 2053 in
2313 1998 2499 2065 nobis,
2529 1997 2586 2053 id
2609 2001 2693 2053 est
2719 1997 2780 2052 in
2805 1997 2875 2050 iis
2899 1996 3106 2068 quibus
3135 1999 3340 2050 natura
3367 1999 3564 2049 nostra
3599 1993 3932 2062 completur

2225 2091 2289 2142 ut
2315 2087 2578 2142 homines
2597 2085 2793 2147 simus,
2827 2085 3043 2156 aliquid
3065 2083 3308 2139 inveniri
3336 2099 3498 2155 posse
3527 2083 3929 2154 praestantius,

2226 2191 2399 2248 quam
2434 2175 2541 2229 hoc
2567 2175 2716 2246 quod
2768 2173 2830 2228 in
2877 2173 2966 2227 his
2998 2173 3180 2227 tribus
3220 2173 3388 2226 tertio
3428 2173 3552 2226 loco
3581 2168 3930 2243 posuimus?

2229 2267 2372 2320 Nam
2404 2268 2462 2320 et
2493 2279 2698 2334 corpus
2727 2279 2832 2318 nos
2863 2264 3074 2318 habere
3105 2260 3476 2316 manifestum
3504 2263 3609 2326 est,
3651 2262 3706 2312 et
3743 2263 3931 2318 vitam

2227 2355 2535 2427 quamdam
2577 2369 2690 2425 qua
2717 2353 2906 2424 ipsum
2939 2368 3144 2423 corpus
3172 2350 3462 2405 animatur
3492 2353 3661 2422 atque
3691 2354 3930 2423 vegeta-

2225 2447 2340 2508 tur,
2371 2456 2498 2512 quas
2529 2440 2640 2494 duo
2667 2440 2840 2494 etiam
2868 2439 2929 2494 in
2956 2439 3153 2494 bestiis
3185 2438 3565 2509 agnoscimus,
3599 2443 3656 2494 et
3682 2439 3930 2494 tertium

2227 2529 2498 2600 quiddam
2526 2527 2689 2598 quasi
2723 2527 2929 2582 animae
2968 2531 3181 2581 nostrae
3209 2530 3382 2596 caput
3408 2530 3508 2580 aut
3534 2527 3790 2594 oculum,
3823 2531 3932 2580 aut

2228 2616 2275 2670 si
2295 2617 2434 2688 quid
2453 2615 2858 2686 congruentius
2885 2615 2954 2669 de
2977 2613 3199 2669 ratione
3219 2618 3388 2686 atque
3407 2613 3790 2686 intelligentia
3813 2615 3934 2670 dici

2226 2709 2433 2777 potest,
2467 2720 2641 2777 quam
2661 2719 2777 2757 non
2795 2703 2968 2758 habet
2986 2705 3189 2757 natura
3208 2701 3538 2757 bestiarum.
3565 2703 3753 2768 Quare
3775 2704 3932 2771 vide,

2229 2794 2484 2862 obsecro,
2534 2797 2728 2848 utrum
2765 2791 2986 2863 aliquid
3029 2790 3284 2844 invenire
3325 2791 3522 2861 possis,
3567 2791 3722 2863 quod
3762 2791 3838 2845 sit
3868 2791 3935 2846 in

2229 2887 2434 2937 natura
2471 2881 2726 2936 hominis
2755 2881 2975 2936 ratione
3015 2879 3334 2935 sublimius.
3383 2883 3446 2935 E.
3486 2879 3637 2934 Nihil
3685 2880 3934 2935 omnino

2229 2971 2434 3027 melius
2466 2971 2646 3026 video.

2306 3061 2389 3115 14.
2443 3060 2515 3114 Α.
2553 3057 2704 3124 Quid
2729 3057 2774 3112 si
2805 3057 3020 3128 aliquid
3065 3056 3320 3111 invenire
3365 3057 3747 3128 potuerimus,
3772 3058 3938 3130 quod

2229 3165 2345 3204 non
2376 3149 2560 3204 solum
2612 3165 2732 3203 esse
2777 3164 2896 3202 non
2927 3147 3173 3211 dubites,
3221 3147 3318 3202 sed
3365 3147 3538 3203 etiam
3575 3148 3698 3219 ipsa
3727 3153 3940 3205 nostra

2230 3238 2450 3293 ratione
2493 3237 2858 3310 praestantius
2879 3237 2907 3292 ?
2941 3235 3301 3292 dubitabisne
3331 3237 3473 3292 illud
3501 3237 3784 3309 quidquid
3823 3243 3936 3306 est,

2232 3328 2413 3381 Deum
2438 3326 2622 3380 dicere
2639 3327 2669 3380 ?
2692 3328 2757 3381 E.
2794 3327 2917 3380 Non
2945 3325 3240 3392 continuo,
3269 3325 3315 3380 si
3345 3326 3485 3398 quid
3510 3324 3718 3381 melius
3751 3343 3940 3397 quam

2230 3415 2287 3470 id
2315 3415 2467 3487 quod
2488 3414 2549 3468 in
2569 3430 2697 3469 mea
2719 3418 2922 3468 natura
2943 3413 3225 3484 optimum
3246 3417 3351 3484 est,
3379 3413 3634 3470 invenire
3662 3419 3936 3486 potuero,

2232 3505 2414 3559 Deum
2443 3518 2562 3558 esse
2592 3501 2851 3557 dixerim.
2882 3502 3005 3556 Non
3034 3502 3189 3557 enim
3217 3503 3362 3557 mihi
3391 3504 3576 3574 placet
3608 3505 3792 3559 Deum
3831 3521 3941 3576 ap-

2229 3593 2466 3665 pellare,
2493 3607 2606 3664 quo
2628 3607 2756 3645 mea
2778 3590 2924 3644 ratio
2954 3595 3039 3646 est
3065 3591 3321 3659 inferior,
3350 3593 3446 3647 sed
3473 3609 3587 3664 quo
3620 3593 3818 3648 nullus
3847 3599 3941 3650 est

2232 3681 2517 3753 superior.
2555 3682 2627 3736 A.
2657 3681 2741 3734 Ita
2769 3680 2979 3750 plane:
3025 3696 3159 3736 nam
3205 3680 3326 3751 ipse
3373 3681 3509 3736 huic
3562 3685 3676 3736 tua).
3716 3683 3941 3738 rationi

2234 3770 2408 3838 dedit,
2445 3774 2559 3824 tam
2602 3769 2671 3824 de
2701 3785 2758 3823 se
2789 3769 2883 3840 pie
2911 3785 3154 3840 vereque
3194 3769 3425 3824 sentire.
3456 3770 3590 3839 Sed,
3621 3787 3820 3842 quasso
3853 3777 3939 3843 te,

2234 3860 2281 3914 si
2310 3875 2428 3914 non
2451 3858 2736 3913 inveneris
2762 3874 2882 3912 esse
2908 3858 3123 3930 aliquid
3145 3875 3317 3930 supra
3338 3863 3594 3914 nostram
3615 3859 3938 3929 rationem,

2233 3949 2344 4003 nisi
2372 3948 2528 4020 quod
2556 3952 2836 4002 aeternum
2865 3951 3037 4018 atque
3066 3946 3537 4003 incommutabile
3569 3952 3669 4011 est,
3700 3949 3940 4005 dubita-

2231 4037 2394 4093 bisne
2425 4038 2578 4092 hunc
2608 4039 2785 4092 Deum
2831 4035 3016 4091 dicere
3037 4035 3065 4088 Τ
3097 4036 3238 4090 Nam
3263 4040 3319 4091 et
3347 4052 3586 4107 corpora
3628 4038 3943 4094 mutabilia

2233 4143 2355 4181 esse
2385 4125 2712 4198 cognoscis;
2746 4129 2802 4180 et
2822 4125 3004 4197 ipsam
3033 4124 3204 4179 vitam
3239 4141 3353 4197 qua
3381 4141 3586 4196 corpus
3615 4125 3939 4195 animatur,

2233 4232 2336 4288 per
2356 4216 2586 4270 affectus
2605 4213 3184 4285 variosZmutabilitate
3203 4230 3320 4268 non
3341 4229 3532 4270 carere
3562 4214 3943 4272 manifestum

2234 4310 2351 4372 est;
2401 4309 2457 4358 et
2485 4304 2609 4374 ipsa
2635 4303 2780 4358 ratio
2809 4319 2936 4358 cum
2974 4303 3138 4358 modo
3181 4303 3250 4358 ad
3282 4319 3480 4358 verum
3508 4303 3811 4374 pervenire
3842 4306 3941 4359 ni-

2233 4393 2392 4457 titur,
2428 4393 2597 4447 modo
2645 4408 2761 4447 non
2801 4392 3028 4461 nititur,
3067 4397 3123 4447 et
3167 4392 3478 4463 aliquando
3510 4392 3793 4460 pervenit,
3829 4395 3942 4448 ali-

2235 4481 2461 4554 quando
2492 4498 2608 4536 non
2634 4482 2908 4552 pervenit,
2940 4480 3229 4536 mutabilis
3259 4496 3378 4534 esse
3410 4479 3663 4548 profecto
3695 4482 3942 4537 convin-

2235 4572 2401 4626 citur.
2452 4571 2589 4635 Quas
2631 4571 2678 4624 si
2722 4571 2880 4626 nullo
2923 4569 3177 4625 adhibito
3222 4567 3473 4636 corporis
3524 4565 3938 4639 instrumento,

2236 4676 2423 4732 neque
2444 4676 2546 4731 per
2573 4664 2810 4725 tactum,
2836 4675 3021 4729 neque
3045 4673 3148 4728 per
3176 4660 3488 4725 gustatum,
3513 4671 3702 4728 neque
3727 4675 3836 4730 per
3857 4661 3942 4716 ol-

2234 4751 2469 4816 factum,
2501 4764 2688 4820 neque
2732 4764 2834 4820 per
2870 4763 3055 4812 aures,
3099 4759 3284 4814 neque
3332 4760 3436 4814 per
3474 4745 3687 4813 oculos,
3741 4763 3941 4820 neque

2236 4853 2340 4909 per
2361 4837 2542 4890 ullum
2568 4851 2799 4891 sensum
2825 4851 2883 4888 se
2910 4832 3263 4899 inferiorem,
3294 4832 3389 4886 sed
3415 4848 3520 4902 per
3549 4833 3796 4904 seipsam
3818 4853 3944 4891 cer-

2238 4927 2324 4981 nit
2373 4930 2652 4981 asternum
2710 4922 2925 4993 aliquid
2982 4925 3038 4975 et
3096 4919 3586 4988 incommutabile,
3645 4922 3820 4979 simul
3881 4931 3944 4981 et

2238 5015 2481 5088 seipsam
2508 5011 2860 5077 inferiorem,
2884 5014 2940 5065 et
2966 5009 3130 5064 illum
3154 5015 3383 5081 oportet
3409 5013 3587 5066 Deum
3613 5027 3782 5068 suum
3810 5030 3939 5071 esse

2237 5105 2498 5160 fateatur.
2535 5105 2596 5157 E.
2633 5102 2796 5155 Hunc
2823 5099 2996 5170 plane
3036 5099 3256 5154 fatebor
3288 5101 3488 5169 Deum,
3520 5117 3634 5172 quo
3662 5101 3810 5156 nihil
3845 5121 3944 5159 su-

2236 5193 2432 5266 perius
2462 5207 2580 5246 esse
2610 5188 2943 5244 constiterit.
2977 5190 3049 5244 A.
3083 5191 3230 5244 Bene
3262 5190 3468 5245 habet:
3501 5205 3634 5244 nam
3664 5191 3805 5245 mihi
3843 5210 3938 5248 sa-

2237 5283 2309 5337 tis
2355 5281 2464 5336 erit
2511 5279 2811 5335 ostendere
2845 5294 2964 5333 esse
3013 5277 3228 5349 aliquid
3260 5278 3611 5348 hujusmodi,
3646 5280 3799 5349 quod
3835 5286 3939 5336 aut

2238 5371 2504 5426 fateberis
2557 5371 2737 5422 Deum
2781 5385 2924 5435 esse,
2975 5373 3073 5423 aut
3105 5367 3152 5421 si
3184 5367 3396 5438 aliquid
3437 5383 3608 5437 supra
3643 5373 3747 5433 est,
3797 5385 3937 5424 eum

2240 5462 2429 5532 ipsum
2460 5461 2640 5514 Deum
2686 5474 2804 5512 esse
2835 5458 3127 5512 concedes.
3159 5458 3343 5522 Quare
3374 5456 3489 5510 sive
3519 5472 3691 5526 supra
3722 5456 3796 5512 sit
3826 5459 3936 5512 ali-

2237 5550 2398 5623 quid,
2445 5549 2560 5606 sive
2589 5563 2705 5604 non
2748 5547 2840 5616 sit,
2872 5547 3240 5604 manifestum
3269 5546 3378 5602 erit
3414 5547 3596 5602 Deum
3623 5560 3765 5614 esse,
3799 5563 3934 5605 cum
