  <div class='ocr_page' id='page_1' title='image "/cluster/home/n/w/nwhite01/storage/ocr_20150623/32/umn.31951002477326y/636.png"; bbox 0 0 4074 6358; ppageno 0'>
   <div class='ocr_carea' id='block_1_1' title="bbox 170 318 311 371">
    <p class='ocr_par' dir='ltr' id='par_1_1' title="bbox 170 318 311 371">
     <span class='ocr_line' id='line_1_1' title="bbox 170 318 311 371; baseline 0.007 -1"><span class='ocrx_word' id='word_1_1' title='bbox 170 319 193 370; x_wconf 78' lang='grc'><strong>1</strong></span> <span class='ocrx_word' id='word_1_2' title='bbox 204 318 311 371; x_wconf 76' lang='grc'><strong>249</strong></span> 
     </span>
    </p>
   </div>
   <div class='ocr_carea' id='block_1_2' title="bbox 167 432 1863 510">
    <p class='ocr_par' dir='ltr' id='par_1_2' title="bbox 167 432 1863 510">
     <span class='ocr_line' id='line_1_2' title="bbox 167 432 1863 510; baseline -0.001 -17"><span class='ocrx_word' id='word_1_3' title='bbox 167 454 301 510; x_wconf 92' lang='lat' dir='ltr'><strong><em>ego,</em></strong></span> <span class='ocrx_word' id='word_1_4' title='bbox 334 436 491 508; x_wconf 88' lang='lat' dir='ltr'><strong><em>quod</em></strong></span> <span class='ocrx_word' id='word_1_5' title='bbox 516 434 777 507; x_wconf 85' lang='lat' dir='ltr'><strong><em>promisi,</em></strong></span> <span class='ocrx_word' id='word_1_6' title='bbox 818 450 939 490; x_wconf 89' lang='lat' dir='ltr'><strong><em>esse</em></strong></span> <span class='ocrx_word' id='word_1_7' title='bbox 976 449 1150 505; x_wconf 82' lang='lat' dir='ltr'>supra</span> <span class='ocrx_word' id='word_1_8' title='bbox 1176 432 1477 500; x_wconf 88' lang='lat' dir='ltr'><strong><em>rationem,</em></strong></span> <span class='ocrx_word' id='word_1_9' title='bbox 1510 436 1708 491; x_wconf 90' lang='lat' dir='ltr'><strong><em>eodem</em></strong></span> <span class='ocrx_word' id='word_1_10' title='bbox 1738 437 1863 508; x_wconf 92' lang='lat' dir='ltr'><strong><em>ipso</em></strong></span> 
     </span>
    </p>
   </div>
   <div class='ocr_carea' id='block_1_3' title="bbox 168 526 1867 598">
    <p class='ocr_par' dir='ltr' id='par_1_3' title="bbox 168 526 1867 598">
     <span class='ocr_line' id='line_1_3' title="bbox 168 526 1867 598; baseline 0 -17"><span class='ocrx_word' id='word_1_11' title='bbox 168 529 475 598; x_wconf 76' lang='lat' dir='ltr'><strong><em>adjuvante</em></strong></span> <span class='ocrx_word' id='word_1_12' title='bbox 508 528 916 581; x_wconf 90' lang='lat' dir='ltr'><strong><em>monstravero.</em></strong></span> <span class='ocrx_word' id='word_1_13' title='bbox 949 526 1014 579; x_wconf 89' lang='lat' dir='ltr'><strong><em>E.</em></strong></span> <span class='ocrx_word' id='word_1_14' title='bbox 1046 526 1379 580; x_wconf 89' lang='lat' dir='ltr'><strong><em>Demonstra</em></strong></span> <span class='ocrx_word' id='word_1_15' title='bbox 1408 541 1544 597; x_wconf 88' lang='lat' dir='ltr'><strong><em>ergo</em></strong></span> <span class='ocrx_word' id='word_1_16' title='bbox 1571 527 1726 598; x_wconf 88' lang='lat' dir='ltr'><strong><em>quod</em></strong></span> <span class='ocrx_word' id='word_1_17' title='bbox 1748 528 1867 598; x_wconf 92' lang='lat' dir='ltr'><strong><em>pol-</em></strong></span> 
     </span>
    </p>
   </div>
   <div class='ocr_carea' id='block_1_4' title="bbox 168 615 379 670">
    <p class='ocr_par' dir='ltr' id='par_1_4' title="bbox 168 615 379 670">
     <span class='ocr_line' id='line_1_4' title="bbox 168 615 379 670; baseline 0 -2"><span class='ocrx_word' id='word_1_18' title='bbox 168 615 379 670; x_wconf 89' lang='lat' dir='ltr'><strong><em>liceris.</em></strong></span> 
     </span>
    </p>
   </div>
   <div class='ocr_carea' id='block_1_5' title="bbox 170 702 1870 773">
    <p class='ocr_par' dir='ltr' id='par_1_5' title="bbox 170 702 1870 773">
     <span class='ocr_line' id='line_1_5' title="bbox 170 702 1870 773; baseline 0 -15"><span class='ocrx_word' id='word_1_19' title='bbox 170 703 399 758; x_wconf 85' lang='lat' dir='ltr'><strong><em>CAPUT</em></strong></span> <span class='ocrx_word' id='word_1_20' title='bbox 428 704 543 757; x_wconf 85' lang='lat' dir='ltr'><strong><em>VII.</em></strong></span> <span class='ocrx_word' id='word_1_21' title='bbox 572 732 640 743; x_wconf 88' lang='lat'>—</span> <span class='ocrx_word' id='word_1_22' title='bbox 671 702 943 768; x_wconf 86' lang='lat' dir='ltr'><strong><em>Quomodo</em></strong></span> <span class='ocrx_word' id='word_1_23' title='bbox 964 702 1105 757; x_wconf 68' lang='lat' dir='ltr'><strong><em>idem</em></strong></span> <span class='ocrx_word' id='word_1_24' title='bbox 1124 705 1392 757; x_wconf 79' lang='lat' dir='ltr'><strong><em>sentiatur</em></strong></span> <span class='ocrx_word' id='word_1_25' title='bbox 1412 719 1446 757; x_wconf 87' lang='lat' dir='ltr'><strong><em>a</em></strong></span> <span class='ocrx_word' id='word_1_26' title='bbox 1464 704 1650 758; x_wconf 80' lang='lat' dir='ltr'><strong><em>multis</em></strong></span> <span class='ocrx_word' id='word_1_27' title='bbox 1672 704 1870 773; x_wconf 77' lang='lat' dir='ltr'><strong><em>quidve</em></strong></span> 
     </span>
    </p>
   </div>
   <div class='ocr_carea' id='block_1_6' title="bbox 383 792 1668 861">
    <p class='ocr_par' dir='ltr' id='par_1_6' title="bbox 383 792 1668 861">
     <span class='ocr_line' id='line_1_6' title="bbox 383 792 1668 861; baseline 0.001 -15"><span class='ocrx_word' id='word_1_28' title='bbox 383 797 572 861; x_wconf 84' lang='lat' dir='ltr'><strong><em>totum,</em></strong></span> <span class='ocrx_word' id='word_1_29' title='bbox 603 792 739 861; x_wconf 76' lang='lat' dir='ltr'><strong><em>quid</em></strong></span> <span class='ocrx_word' id='word_1_30' title='bbox 766 807 871 847; x_wconf 85' lang='lat' dir='ltr'><strong><em>non</em></strong></span> <span class='ocrx_word' id='word_1_31' title='bbox 900 797 1068 846; x_wconf 84' lang='lat' dir='ltr'><strong><em>totum</em></strong></span> <span class='ocrx_word' id='word_1_32' title='bbox 1096 796 1147 846; x_wconf 86' lang='lat' dir='ltr'><strong><em>et</em></strong></span> <span class='ocrx_word' id='word_1_33' title='bbox 1174 794 1337 847; x_wconf 80' lang='lat' dir='ltr'><strong><em>simul</em></strong></span> <span class='ocrx_word' id='word_1_34' title='bbox 1356 809 1390 847; x_wconf 78' lang='grc' dir='ltr'><strong><em>α,</em></strong></span> <span class='ocrx_word' id='word_1_35' title='bbox 1417 795 1668 860; x_wconf 76' lang='lat' dir='ltr'><strong><em>singulis.</em></strong></span> 
     </span>
    </p>
   </div>
   <div class='ocr_carea' id='block_1_7' title="bbox 250 880 1869 952">
    <p class='ocr_par' dir='ltr' id='par_1_7' title="bbox 250 880 1869 952">
     <span class='ocr_line' id='line_1_7' title="bbox 250 880 1869 952; baseline 0 -16"><span class='ocrx_word' id='word_1_36' title='bbox 250 884 334 936; x_wconf 82' lang='grc'><strong><em>15.</em></strong></span> <span class='ocrx_word' id='word_1_37' title='bbox 365 881 437 935; x_wconf 85' lang='grc' dir='ltr'><strong><em>Α.</em></strong></span> <span class='ocrx_word' id='word_1_38' title='bbox 469 880 722 935; x_wconf 87' lang='lat' dir='ltr'><strong><em>Faciam:</em></strong></span> <span class='ocrx_word' id='word_1_39' title='bbox 756 881 853 935; x_wconf 91' lang='lat' dir='ltr'><strong><em>sed</em></strong></span> <span class='ocrx_word' id='word_1_40' title='bbox 878 881 1037 951; x_wconf 89' lang='lat' dir='ltr'><strong><em>prius</em></strong></span> <span class='ocrx_word' id='word_1_41' title='bbox 1066 896 1263 952; x_wconf 68' lang='lat' dir='ltr'><strong><em>quaero</em></strong></span> <span class='ocrx_word' id='word_1_42' title='bbox 1290 884 1487 935; x_wconf 88' lang='lat' dir='ltr'><strong><em>utrum</em></strong></span> <span class='ocrx_word' id='word_1_43' title='bbox 1519 898 1716 936; x_wconf 86' lang='lat' dir='ltr'><strong><em>sensus</em></strong></span> <span class='ocrx_word' id='word_1_44' title='bbox 1749 897 1869 936; x_wconf 91' lang='lat' dir='ltr'><strong><em>cor-</em></strong></span> 
     </span>
    </p>
   </div>
   <div class='ocr_carea' id='block_1_8' title="bbox 168 969 1870 1041">
    <p class='ocr_par' dir='ltr' id='par_1_8' title="bbox 168 969 1870 1041">
     <span class='ocr_line' id='line_1_8' title="bbox 168 969 1870 1041; baseline 0.001 -17"><span class='ocrx_word' id='word_1_45' title='bbox 168 970 329 1041; x_wconf 82' lang='lat' dir='ltr'><strong><em>poris</em></strong></span> <span class='ocrx_word' id='word_1_46' title='bbox 358 986 520 1024; x_wconf 88' lang='lat' dir='ltr'><strong><em>meus</em></strong></span> <span class='ocrx_word' id='word_1_47' title='bbox 547 969 699 1025; x_wconf 90' lang='lat' dir='ltr'><strong><em>idem</em></strong></span> <span class='ocrx_word' id='word_1_48' title='bbox 747 969 819 1023; x_wconf 91' lang='lat' dir='ltr'><strong><em>sit</em></strong></span> <span class='ocrx_word' id='word_1_49' title='bbox 867 969 967 1041; x_wconf 88' lang='lat' dir='ltr'><strong><em>qui</em></strong></span> <span class='ocrx_word' id='word_1_50' title='bbox 996 975 1148 1037; x_wconf 91' lang='lat' dir='ltr'><strong><em>tuus,</em></strong></span> <span class='ocrx_word' id='word_1_51' title='bbox 1184 986 1257 1024; x_wconf 92' lang='lat' dir='ltr'><strong><em>an</em></strong></span> <span class='ocrx_word' id='word_1_52' title='bbox 1298 986 1430 1025; x_wconf 89' lang='lat' dir='ltr'><strong><em>vero</em></strong></span> <span class='ocrx_word' id='word_1_53' title='bbox 1461 986 1623 1025; x_wconf 89' lang='lat' dir='ltr'><strong><em>meus</em></strong></span> <span class='ocrx_word' id='word_1_54' title='bbox 1653 987 1769 1025; x_wconf 92' lang='lat' dir='ltr'><strong><em>non</em></strong></span> <span class='ocrx_word' id='word_1_55' title='bbox 1798 971 1870 1025; x_wconf 91' lang='lat' dir='ltr'><strong><em>sit</em></strong></span> 
     </span>
    </p>
   </div>
   <div class='ocr_carea' id='block_1_9' title="bbox 168 1057 1869 1131">
    <p class='ocr_par' dir='ltr' id='par_1_9' title="bbox 168 1057 1869 1131">
     <span class='ocr_line' id='line_1_9' title="bbox 168 1057 1869 1131; baseline -0.001 -17"><span class='ocrx_word' id='word_1_56' title='bbox 168 1059 284 1114; x_wconf 87' lang='lat' dir='ltr'><strong><em>nisi</em></strong></span> <span class='ocrx_word' id='word_1_57' title='bbox 314 1076 497 1128; x_wconf 91' lang='lat' dir='ltr'><strong><em>meus,</em></strong></span> <span class='ocrx_word' id='word_1_58' title='bbox 529 1063 584 1113; x_wconf 91' lang='lat' dir='ltr'><strong><em>et</em></strong></span> <span class='ocrx_word' id='word_1_59' title='bbox 612 1063 743 1113; x_wconf 91' lang='lat' dir='ltr'><strong><em>tuus</em></strong></span> <span class='ocrx_word' id='word_1_60' title='bbox 779 1074 897 1113; x_wconf 90' lang='lat' dir='ltr'><strong><em>non</em></strong></span> <span class='ocrx_word' id='word_1_61' title='bbox 928 1058 1000 1113; x_wconf 88' lang='lat' dir='ltr'><strong><em>sit</em></strong></span> <span class='ocrx_word' id='word_1_62' title='bbox 1028 1058 1138 1113; x_wconf 89' lang='lat' dir='ltr'><strong><em>nisi</em></strong></span> <span class='ocrx_word' id='word_1_63' title='bbox 1177 1063 1336 1127; x_wconf 88' lang='lat' dir='ltr'><strong><em>tuus;</em></strong></span> <span class='ocrx_word' id='word_1_64' title='bbox 1380 1059 1535 1131; x_wconf 91' lang='lat' dir='ltr'><strong><em>quod</em></strong></span> <span class='ocrx_word' id='word_1_65' title='bbox 1566 1058 1612 1113; x_wconf 90' lang='lat' dir='ltr'><strong><em>si</em></strong></span> <span class='ocrx_word' id='word_1_66' title='bbox 1642 1074 1757 1113; x_wconf 90' lang='lat' dir='ltr'><strong><em>non</em></strong></span> <span class='ocrx_word' id='word_1_67' title='bbox 1787 1057 1869 1113; x_wconf 91' lang='lat' dir='ltr'><strong><em>ita</em></strong></span> 
     </span>
    </p>
   </div>
   <div class='ocr_carea' id='block_1_10' title="bbox 169 1146 1865 1219">
    <p class='ocr_par' dir='ltr' id='par_1_10' title="bbox 169 1146 1865 1219">
     <span class='ocr_line' id='line_1_10' title="bbox 169 1146 1865 1219; baseline 0 -18"><span class='ocrx_word' id='word_1_68' title='bbox 169 1151 337 1215; x_wconf 85' lang='lat' dir='ltr'><strong><em>esset,</em></strong></span> <span class='ocrx_word' id='word_1_69' title='bbox 394 1164 512 1202; x_wconf 90' lang='lat' dir='ltr'><strong><em>non</em></strong></span> <span class='ocrx_word' id='word_1_70' title='bbox 546 1163 777 1219; x_wconf 90' lang='lat' dir='ltr'><strong><em>possem</em></strong></span> <span class='ocrx_word' id='word_1_71' title='bbox 813 1163 918 1218; x_wconf 90' lang='lat' dir='ltr'><strong><em>per</em></strong></span> <span class='ocrx_word' id='word_1_72' title='bbox 964 1149 1157 1202; x_wconf 90' lang='lat' dir='ltr'><strong><em>oculos</em></strong></span> <span class='ocrx_word' id='word_1_73' title='bbox 1203 1164 1363 1203; x_wconf 90' lang='lat' dir='ltr'><strong><em>meos</em></strong></span> <span class='ocrx_word' id='word_1_74' title='bbox 1400 1148 1592 1203; x_wconf 90' lang='lat' dir='ltr'><strong><em>videre</em></strong></span> <span class='ocrx_word' id='word_1_75' title='bbox 1625 1146 1865 1219; x_wconf 90' lang='lat' dir='ltr'><strong><em>aliquid,</em></strong></span> 
     </span>
    </p>
   </div>
   <div class='ocr_carea' id='block_1_11' title="bbox 168 1235 1868 1308">
    <p class='ocr_par' dir='ltr' id='par_1_11' title="bbox 168 1235 1868 1308">
     <span class='ocr_line' id='line_1_11' title="bbox 168 1235 1868 1308; baseline -0.001 -17"><span class='ocrx_word' id='word_1_76' title='bbox 168 1237 328 1308; x_wconf 91' lang='lat' dir='ltr'><strong><em>quod</em></strong></span> <span class='ocrx_word' id='word_1_77' title='bbox 356 1241 421 1291; x_wconf 90' lang='lat' dir='ltr'><strong><em>tu</em></strong></span> <span class='ocrx_word' id='word_1_78' title='bbox 447 1252 564 1291; x_wconf 92' lang='lat' dir='ltr'><strong><em>non</em></strong></span> <span class='ocrx_word' id='word_1_79' title='bbox 607 1236 848 1290; x_wconf 85' lang='lat' dir='ltr'><strong><em>videres.</em></strong></span> <span class='ocrx_word' id='word_1_80' title='bbox 902 1238 966 1291; x_wconf 91' lang='lat' dir='ltr'><strong><em>E.</em></strong></span> <span class='ocrx_word' id='word_1_81' title='bbox 1014 1236 1273 1290; x_wconf 90' lang='lat' dir='ltr'><strong><em>Concedo</em></strong></span> <span class='ocrx_word' id='word_1_82' title='bbox 1320 1252 1573 1308; x_wconf 82' lang='lat' dir='ltr'><strong><em>prorsus,</em></strong></span> <span class='ocrx_word' id='word_1_83' title='bbox 1608 1235 1868 1308; x_wconf 86' lang='lat' dir='ltr'><strong><em>quamvis</em></strong></span> 
     </span>
    </p>
   </div>
   <div class='ocr_carea' id='block_1_12' title="bbox 170 1324 1862 1396">
    <p class='ocr_par' dir='ltr' id='par_1_12' title="bbox 170 1324 1862 1396">
     <span class='ocr_line' id='line_1_12' title="bbox 170 1324 1862 1396; baseline 0 -17"><span class='ocrx_word' id='word_1_84' title='bbox 170 1326 431 1396; x_wconf 87' lang='lat' dir='ltr'><strong><em>ejusdem</em></strong></span> <span class='ocrx_word' id='word_1_85' title='bbox 464 1325 711 1396; x_wconf 82' lang='lat' dir='ltr'><strong><em>generis,</em></strong></span> <span class='ocrx_word' id='word_1_86' title='bbox 756 1330 949 1379; x_wconf 90' lang='lat' dir='ltr'><strong><em>tamen</em></strong></span> <span class='ocrx_word' id='word_1_87' title='bbox 980 1324 1236 1395; x_wconf 87' lang='lat' dir='ltr'><strong><em>singulos</em></strong></span> <span class='ocrx_word' id='word_1_88' title='bbox 1266 1342 1368 1380; x_wconf 92' lang='lat' dir='ltr'><strong><em>nos</em></strong></span> <span class='ocrx_word' id='word_1_89' title='bbox 1405 1326 1614 1380; x_wconf 88' lang='lat' dir='ltr'><strong><em>habere</em></strong></span> <span class='ocrx_word' id='word_1_90' title='bbox 1642 1342 1862 1391; x_wconf 89' lang='lat' dir='ltr'><strong><em>sensus,</em></strong></span> 
     </span>
    </p>
   </div>
   <div class='ocr_carea' id='block_1_13' title="bbox 168 1414 1865 1485">
    <p class='ocr_par' dir='ltr' id='par_1_13' title="bbox 168 1414 1865 1485">
     <span class='ocr_line' id='line_1_13' title="bbox 168 1414 1865 1485; baseline -0.001 -17"><span class='ocrx_word' id='word_1_91' title='bbox 168 1414 418 1477; x_wconf 87' lang='lat' dir='ltr'><strong><em>videndi,</em></strong></span> <span class='ocrx_word' id='word_1_92' title='bbox 450 1416 539 1469; x_wconf 86' lang='lat' dir='ltr'><strong><em>vel</em></strong></span> <span class='ocrx_word' id='word_1_93' title='bbox 568 1414 859 1479; x_wconf 87' lang='lat' dir='ltr'><strong><em>audiendi,</em></strong></span> <span class='ocrx_word' id='word_1_94' title='bbox 893 1414 979 1468; x_wconf 89' lang='lat' dir='ltr'><strong><em>vel</em></strong></span> <span class='ocrx_word' id='word_1_95' title='bbox 1008 1414 1295 1485; x_wconf 91' lang='lat' dir='ltr'><strong><em>quoslibet</em></strong></span> <span class='ocrx_word' id='word_1_96' title='bbox 1333 1414 1473 1469; x_wconf 90' lang='lat' dir='ltr'><strong><em>alios</em></strong></span> <span class='ocrx_word' id='word_1_97' title='bbox 1503 1419 1865 1468; x_wconf 83' lang='lat' dir='ltr'><strong><em>caeterorum.</em></strong></span> 
     </span>
    </p>
   </div>
   <div class='ocr_carea' id='block_1_14' title="bbox 170 1501 1867 1573">
    <p class='ocr_par' dir='ltr' id='par_1_14' title="bbox 170 1501 1867 1573">
     <span class='ocr_line' id='line_1_14' title="bbox 170 1501 1867 1573; baseline -0.002 -14"><span class='ocrx_word' id='word_1_98' title='bbox 170 1505 297 1559; x_wconf 86' lang='lat' dir='ltr'><strong><em>Non</em></strong></span> <span class='ocrx_word' id='word_1_99' title='bbox 326 1504 480 1559; x_wconf 90' lang='lat' dir='ltr'><strong><em>enim</em></strong></span> <span class='ocrx_word' id='word_1_100' title='bbox 509 1505 697 1558; x_wconf 91' lang='lat' dir='ltr'><strong><em>solum</em></strong></span> <span class='ocrx_word' id='word_1_101' title='bbox 740 1503 953 1569; x_wconf 79' lang='lat' dir='ltr'><strong><em>videre,</em></strong></span> <span class='ocrx_word' id='word_1_102' title='bbox 986 1504 1083 1557; x_wconf 90' lang='lat' dir='ltr'><strong><em>sed</em></strong></span> <span class='ocrx_word' id='word_1_103' title='bbox 1110 1503 1283 1557; x_wconf 90' lang='lat' dir='ltr'><strong><em>etiam</em></strong></span> <span class='ocrx_word' id='word_1_104' title='bbox 1315 1503 1513 1557; x_wconf 90' lang='lat' dir='ltr'><strong><em>audire</em></strong></span> <span class='ocrx_word' id='word_1_105' title='bbox 1548 1506 1732 1573; x_wconf 81' lang='lat' dir='ltr'><strong><em>potest</em></strong></span> <span class='ocrx_word' id='word_1_106' title='bbox 1759 1501 1867 1556; x_wconf 92' lang='lat' dir='ltr'><strong><em>ali-</em></strong></span> 
     </span>
    </p>
   </div>
   <div class='ocr_carea' id='block_1_15' title="bbox 170 1590 1869 1664">
    <p class='ocr_par' dir='ltr' id='par_1_15' title="bbox 170 1590 1869 1664">
     <span class='ocr_line' id='line_1_15' title="bbox 170 1590 1869 1664; baseline -0.001 -17"><span class='ocrx_word' id='word_1_107' title='bbox 170 1592 301 1664; x_wconf 84' lang='lat' dir='ltr'><strong><em>quis</em></strong></span> <span class='ocrx_word' id='word_1_108' title='bbox 328 1593 632 1647; x_wconf 88' lang='lat' dir='ltr'><strong><em>hominum</em></strong></span> <span class='ocrx_word' id='word_1_109' title='bbox 657 1592 812 1663; x_wconf 90' lang='lat' dir='ltr'><strong><em>quod</em></strong></span> <span class='ocrx_word' id='word_1_110' title='bbox 838 1592 982 1647; x_wconf 88' lang='lat' dir='ltr'><strong><em>alius</em></strong></span> <span class='ocrx_word' id='word_1_111' title='bbox 1001 1609 1120 1647; x_wconf 93' lang='lat' dir='ltr'><strong><em>non</em></strong></span> <span class='ocrx_word' id='word_1_112' title='bbox 1147 1592 1361 1659; x_wconf 86' lang='lat' dir='ltr'><strong><em>audiat,</em></strong></span> <span class='ocrx_word' id='word_1_113' title='bbox 1393 1596 1449 1646; x_wconf 90' lang='lat' dir='ltr'><strong><em>et</em></strong></span> <span class='ocrx_word' id='word_1_114' title='bbox 1467 1591 1625 1646; x_wconf 86' lang='lat' dir='ltr'><strong><em>aliud</em></strong></span> <span class='ocrx_word' id='word_1_115' title='bbox 1653 1590 1869 1663; x_wconf 90' lang='lat' dir='ltr'><strong><em>aliquid</em></strong></span> 
     </span>
    </p>
   </div>
   <div class='ocr_carea' id='block_1_16' title="bbox 171 1681 1870 1754">
    <p class='ocr_par' dir='ltr' id='par_1_16' title="bbox 171 1681 1870 1754">
     <span class='ocr_line' id='line_1_16' title="bbox 171 1681 1870 1754; baseline -0.001 -17"><span class='ocrx_word' id='word_1_116' title='bbox 171 1682 429 1754; x_wconf 90' lang='lat' dir='ltr'><strong><em>quolibet</em></strong></span> <span class='ocrx_word' id='word_1_117' title='bbox 456 1682 567 1736; x_wconf 89' lang='lat' dir='ltr'><strong><em>alio</em></strong></span> <span class='ocrx_word' id='word_1_118' title='bbox 598 1697 765 1736; x_wconf 90' lang='lat' dir='ltr'><strong><em>sensu</em></strong></span> <span class='ocrx_word' id='word_1_119' title='bbox 808 1681 1112 1753; x_wconf 85' lang='lat' dir='ltr'><strong><em>quisquam</em></strong></span> <span class='ocrx_word' id='word_1_120' title='bbox 1153 1682 1363 1736; x_wconf 90' lang='lat' dir='ltr'><strong><em>sentire</em></strong></span> <span class='ocrx_word' id='word_1_121' title='bbox 1393 1681 1548 1752; x_wconf 91' lang='lat' dir='ltr'><strong><em>quod</em></strong></span> <span class='ocrx_word' id='word_1_122' title='bbox 1580 1682 1724 1736; x_wconf 90' lang='lat' dir='ltr'><strong><em>alius</em></strong></span> <span class='ocrx_word' id='word_1_123' title='bbox 1752 1697 1870 1735; x_wconf 93' lang='lat' dir='ltr'><strong><em>non</em></strong></span> 
     </span>
    </p>
   </div>
   <div class='ocr_carea' id='block_1_17' title="bbox 170 1769 1866 1837">
    <p class='ocr_par' dir='ltr' id='par_1_17' title="bbox 170 1769 1866 1837">
     <span class='ocr_line' id='line_1_17' title="bbox 170 1769 1866 1837; baseline 0 -14"><span class='ocrx_word' id='word_1_124' title='bbox 170 1770 398 1825; x_wconf 86' lang='lat' dir='ltr'><strong><em>sentiat.</em></strong></span> <span class='ocrx_word' id='word_1_125' title='bbox 434 1770 590 1825; x_wconf 90' lang='lat' dir='ltr'><strong><em>Unde</em></strong></span> <span class='ocrx_word' id='word_1_126' title='bbox 630 1769 996 1824; x_wconf 91' lang='lat' dir='ltr'><strong><em>manifestum</em></strong></span> <span class='ocrx_word' id='word_1_127' title='bbox 1026 1773 1110 1824; x_wconf 90' lang='lat' dir='ltr'><strong><em>est</em></strong></span> <span class='ocrx_word' id='word_1_128' title='bbox 1139 1776 1195 1825; x_wconf 91' lang='lat' dir='ltr'><strong><em>et</em></strong></span> <span class='ocrx_word' id='word_1_129' title='bbox 1224 1775 1388 1825; x_wconf 90' lang='lat' dir='ltr'><strong><em>tuum</em></strong></span> <span class='ocrx_word' id='word_1_130' title='bbox 1420 1769 1653 1825; x_wconf 88' lang='lat' dir='ltr'><strong><em>nonnisi</em></strong></span> <span class='ocrx_word' id='word_1_131' title='bbox 1681 1774 1866 1837; x_wconf 87' lang='lat' dir='ltr'><strong><em>tuum,</em></strong></span> 
     </span>
    </p>
   </div>
   <div class='ocr_carea' id='block_1_18' title="bbox 171 1858 1870 1913">
    <p class='ocr_par' dir='ltr' id='par_1_18' title="bbox 171 1858 1870 1913">
     <span class='ocr_line' id='line_1_18' title="bbox 171 1858 1870 1913; baseline 0 -1"><span class='ocrx_word' id='word_1_132' title='bbox 171 1861 228 1912; x_wconf 90' lang='lat' dir='ltr'><strong><em>et</em></strong></span> <span class='ocrx_word' id='word_1_133' title='bbox 256 1874 449 1913; x_wconf 91' lang='lat' dir='ltr'><strong><em>meum</em></strong></span> <span class='ocrx_word' id='word_1_134' title='bbox 497 1874 730 1913; x_wconf 89' lang='lat' dir='ltr'><strong><em>sensum</em></strong></span> <span class='ocrx_word' id='word_1_135' title='bbox 778 1874 895 1912; x_wconf 91' lang='lat' dir='ltr'><strong><em>non</em></strong></span> <span class='ocrx_word' id='word_1_136' title='bbox 928 1874 1049 1913; x_wconf 91' lang='lat' dir='ltr'><strong><em>esse</em></strong></span> <span class='ocrx_word' id='word_1_137' title='bbox 1080 1858 1193 1912; x_wconf 88' lang='lat' dir='ltr'><strong><em>nisi</em></strong></span> <span class='ocrx_word' id='word_1_138' title='bbox 1220 1874 1436 1913; x_wconf 90' lang='lat' dir='ltr'><strong><em>meum.</em></strong></span> <span class='ocrx_word' id='word_1_139' title='bbox 1466 1861 1539 1913; x_wconf 85' lang='lat' dir='ltr'><strong><em>A.</em></strong></span> <span class='ocrx_word' id='word_1_140' title='bbox 1572 1860 1686 1913; x_wconf 88' lang='lat' dir='ltr'><strong><em>Hoc</em></strong></span> <span class='ocrx_word' id='word_1_141' title='bbox 1714 1858 1870 1912; x_wconf 90' lang='lat' dir='ltr'><strong><em>idem</em></strong></span> 
     </span>
    </p>
   </div>
   <div class='ocr_carea' id='block_1_19' title="bbox 168 1946 1868 2019">
    <p class='ocr_par' dir='ltr' id='par_1_19' title="bbox 168 1946 1868 2019">
     <span class='ocr_line' id='line_1_19' title="bbox 168 1946 1868 2019; baseline 0.001 -18"><span class='ocrx_word' id='word_1_142' title='bbox 168 1948 540 2019; x_wconf 89' lang='lat' dir='ltr'><strong><em>respondebis</em></strong></span> <span class='ocrx_word' id='word_1_143' title='bbox 567 1948 637 2002; x_wconf 93' lang='lat' dir='ltr'><strong><em>de</em></strong></span> <span class='ocrx_word' id='word_1_144' title='bbox 666 1947 764 2002; x_wconf 91' lang='lat' dir='ltr'><strong><em>illo</em></strong></span> <span class='ocrx_word' id='word_1_145' title='bbox 796 1947 970 2002; x_wconf 89' lang='lat' dir='ltr'><strong><em>etiam</em></strong></span> <span class='ocrx_word' id='word_1_146' title='bbox 1001 1963 1172 2002; x_wconf 90' lang='lat' dir='ltr'><strong><em>sensu</em></strong></span> <span class='ocrx_word' id='word_1_147' title='bbox 1209 1947 1519 2003; x_wconf 89' lang='lat' dir='ltr'><strong><em>interiore?</em></strong></span> <span class='ocrx_word' id='word_1_148' title='bbox 1547 1963 1620 2001; x_wconf 93' lang='lat' dir='ltr'><strong><em>an</em></strong></span> <span class='ocrx_word' id='word_1_149' title='bbox 1650 1946 1868 2018; x_wconf 88' lang='lat' dir='ltr'><strong><em>aliquid</em></strong></span> 
     </span>
    </p>
   </div>
   <div class='ocr_carea' id='block_1_20' title="bbox 168 2036 1869 2107">
    <p class='ocr_par' dir='ltr' id='par_1_20' title="bbox 168 2036 1869 2107">
     <span class='ocr_line' id='line_1_20' title="bbox 168 2036 1869 2107; baseline 0 -18"><span class='ocrx_word' id='word_1_150' title='bbox 168 2036 367 2091; x_wconf 85' lang='lat' dir='ltr'><strong><em>aliud?</em></strong></span> <span class='ocrx_word' id='word_1_151' title='bbox 394 2039 460 2092; x_wconf 88' lang='lat' dir='ltr'><strong><em>E.</em></strong></span> <span class='ocrx_word' id='word_1_152' title='bbox 496 2036 649 2091; x_wconf 85' lang='lat' dir='ltr'><strong><em>Nihil</em></strong></span> <span class='ocrx_word' id='word_1_153' title='bbox 674 2052 808 2090; x_wconf 88' lang='lat' dir='ltr'><strong><em>sane</em></strong></span> <span class='ocrx_word' id='word_1_154' title='bbox 838 2036 1012 2091; x_wconf 81' lang='lat' dir='ltr'><strong><em>aliud.</em></strong></span> <span class='ocrx_word' id='word_1_155' title='bbox 1042 2038 1182 2091; x_wconf 85' lang='lat' dir='ltr'><strong><em>Nam</em></strong></span> <span class='ocrx_word' id='word_1_156' title='bbox 1206 2041 1263 2091; x_wconf 91' lang='lat' dir='ltr'><strong><em>et</em></strong></span> <span class='ocrx_word' id='word_1_157' title='bbox 1290 2036 1386 2091; x_wconf 92' lang='lat' dir='ltr'><strong><em>ille</em></strong></span> <span class='ocrx_word' id='word_1_158' title='bbox 1407 2037 1607 2107; x_wconf 91' lang='lat' dir='ltr'><strong><em>utique</em></strong></span> <span class='ocrx_word' id='word_1_159' title='bbox 1638 2051 1869 2090; x_wconf 89' lang='lat' dir='ltr'><strong><em>sensum</em></strong></span> 
     </span>
    </p>
   </div>
   <div class='ocr_carea' id='block_1_21' title="bbox 168 2123 1868 2193">
    <p class='ocr_par' dir='ltr' id='par_1_21' title="bbox 168 2123 1868 2193">
     <span class='ocr_line' id='line_1_21' title="bbox 168 2123 1868 2193; baseline -0.002 -13"><span class='ocrx_word' id='word_1_160' title='bbox 168 2142 364 2180; x_wconf 89' lang='lat' dir='ltr'><strong><em>meum</em></strong></span> <span class='ocrx_word' id='word_1_161' title='bbox 412 2125 584 2180; x_wconf 85' lang='lat' dir='ltr'><strong><em>sentit</em></strong></span> <span class='ocrx_word' id='word_1_162' title='bbox 629 2142 812 2193; x_wconf 88' lang='lat' dir='ltr'><strong><em>meus,</em></strong></span> <span class='ocrx_word' id='word_1_163' title='bbox 846 2130 902 2180; x_wconf 91' lang='lat' dir='ltr'><strong><em>et</em></strong></span> <span class='ocrx_word' id='word_1_164' title='bbox 931 2130 1093 2180; x_wconf 90' lang='lat' dir='ltr'><strong><em>tuum</em></strong></span> <span class='ocrx_word' id='word_1_165' title='bbox 1124 2124 1296 2180; x_wconf 90' lang='lat' dir='ltr'><strong><em>sentit</em></strong></span> <span class='ocrx_word' id='word_1_166' title='bbox 1324 2130 1456 2179; x_wconf 88' lang='lat' dir='ltr'><strong><em>tuus</em></strong></span> <span class='ocrx_word' id='word_1_167' title='bbox 1504 2141 1517 2178; x_wconf 90' lang='lat'>:</span> <span class='ocrx_word' id='word_1_168' title='bbox 1566 2140 1701 2178; x_wconf 91' lang='lat' dir='ltr'><strong><em>nam</em></strong></span> <span class='ocrx_word' id='word_1_169' title='bbox 1741 2123 1868 2177; x_wconf 91' lang='lat' dir='ltr'><strong><em>ideo</em></strong></span> 
     </span>
    </p>
   </div>
   <div class='ocr_carea' id='block_1_22' title="bbox 168 2212 1869 2284">
    <p class='ocr_par' dir='ltr' id='par_1_22' title="bbox 168 2212 1869 2284">
     <span class='ocr_line' id='line_1_22' title="bbox 168 2212 1869 2284; baseline 0 -18"><span class='ocrx_word' id='word_1_170' title='bbox 168 2212 511 2283; x_wconf 89' lang='lat' dir='ltr'><strong><em>plerumque</em></strong></span> <span class='ocrx_word' id='word_1_171' title='bbox 546 2212 872 2284; x_wconf 90' lang='lat' dir='ltr'><strong><em>interrogor</em></strong></span> <span class='ocrx_word' id='word_1_172' title='bbox 901 2213 971 2268; x_wconf 89' lang='lat' dir='ltr'><strong><em>ab</em></strong></span> <span class='ocrx_word' id='word_1_173' title='bbox 993 2230 1059 2268; x_wconf 91' lang='lat' dir='ltr'><strong><em>eo</em></strong></span> <span class='ocrx_word' id='word_1_174' title='bbox 1089 2214 1190 2284; x_wconf 91' lang='lat' dir='ltr'><strong><em>qui</em></strong></span> <span class='ocrx_word' id='word_1_175' title='bbox 1218 2213 1437 2284; x_wconf 91' lang='lat' dir='ltr'><strong><em>aliquid</em></strong></span> <span class='ocrx_word' id='word_1_176' title='bbox 1466 2214 1641 2283; x_wconf 84' lang='lat' dir='ltr'><strong><em>videt,</em></strong></span> <span class='ocrx_word' id='word_1_177' title='bbox 1674 2216 1869 2267; x_wconf 91' lang='lat' dir='ltr'><strong><em>utrum</em></strong></span> 
     </span>
    </p>
   </div>
   <div class='ocr_carea' id='block_1_23' title="bbox 169 2301 1869 2373">
    <p class='ocr_par' dir='ltr' id='par_1_23' title="bbox 169 2301 1869 2373">
     <span class='ocr_line' id='line_1_23' title="bbox 169 2301 1869 2373; baseline 0 -18"><span class='ocrx_word' id='word_1_178' title='bbox 169 2301 279 2355; x_wconf 91' lang='lat' dir='ltr'><strong><em>hoc</em></strong></span> <span class='ocrx_word' id='word_1_179' title='bbox 309 2302 483 2356; x_wconf 88' lang='lat' dir='ltr'><strong><em>etiam</em></strong></span> <span class='ocrx_word' id='word_1_180' title='bbox 512 2318 617 2372; x_wconf 92' lang='lat' dir='ltr'><strong><em>ego</em></strong></span> <span class='ocrx_word' id='word_1_181' title='bbox 658 2302 905 2371; x_wconf 90' lang='lat' dir='ltr'><strong><em>videam,</em></strong></span> <span class='ocrx_word' id='word_1_182' title='bbox 950 2302 1085 2373; x_wconf 87' lang='lat' dir='ltr'><strong><em>quia</em></strong></span> <span class='ocrx_word' id='word_1_183' title='bbox 1132 2318 1238 2373; x_wconf 86' lang='lat' dir='ltr'><strong><em>ego</em></strong></span> <span class='ocrx_word' id='word_1_184' title='bbox 1283 2319 1376 2356; x_wconf 92' lang='lat' dir='ltr'><strong><em>me</em></strong></span> <span class='ocrx_word' id='word_1_185' title='bbox 1407 2302 1595 2357; x_wconf 89' lang='lat' dir='ltr'><strong><em>videre</em></strong></span> <span class='ocrx_word' id='word_1_186' title='bbox 1626 2306 1726 2356; x_wconf 89' lang='lat' dir='ltr'><strong><em>aut</em></strong></span> <span class='ocrx_word' id='word_1_187' title='bbox 1752 2318 1869 2356; x_wconf 93' lang='lat' dir='ltr'><strong><em>non</em></strong></span> 
     </span>
    </p>
   </div>
   <div class='ocr_carea' id='block_1_24' title="bbox 173 2389 1870 2463">
    <p class='ocr_par' dir='ltr' id='par_1_24' title="bbox 173 2389 1870 2463">
     <span class='ocr_line' id='line_1_24' title="bbox 173 2389 1870 2463; baseline -0.001 -19"><span class='ocrx_word' id='word_1_188' title='bbox 173 2390 364 2445; x_wconf 86' lang='lat' dir='ltr'><strong><em>videre</em></strong></span> <span class='ocrx_word' id='word_1_189' title='bbox 394 2391 597 2458; x_wconf 88' lang='lat' dir='ltr'><strong><em>sentio,</em></strong></span> <span class='ocrx_word' id='word_1_190' title='bbox 630 2407 749 2445; x_wconf 92' lang='lat' dir='ltr'><strong><em>non</em></strong></span> <span class='ocrx_word' id='word_1_191' title='bbox 768 2391 863 2445; x_wconf 91' lang='lat' dir='ltr'><strong><em>ille</em></strong></span> <span class='ocrx_word' id='word_1_192' title='bbox 891 2391 991 2463; x_wconf 91' lang='lat' dir='ltr'><strong><em>qui</em></strong></span> <span class='ocrx_word' id='word_1_193' title='bbox 1020 2391 1354 2462; x_wconf 86' lang='lat' dir='ltr'><strong><em>interrogat.</em></strong></span> <span class='ocrx_word' id='word_1_194' title='bbox 1382 2391 1453 2446; x_wconf 87' lang='lat' dir='ltr'><strong><em>A.</em></strong></span> <span class='ocrx_word' id='word_1_195' title='bbox 1479 2391 1661 2455; x_wconf 84' lang='lat' dir='ltr'><strong><em>Quid?</em></strong></span> <span class='ocrx_word' id='word_1_196' title='bbox 1683 2389 1870 2461; x_wconf 89' lang='lat' dir='ltr'><strong><em>ipsam</em></strong></span> 
     </span>
    </p>
   </div>
   <div class='ocr_carea' id='block_1_25' title="bbox 171 2479 1870 2552">
    <p class='ocr_par' dir='ltr' id='par_1_25' title="bbox 171 2479 1870 2552">
     <span class='ocr_line' id='line_1_25' title="bbox 171 2479 1870 2552; baseline -0.001 -19"><span class='ocrx_word' id='word_1_197' title='bbox 171 2479 459 2535; x_wconf 88' lang='lat' dir='ltr'><strong><em>rationem</em></strong></span> <span class='ocrx_word' id='word_1_198' title='bbox 500 2496 691 2534; x_wconf 87' lang='lat' dir='ltr'><strong><em>nonne</em></strong></span> <span class='ocrx_word' id='word_1_199' title='bbox 734 2480 1129 2552; x_wconf 88' lang='lat' dir='ltr'><strong><em>unusquisque</em></strong></span> <span class='ocrx_word' id='word_1_200' title='bbox 1164 2485 1424 2535; x_wconf 91' lang='lat' dir='ltr'><strong><em>nostrum</em></strong></span> <span class='ocrx_word' id='word_1_201' title='bbox 1454 2480 1626 2535; x_wconf 81' lang='lat' dir='ltr'><strong><em>habet</em></strong></span> <span class='ocrx_word' id='word_1_202' title='bbox 1668 2480 1870 2533; x_wconf 87' lang='lat' dir='ltr'><strong><em>suam?</em></strong></span> 
     </span>
    </p>
   </div>
   <div class='ocr_carea' id='block_1_26' title="bbox 173 2568 1864 2641">
    <p class='ocr_par' dir='ltr' id='par_1_26' title="bbox 173 2568 1864 2641">
     <span class='ocr_line' id='line_1_26' title="bbox 173 2568 1864 2641; baseline 0 -19"><span class='ocrx_word' id='word_1_203' title='bbox 173 2568 640 2640; x_wconf 89' lang='lat' dir='ltr'><strong><em>quandoquidem</em></strong></span> <span class='ocrx_word' id='word_1_204' title='bbox 668 2569 794 2624; x_wconf 84' lang='lat' dir='ltr'><strong><em>ﬁeri</em></strong></span> <span class='ocrx_word' id='word_1_205' title='bbox 824 2574 1011 2641; x_wconf 87' lang='lat' dir='ltr'><strong><em>potest</em></strong></span> <span class='ocrx_word' id='word_1_206' title='bbox 1050 2575 1116 2625; x_wconf 90' lang='lat' dir='ltr'><strong><em>ut</em></strong></span> <span class='ocrx_word' id='word_1_207' title='bbox 1145 2586 1251 2641; x_wconf 93' lang='lat' dir='ltr'><strong><em>ego</em></strong></span> <span class='ocrx_word' id='word_1_208' title='bbox 1281 2570 1499 2640; x_wconf 89' lang='lat' dir='ltr'><strong><em>aliquid</em></strong></span> <span class='ocrx_word' id='word_1_209' title='bbox 1525 2568 1864 2639; x_wconf 87' lang='lat' dir='ltr'><strong><em>intelligam,</em></strong></span> 
     </span>
    </p>
   </div>
   <div class='ocr_carea' id='block_1_27' title="bbox 172 2657 1867 2730">
    <p class='ocr_par' dir='ltr' id='par_1_27' title="bbox 172 2657 1867 2730">
     <span class='ocr_line' id='line_1_27' title="bbox 172 2657 1867 2730; baseline -0.001 -19"><span class='ocrx_word' id='word_1_210' title='bbox 172 2673 304 2711; x_wconf 89' lang='lat' dir='ltr'><strong><em>cum</em></strong></span> <span class='ocrx_word' id='word_1_211' title='bbox 352 2662 414 2712; x_wconf 91' lang='lat' dir='ltr'><strong><em>tu</em></strong></span> <span class='ocrx_word' id='word_1_212' title='bbox 468 2657 527 2713; x_wconf 90' lang='lat' dir='ltr'><strong><em>id</em></strong></span> <span class='ocrx_word' id='word_1_213' title='bbox 574 2675 690 2712; x_wconf 90' lang='lat' dir='ltr'><strong><em>non</em></strong></span> <span class='ocrx_word' id='word_1_214' title='bbox 734 2659 1037 2730; x_wconf 89' lang='lat' dir='ltr'><strong><em>intelligis;</em></strong></span> <span class='ocrx_word' id='word_1_215' title='bbox 1087 2674 1192 2713; x_wconf 92' lang='lat' dir='ltr'><strong><em>nec</em></strong></span> <span class='ocrx_word' id='word_1_216' title='bbox 1232 2662 1429 2713; x_wconf 90' lang='lat' dir='ltr'><strong><em>utrum</em></strong></span> <span class='ocrx_word' id='word_1_217' title='bbox 1457 2657 1776 2728; x_wconf 86' lang='lat' dir='ltr'><strong><em>intelligam</em></strong></span> <span class='ocrx_word' id='word_1_218' title='bbox 1804 2661 1867 2710; x_wconf 92' lang='lat' dir='ltr'><strong><em>tu</em></strong></span> 
     </span>
    </p>
   </div>
   <div class='ocr_carea' id='block_1_28' title="bbox 174 2746 1870 2818">
    <p class='ocr_par' dir='ltr' id='par_1_28' title="bbox 174 2746 1870 2818">
     <span class='ocr_line' id='line_1_28' title="bbox 174 2746 1870 2818; baseline -0.001 -18"><span class='ocrx_word' id='word_1_219' title='bbox 174 2746 318 2801; x_wconf 90' lang='lat' dir='ltr'><strong><em>scire</em></strong></span> <span class='ocrx_word' id='word_1_220' title='bbox 366 2747 569 2818; x_wconf 89' lang='lat' dir='ltr'><strong><em>possis,</em></strong></span> <span class='ocrx_word' id='word_1_221' title='bbox 619 2764 724 2818; x_wconf 92' lang='lat' dir='ltr'><strong><em>ego</em></strong></span> <span class='ocrx_word' id='word_1_222' title='bbox 769 2754 961 2803; x_wconf 89' lang='lat' dir='ltr'><strong><em>autem</em></strong></span> <span class='ocrx_word' id='word_1_223' title='bbox 1012 2748 1204 2803; x_wconf 85' lang='lat' dir='ltr'><strong><em>sciam.</em></strong></span> <span class='ocrx_word' id='word_1_224' title='bbox 1261 2751 1329 2803; x_wconf 87' lang='lat' dir='ltr'><strong><em>E.</em></strong></span> <span class='ocrx_word' id='word_1_225' title='bbox 1388 2748 1747 2803; x_wconf 82' lang='lat' dir='ltr'><strong><em>Manifestum</em></strong></span> <span class='ocrx_word' id='word_1_226' title='bbox 1785 2749 1870 2800; x_wconf 90' lang='lat' dir='ltr'><strong><em>est</em></strong></span> 
     </span>
    </p>
   </div>
   <div class='ocr_carea' id='block_1_29' title="bbox 170 2835 1869 2908">
    <p class='ocr_par' dir='ltr' id='par_1_29' title="bbox 170 2835 1869 2908">
     <span class='ocr_line' id='line_1_29' title="bbox 170 2835 1869 2908; baseline -0.001 -19"><span class='ocrx_word' id='word_1_227' title='bbox 170 2835 346 2889; x_wconf 91' lang='lat' dir='ltr'><strong><em>etiam</em></strong></span> <span class='ocrx_word' id='word_1_228' title='bbox 392 2835 695 2891; x_wconf 88' lang='lat' dir='ltr'><strong><em>rationales</em></strong></span> <span class='ocrx_word' id='word_1_229' title='bbox 741 2840 960 2892; x_wconf 89' lang='lat' dir='ltr'><strong><em>mentes</em></strong></span> <span class='ocrx_word' id='word_1_230' title='bbox 1002 2836 1256 2908; x_wconf 90' lang='lat' dir='ltr'><strong><em>singulos</em></strong></span> <span class='ocrx_word' id='word_1_231' title='bbox 1304 2852 1561 2908; x_wconf 89' lang='lat' dir='ltr'><strong><em>quosque</em></strong></span> <span class='ocrx_word' id='word_1_232' title='bbox 1607 2838 1869 2890; x_wconf 88' lang='lat' dir='ltr'><strong><em>nostrum</em></strong></span> 
     </span>
    </p>
   </div>
   <div class='ocr_carea' id='block_1_30' title="bbox 170 2923 686 2994">
    <p class='ocr_par' dir='ltr' id='par_1_30' title="bbox 170 2923 686 2994">
     <span class='ocr_line' id='line_1_30' title="bbox 170 2923 686 2994; baseline 0.002 -17"><span class='ocrx_word' id='word_1_233' title='bbox 170 2923 424 2994; x_wconf 89' lang='lat' dir='ltr'><strong><em>singulas</em></strong></span> <span class='ocrx_word' id='word_1_234' title='bbox 453 2924 686 2979; x_wconf 91' lang='lat' dir='ltr'><strong><em>habere.</em></strong></span> 
     </span>
    </p>
   </div>
   <div class='ocr_carea' id='block_1_31' title="bbox 246 3013 1869 3084">
    <p class='ocr_par' dir='ltr' id='par_1_31' title="bbox 246 3013 1869 3084">
     <span class='ocr_line' id='line_1_31' title="bbox 246 3013 1869 3084; baseline 0 -17"><span class='ocrx_word' id='word_1_235' title='bbox 246 3016 328 3067; x_wconf 82' lang='grc'><strong><em>16.</em></strong></span> <span class='ocrx_word' id='word_1_236' title='bbox 360 3014 433 3068; x_wconf 87' lang='grc' dir='ltr'><strong><em>Α.</em></strong></span> <span class='ocrx_word' id='word_1_237' title='bbox 469 3014 617 3067; x_wconf 87' lang='lat' dir='ltr'><strong><em>Num</em></strong></span> <span class='ocrx_word' id='word_1_238' title='bbox 648 3013 820 3067; x_wconf 90' lang='lat' dir='ltr'><strong><em>etiam</em></strong></span> <span class='ocrx_word' id='word_1_239' title='bbox 852 3013 1064 3084; x_wconf 88' lang='lat' dir='ltr'><strong><em>poteris</em></strong></span> <span class='ocrx_word' id='word_1_240' title='bbox 1093 3013 1282 3069; x_wconf 88' lang='lat' dir='ltr'><strong><em>dicere</em></strong></span> <span class='ocrx_word' id='word_1_241' title='bbox 1304 3013 1563 3083; x_wconf 90' lang='lat' dir='ltr'><strong><em>singulos</em></strong></span> <span class='ocrx_word' id='word_1_242' title='bbox 1591 3014 1738 3067; x_wconf 90' lang='lat' dir='ltr'><strong><em>soles</em></strong></span> <span class='ocrx_word' id='word_1_243' title='bbox 1765 3028 1869 3067; x_wconf 91' lang='lat' dir='ltr'><strong><em>nos</em></strong></span> 
     </span>
    </p>
   </div>
   <div class='ocr_carea' id='block_1_32' title="bbox 168 3098 1872 3173">
    <p class='ocr_par' dir='ltr' id='par_1_32' title="bbox 168 3098 1872 3173">
     <span class='ocr_line' id='line_1_32' title="bbox 168 3098 1872 3173; baseline 0.001 -18"><span class='ocrx_word' id='word_1_244' title='bbox 168 3101 378 3157; x_wconf 89' lang='lat' dir='ltr'><strong><em>habere</em></strong></span> <span class='ocrx_word' id='word_1_245' title='bbox 410 3118 553 3173; x_wconf 92' lang='lat' dir='ltr'><strong><em>quos</em></strong></span> <span class='ocrx_word' id='word_1_246' title='bbox 602 3102 883 3167; x_wconf 88' lang='lat' dir='ltr'><strong><em>videmus,</em></strong></span> <span class='ocrx_word' id='word_1_247' title='bbox 930 3107 1027 3157; x_wconf 91' lang='lat' dir='ltr'><strong><em>aut</em></strong></span> <span class='ocrx_word' id='word_1_248' title='bbox 1062 3098 1271 3171; x_wconf 49' lang='lat' dir='ltr'><strong><em>lunas,’</em></strong></span> <span class='ocrx_word' id='word_1_249' title='bbox 1304 3106 1403 3157; x_wconf 89' lang='lat' dir='ltr'><strong><em>aut</em></strong></span> <span class='ocrx_word' id='word_1_250' title='bbox 1457 3102 1740 3169; x_wconf 81' lang='lat' dir='ltr'><strong><em>luciferas,</em></strong></span> <span class='ocrx_word' id='word_1_251' title='bbox 1772 3106 1872 3156; x_wconf 91' lang='lat' dir='ltr'><strong><em>aut</em></strong></span> 
     </span>
    </p>
   </div>
   <div class='ocr_carea' id='block_1_33' title="bbox 169 3191 1869 3263">
    <p class='ocr_par' dir='ltr' id='par_1_33' title="bbox 169 3191 1869 3263">
     <span class='ocr_line' id='line_1_33' title="bbox 169 3191 1869 3263; baseline 0 -17"><span class='ocrx_word' id='word_1_252' title='bbox 169 3197 373 3246; x_wconf 78' lang='lat' dir='ltr'><strong><em>caetera</em></strong></span> <span class='ocrx_word' id='word_1_253' title='bbox 416 3191 770 3262; x_wconf 89' lang='lat' dir='ltr'><strong><em>hujusmodi,</em></strong></span> <span class='ocrx_word' id='word_1_254' title='bbox 820 3192 1079 3263; x_wconf 87' lang='lat' dir='ltr'><strong><em>quamvis</em></strong></span> <span class='ocrx_word' id='word_1_255' title='bbox 1126 3208 1227 3246; x_wconf 91' lang='lat' dir='ltr'><strong><em>suo</em></strong></span> <span class='ocrx_word' id='word_1_256' title='bbox 1267 3192 1508 3263; x_wconf 87' lang='lat' dir='ltr'><strong><em>quisque</em></strong></span> <span class='ocrx_word' id='word_1_257' title='bbox 1542 3208 1606 3246; x_wconf 89' lang='lat' dir='ltr'><strong><em>ac</em></strong></span> <span class='ocrx_word' id='word_1_258' title='bbox 1632 3191 1869 3263; x_wconf 88' lang='lat' dir='ltr'><strong><em>proprio</em></strong></span> 
     </span>
    </p>
   </div>
   <div class='ocr_carea' id='block_1_34' title="bbox 170 3280 1860 3336">
    <p class='ocr_par' dir='ltr' id='par_1_34' title="bbox 170 3280 1860 3336">
     <span class='ocr_line' id='line_1_34' title="bbox 170 3280 1860 3336; baseline 0.001 -2"><span class='ocrx_word' id='word_1_259' title='bbox 170 3296 343 3334; x_wconf 84' lang='lat' dir='ltr'><strong><em>sensu</em></strong></span> <span class='ocrx_word' id='word_1_260' title='bbox 370 3280 478 3335; x_wconf 88' lang='lat' dir='ltr'><strong><em>ista</em></strong></span> <span class='ocrx_word' id='word_1_261' title='bbox 505 3280 737 3335; x_wconf 86' lang='lat' dir='ltr'><strong><em>videat?</em></strong></span> <span class='ocrx_word' id='word_1_262' title='bbox 763 3283 828 3335; x_wconf 90' lang='lat' dir='ltr'><strong><em>E.</em></strong></span> <span class='ocrx_word' id='word_1_263' title='bbox 880 3281 1044 3335; x_wconf 89' lang='lat' dir='ltr'><strong><em>Nullo</em></strong></span> <span class='ocrx_word' id='word_1_264' title='bbox 1087 3281 1261 3336; x_wconf 92' lang='lat' dir='ltr'><strong><em>modo</em></strong></span> <span class='ocrx_word' id='word_1_265' title='bbox 1295 3280 1449 3335; x_wconf 90' lang='lat' dir='ltr'><strong><em>istud</em></strong></span> <span class='ocrx_word' id='word_1_266' title='bbox 1489 3280 1750 3335; x_wconf 80' lang='lat' dir='ltr'><strong><em>dixerim.</em></strong></span> <span class='ocrx_word' id='word_1_267' title='bbox 1790 3282 1860 3336; x_wconf 87' lang='lat' dir='ltr'><strong><em>A.</em></strong></span> 
     </span>
    </p>
   </div>
   <div class='ocr_carea' id='block_1_35' title="bbox 170 3369 1868 3440">
    <p class='ocr_par' dir='ltr' id='par_1_35' title="bbox 170 3369 1868 3440">
     <span class='ocr_line' id='line_1_35' title="bbox 170 3369 1868 3440; baseline 0 -17"><span class='ocrx_word' id='word_1_268' title='bbox 170 3371 477 3423; x_wconf 88' lang='lat' dir='ltr'><strong><em>Possumus</em></strong></span> <span class='ocrx_word' id='word_1_269' title='bbox 532 3385 668 3439; x_wconf 89' lang='lat' dir='ltr'><strong><em>ergo</em></strong></span> <span class='ocrx_word' id='word_1_270' title='bbox 726 3369 918 3423; x_wconf 90' lang='lat' dir='ltr'><strong><em>videre</em></strong></span> <span class='ocrx_word' id='word_1_271' title='bbox 962 3386 1145 3424; x_wconf 89' lang='lat' dir='ltr'><strong><em>unum</em></strong></span> <span class='ocrx_word' id='word_1_272' title='bbox 1193 3369 1412 3440; x_wconf 90' lang='lat' dir='ltr'><strong><em>aliquid</em></strong></span> <span class='ocrx_word' id='word_1_273' title='bbox 1457 3370 1624 3424; x_wconf 90' lang='lat' dir='ltr'><strong><em>multi</em></strong></span> <span class='ocrx_word' id='word_1_274' title='bbox 1673 3369 1868 3438; x_wconf 88' lang='lat' dir='ltr'><strong><em>simul,</em></strong></span> 
     </span>
    </p>
   </div>
   <div class='ocr_carea' id='block_1_36' title="bbox 170 3456 1870 3529">
    <p class='ocr_par' dir='ltr' id='par_1_36' title="bbox 170 3456 1870 3529">
     <span class='ocr_line' id='line_1_36' title="bbox 170 3456 1870 3529; baseline -0.001 -18"><span class='ocrx_word' id='word_1_275' title='bbox 170 3473 303 3511; x_wconf 91' lang='lat' dir='ltr'><strong><em>cum</em></strong></span> <span class='ocrx_word' id='word_1_276' title='bbox 336 3456 449 3511; x_wconf 88' lang='lat' dir='ltr'><strong><em>sint</em></strong></span> <span class='ocrx_word' id='word_1_277' title='bbox 485 3473 683 3511; x_wconf 90' lang='lat' dir='ltr'><strong><em>sensus</em></strong></span> <span class='ocrx_word' id='word_1_278' title='bbox 710 3456 888 3511; x_wconf 91' lang='lat' dir='ltr'><strong><em>nostri</em></strong></span> <span class='ocrx_word' id='word_1_279' title='bbox 922 3457 1091 3511; x_wconf 91' lang='lat' dir='ltr'><strong><em>nobis</em></strong></span> <span class='ocrx_word' id='word_1_280' title='bbox 1122 3457 1363 3528; x_wconf 89' lang='lat' dir='ltr'><strong><em>singulis</em></strong></span> <span class='ocrx_word' id='word_1_281' title='bbox 1394 3458 1627 3528; x_wconf 88' lang='lat' dir='ltr'><strong><em>singuli,</em></strong></span> <span class='ocrx_word' id='word_1_282' title='bbox 1662 3458 1870 3529; x_wconf 88' lang='lat' dir='ltr'><strong><em>quibus</em></strong></span> 
     </span>
    </p>
   </div>
   <div class='ocr_carea' id='block_1_37' title="bbox 172 3546 1866 3618">
    <p class='ocr_par' dir='ltr' id='par_1_37' title="bbox 172 3546 1866 3618">
     <span class='ocr_line' id='line_1_37' title="bbox 172 3546 1866 3618; baseline 0 -17"><span class='ocrx_word' id='word_1_283' title='bbox 172 3546 440 3601; x_wconf 91' lang='lat' dir='ltr'><strong><em>omnibus</em></strong></span> <span class='ocrx_word' id='word_1_284' title='bbox 470 3546 607 3600; x_wconf 91' lang='lat' dir='ltr'><strong><em>illud</em></strong></span> <span class='ocrx_word' id='word_1_285' title='bbox 640 3562 823 3601; x_wconf 92' lang='lat' dir='ltr'><strong><em>unum</em></strong></span> <span class='ocrx_word' id='word_1_286' title='bbox 860 3546 1137 3601; x_wconf 91' lang='lat' dir='ltr'><strong><em>sentimus</em></strong></span> <span class='ocrx_word' id='word_1_287' title='bbox 1181 3547 1335 3618; x_wconf 91' lang='lat' dir='ltr'><strong><em>quod</em></strong></span> <span class='ocrx_word' id='word_1_288' title='bbox 1365 3547 1537 3601; x_wconf 91' lang='lat' dir='ltr'><strong><em>simul</em></strong></span> <span class='ocrx_word' id='word_1_289' title='bbox 1574 3546 1866 3615; x_wconf 88' lang='lat' dir='ltr'><strong><em>videmus;</em></strong></span> 
     </span>
    </p>
   </div>
   <div class='ocr_carea' id='block_1_38' title="bbox 131 3635 1870 3706">
    <p class='ocr_par' dir='ltr' id='par_1_38' title="bbox 131 3635 1870 3706">
     <span class='ocr_line' id='line_1_38' title="bbox 131 3635 1870 3706; baseline -0.002 -13"><span class='ocrx_word' id='word_1_290' title='bbox 131 3691 133 3694; x_wconf 9' lang='grc' dir='ltr'><strong><em>ι</em></strong></span> <span class='ocrx_word' id='word_1_291' title='bbox 173 3640 238 3690; x_wconf 88' lang='lat' dir='ltr'><strong><em>ut</em></strong></span> <span class='ocrx_word' id='word_1_292' title='bbox 265 3635 524 3706; x_wconf 88' lang='lat' dir='ltr'><strong><em>quamvis</em></strong></span> <span class='ocrx_word' id='word_1_293' title='bbox 554 3635 698 3690; x_wconf 89' lang='lat' dir='ltr'><strong><em>alius</em></strong></span> <span class='ocrx_word' id='word_1_294' title='bbox 729 3652 927 3690; x_wconf 90' lang='lat' dir='ltr'><strong><em>sensus</em></strong></span> <span class='ocrx_word' id='word_1_295' title='bbox 957 3652 1119 3690; x_wconf 91' lang='lat' dir='ltr'><strong><em>meus</em></strong></span> <span class='ocrx_word' id='word_1_296' title='bbox 1150 3636 1240 3703; x_wconf 90' lang='lat' dir='ltr'><strong><em>sit,</em></strong></span> <span class='ocrx_word' id='word_1_297' title='bbox 1273 3641 1329 3691; x_wconf 91' lang='lat' dir='ltr'><strong><em>et</em></strong></span> <span class='ocrx_word' id='word_1_298' title='bbox 1372 3636 1516 3691; x_wconf 91' lang='lat' dir='ltr'><strong><em>alius</em></strong></span> <span class='ocrx_word' id='word_1_299' title='bbox 1546 3640 1699 3703; x_wconf 88' lang='lat' dir='ltr'><strong><em>tuus,</em></strong></span> <span class='ocrx_word' id='word_1_300' title='bbox 1729 3652 1870 3706; x_wconf 86' lang='lat' dir='ltr'><strong><em>pos-</em></strong></span> 
     </span>
    </p>
   </div>
   <div class='ocr_carea' id='block_1_39' title="bbox 171 3723 1870 3796">
    <p class='ocr_par' dir='ltr' id='par_1_39' title="bbox 171 3723 1870 3796">
     <span class='ocr_line' id='line_1_39' title="bbox 171 3723 1870 3796; baseline 0 -18"><span class='ocrx_word' id='word_1_301' title='bbox 171 3724 245 3779; x_wconf 89' lang='lat' dir='ltr'><strong><em>sit</em></strong></span> <span class='ocrx_word' id='word_1_302' title='bbox 290 3728 485 3779; x_wconf 89' lang='lat' dir='ltr'><strong><em>tamen</em></strong></span> <span class='ocrx_word' id='word_1_303' title='bbox 538 3724 663 3779; x_wconf 88' lang='lat' dir='ltr'><strong><em>ﬁeri</em></strong></span> <span class='ocrx_word' id='word_1_304' title='bbox 708 3729 771 3780; x_wconf 88' lang='lat' dir='ltr'><strong><em>ut</em></strong></span> <span class='ocrx_word' id='word_1_305' title='bbox 816 3725 874 3779; x_wconf 89' lang='lat' dir='ltr'><strong><em>id</em></strong></span> <span class='ocrx_word' id='word_1_306' title='bbox 922 3726 1079 3796; x_wconf 92' lang='lat' dir='ltr'><strong><em>quod</em></strong></span> <span class='ocrx_word' id='word_1_307' title='bbox 1124 3724 1405 3791; x_wconf 90' lang='lat' dir='ltr'><strong><em>videmus,</em></strong></span> <span class='ocrx_word' id='word_1_308' title='bbox 1448 3740 1567 3778; x_wconf 90' lang='lat' dir='ltr'><strong><em>non</em></strong></span> <span class='ocrx_word' id='word_1_309' title='bbox 1614 3724 1687 3778; x_wconf 90' lang='lat' dir='ltr'><strong><em>sit</em></strong></span> <span class='ocrx_word' id='word_1_310' title='bbox 1715 3723 1870 3778; x_wconf 90' lang='lat' dir='ltr'><strong><em>aliud</em></strong></span> 
     </span>
    </p>
   </div>
   <div class='ocr_carea' id='block_1_40' title="bbox 171 3812 1868 3882">
    <p class='ocr_par' dir='ltr' id='par_1_40' title="bbox 171 3812 1868 3882">
     <span class='ocr_line' id='line_1_40' title="bbox 171 3812 1868 3882; baseline -0.001 -15"><span class='ocrx_word' id='word_1_311' title='bbox 171 3829 389 3880; x_wconf 88' lang='lat' dir='ltr'><strong><em>meum,</em></strong></span> <span class='ocrx_word' id='word_1_312' title='bbox 423 3812 579 3867; x_wconf 91' lang='lat' dir='ltr'><strong><em>aliud</em></strong></span> <span class='ocrx_word' id='word_1_313' title='bbox 621 3818 819 3881; x_wconf 88' lang='lat' dir='ltr'><strong><em>tuum;</em></strong></span> <span class='ocrx_word' id='word_1_314' title='bbox 868 3814 966 3867; x_wconf 92' lang='lat' dir='ltr'><strong><em>sed</em></strong></span> <span class='ocrx_word' id='word_1_315' title='bbox 993 3813 1133 3867; x_wconf 90' lang='lat' dir='ltr'><strong><em>illud</em></strong></span> <span class='ocrx_word' id='word_1_316' title='bbox 1172 3828 1355 3866; x_wconf 89' lang='lat' dir='ltr'><strong><em>unum</em></strong></span> <span class='ocrx_word' id='word_1_317' title='bbox 1385 3817 1594 3882; x_wconf 63' lang='lat' dir='ltr'><strong><em>praesto</em></strong></span> <span class='ocrx_word' id='word_1_318' title='bbox 1623 3812 1697 3866; x_wconf 90' lang='lat' dir='ltr'><strong><em>sit</em></strong></span> <span class='ocrx_word' id='word_1_319' title='bbox 1728 3812 1868 3867; x_wconf 86' lang='lat' dir='ltr'><strong><em>utri-</em></strong></span> 
     </span>
    </p>
   </div>
   <div class='ocr_carea' id='block_1_41' title="bbox 172 3902 1869 3973">
    <p class='ocr_par' dir='ltr' id='par_1_41' title="bbox 172 3902 1869 3973">
     <span class='ocr_line' id='line_1_41' title="bbox 172 3902 1869 3973; baseline 0 -18"><span class='ocrx_word' id='word_1_320' title='bbox 172 3919 285 3973; x_wconf 87' lang='lat' dir='ltr'><strong><em>que</em></strong></span> <span class='ocrx_word' id='word_1_321' title='bbox 316 3907 575 3957; x_wconf 89' lang='lat' dir='ltr'><strong><em>nostrum</em></strong></span> <span class='ocrx_word' id='word_1_322' title='bbox 607 3908 663 3957; x_wconf 91' lang='lat' dir='ltr'><strong><em>et</em></strong></span> <span class='ocrx_word' id='word_1_323' title='bbox 691 3904 862 3957; x_wconf 91' lang='lat' dir='ltr'><strong><em>simul</em></strong></span> <span class='ocrx_word' id='word_1_324' title='bbox 892 3903 961 3957; x_wconf 89' lang='lat' dir='ltr'><strong><em>ab</em></strong></span> <span class='ocrx_word' id='word_1_325' title='bbox 993 3907 1242 3973; x_wconf 88' lang='lat' dir='ltr'><strong><em>utroque</em></strong></span> <span class='ocrx_word' id='word_1_326' title='bbox 1269 3902 1553 3958; x_wconf 88' lang='lat' dir='ltr'><strong><em>videatur.</em></strong></span> <span class='ocrx_word' id='word_1_327' title='bbox 1584 3903 1662 3957; x_wconf 88' lang='lat' dir='ltr'><strong><em>E.</em></strong></span> <span class='ocrx_word' id='word_1_328' title='bbox 1696 3902 1869 3957; x_wconf 85' lang='lat' dir='ltr'><strong><em>Mani-</em></strong></span> 
     </span>
    </p>
   </div>
   <div class='ocr_carea' id='block_1_42' title="bbox 169 3990 1872 4063">
    <p class='ocr_par' dir='ltr' id='par_1_42' title="bbox 169 3990 1872 4063">
     <span class='ocr_line' id='line_1_42' title="bbox 169 3990 1872 4063; baseline 0 -18"><span class='ocrx_word' id='word_1_329' title='bbox 169 3990 542 4046; x_wconf 88' lang='lat' dir='ltr'><strong><em>festissimum</em></strong></span> <span class='ocrx_word' id='word_1_330' title='bbox 588 3997 692 4047; x_wconf 88' lang='lat' dir='ltr'><strong><em>est.</em></strong></span> <span class='ocrx_word' id='word_1_331' title='bbox 739 3993 810 4047; x_wconf 83' lang='lat' dir='ltr'><strong><em>A.</em></strong></span> <span class='ocrx_word' id='word_1_332' title='bbox 868 3993 1173 4046; x_wconf 89' lang='lat' dir='ltr'><strong><em>Possumus</em></strong></span> <span class='ocrx_word' id='word_1_333' title='bbox 1212 3990 1383 4046; x_wconf 91' lang='lat' dir='ltr'><strong><em>etiam</em></strong></span> <span class='ocrx_word' id='word_1_334' title='bbox 1414 4007 1590 4045; x_wconf 90' lang='lat' dir='ltr'><strong><em>unam</em></strong></span> <span class='ocrx_word' id='word_1_335' title='bbox 1619 3991 1872 4063; x_wconf 88' lang='lat' dir='ltr'><strong><em>aliquam</em></strong></span> 
     </span>
    </p>
   </div>
   <div class='ocr_carea' id='block_1_43' title="bbox 168 4079 1872 4151">
    <p class='ocr_par' dir='ltr' id='par_1_43' title="bbox 168 4079 1872 4151">
     <span class='ocr_line' id='line_1_43' title="bbox 168 4079 1872 4151; baseline -0.001 -17"><span class='ocrx_word' id='word_1_336' title='bbox 168 4095 366 4134; x_wconf 88' lang='lat' dir='ltr'><strong><em>vocem</em></strong></span> <span class='ocrx_word' id='word_1_337' title='bbox 416 4079 587 4133; x_wconf 89' lang='lat' dir='ltr'><strong><em>simul</em></strong></span> <span class='ocrx_word' id='word_1_338' title='bbox 630 4080 852 4148; x_wconf 90' lang='lat' dir='ltr'><strong><em>audire,</em></strong></span> <span class='ocrx_word' id='word_1_339' title='bbox 901 4083 967 4134; x_wconf 91' lang='lat' dir='ltr'><strong><em>ut</em></strong></span> <span class='ocrx_word' id='word_1_340' title='bbox 1024 4080 1283 4151; x_wconf 82' lang='lat' dir='ltr'><strong><em>quamvis</em></strong></span> <span class='ocrx_word' id='word_1_341' title='bbox 1330 4079 1475 4133; x_wconf 90' lang='lat' dir='ltr'><strong><em>alius</em></strong></span> <span class='ocrx_word' id='word_1_342' title='bbox 1518 4079 1592 4133; x_wconf 92' lang='lat' dir='ltr'><strong><em>sit</em></strong></span> <span class='ocrx_word' id='word_1_343' title='bbox 1643 4079 1872 4134; x_wconf 89' lang='lat' dir='ltr'><strong><em>auditus</em></strong></span> 
     </span>
    </p>
   </div>
   <div class='ocr_carea' id='block_1_44' title="bbox 168 4168 1874 4238">
    <p class='ocr_par' dir='ltr' id='par_1_44' title="bbox 168 4168 1874 4238">
     <span class='ocr_line' id='line_1_44' title="bbox 168 4168 1874 4238; baseline 0 -15"><span class='ocrx_word' id='word_1_344' title='bbox 168 4185 354 4238; x_wconf 92' lang='lat' dir='ltr'><strong><em>meus,</em></strong></span> <span class='ocrx_word' id='word_1_345' title='bbox 401 4168 547 4223; x_wconf 90' lang='lat' dir='ltr'><strong><em>alius</em></strong></span> <span class='ocrx_word' id='word_1_346' title='bbox 586 4172 737 4237; x_wconf 90' lang='lat' dir='ltr'><strong><em>tuus,</em></strong></span> <span class='ocrx_word' id='word_1_347' title='bbox 792 4185 911 4223; x_wconf 89' lang='lat' dir='ltr'><strong><em>non</em></strong></span> <span class='ocrx_word' id='word_1_348' title='bbox 952 4169 1026 4223; x_wconf 91' lang='lat' dir='ltr'><strong><em>sit</em></strong></span> <span class='ocrx_word' id='word_1_349' title='bbox 1070 4173 1263 4224; x_wconf 88' lang='lat' dir='ltr'><strong><em>tamen</em></strong></span> <span class='ocrx_word' id='word_1_350' title='bbox 1310 4169 1421 4223; x_wconf 86' lang='lat' dir='ltr'><strong><em>alia</em></strong></span> <span class='ocrx_word' id='word_1_351' title='bbox 1469 4184 1616 4232; x_wconf 89' lang='lat' dir='ltr'><strong><em>mea,</em></strong></span> <span class='ocrx_word' id='word_1_352' title='bbox 1658 4172 1716 4222; x_wconf 94' lang='lat' dir='ltr'><strong><em>et</em></strong></span> <span class='ocrx_word' id='word_1_353' title='bbox 1761 4168 1874 4223; x_wconf 90' lang='lat' dir='ltr'><strong><em>alia</em></strong></span> 
     </span>
    </p>
   </div>
   <div class='ocr_carea' id='block_1_45' title="bbox 167 4257 1871 4329">
    <p class='ocr_par' dir='ltr' id='par_1_45' title="bbox 167 4257 1871 4329">
     <span class='ocr_line' id='line_1_45' title="bbox 167 4257 1871 4329; baseline -0.001 -17"><span class='ocrx_word' id='word_1_354' title='bbox 167 4262 267 4313; x_wconf 88' lang='lat' dir='ltr'><strong><em>tua</em></strong></span> <span class='ocrx_word' id='word_1_355' title='bbox 308 4274 417 4312; x_wconf 83' lang='lat' dir='ltr'><strong><em>vox</em></strong></span> <span class='ocrx_word' id='word_1_356' title='bbox 458 4274 634 4329; x_wconf 87' lang='lat' dir='ltr'><strong><em>quam</em></strong></span> <span class='ocrx_word' id='word_1_357' title='bbox 662 4258 832 4312; x_wconf 90' lang='lat' dir='ltr'><strong><em>simul</em></strong></span> <span class='ocrx_word' id='word_1_358' title='bbox 863 4257 1149 4325; x_wconf 78' lang='lat' dir='ltr'><strong><em>audimus,</em></strong></span> <span class='ocrx_word' id='word_1_359' title='bbox 1180 4259 1269 4312; x_wconf 92' lang='lat' dir='ltr'><strong><em>vel</em></strong></span> <span class='ocrx_word' id='word_1_360' title='bbox 1304 4257 1416 4311; x_wconf 88' lang='lat' dir='ltr'><strong><em>alia</em></strong></span> <span class='ocrx_word' id='word_1_361' title='bbox 1452 4274 1584 4328; x_wconf 90' lang='lat' dir='ltr'><strong><em>pars</em></strong></span> <span class='ocrx_word' id='word_1_362' title='bbox 1615 4257 1739 4329; x_wconf 89' lang='lat' dir='ltr'><strong><em>ejus</em></strong></span> <span class='ocrx_word' id='word_1_363' title='bbox 1769 4274 1871 4311; x_wconf 88' lang='lat' dir='ltr'><strong><em>au-</em></strong></span> 
     </span>
    </p>
   </div>
   <div class='ocr_carea' id='block_1_46' title="bbox 170 4345 1871 4419">
    <p class='ocr_par' dir='ltr' id='par_1_46' title="bbox 170 4345 1871 4419">
     <span class='ocr_line' id='line_1_46' title="bbox 170 4345 1871 4419; baseline 0 -18"><span class='ocrx_word' id='word_1_364' title='bbox 170 4347 297 4402; x_wconf 89' lang='lat' dir='ltr'><strong><em>ditu</em></strong></span> <span class='ocrx_word' id='word_1_365' title='bbox 344 4363 472 4401; x_wconf 91' lang='lat' dir='ltr'><strong><em>meo</em></strong></span> <span class='ocrx_word' id='word_1_366' title='bbox 502 4347 777 4418; x_wconf 86' lang='lat' dir='ltr'><strong><em>capiatur,</em></strong></span> <span class='ocrx_word' id='word_1_367' title='bbox 821 4352 877 4403; x_wconf 91' lang='lat' dir='ltr'><strong><em>et</em></strong></span> <span class='ocrx_word' id='word_1_368' title='bbox 907 4348 1016 4401; x_wconf 89' lang='lat' dir='ltr'><strong><em>alia</em></strong></span> <span class='ocrx_word' id='word_1_369' title='bbox 1044 4352 1165 4415; x_wconf 89' lang='lat' dir='ltr'><strong><em>tuo,</em></strong></span> <span class='ocrx_word' id='word_1_370' title='bbox 1201 4347 1299 4401; x_wconf 90' lang='lat' dir='ltr'><strong><em>sed</em></strong></span> <span class='ocrx_word' id='word_1_371' title='bbox 1330 4345 1613 4419; x_wconf 89' lang='lat' dir='ltr'><strong><em>quidquid</em></strong></span> <span class='ocrx_word' id='word_1_372' title='bbox 1663 4364 1871 4402; x_wconf 87' lang='lat' dir='ltr'><strong><em>sonue-</em></strong></span> 
     </span>
    </p>
   </div>
   <div class='ocr_carea' id='block_1_47' title="bbox 169 4433 1871 4502">
    <p class='ocr_par' dir='ltr' id='par_1_47' title="bbox 169 4433 1871 4502">
     <span class='ocr_line' id='line_1_47' title="bbox 169 4433 1871 4502; baseline 0.002 -14"><span class='ocrx_word' id='word_1_373' title='bbox 169 4433 268 4502; x_wconf 91' lang='lat' dir='ltr'><strong><em>rit,</em></strong></span> <span class='ocrx_word' id='word_1_374' title='bbox 299 4438 354 4488; x_wconf 91' lang='lat' dir='ltr'><strong><em>et</em></strong></span> <span class='ocrx_word' id='word_1_375' title='bbox 376 4451 557 4489; x_wconf 89' lang='lat' dir='ltr'><strong><em>unum</em></strong></span> <span class='ocrx_word' id='word_1_376' title='bbox 586 4440 642 4490; x_wconf 89' lang='lat' dir='ltr'><strong><em>et</em></strong></span> <span class='ocrx_word' id='word_1_377' title='bbox 672 4440 857 4490; x_wconf 90' lang='lat' dir='ltr'><strong><em>totum</em></strong></span> <span class='ocrx_word' id='word_1_378' title='bbox 896 4436 1245 4490; x_wconf 89' lang='lat' dir='ltr'><strong><em>audiendum</em></strong></span> <span class='ocrx_word' id='word_1_379' title='bbox 1277 4435 1449 4491; x_wconf 91' lang='lat' dir='ltr'><strong><em>simul</em></strong></span> <span class='ocrx_word' id='word_1_380' title='bbox 1496 4436 1646 4492; x_wconf 88' lang='lat' dir='ltr'><strong><em>adsit</em></strong></span> <span class='ocrx_word' id='word_1_381' title='bbox 1675 4438 1871 4492; x_wconf 89' lang='lat' dir='ltr'><strong><em>ambo-</em></strong></span> 
     </span>
    </p>
   </div>
   <div class='ocr_carea' id='block_1_48' title="bbox 168 4521 1165 4579">
    <p class='ocr_par' dir='ltr' id='par_1_48' title="bbox 168 4521 1165 4579">
     <span class='ocr_line' id='line_1_48' title="bbox 168 4521 1165 4579; baseline 0.001 -3"><span class='ocrx_word' id='word_1_382' title='bbox 168 4521 299 4576; x_wconf 87' lang='lat' dir='ltr'><strong><em>bus.</em></strong></span> <span class='ocrx_word' id='word_1_383' title='bbox 328 4522 405 4577; x_wconf 88' lang='lat' dir='ltr'><strong><em>E.</em></strong></span> <span class='ocrx_word' id='word_1_384' title='bbox 440 4524 504 4577; x_wconf 92' lang='lat' dir='ltr'><strong><em>Et</em></strong></span> <span class='ocrx_word' id='word_1_385' title='bbox 526 4523 635 4577; x_wconf 91' lang='lat' dir='ltr'><strong><em>hoc</em></strong></span> <span class='ocrx_word' id='word_1_386' title='bbox 667 4523 1034 4579; x_wconf 90' lang='lat' dir='ltr'><strong><em>manifestum</em></strong></span> <span class='ocrx_word' id='word_1_387' title='bbox 1064 4528 1165 4578; x_wconf 92' lang='lat' dir='ltr'><strong><em>est.</em></strong></span> 
     </span>
    </p>
   </div>
   <div class='ocr_carea' id='block_1_49' title="bbox 246 4612 1874 4684">
    <p class='ocr_par' dir='ltr' id='par_1_49' title="bbox 246 4612 1874 4684">
     <span class='ocr_line' id='line_1_49' title="bbox 246 4612 1874 4684; baseline 0.002 -20"><span class='ocrx_word' id='word_1_388' title='bbox 246 4614 331 4665; x_wconf 84' lang='lat' dir='ltr'><strong><em>l7.</em></strong></span> <span class='ocrx_word' id='word_1_389' title='bbox 380 4612 453 4665; x_wconf 85' lang='lat' dir='ltr'><strong><em>A.</em></strong></span> <span class='ocrx_word' id='word_1_390' title='bbox 495 4612 619 4666; x_wconf 89' lang='lat' dir='ltr'><strong><em>Jam</em></strong></span> <span class='ocrx_word' id='word_1_391' title='bbox 648 4612 821 4667; x_wconf 88' lang='lat' dir='ltr'><strong><em>etiam</em></strong></span> <span class='ocrx_word' id='word_1_392' title='bbox 872 4613 943 4667; x_wconf 90' lang='lat' dir='ltr'><strong><em>de</em></strong></span> <span class='ocrx_word' id='word_1_393' title='bbox 972 4612 1190 4667; x_wconf 70' lang='lat' dir='ltr'><strong><em>caateris</em></strong></span> <span class='ocrx_word' id='word_1_394' title='bbox 1222 4613 1481 4667; x_wconf 91' lang='lat' dir='ltr'><strong><em>sensibus</em></strong></span> <span class='ocrx_word' id='word_1_395' title='bbox 1520 4613 1774 4684; x_wconf 92' lang='lat' dir='ltr'><strong><em>corporis</em></strong></span> <span class='ocrx_word' id='word_1_396' title='bbox 1802 4612 1874 4667; x_wconf 91' lang='lat' dir='ltr'><strong><em>li-</em></strong></span> 
     </span>
    </p>
   </div>
   <div class='ocr_carea' id='block_1_50' title="bbox 171 4699 1869 4774">
    <p class='ocr_par' dir='ltr' id='par_1_50' title="bbox 171 4699 1869 4774">
     <span class='ocr_line' id='line_1_50' title="bbox 171 4699 1869 4774; baseline 0.002 -22"><span class='ocrx_word' id='word_1_397' title='bbox 171 4702 260 4753; x_wconf 86' lang='lat' dir='ltr'><strong><em>cet</em></strong></span> <span class='ocrx_word' id='word_1_398' title='bbox 282 4699 697 4755; x_wconf 89' lang='lat' dir='ltr'><strong><em>animadvertas</em></strong></span> <span class='ocrx_word' id='word_1_399' title='bbox 742 4702 896 4773; x_wconf 89' lang='lat' dir='ltr'><strong><em>quod</em></strong></span> <span class='ocrx_word' id='word_1_400' title='bbox 932 4701 1195 4767; x_wconf 85' lang='lat' dir='ltr'><strong><em>dicimus,</em></strong></span> <span class='ocrx_word' id='word_1_401' title='bbox 1231 4718 1419 4774; x_wconf 89' lang='lat' dir='ltr'><strong><em>neque</em></strong></span> <span class='ocrx_word' id='word_1_402' title='bbox 1450 4703 1686 4757; x_wconf 91' lang='lat' dir='ltr'><strong><em>omnino</em></strong></span> <span class='ocrx_word' id='word_1_403' title='bbox 1716 4703 1869 4769; x_wconf 91' lang='lat' dir='ltr'><strong><em>illos,</em></strong></span> 
     </span>
    </p>
   </div>
   <div class='ocr_carea' id='block_1_51' title="bbox 172 4787 1872 4860">
    <p class='ocr_par' dir='ltr' id='par_1_51' title="bbox 172 4787 1872 4860">
     <span class='ocr_line' id='line_1_51' title="bbox 172 4787 1872 4860; baseline 0.002 -19"><span class='ocrx_word' id='word_1_404' title='bbox 172 4787 331 4859; x_wconf 91' lang='lat' dir='ltr'><strong><em>quod</em></strong></span> <span class='ocrx_word' id='word_1_405' title='bbox 376 4788 449 4843; x_wconf 90' lang='lat' dir='ltr'><strong><em>ad</em></strong></span> <span class='ocrx_word' id='word_1_406' title='bbox 490 4789 637 4844; x_wconf 89' lang='lat' dir='ltr'><strong><em>hanc</em></strong></span> <span class='ocrx_word' id='word_1_407' title='bbox 681 4806 807 4845; x_wconf 91' lang='lat' dir='ltr'><strong><em>rem</em></strong></span> <span class='ocrx_word' id='word_1_408' title='bbox 864 4790 1087 4860; x_wconf 91' lang='lat' dir='ltr'><strong><em>attinet,</em></strong></span> <span class='ocrx_word' id='word_1_409' title='bbox 1134 4790 1213 4844; x_wconf 88' lang='lat' dir='ltr'><strong><em>ita</em></strong></span> <span class='ocrx_word' id='word_1_410' title='bbox 1258 4807 1317 4844; x_wconf 87' lang='lat' dir='ltr'><strong><em>se</em></strong></span> <span class='ocrx_word' id='word_1_411' title='bbox 1363 4791 1583 4845; x_wconf 89' lang='lat' dir='ltr'><strong><em>habere</em></strong></span> <span class='ocrx_word' id='word_1_412' title='bbox 1630 4797 1692 4845; x_wconf 90' lang='lat' dir='ltr'><strong><em>ut</em></strong></span> <span class='ocrx_word' id='word_1_413' title='bbox 1744 4791 1872 4845; x_wconf 90' lang='lat' dir='ltr'><strong><em>illos</em></strong></span> 
     </span>
    </p>
   </div>
   <div class='ocr_carea' id='block_1_52' title="bbox 171 4877 1868 4950">
    <p class='ocr_par' dir='ltr' id='par_1_52' title="bbox 171 4877 1868 4950">
     <span class='ocr_line' id='line_1_52' title="bbox 171 4877 1868 4950; baseline 0.003 -20"><span class='ocrx_word' id='word_1_414' title='bbox 171 4877 315 4931; x_wconf 90' lang='lat' dir='ltr'><strong><em>duos</em></strong></span> <span class='ocrx_word' id='word_1_415' title='bbox 366 4878 664 4933; x_wconf 90' lang='lat' dir='ltr'><strong><em>oculorum</em></strong></span> <span class='ocrx_word' id='word_1_416' title='bbox 706 4884 764 4934; x_wconf 93' lang='lat' dir='ltr'><strong><em>et</em></strong></span> <span class='ocrx_word' id='word_1_417' title='bbox 808 4878 1057 4942; x_wconf 91' lang='lat' dir='ltr'><strong><em>aurium,</em></strong></span> <span class='ocrx_word' id='word_1_418' title='bbox 1100 4896 1287 4950; x_wconf 91' lang='lat' dir='ltr'><strong><em>neque</em></strong></span> <span class='ocrx_word' id='word_1_419' title='bbox 1332 4880 1567 4933; x_wconf 88' lang='lat' dir='ltr'><strong><em>omnino</em></strong></span> <span class='ocrx_word' id='word_1_420' title='bbox 1614 4896 1731 4934; x_wconf 88' lang='lat' dir='ltr'><strong><em>non</em></strong></span> <span class='ocrx_word' id='word_1_421' title='bbox 1771 4879 1868 4935; x_wconf 89' lang='lat' dir='ltr'><strong><em>ita.</em></strong></span> 
     </span>
    </p>
   </div>
   <div class='ocr_carea' id='block_1_53' title="bbox 169 4963 1871 5039">
    <p class='ocr_par' dir='ltr' id='par_1_53' title="bbox 169 4963 1871 5039">
     <span class='ocr_line' id='line_1_53' title="bbox 169 4963 1871 5039; baseline 0.001 -21"><span class='ocrx_word' id='word_1_422' title='bbox 169 4963 315 5018; x_wconf 87' lang='lat' dir='ltr'><strong><em>Nam</em></strong></span> <span class='ocrx_word' id='word_1_423' title='bbox 341 4965 478 5035; x_wconf 89' lang='lat' dir='ltr'><strong><em>quia</em></strong></span> <span class='ocrx_word' id='word_1_424' title='bbox 507 4981 570 5019; x_wconf 83' lang='lat' dir='ltr'><strong><em>ex</em></strong></span> <span class='ocrx_word' id='word_1_425' title='bbox 593 4982 708 5020; x_wconf 91' lang='lat' dir='ltr'><strong><em>uno</em></strong></span> <span class='ocrx_word' id='word_1_426' title='bbox 739 4983 868 5022; x_wconf 91' lang='lat' dir='ltr'><strong><em>aere</em></strong></span> <span class='ocrx_word' id='word_1_427' title='bbox 899 4972 955 5023; x_wconf 90' lang='lat' dir='ltr'><strong><em>et</em></strong></span> <span class='ocrx_word' id='word_1_428' title='bbox 982 4984 1089 5039; x_wconf 88' lang='lat' dir='ltr'><strong><em>ego</em></strong></span> <span class='ocrx_word' id='word_1_429' title='bbox 1121 4972 1177 5021; x_wconf 93' lang='lat' dir='ltr'><strong><em>et</em></strong></span> <span class='ocrx_word' id='word_1_430' title='bbox 1202 4973 1267 5021; x_wconf 92' lang='lat' dir='ltr'><strong><em>tu</em></strong></span> <span class='ocrx_word' id='word_1_431' title='bbox 1294 4983 1601 5037; x_wconf 90' lang='lat' dir='ltr'><strong><em>possumus</em></strong></span> <span class='ocrx_word' id='word_1_432' title='bbox 1628 4966 1871 5036; x_wconf 89' lang='lat' dir='ltr'><strong><em>implere</em></strong></span> 
     </span>
    </p>
   </div>
   <div class='ocr_carea' id='block_1_54' title="bbox 167 5054 1866 5126">
    <p class='ocr_par' dir='ltr' id='par_1_54' title="bbox 167 5054 1866 5126">
     <span class='ocr_line' id='line_1_54' title="bbox 167 5054 1866 5126; baseline 0.002 -19"><span class='ocrx_word' id='word_1_433' title='bbox 167 5054 610 5124; x_wconf 86' lang='lat' dir='ltr'><strong><em>spiramentum,</em></strong></span> <span class='ocrx_word' id='word_1_434' title='bbox 637 5060 694 5109; x_wconf 91' lang='lat' dir='ltr'><strong><em>et</em></strong></span> <span class='ocrx_word' id='word_1_435' title='bbox 715 5056 837 5126; x_wconf 92' lang='lat' dir='ltr'><strong><em>ejus</em></strong></span> <span class='ocrx_word' id='word_1_436' title='bbox 854 5056 1000 5111; x_wconf 91' lang='lat' dir='ltr'><strong><em>aeris</em></strong></span> <span class='ocrx_word' id='word_1_437' title='bbox 1021 5057 1383 5111; x_wconf 74' lang='lat' dir='ltr'><strong><em>affectionem</em></strong></span> <span class='ocrx_word' id='word_1_438' title='bbox 1410 5057 1589 5111; x_wconf 88' lang='lat' dir='ltr'><strong><em>odore</em></strong></span> <span class='ocrx_word' id='word_1_439' title='bbox 1620 5055 1829 5110; x_wconf 89' lang='lat' dir='ltr'><strong><em>sentire</em></strong></span> <span class='ocrx_word' id='word_1_440' title='bbox 1852 5075 1866 5111; x_wconf 89' lang='lat'><strong>:</strong></span> 
     </span>
    </p>
   </div>
   <div class='ocr_carea' id='block_1_55' title="bbox 165 5141 1870 5216">
    <p class='ocr_par' dir='ltr' id='par_1_55' title="bbox 165 5141 1870 5216">
     <span class='ocr_line' id='line_1_55' title="bbox 165 5141 1870 5216; baseline 0.001 -19"><span class='ocrx_word' id='word_1_441' title='bbox 165 5146 227 5197; x_wconf 89' lang='lat' dir='ltr'><strong><em>et</em></strong></span> <span class='ocrx_word' id='word_1_442' title='bbox 249 5141 390 5197; x_wconf 90' lang='lat' dir='ltr'><strong><em>item</em></strong></span> <span class='ocrx_word' id='word_1_443' title='bbox 419 5143 557 5214; x_wconf 88' lang='lat' dir='ltr'><strong><em>quia</em></strong></span> <span class='ocrx_word' id='word_1_444' title='bbox 585 5159 651 5197; x_wconf 83' lang='lat' dir='ltr'><strong><em>ex</em></strong></span> <span class='ocrx_word' id='word_1_445' title='bbox 680 5160 799 5197; x_wconf 92' lang='lat' dir='ltr'><strong><em>uno</em></strong></span> <span class='ocrx_word' id='word_1_446' title='bbox 830 5145 1013 5206; x_wconf 91' lang='lat' dir='ltr'><strong><em>melle,</em></strong></span> <span class='ocrx_word' id='word_1_447' title='bbox 1053 5147 1140 5200; x_wconf 88' lang='lat' dir='ltr'><strong><em>vel</em></strong></span> <span class='ocrx_word' id='word_1_448' title='bbox 1183 5145 1443 5216; x_wconf 91' lang='lat' dir='ltr'><strong><em>quolibet</em></strong></span> <span class='ocrx_word' id='word_1_449' title='bbox 1472 5144 1586 5199; x_wconf 92' lang='lat' dir='ltr'><strong><em>alio</em></strong></span> <span class='ocrx_word' id='word_1_450' title='bbox 1618 5144 1743 5198; x_wconf 91' lang='lat' dir='ltr'><strong><em>cibo</em></strong></span> <span class='ocrx_word' id='word_1_451' title='bbox 1771 5161 1870 5198; x_wconf 90' lang='lat' dir='ltr'><strong><em>seu</em></strong></span> 
     </span>
    </p>
   </div>
   <div class='ocr_carea' id='block_1_56' title="bbox 162 5232 1870 5305">
    <p class='ocr_par' dir='ltr' id='par_1_56' title="bbox 162 5232 1870 5305">
     <span class='ocr_line' id='line_1_56' title="bbox 162 5232 1870 5305; baseline 0.002 -20"><span class='ocrx_word' id='word_1_452' title='bbox 162 5235 308 5303; x_wconf 89' lang='lat' dir='ltr'><strong><em>potu</em></strong></span> <span class='ocrx_word' id='word_1_453' title='bbox 334 5232 500 5286; x_wconf 88' lang='lat' dir='ltr'><strong><em>ambo</em></strong></span> <span class='ocrx_word' id='word_1_454' title='bbox 539 5238 769 5304; x_wconf 89' lang='lat' dir='ltr'><strong><em>gustare</em></strong></span> <span class='ocrx_word' id='word_1_455' title='bbox 798 5248 1121 5301; x_wconf 90' lang='lat' dir='ltr'><strong><em>possumus,</em></strong></span> <span class='ocrx_word' id='word_1_456' title='bbox 1155 5239 1211 5288; x_wconf 89' lang='lat' dir='ltr'><strong><em>et</em></strong></span> <span class='ocrx_word' id='word_1_457' title='bbox 1237 5235 1358 5305; x_wconf 89' lang='lat' dir='ltr'><strong><em>ejus</em></strong></span> <span class='ocrx_word' id='word_1_458' title='bbox 1389 5233 1751 5288; x_wconf 80' lang='lat' dir='ltr'><strong><em>affectionem</em></strong></span> <span class='ocrx_word' id='word_1_459' title='bbox 1782 5250 1870 5289; x_wconf 90' lang='lat' dir='ltr'><strong><em>sa-</em></strong></span> 
     </span>
    </p>
   </div>
   <div class='ocr_carea' id='block_1_57' title="bbox 167 5319 1870 5391">
    <p class='ocr_par' dir='ltr' id='par_1_57' title="bbox 167 5319 1870 5391">
     <span class='ocr_line' id='line_1_57' title="bbox 167 5319 1870 5391; baseline 0.002 -18"><span class='ocrx_word' id='word_1_460' title='bbox 167 5334 308 5391; x_wconf 91' lang='lat' dir='ltr'><strong><em>pore</em></strong></span> <span class='ocrx_word' id='word_1_461' title='bbox 338 5319 571 5386; x_wconf 89' lang='lat' dir='ltr'><strong><em>sentire,</em></strong></span> <span class='ocrx_word' id='word_1_462' title='bbox 607 5320 867 5391; x_wconf 89' lang='lat' dir='ltr'><strong><em>quamvis</em></strong></span> <span class='ocrx_word' id='word_1_463' title='bbox 898 5320 991 5375; x_wconf 90' lang='lat' dir='ltr'><strong><em>ille</em></strong></span> <span class='ocrx_word' id='word_1_464' title='bbox 1023 5337 1172 5374; x_wconf 90' lang='lat' dir='ltr'><strong><em>unus</em></strong></span> <span class='ocrx_word' id='word_1_465' title='bbox 1202 5323 1292 5385; x_wconf 91' lang='lat' dir='ltr'><strong><em>sit,</em></strong></span> <span class='ocrx_word' id='word_1_466' title='bbox 1326 5322 1507 5377; x_wconf 88' lang='lat' dir='ltr'><strong><em>nostri</em></strong></span> <span class='ocrx_word' id='word_1_467' title='bbox 1538 5327 1731 5376; x_wconf 88' lang='lat' dir='ltr'><strong><em>autem</em></strong></span> <span class='ocrx_word' id='word_1_468' title='bbox 1759 5322 1870 5376; x_wconf 87' lang='lat' dir='ltr'><strong><em>sint</em></strong></span> 
     </span>
    </p>
   </div>
   <div class='ocr_carea' id='block_1_58' title="bbox 164 5409 1869 5479">
    <p class='ocr_par' dir='ltr' id='par_1_58' title="bbox 164 5409 1869 5479">
     <span class='ocr_line' id='line_1_58' title="bbox 164 5409 1869 5479; baseline 0.002 -17"><span class='ocrx_word' id='word_1_469' title='bbox 164 5424 363 5463; x_wconf 89' lang='lat' dir='ltr'><strong><em>sensus</em></strong></span> <span class='ocrx_word' id='word_1_470' title='bbox 412 5409 647 5479; x_wconf 89' lang='lat' dir='ltr'><strong><em>singuli,</em></strong></span> <span class='ocrx_word' id='word_1_471' title='bbox 705 5409 810 5464; x_wconf 90' lang='lat' dir='ltr'><strong><em>tibi</em></strong></span> <span class='ocrx_word' id='word_1_472' title='bbox 856 5413 990 5464; x_wconf 90' lang='lat' dir='ltr'><strong><em>tuus</em></strong></span> <span class='ocrx_word' id='word_1_473' title='bbox 1038 5414 1096 5464; x_wconf 91' lang='lat' dir='ltr'><strong><em>et</em></strong></span> <span class='ocrx_word' id='word_1_474' title='bbox 1140 5410 1285 5465; x_wconf 91' lang='lat' dir='ltr'><strong><em>mihi</em></strong></span> <span class='ocrx_word' id='word_1_475' title='bbox 1331 5428 1521 5479; x_wconf 90' lang='lat' dir='ltr'><strong><em>meus;</em></strong></span> <span class='ocrx_word' id='word_1_476' title='bbox 1578 5415 1639 5465; x_wconf 90' lang='lat' dir='ltr'><strong><em>ut</em></strong></span> <span class='ocrx_word' id='word_1_477' title='bbox 1685 5426 1869 5465; x_wconf 89' lang='lat' dir='ltr'><strong><em>unum</em></strong></span> 
     </span>
    </p>
   </div>
   <div class='ocr_carea' id='block_1_59' title="bbox 164 5498 1863 5570">
    <p class='ocr_par' dir='ltr' id='par_1_59' title="bbox 164 5498 1863 5570">
     <span class='ocr_line' id='line_1_59' title="bbox 164 5498 1863 5570; baseline 0.001 -18"><span class='ocrx_word' id='word_1_478' title='bbox 164 5498 401 5552; x_wconf 92' lang='lat' dir='ltr'><strong><em>odorem</em></strong></span> <span class='ocrx_word' id='word_1_479' title='bbox 454 5498 543 5551; x_wconf 89' lang='lat' dir='ltr'><strong><em>vel</em></strong></span> <span class='ocrx_word' id='word_1_480' title='bbox 600 5514 782 5553; x_wconf 90' lang='lat' dir='ltr'><strong><em>unum</em></strong></span> <span class='ocrx_word' id='word_1_481' title='bbox 826 5514 1087 5570; x_wconf 87' lang='lat' dir='ltr'><strong><em>saporem</em></strong></span> <span class='ocrx_word' id='word_1_482' title='bbox 1135 5515 1266 5553; x_wconf 89' lang='lat' dir='ltr'><strong><em>cum</em></strong></span> <span class='ocrx_word' id='word_1_483' title='bbox 1315 5501 1481 5555; x_wconf 89' lang='lat' dir='ltr'><strong><em>ambo</em></strong></span> <span class='ocrx_word' id='word_1_484' title='bbox 1530 5500 1863 5568; x_wconf 86' lang='lat' dir='ltr'><strong><em>sentiamus,</em></strong></span> 
     </span>
    </p>
   </div>
   <div class='ocr_carea' id='block_1_60' title="bbox 162 5588 1869 5665">
    <p class='ocr_par' dir='ltr' id='par_1_60' title="bbox 162 5588 1869 5665">
     <span class='ocr_line' id='line_1_60' title="bbox 162 5588 1869 5665; baseline 0.002 -23"><span class='ocrx_word' id='word_1_485' title='bbox 162 5602 269 5643; x_wconf 91' lang='lat' dir='ltr'><strong><em>nec</em></strong></span> <span class='ocrx_word' id='word_1_486' title='bbox 313 5591 381 5643; x_wconf 88' lang='lat' dir='ltr'><strong><em>tu</em></strong></span> <span class='ocrx_word' id='word_1_487' title='bbox 414 5590 610 5643; x_wconf 89' lang='lat' dir='ltr'><strong><em>tamen</em></strong></span> <span class='ocrx_word' id='word_1_488' title='bbox 655 5604 789 5643; x_wconf 89' lang='lat' dir='ltr'><strong><em>eum</em></strong></span> <span class='ocrx_word' id='word_1_489' title='bbox 835 5604 963 5644; x_wconf 91' lang='lat' dir='ltr'><strong><em>meo</em></strong></span> <span class='ocrx_word' id='word_1_490' title='bbox 994 5603 1160 5644; x_wconf 88' lang='lat' dir='ltr'><strong><em>sensu</em></strong></span> <span class='ocrx_word' id='word_1_491' title='bbox 1190 5588 1416 5660; x_wconf 88' lang='lat' dir='ltr'><strong><em>sentias,</em></strong></span> <span class='ocrx_word' id='word_1_492' title='bbox 1452 5606 1553 5647; x_wconf 90' lang='lat' dir='ltr'><strong><em>nec</em></strong></span> <span class='ocrx_word' id='word_1_493' title='bbox 1592 5606 1700 5663; x_wconf 90' lang='lat' dir='ltr'><strong><em>ego</em></strong></span> <span class='ocrx_word' id='word_1_494' title='bbox 1739 5594 1840 5646; x_wconf 92' lang='lat' dir='ltr'><strong><em>tuo</em></strong></span> <span class='ocrx_word' id='word_1_495' title='bbox 1850 5632 1869 5665; x_wconf 78' lang='lat'><strong><em>,</em></strong></span> 
     </span>
    </p>
   </div>
   <div class='ocr_carea' id='block_1_61' title="bbox 1608 313 2247 372">
    <p class='ocr_par' dir='ltr' id='par_1_61' title="bbox 1608 313 2247 372">
     <span class='ocr_line' id='line_1_61' title="bbox 1608 313 2247 372; baseline 0 -3"><span class='ocrx_word' id='word_1_496' title='bbox 1608 314 1820 371; x_wconf 81' lang='lat' dir='ltr'><strong><em>LIBER</em></strong></span> <span class='ocrx_word' id='word_1_497' title='bbox 1860 313 2247 372; x_wconf 88' lang='lat' dir='ltr'><strong><em>SECUNDUS.</em></strong></span> 
     </span>
    </p>
   </div>
   <div class='ocr_carea' id='block_1_62' title="bbox 3542 329 3678 383">
    <p class='ocr_par' dir='ltr' id='par_1_62' title="bbox 3542 329 3678 383">
     <span class='ocr_line' id='line_1_62' title="bbox 3542 329 3678 383; baseline 0.029 -4"><span class='ocrx_word' id='word_1_498' title='bbox 3542 329 3678 383; x_wconf 75' lang='grc'><strong><em>1250</em></strong></span> 
     </span>
    </p>
   </div>
   <div class='ocr_carea' id='block_1_63' title="bbox 1979 437 3677 515">
    <p class='ocr_par' dir='ltr' id='par_1_63' title="bbox 1979 437 3677 515">
     <span class='ocr_line' id='line_1_63' title="bbox 1979 437 3677 515; baseline 0.005 -22"><span class='ocrx_word' id='word_1_499' title='bbox 1979 454 2084 493; x_wconf 90' lang='lat' dir='ltr'><strong><em>nec</em></strong></span> <span class='ocrx_word' id='word_1_500' title='bbox 2122 437 2314 508; x_wconf 89' lang='lat' dir='ltr'><strong><em>aliquo</em></strong></span> <span class='ocrx_word' id='word_1_501' title='bbox 2363 454 2479 494; x_wconf 91' lang='lat' dir='ltr'><strong><em>uno</em></strong></span> <span class='ocrx_word' id='word_1_502' title='bbox 2522 439 2623 511; x_wconf 89' lang='lat' dir='ltr'><strong><em>qui</em></strong></span> <span class='ocrx_word' id='word_1_503' title='bbox 2670 439 2965 512; x_wconf 88' lang='lat' dir='ltr'><strong><em>utriusque</em></strong></span> <span class='ocrx_word' id='word_1_504' title='bbox 3024 445 3284 498; x_wconf 89' lang='lat' dir='ltr'><strong><em>nostrum</em></strong></span> <span class='ocrx_word' id='word_1_505' title='bbox 3335 446 3515 515; x_wconf 88' lang='lat' dir='ltr'><strong><em>possit</em></strong></span> <span class='ocrx_word' id='word_1_506' title='bbox 3555 462 3677 501; x_wconf 91' lang='lat' dir='ltr'><strong><em>esse</em></strong></span> 
     </span>
    </p>
   </div>
   <div class='ocr_carea' id='block_1_64' title="bbox 1980 527 3677 600">
    <p class='ocr_par' dir='ltr' id='par_1_64' title="bbox 1980 527 3677 600">
     <span class='ocr_line' id='line_1_64' title="bbox 1980 527 3677 600; baseline 0.005 -19"><span class='ocrx_word' id='word_1_507' title='bbox 1980 527 2378 595; x_wconf 88' lang='lat' dir='ltr'><strong><em>communiter,</em></strong></span> <span class='ocrx_word' id='word_1_508' title='bbox 2419 528 2517 583; x_wconf 90' lang='lat' dir='ltr'><strong><em>sed</em></strong></span> <span class='ocrx_word' id='word_1_509' title='bbox 2561 546 2796 600; x_wconf 91' lang='lat' dir='ltr'><strong><em>prorsus</em></strong></span> <span class='ocrx_word' id='word_1_510' title='bbox 2832 530 2976 585; x_wconf 79' lang='lat' dir='ltr'><strong><em>mihi</em></strong></span> <span class='ocrx_word' id='word_1_511' title='bbox 3012 547 3175 585; x_wconf 89' lang='lat' dir='ltr'><strong><em>meus</em></strong></span> <span class='ocrx_word' id='word_1_512' title='bbox 3219 548 3417 587; x_wconf 88' lang='lat' dir='ltr'><strong><em>sensus</em></strong></span> <span class='ocrx_word' id='word_1_513' title='bbox 3467 536 3559 597; x_wconf 91' lang='lat' dir='ltr'><strong><em>sit,</em></strong></span> <span class='ocrx_word' id='word_1_514' title='bbox 3621 539 3677 590; x_wconf 91' lang='lat' dir='ltr'><strong><em>et</em></strong></span> 
     </span>
    </p>
   </div>
   <div class='ocr_carea' id='block_1_65' title="bbox 1978 615 3676 692">
    <p class='ocr_par' dir='ltr' id='par_1_65' title="bbox 1978 615 3676 692">
     <span class='ocr_line' id='line_1_65' title="bbox 1978 615 3676 692; baseline 0.004 -20"><span class='ocrx_word' id='word_1_515' title='bbox 1978 622 2110 672; x_wconf 88' lang='lat' dir='ltr'><strong><em>tuus</em></strong></span> <span class='ocrx_word' id='word_1_516' title='bbox 2155 615 2281 682; x_wconf 88' lang='lat' dir='ltr'><strong><em>tibi,</em></strong></span> <span class='ocrx_word' id='word_1_517' title='bbox 2332 617 2553 671; x_wconf 88' lang='lat' dir='ltr'><strong><em>etiamsi</em></strong></span> <span class='ocrx_word' id='word_1_518' title='bbox 2594 635 2743 674; x_wconf 92' lang='lat' dir='ltr'><strong><em>unus</em></strong></span> <span class='ocrx_word' id='word_1_519' title='bbox 2771 624 2869 674; x_wconf 90' lang='lat' dir='ltr'><strong><em>aut</em></strong></span> <span class='ocrx_word' id='word_1_520' title='bbox 2901 621 3063 687; x_wconf 93' lang='lat' dir='ltr'><strong><em>odor,</em></strong></span> <span class='ocrx_word' id='word_1_521' title='bbox 3093 624 3191 675; x_wconf 90' lang='lat' dir='ltr'><strong><em>aut</em></strong></span> <span class='ocrx_word' id='word_1_522' title='bbox 3216 638 3383 692; x_wconf 88' lang='lat' dir='ltr'><strong><em>sapor</em></strong></span> <span class='ocrx_word' id='word_1_523' title='bbox 3411 624 3481 677; x_wconf 89' lang='lat' dir='ltr'><strong><em>ab</em></strong></span> <span class='ocrx_word' id='word_1_524' title='bbox 3515 628 3676 678; x_wconf 90' lang='lat' dir='ltr'><strong><em>utro-</em></strong></span> 
     </span>
    </p>
   </div>
   <div class='ocr_carea' id='block_1_66' title="bbox 1980 698 3675 772">
    <p class='ocr_par' dir='ltr' id='par_1_66' title="bbox 1980 698 3675 772">
     <span class='ocr_line' id='line_1_66' title="bbox 1980 698 3675 772; baseline 0.005 -19"><span class='ocrx_word' id='word_1_525' title='bbox 1980 715 2091 771; x_wconf 91' lang='lat' dir='ltr'><strong><em>que</em></strong></span> <span class='ocrx_word' id='word_1_526' title='bbox 2112 698 2389 753; x_wconf 88' lang='lat' dir='ltr'><strong><em>sentiatur</em></strong></span> <span class='ocrx_word' id='word_1_527' title='bbox 2423 716 2436 753; x_wconf 87' lang='lat'><strong>:</strong></span> <span class='ocrx_word' id='word_1_528' title='bbox 2469 700 2601 754; x_wconf 89' lang='lat' dir='ltr'><strong><em>hinc</em></strong></span> <span class='ocrx_word' id='word_1_529' title='bbox 2639 717 2773 772; x_wconf 88' lang='lat' dir='ltr'><strong><em>ergo</em></strong></span> <span class='ocrx_word' id='word_1_530' title='bbox 2813 702 2907 756; x_wconf 90' lang='lat' dir='ltr'><strong><em>isti</em></strong></span> <span class='ocrx_word' id='word_1_531' title='bbox 2945 720 3142 757; x_wconf 89' lang='lat' dir='ltr'><strong><em>sensus</em></strong></span> <span class='ocrx_word' id='word_1_532' title='bbox 3171 703 3545 760; x_wconf 89' lang='lat' dir='ltr'><strong><em>inveniuntur</em></strong></span> <span class='ocrx_word' id='word_1_533' title='bbox 3572 707 3675 762; x_wconf 90' lang='lat' dir='ltr'><strong><em>ha-</em></strong></span> 
     </span>
    </p>
   </div>
   <div class='ocr_carea' id='block_1_67' title="bbox 1978 787 3675 861">
    <p class='ocr_par' dir='ltr' id='par_1_67' title="bbox 1978 787 3675 861">
     <span class='ocr_line' id='line_1_67' title="bbox 1978 787 3675 861; baseline 0.004 -19"><span class='ocrx_word' id='word_1_534' title='bbox 1978 788 2113 843; x_wconf 91' lang='lat' dir='ltr'><strong><em>bere</em></strong></span> <span class='ocrx_word' id='word_1_535' title='bbox 2145 787 2359 859; x_wconf 89' lang='lat' dir='ltr'><strong><em>aliquid</em></strong></span> <span class='ocrx_word' id='word_1_536' title='bbox 2405 790 2538 856; x_wconf 90' lang='lat' dir='ltr'><strong><em>tale,</em></strong></span> <span class='ocrx_word' id='word_1_537' title='bbox 2590 791 2754 861; x_wconf 89' lang='lat' dir='ltr'><strong><em>quale</em></strong></span> <span class='ocrx_word' id='word_1_538' title='bbox 2800 791 2884 846; x_wconf 89' lang='lat' dir='ltr'><strong><em>illi</em></strong></span> <span class='ocrx_word' id='word_1_539' title='bbox 2928 792 3040 846; x_wconf 91' lang='lat' dir='ltr'><strong><em>duo</em></strong></span> <span class='ocrx_word' id='word_1_540' title='bbox 3087 792 3147 846; x_wconf 91' lang='lat' dir='ltr'><strong><em>in</em></strong></span> <span class='ocrx_word' id='word_1_541' title='bbox 3191 793 3316 847; x_wconf 89' lang='lat' dir='ltr'><strong><em>visu</em></strong></span> <span class='ocrx_word' id='word_1_542' title='bbox 3346 799 3401 848; x_wconf 91' lang='lat' dir='ltr'><strong><em>et</em></strong></span> <span class='ocrx_word' id='word_1_543' title='bbox 3429 796 3623 849; x_wconf 89' lang='lat' dir='ltr'><strong><em>auditu</em></strong></span> <span class='ocrx_word' id='word_1_544' title='bbox 3662 811 3675 849; x_wconf 92' lang='lat'>:</span> 
     </span>
    </p>
   </div>
   <div class='ocr_carea' id='block_1_68' title="bbox 1979 877 3674 954">
    <p class='ocr_par' dir='ltr' id='par_1_68' title="bbox 1979 877 3674 954">
     <span class='ocr_line' id='line_1_68' title="bbox 1979 877 3674 954; baseline 0.004 -22"><span class='ocrx_word' id='word_1_545' title='bbox 1979 878 2076 933; x_wconf 90' lang='lat' dir='ltr'><strong><em>sed</em></strong></span> <span class='ocrx_word' id='word_1_546' title='bbox 2126 878 2185 932; x_wconf 90' lang='lat' dir='ltr'><strong><em>in</em></strong></span> <span class='ocrx_word' id='word_1_547' title='bbox 2228 894 2295 932; x_wconf 94' lang='lat' dir='ltr'><strong><em>eo</em></strong></span> <span class='ocrx_word' id='word_1_548' title='bbox 2344 877 2596 948; x_wconf 90' lang='lat' dir='ltr'><strong><em>dispares</em></strong></span> <span class='ocrx_word' id='word_1_549' title='bbox 2626 883 2775 946; x_wconf 87' lang='lat' dir='ltr'><strong><em>sunt,</em></strong></span> <span class='ocrx_word' id='word_1_550' title='bbox 2807 886 3087 950; x_wconf 89' lang='lat' dir='ltr'><strong><em>quantum</em></strong></span> <span class='ocrx_word' id='word_1_551' title='bbox 3116 882 3185 936; x_wconf 91' lang='lat' dir='ltr'><strong><em>ad</em></strong></span> <span class='ocrx_word' id='word_1_552' title='bbox 3214 881 3272 937; x_wconf 90' lang='lat' dir='ltr'><strong><em>id</em></strong></span> <span class='ocrx_word' id='word_1_553' title='bbox 3314 885 3471 954; x_wconf 90' lang='lat' dir='ltr'><strong><em>quod</em></strong></span> <span class='ocrx_word' id='word_1_554' title='bbox 3516 900 3674 938; x_wconf 92' lang='lat' dir='ltr'><strong><em>nunc</em></strong></span> 
     </span>
    </p>
   </div>
   <div class='ocr_carea' id='block_1_69' title="bbox 1978 966 3671 1038">
    <p class='ocr_par' dir='ltr' id='par_1_69' title="bbox 1978 966 3671 1038">
     <span class='ocr_line' id='line_1_69' title="bbox 1978 966 3671 1038; baseline 0.005 -18"><span class='ocrx_word' id='word_1_555' title='bbox 1978 966 2202 1037; x_wconf 89' lang='lat' dir='ltr'><strong><em>agimus</em></strong></span> <span class='ocrx_word' id='word_1_556' title='bbox 2230 967 2499 1037; x_wconf 92' lang='lat' dir='ltr'><strong><em>pertinet,</em></strong></span> <span class='ocrx_word' id='word_1_557' title='bbox 2521 967 2675 1038; x_wconf 89' lang='lat' dir='ltr'><strong><em>quod</em></strong></span> <span class='ocrx_word' id='word_1_558' title='bbox 2696 968 2801 1021; x_wconf 87' lang='lat' dir='ltr'><strong><em>etsi</em></strong></span> <span class='ocrx_word' id='word_1_559' title='bbox 2822 985 3001 1023; x_wconf 90' lang='lat' dir='ltr'><strong><em>unum</em></strong></span> <span class='ocrx_word' id='word_1_560' title='bbox 3018 987 3210 1025; x_wconf 90' lang='lat' dir='ltr'><strong><em>aerem</em></strong></span> <span class='ocrx_word' id='word_1_561' title='bbox 3231 972 3466 1027; x_wconf 90' lang='lat' dir='ltr'><strong><em>naribus</em></strong></span> <span class='ocrx_word' id='word_1_562' title='bbox 3499 974 3671 1029; x_wconf 89' lang='lat' dir='ltr'><strong><em>ambo</em></strong></span> 
     </span>
    </p>
   </div>
   <div class='ocr_carea' id='block_1_70' title="bbox 1977 1056 3676 1132">
    <p class='ocr_par' dir='ltr' id='par_1_70' title="bbox 1977 1056 3676 1132">
     <span class='ocr_line' id='line_1_70' title="bbox 1977 1056 3676 1132; baseline 0.005 -22"><span class='ocrx_word' id='word_1_563' title='bbox 1977 1057 2279 1125; x_wconf 88' lang='lat' dir='ltr'><strong><em>trahimus,</em></strong></span> <span class='ocrx_word' id='word_1_564' title='bbox 2313 1061 2411 1111; x_wconf 90' lang='lat' dir='ltr'><strong><em>aut</em></strong></span> <span class='ocrx_word' id='word_1_565' title='bbox 2439 1073 2621 1112; x_wconf 89' lang='lat' dir='ltr'><strong><em>unum</em></strong></span> <span class='ocrx_word' id='word_1_566' title='bbox 2665 1056 2855 1112; x_wconf 89' lang='lat' dir='ltr'><strong><em>cibum</em></strong></span> <span class='ocrx_word' id='word_1_567' title='bbox 2895 1060 3175 1125; x_wconf 84' lang='lat' dir='ltr'><strong><em>gustando</em></strong></span> <span class='ocrx_word' id='word_1_568' title='bbox 3215 1062 3500 1132; x_wconf 87' lang='lat' dir='ltr'><strong><em>capimus;</em></strong></span> <span class='ocrx_word' id='word_1_569' title='bbox 3556 1080 3676 1119; x_wconf 92' lang='lat' dir='ltr'><strong><em>non</em></strong></span> 
     </span>
    </p>
   </div>
   <div class='ocr_carea' id='block_1_71' title="bbox 1977 1146 3668 1218">
    <p class='ocr_par' dir='ltr' id='par_1_71' title="bbox 1977 1146 3668 1218">
     <span class='ocr_line' id='line_1_71' title="bbox 1977 1146 3668 1218; baseline 0.004 -17"><span class='ocrx_word' id='word_1_570' title='bbox 1977 1150 2172 1201; x_wconf 86' lang='lat' dir='ltr'><strong><em>tamen</em></strong></span> <span class='ocrx_word' id='word_1_571' title='bbox 2218 1162 2344 1201; x_wconf 90' lang='lat' dir='ltr'><strong><em>eam</em></strong></span> <span class='ocrx_word' id='word_1_572' title='bbox 2388 1150 2611 1218; x_wconf 88' lang='lat' dir='ltr'><strong><em>partem</em></strong></span> <span class='ocrx_word' id='word_1_573' title='bbox 2658 1146 2805 1201; x_wconf 86' lang='lat' dir='ltr'><strong><em>aeris</em></strong></span> <span class='ocrx_word' id='word_1_574' title='bbox 2845 1147 2988 1201; x_wconf 92' lang='lat' dir='ltr'><strong><em>duco</em></strong></span> <span class='ocrx_word' id='word_1_575' title='bbox 3036 1164 3210 1218; x_wconf 91' lang='lat' dir='ltr'><strong><em>quam</em></strong></span> <span class='ocrx_word' id='word_1_576' title='bbox 3256 1155 3338 1214; x_wconf 91' lang='lat' dir='ltr'><strong><em>tu,</em></strong></span> <span class='ocrx_word' id='word_1_577' title='bbox 3371 1167 3474 1205; x_wconf 90' lang='lat' dir='ltr'><strong><em>nec</em></strong></span> <span class='ocrx_word' id='word_1_578' title='bbox 3504 1169 3668 1207; x_wconf 90' lang='lat' dir='ltr'><strong><em>eam-</em></strong></span> 
     </span>
    </p>
   </div>
   <div class='ocr_carea' id='block_1_72' title="bbox 1980 1235 3671 1313">
    <p class='ocr_par' dir='ltr' id='par_1_72' title="bbox 1980 1235 3671 1313">
     <span class='ocr_line' id='line_1_72' title="bbox 1980 1235 3671 1313; baseline 0.004 -24"><span class='ocrx_word' id='word_1_579' title='bbox 1980 1235 2111 1290; x_wconf 91' lang='lat' dir='ltr'><strong><em>dem</em></strong></span> <span class='ocrx_word' id='word_1_580' title='bbox 2164 1238 2385 1305; x_wconf 87' lang='lat' dir='ltr'><strong><em>partem</em></strong></span> <span class='ocrx_word' id='word_1_581' title='bbox 2440 1235 2553 1290; x_wconf 91' lang='lat' dir='ltr'><strong><em>cibi</em></strong></span> <span class='ocrx_word' id='word_1_582' title='bbox 2599 1251 2764 1290; x_wconf 89' lang='lat' dir='ltr'><strong><em>sumo</em></strong></span> <span class='ocrx_word' id='word_1_583' title='bbox 2812 1251 2986 1306; x_wconf 90' lang='lat' dir='ltr'><strong><em>quam</em></strong></span> <span class='ocrx_word' id='word_1_584' title='bbox 3042 1240 3125 1303; x_wconf 89' lang='lat' dir='ltr'><strong><em>tu,</em></strong></span> <span class='ocrx_word' id='word_1_585' title='bbox 3179 1238 3278 1291; x_wconf 93' lang='lat' dir='ltr'><strong><em>sed</em></strong></span> <span class='ocrx_word' id='word_1_586' title='bbox 3329 1239 3498 1294; x_wconf 90' lang='lat' dir='ltr'><strong><em>aliam</em></strong></span> <span class='ocrx_word' id='word_1_587' title='bbox 3546 1257 3671 1313; x_wconf 91' lang='lat' dir='ltr'><strong><em>ego,</em></strong></span> 
     </span>
    </p>
   </div>
   <div class='ocr_carea' id='block_1_73' title="bbox 1979 1323 3673 1397">
    <p class='ocr_par' dir='ltr' id='par_1_73' title="bbox 1979 1323 3673 1397">
     <span class='ocr_line' id='line_1_73' title="bbox 1979 1323 3673 1397; baseline 0.004 -19"><span class='ocrx_word' id='word_1_588' title='bbox 1979 1323 2149 1378; x_wconf 90' lang='lat' dir='ltr'><strong><em>aliam</em></strong></span> <span class='ocrx_word' id='word_1_589' title='bbox 2201 1328 2263 1378; x_wconf 91' lang='lat' dir='ltr'><strong><em>tu</em></strong></span> <span class='ocrx_word' id='word_1_590' title='bbox 2312 1340 2325 1378; x_wconf 91' lang='lat'><strong>:</strong></span> <span class='ocrx_word' id='word_1_591' title='bbox 2382 1328 2439 1379; x_wconf 92' lang='lat' dir='ltr'><strong><em>et</em></strong></span> <span class='ocrx_word' id='word_1_592' title='bbox 2495 1324 2622 1379; x_wconf 90' lang='lat' dir='ltr'><strong><em>ideo</em></strong></span> <span class='ocrx_word' id='word_1_593' title='bbox 2672 1325 2743 1379; x_wconf 89' lang='lat' dir='ltr'><strong><em>de</em></strong></span> <span class='ocrx_word' id='word_1_594' title='bbox 2785 1328 2905 1379; x_wconf 90' lang='lat' dir='ltr'><strong><em>toto</em></strong></span> <span class='ocrx_word' id='word_1_595' title='bbox 2958 1340 3088 1379; x_wconf 90' lang='lat' dir='ltr'><strong><em>aere</em></strong></span> <span class='ocrx_word' id='word_1_596' title='bbox 3140 1341 3271 1380; x_wconf 91' lang='lat' dir='ltr'><strong><em>cum</em></strong></span> <span class='ocrx_word' id='word_1_597' title='bbox 3301 1327 3476 1397; x_wconf 88' lang='lat' dir='ltr'><strong><em>spiro,</em></strong></span> <span class='ocrx_word' id='word_1_598' title='bbox 3529 1331 3673 1384; x_wconf 88' lang='lat' dir='ltr'><strong><em>duco</em></strong></span> 
     </span>
    </p>
   </div>
   <div class='ocr_carea' id='block_1_74' title="bbox 1977 1412 3675 1483">
    <p class='ocr_par' dir='ltr' id='par_1_74' title="bbox 1977 1412 3675 1483">
     <span class='ocr_line' id='line_1_74' title="bbox 1977 1412 3675 1483; baseline 0.004 -17"><span class='ocrx_word' id='word_1_599' title='bbox 1977 1416 2201 1483; x_wconf 84' lang='lat' dir='ltr'><strong><em>partem</em></strong></span> <span class='ocrx_word' id='word_1_600' title='bbox 2226 1416 2442 1483; x_wconf 88' lang='lat' dir='ltr'><strong><em>quanta</em></strong></span> <span class='ocrx_word' id='word_1_601' title='bbox 2469 1413 2613 1467; x_wconf 85' lang='lat' dir='ltr'><strong><em>mihi</em></strong></span> <span class='ocrx_word' id='word_1_602' title='bbox 2636 1414 2770 1467; x_wconf 89' lang='lat' dir='ltr'><strong><em>satis</em></strong></span> <span class='ocrx_word' id='word_1_603' title='bbox 2792 1418 2897 1483; x_wconf 88' lang='lat' dir='ltr'><strong><em>est,</em></strong></span> <span class='ocrx_word' id='word_1_604' title='bbox 2921 1418 2976 1468; x_wconf 92' lang='lat' dir='ltr'><strong><em>et</em></strong></span> <span class='ocrx_word' id='word_1_605' title='bbox 3002 1418 3062 1467; x_wconf 89' lang='lat' dir='ltr'><strong><em>tu</em></strong></span> <span class='ocrx_word' id='word_1_606' title='bbox 3086 1412 3225 1468; x_wconf 90' lang='lat' dir='ltr'><strong><em>item</em></strong></span> <span class='ocrx_word' id='word_1_607' title='bbox 3252 1415 3320 1470; x_wconf 91' lang='lat' dir='ltr'><strong><em>de</em></strong></span> <span class='ocrx_word' id='word_1_608' title='bbox 3352 1421 3470 1470; x_wconf 90' lang='lat' dir='ltr'><strong><em>toto</em></strong></span> <span class='ocrx_word' id='word_1_609' title='bbox 3504 1419 3675 1472; x_wconf 89' lang='lat' dir='ltr'><strong><em>aliam</em></strong></span> 
     </span>
    </p>
   </div>
   <div class='ocr_carea' id='block_1_75' title="bbox 1980 1500 3677 1574">
    <p class='ocr_par' dir='ltr' id='par_1_75' title="bbox 1980 1500 3677 1574">
     <span class='ocr_line' id='line_1_75' title="bbox 1980 1500 3677 1574; baseline 0.005 -21"><span class='ocrx_word' id='word_1_610' title='bbox 1980 1506 2193 1570; x_wconf 89' lang='lat' dir='ltr'><strong><em>quanta</em></strong></span> <span class='ocrx_word' id='word_1_611' title='bbox 2220 1500 2323 1555; x_wconf 89' lang='lat' dir='ltr'><strong><em>tibi</em></strong></span> <span class='ocrx_word' id='word_1_612' title='bbox 2358 1502 2492 1555; x_wconf 83' lang='lat' dir='ltr'><strong><em>Satis</em></strong></span> <span class='ocrx_word' id='word_1_613' title='bbox 2521 1505 2604 1557; x_wconf 90' lang='lat' dir='ltr'><strong><em>est</em></strong></span> <span class='ocrx_word' id='word_1_614' title='bbox 2639 1502 2799 1557; x_wconf 92' lang='lat' dir='ltr'><strong><em>ducis</em></strong></span> <span class='ocrx_word' id='word_1_615' title='bbox 2831 1520 2843 1557; x_wconf 91' lang='lat'>:</span> <span class='ocrx_word' id='word_1_616' title='bbox 2878 1507 2934 1556; x_wconf 91' lang='lat' dir='ltr'><strong><em>et</em></strong></span> <span class='ocrx_word' id='word_1_617' title='bbox 2962 1503 3120 1557; x_wconf 90' lang='lat' dir='ltr'><strong><em>cibus</em></strong></span> <span class='ocrx_word' id='word_1_618' title='bbox 3150 1505 3410 1574; x_wconf 89' lang='lat' dir='ltr'><strong><em>quamvis</em></strong></span> <span class='ocrx_word' id='word_1_619' title='bbox 3439 1523 3587 1561; x_wconf 90' lang='lat' dir='ltr'><strong><em>unus</em></strong></span> <span class='ocrx_word' id='word_1_620' title='bbox 3617 1512 3677 1562; x_wconf 91' lang='lat' dir='ltr'><strong><em>et</em></strong></span> 
     </span>
    </p>
   </div>
   <div class='ocr_carea' id='block_1_76' title="bbox 1977 1590 3673 1661">
    <p class='ocr_par' dir='ltr' id='par_1_76' title="bbox 1977 1590 3673 1661">
     <span class='ocr_line' id='line_1_76' title="bbox 1977 1590 3673 1661; baseline 0.005 -19"><span class='ocrx_word' id='word_1_621' title='bbox 1977 1592 2131 1643; x_wconf 90' lang='lat' dir='ltr'><strong><em>totus</em></strong></span> <span class='ocrx_word' id='word_1_622' title='bbox 2159 1590 2229 1644; x_wconf 87' lang='lat' dir='ltr'><strong><em>ab</em></strong></span> <span class='ocrx_word' id='word_1_623' title='bbox 2261 1594 2505 1661; x_wconf 90' lang='lat' dir='ltr'><strong><em>utroque</em></strong></span> <span class='ocrx_word' id='word_1_624' title='bbox 2536 1591 2868 1645; x_wconf 87' lang='lat' dir='ltr'><strong><em>absumatur</em></strong></span> <span class='ocrx_word' id='word_1_625' title='bbox 2896 1590 2914 1623; x_wconf 80' lang='grc' dir='ltr'>ί</span> <span class='ocrx_word' id='word_1_626' title='bbox 2944 1609 3062 1647; x_wconf 82' lang='grc' dir='ltr'>ιιοιι</span> <span class='ocrx_word' id='word_1_627' title='bbox 3092 1597 3286 1647; x_wconf 91' lang='lat' dir='ltr'><strong><em>tamen</em></strong></span> <span class='ocrx_word' id='word_1_628' title='bbox 3315 1599 3372 1648; x_wconf 91' lang='lat' dir='ltr'><strong><em>et</em></strong></span> <span class='ocrx_word' id='word_1_629' title='bbox 3402 1613 3433 1649; x_wconf 88' lang='lat' dir='ltr'><strong><em>a</em></strong></span> <span class='ocrx_word' id='word_1_630' title='bbox 3462 1612 3554 1651; x_wconf 91' lang='lat' dir='ltr'><strong><em>me</em></strong></span> <span class='ocrx_word' id='word_1_631' title='bbox 3585 1601 3673 1650; x_wconf 91' lang='lat' dir='ltr'><strong><em>to-</em></strong></span> 
     </span>
    </p>
   </div>
   <div class='ocr_carea' id='block_1_77' title="bbox 1978 1680 3672 1752">
    <p class='ocr_par' dir='ltr' id='par_1_77' title="bbox 1978 1680 3672 1752">
     <span class='ocr_line' id='line_1_77' title="bbox 1978 1680 3672 1752; baseline 0.004 -20"><span class='ocrx_word' id='word_1_632' title='bbox 1978 1682 2093 1745; x_wconf 91' lang='lat' dir='ltr'><strong><em>tus,</em></strong></span> <span class='ocrx_word' id='word_1_633' title='bbox 2139 1682 2194 1733; x_wconf 86' lang='lat' dir='ltr'><strong><em>et</em></strong></span> <span class='ocrx_word' id='word_1_634' title='bbox 2235 1695 2268 1732; x_wconf 91' lang='lat' dir='ltr'><strong><em>a</em></strong></span> <span class='ocrx_word' id='word_1_635' title='bbox 2302 1682 2358 1733; x_wconf 91' lang='lat' dir='ltr'><strong><em>te</em></strong></span> <span class='ocrx_word' id='word_1_636' title='bbox 2398 1684 2552 1734; x_wconf 84' lang='lat' dir='ltr'><strong><em>totus</em></strong></span> <span class='ocrx_word' id='word_1_637' title='bbox 2598 1680 2818 1735; x_wconf 92' lang='lat' dir='ltr'><strong><em>absumi</em></strong></span> <span class='ocrx_word' id='word_1_638' title='bbox 2865 1685 3069 1752; x_wconf 87' lang='lat' dir='ltr'><strong><em>potest,</em></strong></span> <span class='ocrx_word' id='word_1_639' title='bbox 3114 1683 3406 1752; x_wconf 89' lang='lat' dir='ltr'><strong><em>quomodo</em></strong></span> <span class='ocrx_word' id='word_1_640' title='bbox 3434 1685 3672 1740; x_wconf 89' lang='lat' dir='ltr'><strong><em>verbum</em></strong></span> 
     </span>
    </p>
   </div>
   <div class='ocr_carea' id='block_1_78' title="bbox 1979 1767 3673 1842">
    <p class='ocr_par' dir='ltr' id='par_1_78' title="bbox 1979 1767 3673 1842">
     <span class='ocr_line' id='line_1_78' title="bbox 1979 1767 3673 1842; baseline 0.005 -23"><span class='ocrx_word' id='word_1_641' title='bbox 1979 1769 2037 1820; x_wconf 90' lang='lat' dir='ltr'><strong><em>et</em></strong></span> <span class='ocrx_word' id='word_1_642' title='bbox 2078 1781 2180 1836; x_wconf 90' lang='lat' dir='ltr'><strong><em>ego</em></strong></span> <span class='ocrx_word' id='word_1_643' title='bbox 2208 1771 2393 1821; x_wconf 90' lang='lat' dir='ltr'><strong><em>totum</em></strong></span> <span class='ocrx_word' id='word_1_644' title='bbox 2439 1767 2634 1835; x_wconf 89' lang='lat' dir='ltr'><strong><em>audio,</em></strong></span> <span class='ocrx_word' id='word_1_645' title='bbox 2683 1772 2738 1821; x_wconf 91' lang='lat' dir='ltr'><strong><em>et</em></strong></span> <span class='ocrx_word' id='word_1_646' title='bbox 2785 1771 2847 1821; x_wconf 92' lang='lat' dir='ltr'><strong><em>tu</em></strong></span> <span class='ocrx_word' id='word_1_647' title='bbox 2890 1772 3075 1823; x_wconf 90' lang='lat' dir='ltr'><strong><em>totum</em></strong></span> <span class='ocrx_word' id='word_1_648' title='bbox 3103 1769 3294 1836; x_wconf 88' lang='lat' dir='ltr'><strong><em>simul,</em></strong></span> <span class='ocrx_word' id='word_1_649' title='bbox 3335 1776 3391 1825; x_wconf 90' lang='lat' dir='ltr'><strong><em>et</em></strong></span> <span class='ocrx_word' id='word_1_650' title='bbox 3420 1772 3673 1842; x_wconf 80' lang='lat' dir='ltr'><strong><em>speciem</em></strong></span> 
     </span>
    </p>
   </div>
   <div class='ocr_carea' id='block_1_79' title="bbox 1980 1854 3673 1932">
    <p class='ocr_par' dir='ltr' id='par_1_79' title="bbox 1980 1854 3673 1932">
     <span class='ocr_line' id='line_1_79' title="bbox 1980 1854 3673 1932; baseline 0.005 -25"><span class='ocrx_word' id='word_1_651' title='bbox 1980 1854 2293 1925; x_wconf 81' lang='lat' dir='ltr'><strong><em>quamlibet</em></strong></span> <span class='ocrx_word' id='word_1_652' title='bbox 2335 1860 2607 1926; x_wconf 86' lang='lat' dir='ltr'><strong><em>quantam</em></strong></span> <span class='ocrx_word' id='word_1_653' title='bbox 2643 1872 2749 1927; x_wconf 91' lang='lat' dir='ltr'><strong><em>ego</em></strong></span> <span class='ocrx_word' id='word_1_654' title='bbox 2795 1856 2983 1926; x_wconf 89' lang='lat' dir='ltr'><strong><em>video,</em></strong></span> <span class='ocrx_word' id='word_1_655' title='bbox 3012 1862 3232 1912; x_wconf 88' lang='lat' dir='ltr'><strong><em>tantam</em></strong></span> <span class='ocrx_word' id='word_1_656' title='bbox 3264 1862 3320 1913; x_wconf 90' lang='lat' dir='ltr'><strong><em>et</em></strong></span> <span class='ocrx_word' id='word_1_657' title='bbox 3360 1864 3426 1914; x_wconf 90' lang='lat' dir='ltr'><strong><em>tu</em></strong></span> <span class='ocrx_word' id='word_1_658' title='bbox 3464 1861 3673 1932; x_wconf 88' lang='lat' dir='ltr'><strong><em>simul;</em></strong></span> 
     </span>
    </p>
   </div>
   <div class='ocr_carea' id='block_1_80' title="bbox 1978 1943 3671 2016">
    <p class='ocr_par' dir='ltr' id='par_1_80' title="bbox 1978 1943 3671 2016">
     <span class='ocr_line' id='line_1_80' title="bbox 1978 1943 3671 2016; baseline 0.005 -19"><span class='ocrx_word' id='word_1_659' title='bbox 1978 1944 2075 1997; x_wconf 90' lang='lat' dir='ltr'><strong><em>sed</em></strong></span> <span class='ocrx_word' id='word_1_660' title='bbox 2104 1943 2217 1998; x_wconf 93' lang='lat' dir='ltr'><strong><em>cibi</em></strong></span> <span class='ocrx_word' id='word_1_661' title='bbox 2245 1945 2330 1998; x_wconf 89' lang='lat' dir='ltr'><strong><em>vel</em></strong></span> <span class='ocrx_word' id='word_1_662' title='bbox 2359 1944 2606 2015; x_wconf 89' lang='lat' dir='ltr'><strong><em>potionis</em></strong></span> <span class='ocrx_word' id='word_1_663' title='bbox 2631 1945 2743 2000; x_wconf 89' lang='lat' dir='ltr'><strong><em>alia</em></strong></span> <span class='ocrx_word' id='word_1_664' title='bbox 2763 1962 2895 2016; x_wconf 90' lang='lat' dir='ltr'><strong><em>pars</em></strong></span> <span class='ocrx_word' id='word_1_665' title='bbox 2921 1945 2981 2000; x_wconf 92' lang='lat' dir='ltr'><strong><em>in</em></strong></span> <span class='ocrx_word' id='word_1_666' title='bbox 3012 1962 3124 2013; x_wconf 90' lang='lat' dir='ltr'><strong><em>me,</em></strong></span> <span class='ocrx_word' id='word_1_667' title='bbox 3158 1946 3268 2001; x_wconf 91' lang='lat' dir='ltr'><strong><em>alia</em></strong></span> <span class='ocrx_word' id='word_1_668' title='bbox 3298 1947 3359 2002; x_wconf 92' lang='lat' dir='ltr'><strong><em>in</em></strong></span> <span class='ocrx_word' id='word_1_669' title='bbox 3389 1953 3444 2003; x_wconf 90' lang='lat' dir='ltr'><strong><em>te</em></strong></span> <span class='ocrx_word' id='word_1_670' title='bbox 3475 1954 3671 2005; x_wconf 87' lang='lat' dir='ltr'><strong><em>trans-</em></strong></span> 
     </span>
    </p>
   </div>
   <div class='ocr_carea' id='block_1_81' title="bbox 1979 2034 3674 2106">
    <p class='ocr_par' dir='ltr' id='par_1_81' title="bbox 1979 2034 3674 2106">
     <span class='ocr_line' id='line_1_81' title="bbox 1979 2034 3674 2106; baseline 0.004 -20"><span class='ocrx_word' id='word_1_671' title='bbox 1979 2037 2073 2087; x_wconf 89' lang='lat' dir='ltr'><strong><em>eat</em></strong></span> <span class='ocrx_word' id='word_1_672' title='bbox 2100 2048 2327 2087; x_wconf 90' lang='lat' dir='ltr'><strong><em>necesse</em></strong></span> <span class='ocrx_word' id='word_1_673' title='bbox 2369 2038 2456 2087; x_wconf 89' lang='lat' dir='ltr'><strong><em>est</em></strong></span> <span class='ocrx_word' id='word_1_674' title='bbox 2500 2050 2514 2088; x_wconf 88' lang='lat'><strong>:</strong></span> <span class='ocrx_word' id='word_1_675' title='bbox 2575 2051 2647 2088; x_wconf 90' lang='lat' dir='ltr'><strong><em>an</em></strong></span> <span class='ocrx_word' id='word_1_676' title='bbox 2692 2050 2894 2105; x_wconf 90' lang='lat' dir='ltr'><strong><em>parum</em></strong></span> <span class='ocrx_word' id='word_1_677' title='bbox 2942 2034 3046 2090; x_wconf 88' lang='lat' dir='ltr'><strong><em>ista</em></strong></span> <span class='ocrx_word' id='word_1_678' title='bbox 3091 2035 3403 2106; x_wconf 82' lang='lat' dir='ltr'><strong><em>intelligis?</em></strong></span> <span class='ocrx_word' id='word_1_679' title='bbox 3431 2038 3506 2093; x_wconf 88' lang='lat' dir='ltr'><strong><em>E.</em></strong></span> <span class='ocrx_word' id='word_1_680' title='bbox 3551 2038 3674 2093; x_wconf 92' lang='lat' dir='ltr'><strong><em>Imo</em></strong></span> 
     </span>
    </p>
   </div>
   <div class='ocr_carea' id='block_1_82' title="bbox 1977 2121 3418 2192">
    <p class='ocr_par' dir='ltr' id='par_1_82' title="bbox 1977 2121 3418 2192">
     <span class='ocr_line' id='line_1_82' title="bbox 1977 2121 3418 2192; baseline 0.004 -18"><span class='ocrx_word' id='word_1_681' title='bbox 1977 2136 2111 2175; x_wconf 89' lang='lat' dir='ltr'><strong><em>vero</em></strong></span> <span class='ocrx_word' id='word_1_682' title='bbox 2143 2121 2500 2192; x_wconf 88' lang='lat' dir='ltr'><strong><em>apertissima</em></strong></span> <span class='ocrx_word' id='word_1_683' title='bbox 2527 2126 2582 2177; x_wconf 90' lang='lat' dir='ltr'><strong><em>et</em></strong></span> <span class='ocrx_word' id='word_1_684' title='bbox 2610 2122 2926 2177; x_wconf 89' lang='lat' dir='ltr'><strong><em>certissima</em></strong></span> <span class='ocrx_word' id='word_1_685' title='bbox 2954 2140 3074 2178; x_wconf 89' lang='lat' dir='ltr'><strong><em>esse</em></strong></span> <span class='ocrx_word' id='word_1_686' title='bbox 3105 2125 3418 2180; x_wconf 90' lang='lat' dir='ltr'><strong><em>consentio.</em></strong></span> 
     </span>
    </p>
   </div>
   <div class='ocr_carea' id='block_1_83' title="bbox 2054 2210 3675 2285">
    <p class='ocr_par' dir='ltr' id='par_1_83' title="bbox 2054 2210 3675 2285">
     <span class='ocr_line' id='line_1_83' title="bbox 2054 2210 3675 2285; baseline 0.004 -21"><span class='ocrx_word' id='word_1_687' title='bbox 2054 2210 2226 2266; x_wconf 75' lang='lat' dir='ltr'><strong><em>18.A.</em></strong></span> <span class='ocrx_word' id='word_1_688' title='bbox 2262 2212 2411 2265; x_wconf 88' lang='lat' dir='ltr'><strong><em>Num</em></strong></span> <span class='ocrx_word' id='word_1_689' title='bbox 2440 2228 2634 2267; x_wconf 92' lang='lat' dir='ltr'><strong><em>censes</em></strong></span> <span class='ocrx_word' id='word_1_690' title='bbox 2663 2212 2937 2284; x_wconf 88' lang='lat' dir='ltr'><strong><em>tangendi</em></strong></span> <span class='ocrx_word' id='word_1_691' title='bbox 2966 2230 3195 2268; x_wconf 88' lang='lat' dir='ltr'><strong><em>sensum</em></strong></span> <span class='ocrx_word' id='word_1_692' title='bbox 3224 2216 3675 2285; x_wconf 89' lang='lat' dir='ltr'><strong><em>comparandum</em></strong></span> 
     </span>
    </p>
   </div>
   <div class='ocr_carea' id='block_1_84' title="bbox 1981 2300 3678 2376">
    <p class='ocr_par' dir='ltr' id='par_1_84' title="bbox 1981 2300 3678 2376">
     <span class='ocr_line' id='line_1_84' title="bbox 1981 2300 3678 2376; baseline 0.004 -23"><span class='ocrx_word' id='word_1_693' title='bbox 1981 2314 2100 2353; x_wconf 91' lang='lat' dir='ltr'><strong><em>esse</em></strong></span> <span class='ocrx_word' id='word_1_694' title='bbox 2145 2300 2441 2355; x_wconf 90' lang='lat' dir='ltr'><strong><em>oculorum</em></strong></span> <span class='ocrx_word' id='word_1_695' title='bbox 2482 2305 2541 2356; x_wconf 88' lang='lat' dir='ltr'><strong><em>et</em></strong></span> <span class='ocrx_word' id='word_1_696' title='bbox 2584 2302 2811 2356; x_wconf 90' lang='lat' dir='ltr'><strong><em>aurium</em></strong></span> <span class='ocrx_word' id='word_1_697' title='bbox 2850 2302 3106 2357; x_wconf 90' lang='lat' dir='ltr'><strong><em>sensibus</em></strong></span> <span class='ocrx_word' id='word_1_698' title='bbox 3144 2303 3203 2357; x_wconf 86' lang='lat' dir='ltr'><strong><em>iu</em></strong></span> <span class='ocrx_word' id='word_1_699' title='bbox 3255 2320 3322 2358; x_wconf 88' lang='lat' dir='ltr'><strong><em>ea</em></strong></span> <span class='ocrx_word' id='word_1_700' title='bbox 3358 2320 3419 2359; x_wconf 91' lang='lat' dir='ltr'><strong><em>re</em></strong></span> <span class='ocrx_word' id='word_1_701' title='bbox 3461 2305 3530 2359; x_wconf 90' lang='lat' dir='ltr'><strong><em>de</em></strong></span> <span class='ocrx_word' id='word_1_702' title='bbox 3564 2321 3678 2376; x_wconf 89' lang='lat' dir='ltr'><strong><em>qua</em></strong></span> 
     </span>
    </p>
   </div>
   <div class='ocr_carea' id='block_1_85' title="bbox 1981 2388 3676 2463">
    <p class='ocr_par' dir='ltr' id='par_1_85' title="bbox 1981 2388 3676 2463">
     <span class='ocr_line' id='line_1_85' title="bbox 1981 2388 3676 2463; baseline 0.004 -22"><span class='ocrx_word' id='word_1_703' title='bbox 1981 2404 2134 2442; x_wconf 90' lang='lat' dir='ltr'><strong><em>nunc</em></strong></span> <span class='ocrx_word' id='word_1_704' title='bbox 2152 2388 2367 2459; x_wconf 89' lang='lat' dir='ltr'><strong><em>agitur;</em></strong></span> <span class='ocrx_word' id='word_1_705' title='bbox 2391 2388 2528 2460; x_wconf 90' lang='lat' dir='ltr'><strong><em>quia</em></strong></span> <span class='ocrx_word' id='word_1_706' title='bbox 2546 2406 2663 2445; x_wconf 93' lang='lat' dir='ltr'><strong><em>non</em></strong></span> <span class='ocrx_word' id='word_1_707' title='bbox 2691 2391 2875 2445; x_wconf 91' lang='lat' dir='ltr'><strong><em>solum</em></strong></span> <span class='ocrx_word' id='word_1_708' title='bbox 2904 2406 3111 2461; x_wconf 89' lang='lat' dir='ltr'><strong><em>corpus</em></strong></span> <span class='ocrx_word' id='word_1_709' title='bbox 3137 2407 3320 2445; x_wconf 87' lang='lat' dir='ltr'><strong><em>unum</em></strong></span> <span class='ocrx_word' id='word_1_710' title='bbox 3351 2393 3521 2446; x_wconf 89' lang='lat' dir='ltr'><strong><em>ambo</em></strong></span> <span class='ocrx_word' id='word_1_711' title='bbox 3548 2409 3676 2463; x_wconf 90' lang='lat' dir='ltr'><strong><em>pos-</em></strong></span> 
     </span>
    </p>
   </div>
   <div class='ocr_carea' id='block_1_86' title="bbox 1981 2478 3676 2551">
    <p class='ocr_par' dir='ltr' id='par_1_86' title="bbox 1981 2478 3676 2551">
     <span class='ocr_line' id='line_1_86' title="bbox 1981 2478 3676 2551; baseline 0.002 -18"><span class='ocrx_word' id='word_1_712' title='bbox 1981 2494 2176 2533; x_wconf 89' lang='lat' dir='ltr'><strong><em>sumus</em></strong></span> <span class='ocrx_word' id='word_1_713' title='bbox 2196 2478 2404 2533; x_wconf 88' lang='lat' dir='ltr'><strong><em>sentire</em></strong></span> <span class='ocrx_word' id='word_1_714' title='bbox 2425 2480 2730 2551; x_wconf 91' lang='lat' dir='ltr'><strong><em>tangendo,</em></strong></span> <span class='ocrx_word' id='word_1_715' title='bbox 2760 2480 2856 2534; x_wconf 91' lang='lat' dir='ltr'><strong><em>sed</em></strong></span> <span class='ocrx_word' id='word_1_716' title='bbox 2877 2479 3050 2534; x_wconf 88' lang='lat' dir='ltr'><strong><em>etiam</em></strong></span> <span class='ocrx_word' id='word_1_717' title='bbox 3076 2480 3338 2535; x_wconf 89' lang='lat' dir='ltr'><strong><em>eamdem</em></strong></span> <span class='ocrx_word' id='word_1_718' title='bbox 3362 2484 3584 2551; x_wconf 88' lang='lat' dir='ltr'><strong><em>partem</em></strong></span> <span class='ocrx_word' id='word_1_719' title='bbox 3610 2485 3676 2536; x_wconf 89' lang='lat' dir='ltr'><strong><em>tu</em></strong></span> 
     </span>
    </p>
   </div>
   <div class='ocr_carea' id='block_1_87' title="bbox 1982 2568 3680 2639">
    <p class='ocr_par' dir='ltr' id='par_1_87' title="bbox 1982 2568 3680 2639">
     <span class='ocr_line' id='line_1_87' title="bbox 1982 2568 3680 2639; baseline 0.002 -19"><span class='ocrx_word' id='word_1_720' title='bbox 1982 2582 2212 2638; x_wconf 89' lang='lat' dir='ltr'><strong><em>quoque</em></strong></span> <span class='ocrx_word' id='word_1_721' title='bbox 2240 2568 2457 2637; x_wconf 90' lang='lat' dir='ltr'><strong><em>poteris</em></strong></span> <span class='ocrx_word' id='word_1_722' title='bbox 2484 2572 2715 2638; x_wconf 90' lang='lat' dir='ltr'><strong><em>tangere</em></strong></span> <span class='ocrx_word' id='word_1_723' title='bbox 2747 2584 2923 2639; x_wconf 89' lang='lat' dir='ltr'><strong><em>quam</em></strong></span> <span class='ocrx_word' id='word_1_724' title='bbox 2951 2584 3054 2639; x_wconf 89' lang='lat' dir='ltr'><strong><em>ego</em></strong></span> <span class='ocrx_word' id='word_1_725' title='bbox 3082 2569 3345 2638; x_wconf 91' lang='lat' dir='ltr'><strong><em>tetigero,</em></strong></span> <span class='ocrx_word' id='word_1_726' title='bbox 3373 2573 3438 2623; x_wconf 89' lang='lat' dir='ltr'><strong><em>ut</em></strong></span> <span class='ocrx_word' id='word_1_727' title='bbox 3456 2585 3572 2624; x_wconf 91' lang='lat' dir='ltr'><strong><em>non</em></strong></span> <span class='ocrx_word' id='word_1_728' title='bbox 3594 2586 3680 2625; x_wconf 90' lang='lat' dir='ltr'><strong><em>so-</em></strong></span> 
     </span>
    </p>
   </div>
   <div class='ocr_carea' id='block_1_88' title="bbox 1980 2656 3675 2730">
    <p class='ocr_par' dir='ltr' id='par_1_88' title="bbox 1980 2656 3675 2730">
     <span class='ocr_line' id='line_1_88' title="bbox 1980 2656 3675 2730; baseline 0.002 -20"><span class='ocrx_word' id='word_1_729' title='bbox 1980 2657 2102 2710; x_wconf 92' lang='lat' dir='ltr'><strong><em>lum</em></strong></span> <span class='ocrx_word' id='word_1_730' title='bbox 2142 2656 2298 2711; x_wconf 91' lang='lat' dir='ltr'><strong><em>idem</em></strong></span> <span class='ocrx_word' id='word_1_731' title='bbox 2326 2674 2551 2728; x_wconf 90' lang='lat' dir='ltr'><strong><em>corpus,</em></strong></span> <span class='ocrx_word' id='word_1_732' title='bbox 2586 2658 2683 2712; x_wconf 90' lang='lat' dir='ltr'><strong><em>sed</em></strong></span> <span class='ocrx_word' id='word_1_733' title='bbox 2709 2658 2973 2712; x_wconf 90' lang='lat' dir='ltr'><strong><em>eamdem</em></strong></span> <span class='ocrx_word' id='word_1_734' title='bbox 3001 2674 3227 2729; x_wconf 90' lang='lat' dir='ltr'><strong><em>quoque</em></strong></span> <span class='ocrx_word' id='word_1_735' title='bbox 3256 2659 3514 2729; x_wconf 90' lang='lat' dir='ltr'><strong><em>corporis</em></strong></span> <span class='ocrx_word' id='word_1_736' title='bbox 3544 2675 3675 2730; x_wconf 87' lang='lat' dir='ltr'><strong><em>par-</em></strong></span> 
     </span>
    </p>
   </div>
   <div class='ocr_carea' id='block_1_89' title="bbox 1980 2744 3676 2816">
    <p class='ocr_par' dir='ltr' id='par_1_89' title="bbox 1980 2744 3676 2816">
     <span class='ocr_line' id='line_1_89' title="bbox 1980 2744 3676 2816; baseline 0.004 -20"><span class='ocrx_word' id='word_1_737' title='bbox 1980 2745 2097 2796; x_wconf 89' lang='lat' dir='ltr'><strong><em>tem</em></strong></span> <span class='ocrx_word' id='word_1_738' title='bbox 2122 2744 2406 2813; x_wconf 90' lang='lat' dir='ltr'><strong><em>possimus</em></strong></span> <span class='ocrx_word' id='word_1_739' title='bbox 2437 2745 2604 2799; x_wconf 90' lang='lat' dir='ltr'><strong><em>ambo</em></strong></span> <span class='ocrx_word' id='word_1_740' title='bbox 2635 2746 2844 2800; x_wconf 90' lang='lat' dir='ltr'><strong><em>sentire</em></strong></span> <span class='ocrx_word' id='word_1_741' title='bbox 2871 2747 3196 2816; x_wconf 88' lang='lat' dir='ltr'><strong><em>tangendo?</em></strong></span> <span class='ocrx_word' id='word_1_742' title='bbox 3222 2748 3346 2801; x_wconf 87' lang='lat' dir='ltr'><strong><em>Non</em></strong></span> <span class='ocrx_word' id='word_1_743' title='bbox 3385 2747 3539 2802; x_wconf 89' lang='lat' dir='ltr'><strong><em>enim</em></strong></span> <span class='ocrx_word' id='word_1_744' title='bbox 3569 2748 3676 2803; x_wconf 92' lang='lat' dir='ltr'><strong><em>sic-</em></strong></span> 
     </span>
    </p>
   </div>
   <div class='ocr_carea' id='block_1_90' title="bbox 1981 2831 3676 2909">
    <p class='ocr_par' dir='ltr' id='par_1_90' title="bbox 1981 2831 3676 2909">
     <span class='ocr_line' id='line_1_90' title="bbox 1981 2831 3676 2909; baseline 0.004 -24"><span class='ocrx_word' id='word_1_745' title='bbox 1981 2831 2066 2885; x_wconf 88' lang='lat' dir='ltr'><strong><em>uti</em></strong></span> <span class='ocrx_word' id='word_1_746' title='bbox 2095 2831 2285 2887; x_wconf 90' lang='lat' dir='ltr'><strong><em>cibum</em></strong></span> <span class='ocrx_word' id='word_1_747' title='bbox 2333 2834 2586 2905; x_wconf 85' lang='lat' dir='ltr'><strong><em>aliquem</em></strong></span> <span class='ocrx_word' id='word_1_748' title='bbox 2614 2835 2941 2905; x_wconf 89' lang='lat' dir='ltr'><strong><em>appositum</em></strong></span> <span class='ocrx_word' id='word_1_749' title='bbox 2970 2852 3088 2890; x_wconf 92' lang='lat' dir='ltr'><strong><em>non</em></strong></span> <span class='ocrx_word' id='word_1_750' title='bbox 3117 2852 3421 2906; x_wconf 89' lang='lat' dir='ltr'><strong><em>possumus</em></strong></span> <span class='ocrx_word' id='word_1_751' title='bbox 3470 2842 3525 2891; x_wconf 89' lang='lat' dir='ltr'><strong><em>et</em></strong></span> <span class='ocrx_word' id='word_1_752' title='bbox 3571 2853 3676 2909; x_wconf 86' lang='lat' dir='ltr'><strong><em>ego</em></strong></span> 
     </span>
    </p>
   </div>
   <div class='ocr_carea' id='block_1_91' title="bbox 1980 2924 3675 2994">
    <p class='ocr_par' dir='ltr' id='par_1_91' title="bbox 1980 2924 3675 2994">
     <span class='ocr_line' id='line_1_91' title="bbox 1980 2924 3675 2994; baseline 0.004 -20"><span class='ocrx_word' id='word_1_753' title='bbox 1980 2924 2167 2975; x_wconf 87' lang='lat' dir='ltr'><strong><em>totum</em></strong></span> <span class='ocrx_word' id='word_1_754' title='bbox 2198 2926 2255 2976; x_wconf 89' lang='lat' dir='ltr'><strong><em>et</em></strong></span> <span class='ocrx_word' id='word_1_755' title='bbox 2285 2926 2349 2977; x_wconf 91' lang='lat' dir='ltr'><strong><em>tu</em></strong></span> <span class='ocrx_word' id='word_1_756' title='bbox 2376 2927 2563 2978; x_wconf 88' lang='lat' dir='ltr'><strong><em>totum</em></strong></span> <span class='ocrx_word' id='word_1_757' title='bbox 2592 2940 2811 2994; x_wconf 88' lang='lat' dir='ltr'><strong><em>capere,</em></strong></span> <span class='ocrx_word' id='word_1_758' title='bbox 2859 2940 2990 2979; x_wconf 89' lang='lat' dir='ltr'><strong><em>cum</em></strong></span> <span class='ocrx_word' id='word_1_759' title='bbox 3020 2925 3189 2979; x_wconf 90' lang='lat' dir='ltr'><strong><em>ambo</em></strong></span> <span class='ocrx_word' id='word_1_760' title='bbox 3238 2925 3338 2979; x_wconf 92' lang='lat' dir='ltr'><strong><em>illo</em></strong></span> <span class='ocrx_word' id='word_1_761' title='bbox 3370 2926 3675 2994; x_wconf 91' lang='lat' dir='ltr'><strong><em>vescimur,</em></strong></span> 
     </span>
    </p>
   </div>
   <div class='ocr_carea' id='block_1_92' title="bbox 1981 3009 3680 3084">
    <p class='ocr_par' dir='ltr' id='par_1_92' title="bbox 1981 3009 3680 3084">
     <span class='ocr_line' id='line_1_92' title="bbox 1981 3009 3680 3084; baseline 0.004 -22"><span class='ocrx_word' id='word_1_762' title='bbox 1981 3009 2059 3063; x_wconf 90' lang='lat' dir='ltr'><strong><em>sic</em></strong></span> <span class='ocrx_word' id='word_1_763' title='bbox 2088 3010 2261 3064; x_wconf 90' lang='lat' dir='ltr'><strong><em>etiam</em></strong></span> <span class='ocrx_word' id='word_1_764' title='bbox 2285 3011 2661 3084; x_wconf 59' lang='lat' dir='ltr'><strong><em>inztangendo</em></strong></span> <span class='ocrx_word' id='word_1_765' title='bbox 2690 3013 2894 3068; x_wconf 89' lang='lat' dir='ltr'><strong><em>accidit</em></strong></span> <span class='ocrx_word' id='word_1_766' title='bbox 2924 3030 2937 3068; x_wconf 88' lang='lat'><strong>:</strong></span> <span class='ocrx_word' id='word_1_767' title='bbox 2971 3014 3071 3068; x_wconf 90' lang='lat' dir='ltr'><strong><em>sed</em></strong></span> <span class='ocrx_word' id='word_1_768' title='bbox 3101 3018 3156 3067; x_wconf 90' lang='lat' dir='ltr'><strong><em>et</em></strong></span> <span class='ocrx_word' id='word_1_769' title='bbox 3183 3029 3366 3068; x_wconf 91' lang='lat' dir='ltr'><strong><em>unum</em></strong></span> <span class='ocrx_word' id='word_1_770' title='bbox 3396 3016 3453 3068; x_wconf 91' lang='lat' dir='ltr'><strong><em>et</em></strong></span> <span class='ocrx_word' id='word_1_771' title='bbox 3490 3018 3680 3069; x_wconf 84' lang='lat' dir='ltr'><strong><em>totum</em></strong></span> 
     </span>
    </p>
   </div>
   <div class='ocr_carea' id='block_1_93' title="bbox 1982 3099 3676 3174">
    <p class='ocr_par' dir='ltr' id='par_1_93' title="bbox 1982 3099 3676 3174">
     <span class='ocr_line' id='line_1_93' title="bbox 1982 3099 3676 3174; baseline 0.004 -23"><span class='ocrx_word' id='word_1_772' title='bbox 1982 3099 2136 3169; x_wconf 91' lang='lat' dir='ltr'><strong><em>quod</em></strong></span> <span class='ocrx_word' id='word_1_773' title='bbox 2165 3115 2270 3171; x_wconf 91' lang='lat' dir='ltr'><strong><em>ego</em></strong></span> <span class='ocrx_word' id='word_1_774' title='bbox 2296 3100 2558 3172; x_wconf 89' lang='lat' dir='ltr'><strong><em>tetigero,</em></strong></span> <span class='ocrx_word' id='word_1_775' title='bbox 2592 3102 2765 3157; x_wconf 90' lang='lat' dir='ltr'><strong><em>etiam</em></strong></span> <span class='ocrx_word' id='word_1_776' title='bbox 2794 3108 2855 3156; x_wconf 91' lang='lat' dir='ltr'><strong><em>tu</em></strong></span> <span class='ocrx_word' id='word_1_777' title='bbox 2884 3107 3068 3173; x_wconf 91' lang='lat' dir='ltr'><strong><em>potes,</em></strong></span> <span class='ocrx_word' id='word_1_778' title='bbox 3100 3108 3162 3157; x_wconf 90' lang='lat' dir='ltr'><strong><em>ut</em></strong></span> <span class='ocrx_word' id='word_1_779' title='bbox 3188 3102 3250 3157; x_wconf 93' lang='lat' dir='ltr'><strong><em>id</em></strong></span> <span class='ocrx_word' id='word_1_780' title='bbox 3280 3102 3447 3157; x_wconf 89' lang='lat' dir='ltr'><strong><em>ambo</em></strong></span> <span class='ocrx_word' id='word_1_781' title='bbox 3479 3107 3676 3174; x_wconf 88' lang='lat' dir='ltr'><strong><em>tanga-</em></strong></span> 
     </span>
    </p>
   </div>
   <div class='ocr_carea' id='block_1_94' title="bbox 1981 3192 3674 3265">
    <p class='ocr_par' dir='ltr' id='par_1_94' title="bbox 1981 3192 3674 3265">
     <span class='ocr_line' id='line_1_94' title="bbox 1981 3192 3674 3265; baseline 0.003 -22"><span class='ocrx_word' id='word_1_782' title='bbox 1981 3205 2130 3256; x_wconf 90' lang='lat' dir='ltr'><strong><em>mus,</em></strong></span> <span class='ocrx_word' id='word_1_783' title='bbox 2174 3207 2294 3245; x_wconf 90' lang='lat' dir='ltr'><strong><em>non</em></strong></span> <span class='ocrx_word' id='word_1_784' title='bbox 2338 3192 2579 3263; x_wconf 91' lang='lat' dir='ltr'><strong><em>singulis</em></strong></span> <span class='ocrx_word' id='word_1_785' title='bbox 2630 3194 2908 3264; x_wconf 84' lang='lat' dir='ltr'><strong><em>partibus,</em></strong></span> <span class='ocrx_word' id='word_1_786' title='bbox 2954 3194 3054 3247; x_wconf 92' lang='lat' dir='ltr'><strong><em>sed</em></strong></span> <span class='ocrx_word' id='word_1_787' title='bbox 3096 3196 3283 3248; x_wconf 88' lang='lat' dir='ltr'><strong><em>totum</em></strong></span> <span class='ocrx_word' id='word_1_788' title='bbox 3330 3193 3562 3265; x_wconf 90' lang='lat' dir='ltr'><strong><em>singuli.</em></strong></span> <span class='ocrx_word' id='word_1_789' title='bbox 3595 3195 3674 3250; x_wconf 87' lang='lat' dir='ltr'><strong><em>E.</em></strong></span> 
     </span>
    </p>
   </div>
   <div class='ocr_carea' id='block_1_95' title="bbox 1983 3279 3672 3352">
    <p class='ocr_par' dir='ltr' id='par_1_95' title="bbox 1983 3279 3672 3352">
     <span class='ocr_line' id='line_1_95' title="bbox 1983 3279 3672 3352; baseline 0.002 -19"><span class='ocrx_word' id='word_1_790' title='bbox 1983 3279 2186 3335; x_wconf 87' lang='lat' dir='ltr'><strong><em>Fateor</em></strong></span> <span class='ocrx_word' id='word_1_791' title='bbox 2224 3281 2333 3335; x_wconf 91' lang='lat' dir='ltr'><strong><em>hoc</em></strong></span> <span class='ocrx_word' id='word_1_792' title='bbox 2364 3282 2535 3336; x_wconf 91' lang='lat' dir='ltr'><strong><em>modo</em></strong></span> <span class='ocrx_word' id='word_1_793' title='bbox 2577 3282 2801 3337; x_wconf 89' lang='lat' dir='ltr'><strong><em>duobus</em></strong></span> <span class='ocrx_word' id='word_1_794' title='bbox 2832 3282 2944 3337; x_wconf 85' lang='lat' dir='ltr'><strong><em>illis</em></strong></span> <span class='ocrx_word' id='word_1_795' title='bbox 2969 3282 3360 3352; x_wconf 88' lang='lat' dir='ltr'><strong><em>superioribus</em></strong></span> <span class='ocrx_word' id='word_1_796' title='bbox 3390 3282 3672 3352; x_wconf 90' lang='lat' dir='ltr'><strong><em>sensibus,</em></strong></span> 
     </span>
    </p>
   </div>
   <div class='ocr_carea' id='block_1_96' title="bbox 1980 3367 3679 3440">
    <p class='ocr_par' dir='ltr' id='par_1_96' title="bbox 1980 3367 3679 3440">
     <span class='ocr_line' id='line_1_96' title="bbox 1980 3367 3679 3440; baseline 0.004 -19"><span class='ocrx_word' id='word_1_797' title='bbox 1980 3367 2135 3422; x_wconf 89' lang='lat' dir='ltr'><strong><em>hunc</em></strong></span> <span class='ocrx_word' id='word_1_798' title='bbox 2163 3371 2440 3440; x_wconf 87' lang='lat' dir='ltr'><strong><em>tangendi</em></strong></span> <span class='ocrx_word' id='word_1_799' title='bbox 2470 3388 2703 3426; x_wconf 90' lang='lat' dir='ltr'><strong><em>sensum</em></strong></span> <span class='ocrx_word' id='word_1_800' title='bbox 2749 3388 2870 3426; x_wconf 90' lang='lat' dir='ltr'><strong><em>esse</em></strong></span> <span class='ocrx_word' id='word_1_801' title='bbox 2914 3372 3271 3427; x_wconf 89' lang='lat' dir='ltr'><strong><em>simillimum</em></strong></span> <span class='ocrx_word' id='word_1_802' title='bbox 3300 3388 3313 3427; x_wconf 86' lang='lat'><strong>:</strong></span> <span class='ocrx_word' id='word_1_803' title='bbox 3350 3372 3447 3427; x_wconf 91' lang='lat' dir='ltr'><strong><em>sed</em></strong></span> <span class='ocrx_word' id='word_1_804' title='bbox 3476 3372 3536 3426; x_wconf 91' lang='lat' dir='ltr'><strong><em>in</em></strong></span> <span class='ocrx_word' id='word_1_805' title='bbox 3570 3373 3679 3427; x_wconf 91' lang='lat' dir='ltr'><strong><em>hoc</em></strong></span> 
     </span>
    </p>
   </div>
   <div class='ocr_carea' id='block_1_97' title="bbox 1980 3456 3679 3531">
    <p class='ocr_par' dir='ltr' id='par_1_97' title="bbox 1980 3456 3679 3531">
     <span class='ocr_line' id='line_1_97' title="bbox 1980 3456 3679 3531; baseline 0.004 -22"><span class='ocrx_word' id='word_1_806' title='bbox 1980 3456 2146 3511; x_wconf 87' lang='lat' dir='ltr'><strong><em>video</em></strong></span> <span class='ocrx_word' id='word_1_807' title='bbox 2195 3475 2314 3512; x_wconf 90' lang='lat' dir='ltr'><strong><em>esse</em></strong></span> <span class='ocrx_word' id='word_1_808' title='bbox 2357 3459 2710 3528; x_wconf 89' lang='lat' dir='ltr'><strong><em>dissimilem,</em></strong></span> <span class='ocrx_word' id='word_1_809' title='bbox 2760 3460 2916 3531; x_wconf 90' lang='lat' dir='ltr'><strong><em>quod</em></strong></span> <span class='ocrx_word' id='word_1_810' title='bbox 2965 3461 3154 3529; x_wconf 90' lang='lat' dir='ltr'><strong><em>simul,</em></strong></span> <span class='ocrx_word' id='word_1_811' title='bbox 3187 3460 3245 3516; x_wconf 92' lang='lat' dir='ltr'><strong><em>id</em></strong></span> <span class='ocrx_word' id='word_1_812' title='bbox 3273 3464 3357 3516; x_wconf 92' lang='lat' dir='ltr'><strong><em>est</em></strong></span> <span class='ocrx_word' id='word_1_813' title='bbox 3385 3477 3501 3515; x_wconf 90' lang='lat' dir='ltr'><strong><em>uno</em></strong></span> <span class='ocrx_word' id='word_1_814' title='bbox 3529 3465 3679 3516; x_wconf 89' lang='lat' dir='ltr'><strong><em>tem-</em></strong></span> 
     </span>
    </p>
   </div>
   <div class='ocr_carea' id='block_1_98' title="bbox 1980 3546 3679 3620">
    <p class='ocr_par' dir='ltr' id='par_1_98' title="bbox 1980 3546 3679 3620">
     <span class='ocr_line' id='line_1_98' title="bbox 1980 3546 3679 3620; baseline 0.004 -22"><span class='ocrx_word' id='word_1_815' title='bbox 1980 3561 2141 3615; x_wconf 92' lang='lat' dir='ltr'><strong><em>pore,</em></strong></span> <span class='ocrx_word' id='word_1_816' title='bbox 2171 3550 2228 3600; x_wconf 90' lang='lat' dir='ltr'><strong><em>et</em></strong></span> <span class='ocrx_word' id='word_1_817' title='bbox 2255 3546 2446 3602; x_wconf 91' lang='lat' dir='ltr'><strong><em>videre</em></strong></span> <span class='ocrx_word' id='word_1_818' title='bbox 2486 3548 2701 3619; x_wconf 89' lang='lat' dir='ltr'><strong><em>aliquid</em></strong></span> <span class='ocrx_word' id='word_1_819' title='bbox 2732 3565 2914 3603; x_wconf 88' lang='lat' dir='ltr'><strong><em>unum</em></strong></span> <span class='ocrx_word' id='word_1_820' title='bbox 2942 3553 3128 3603; x_wconf 89' lang='lat' dir='ltr'><strong><em>totum</em></strong></span> <span class='ocrx_word' id='word_1_821' title='bbox 3157 3550 3327 3604; x_wconf 89' lang='lat' dir='ltr'><strong><em>ambo</em></strong></span> <span class='ocrx_word' id='word_1_822' title='bbox 3375 3565 3679 3620; x_wconf 89' lang='lat' dir='ltr'><strong><em>possumus</em></strong></span> 
     </span>
    </p>
   </div>
   <div class='ocr_carea' id='block_1_99' title="bbox 1983 3635 3677 3709">
    <p class='ocr_par' dir='ltr' id='par_1_99' title="bbox 1983 3635 3677 3709">
     <span class='ocr_line' id='line_1_99' title="bbox 1983 3635 3677 3709; baseline 0.004 -22"><span class='ocrx_word' id='word_1_823' title='bbox 1983 3638 2040 3687; x_wconf 90' lang='lat' dir='ltr'><strong><em>et</em></strong></span> <span class='ocrx_word' id='word_1_824' title='bbox 2084 3635 2313 3703; x_wconf 83' lang='lat' dir='ltr'><strong><em>audire;</em></strong></span> <span class='ocrx_word' id='word_1_825' title='bbox 2352 3640 2588 3707; x_wconf 91' lang='lat' dir='ltr'><strong><em>tangere</em></strong></span> <span class='ocrx_word' id='word_1_826' title='bbox 2634 3640 2828 3691; x_wconf 90' lang='lat' dir='ltr'><strong><em>autem</em></strong></span> <span class='ocrx_word' id='word_1_827' title='bbox 2872 3654 3176 3707; x_wconf 92' lang='lat' dir='ltr'><strong><em>possumus</em></strong></span> <span class='ocrx_word' id='word_1_828' title='bbox 3217 3638 3454 3709; x_wconf 88' lang='lat' dir='ltr'><strong><em>quidem</em></strong></span> <span class='ocrx_word' id='word_1_829' title='bbox 3491 3643 3677 3693; x_wconf 90' lang='lat' dir='ltr'><strong><em>totum</em></strong></span> 
     </span>
    </p>
   </div>
   <div class='ocr_carea' id='block_1_100' title="bbox 1981 3720 3677 3795">
    <p class='ocr_par' dir='ltr' id='par_1_100' title="bbox 1981 3720 3677 3795">
     <span class='ocr_line' id='line_1_100' title="bbox 1981 3720 3677 3795; baseline 0.004 -21"><span class='ocrx_word' id='word_1_830' title='bbox 1981 3720 2201 3791; x_wconf 89' lang='lat' dir='ltr'><strong><em>aliquid</em></strong></span> <span class='ocrx_word' id='word_1_831' title='bbox 2245 3723 2413 3777; x_wconf 92' lang='lat' dir='ltr'><strong><em>ambo</em></strong></span> <span class='ocrx_word' id='word_1_832' title='bbox 2454 3740 2573 3777; x_wconf 90' lang='lat' dir='ltr'><strong><em>uno</em></strong></span> <span class='ocrx_word' id='word_1_833' title='bbox 2621 3728 2895 3795; x_wconf 89' lang='lat' dir='ltr'><strong><em>tempore,</em></strong></span> <span class='ocrx_word' id='word_1_834' title='bbox 2948 3724 3044 3778; x_wconf 92' lang='lat' dir='ltr'><strong><em>sed</em></strong></span> <span class='ocrx_word' id='word_1_835' title='bbox 3098 3724 3354 3794; x_wconf 89' lang='lat' dir='ltr'><strong><em>partibus</em></strong></span> <span class='ocrx_word' id='word_1_836' title='bbox 3410 3725 3677 3795; x_wconf 89' lang='lat' dir='ltr'><strong><em>singulis,</em></strong></span> 
     </span>
    </p>
   </div>
   <div class='ocr_carea' id='block_1_101' title="bbox 1982 3810 3680 3883">
    <p class='ocr_par' dir='ltr' id='par_1_101' title="bbox 1982 3810 3680 3883">
     <span class='ocr_line' id='line_1_101' title="bbox 1982 3810 3680 3883; baseline 0.004 -20"><span class='ocrx_word' id='word_1_837' title='bbox 1982 3810 2244 3864; x_wconf 88' lang='lat' dir='ltr'><strong><em>eamdem</em></strong></span> <span class='ocrx_word' id='word_1_838' title='bbox 2269 3816 2459 3865; x_wconf 87' lang='lat' dir='ltr'><strong><em>autem</em></strong></span> <span class='ocrx_word' id='word_1_839' title='bbox 2488 3817 2714 3882; x_wconf 89' lang='lat' dir='ltr'><strong><em>partem</em></strong></span> <span class='ocrx_word' id='word_1_840' title='bbox 2741 3812 2972 3867; x_wconf 90' lang='lat' dir='ltr'><strong><em>nonnisi</em></strong></span> <span class='ocrx_word' id='word_1_841' title='bbox 2995 3812 3352 3882; x_wconf 90' lang='lat' dir='ltr'><strong><em>temporibus</em></strong></span> <span class='ocrx_word' id='word_1_842' title='bbox 3380 3813 3623 3883; x_wconf 89' lang='lat' dir='ltr'><strong><em>singulis</em></strong></span> <span class='ocrx_word' id='word_1_843' title='bbox 3665 3831 3680 3869; x_wconf 87' lang='lat'><strong>:</strong></span> 
     </span>
    </p>
   </div>
   <div class='ocr_carea' id='block_1_102' title="bbox 1982 3901 3676 3972">
    <p class='ocr_par' dir='ltr' id='par_1_102' title="bbox 1982 3901 3676 3972">
     <span class='ocr_line' id='line_1_102' title="bbox 1982 3901 3676 3972; baseline 0.002 -19"><span class='ocrx_word' id='word_1_844' title='bbox 1982 3915 2118 3954; x_wconf 92' lang='lat' dir='ltr'><strong><em>nam</em></strong></span> <span class='ocrx_word' id='word_1_845' title='bbox 2146 3901 2290 3954; x_wconf 92' lang='lat' dir='ltr'><strong><em>nulli</em></strong></span> <span class='ocrx_word' id='word_1_846' title='bbox 2318 3901 2465 3972; x_wconf 90' lang='lat' dir='ltr'><strong><em>parti</em></strong></span> <span class='ocrx_word' id='word_1_847' title='bbox 2494 3917 2669 3971; x_wconf 90' lang='lat' dir='ltr'><strong><em>quam</em></strong></span> <span class='ocrx_word' id='word_1_848' title='bbox 2698 3906 2851 3956; x_wconf 89' lang='lat' dir='ltr'><strong><em>tactu</em></strong></span> <span class='ocrx_word' id='word_1_849' title='bbox 2881 3901 3052 3972; x_wconf 91' lang='lat' dir='ltr'><strong><em>capis,</em></strong></span> <span class='ocrx_word' id='word_1_850' title='bbox 3084 3917 3321 3972; x_wconf 90' lang='lat' dir='ltr'><strong><em>possum</em></strong></span> <span class='ocrx_word' id='word_1_851' title='bbox 3366 3918 3560 3956; x_wconf 90' lang='lat' dir='ltr'><strong><em>meum</em></strong></span> <span class='ocrx_word' id='word_1_852' title='bbox 3591 3907 3676 3957; x_wconf 90' lang='lat' dir='ltr'><strong><em>ta-</em></strong></span> 
     </span>
    </p>
   </div>
   <div class='ocr_carea' id='block_1_103' title="bbox 1983 3989 3235 4057">
    <p class='ocr_par' dir='ltr' id='par_1_103' title="bbox 1983 3989 3235 4057">
     <span class='ocr_line' id='line_1_103' title="bbox 1983 3989 3235 4057; baseline 0.002 -16"><span class='ocrx_word' id='word_1_853' title='bbox 1983 3993 2139 4042; x_wconf 88' lang='lat' dir='ltr'><strong><em>ctum</em></strong></span> <span class='ocrx_word' id='word_1_854' title='bbox 2170 3989 2493 4057; x_wconf 91' lang='lat' dir='ltr'><strong><em>admovere,</em></strong></span> <span class='ocrx_word' id='word_1_855' title='bbox 2520 3989 2631 4044; x_wconf 91' lang='lat' dir='ltr'><strong><em>nisi</em></strong></span> <span class='ocrx_word' id='word_1_856' title='bbox 2659 3994 2719 4044; x_wconf 92' lang='lat' dir='ltr'><strong><em>tu</em></strong></span> <span class='ocrx_word' id='word_1_857' title='bbox 2750 3990 3028 4044; x_wconf 90' lang='lat' dir='ltr'><strong><em>amoveris</em></strong></span> <span class='ocrx_word' id='word_1_858' title='bbox 3048 3994 3235 4044; x_wconf 91' lang='lat' dir='ltr'><strong><em>tuum.</em></strong></span> 
     </span>
    </p>
   </div>
   <div class='ocr_carea' id='block_1_104' title="bbox 2060 4079 3681 4151">
    <p class='ocr_par' dir='ltr' id='par_1_104' title="bbox 2060 4079 3681 4151">
     <span class='ocr_line' id='line_1_104' title="bbox 2060 4079 3681 4151; baseline 0.001 -18"><span class='ocrx_word' id='word_1_859' title='bbox 2060 4082 2141 4133; x_wconf 85' lang='lat' dir='ltr'><strong><em>l9.</em></strong></span> <span class='ocrx_word' id='word_1_860' title='bbox 2199 4080 2270 4133; x_wconf 88' lang='lat' dir='ltr'><strong><em>A.</em></strong></span> <span class='ocrx_word' id='word_1_861' title='bbox 2332 4079 2765 4149; x_wconf 85' lang='lat' dir='ltr'><strong><em>Vigilantissime</em></strong></span> <span class='ocrx_word' id='word_1_862' title='bbox 2807 4079 3147 4150; x_wconf 89' lang='lat' dir='ltr'><strong><em>respondisti</em></strong></span> <span class='ocrx_word' id='word_1_863' title='bbox 3184 4096 3197 4133; x_wconf 89' lang='lat'>:</span> <span class='ocrx_word' id='word_1_864' title='bbox 3230 4079 3326 4134; x_wconf 91' lang='lat' dir='ltr'><strong><em>sed</em></strong></span> <span class='ocrx_word' id='word_1_865' title='bbox 3365 4084 3589 4151; x_wconf 86' lang='lat' dir='ltr'><strong><em>oportet</em></strong></span> <span class='ocrx_word' id='word_1_866' title='bbox 3625 4085 3681 4135; x_wconf 91' lang='lat' dir='ltr'><strong><em>te</em></strong></span> 
     </span>
    </p>
   </div>
   <div class='ocr_carea' id='block_1_105' title="bbox 1984 4167 3683 4240">
    <p class='ocr_par' dir='ltr' id='par_1_105' title="bbox 1984 4167 3683 4240">
     <span class='ocr_line' id='line_1_105' title="bbox 1984 4167 3683 4240; baseline 0.002 -18"><span class='ocrx_word' id='word_1_867' title='bbox 1984 4167 2159 4222; x_wconf 88' lang='lat' dir='ltr'><strong><em>etiam</em></strong></span> <span class='ocrx_word' id='word_1_868' title='bbox 2192 4168 2337 4222; x_wconf 91' lang='lat' dir='ltr'><strong><em>illud</em></strong></span> <span class='ocrx_word' id='word_1_869' title='bbox 2376 4168 2590 4232; x_wconf 89' lang='lat' dir='ltr'><strong><em>videre,</em></strong></span> <span class='ocrx_word' id='word_1_870' title='bbox 2640 4186 2770 4224; x_wconf 89' lang='lat' dir='ltr'><strong><em>cum</em></strong></span> <span class='ocrx_word' id='word_1_871' title='bbox 2798 4168 3004 4223; x_wconf 90' lang='lat' dir='ltr'><strong><em>horum</em></strong></span> <span class='ocrx_word' id='word_1_872' title='bbox 3053 4169 3313 4224; x_wconf 88' lang='lat' dir='ltr'><strong><em>omnium</em></strong></span> <span class='ocrx_word' id='word_1_873' title='bbox 3342 4185 3471 4240; x_wconf 76' lang='lat' dir='ltr'><strong><em>quae</em></strong></span> <span class='ocrx_word' id='word_1_874' title='bbox 3508 4170 3683 4225; x_wconf 89' lang='lat' dir='ltr'><strong><em>senti-</em></strong></span> 
     </span>
    </p>
   </div>
   <div class='ocr_carea' id='block_1_106' title="bbox 1983 4256 3682 4330">
    <p class='ocr_par' dir='ltr' id='par_1_106' title="bbox 1983 4256 3682 4330">
     <span class='ocr_line' id='line_1_106' title="bbox 1983 4256 3682 4330; baseline 0.001 -19"><span class='ocrx_word' id='word_1_875' title='bbox 1983 4272 2132 4324; x_wconf 90' lang='lat' dir='ltr'><strong><em>mus,</em></strong></span> <span class='ocrx_word' id='word_1_876' title='bbox 2165 4257 2277 4311; x_wconf 90' lang='lat' dir='ltr'><strong><em>alia</em></strong></span> <span class='ocrx_word' id='word_1_877' title='bbox 2322 4256 2434 4312; x_wconf 91' lang='lat' dir='ltr'><strong><em>sint</em></strong></span> <span class='ocrx_word' id='word_1_878' title='bbox 2489 4273 2619 4328; x_wconf 66' lang='lat' dir='ltr'><strong><em>quae</em></strong></span> <span class='ocrx_word' id='word_1_879' title='bbox 2670 4258 2861 4325; x_wconf 91' lang='lat' dir='ltr'><strong><em>ambo,</em></strong></span> <span class='ocrx_word' id='word_1_880' title='bbox 2916 4258 3027 4312; x_wconf 88' lang='lat' dir='ltr'><strong><em>alia</em></strong></span> <span class='ocrx_word' id='word_1_881' title='bbox 3064 4274 3193 4330; x_wconf 60' lang='lat' dir='ltr'><strong><em>quae</em></strong></span> <span class='ocrx_word' id='word_1_882' title='bbox 3224 4258 3436 4328; x_wconf 91' lang='lat' dir='ltr'><strong><em>singuli</em></strong></span> <span class='ocrx_word' id='word_1_883' title='bbox 3467 4258 3682 4313; x_wconf 87' lang='lat' dir='ltr'><strong><em>sentia-</em></strong></span> 
     </span>
    </p>
   </div>
   <div class='ocr_carea' id='block_1_107' title="bbox 1982 4346 3683 4418">
    <p class='ocr_par' dir='ltr' id='par_1_107' title="bbox 1982 4346 3683 4418">
     <span class='ocr_line' id='line_1_107' title="bbox 1982 4346 3683 4418; baseline 0.001 -19"><span class='ocrx_word' id='word_1_884' title='bbox 1982 4362 2141 4413; x_wconf 90' lang='lat' dir='ltr'><strong><em>mus;</em></strong></span> <span class='ocrx_word' id='word_1_885' title='bbox 2199 4346 2352 4418; x_wconf 90' lang='lat' dir='ltr'><strong><em>ipsos</em></strong></span> <span class='ocrx_word' id='word_1_886' title='bbox 2398 4360 2532 4401; x_wconf 89' lang='lat' dir='ltr'><strong><em>vero</em></strong></span> <span class='ocrx_word' id='word_1_887' title='bbox 2582 4362 2781 4401; x_wconf 90' lang='lat' dir='ltr'><strong><em>sensus</em></strong></span> <span class='ocrx_word' id='word_1_888' title='bbox 2827 4351 3052 4401; x_wconf 89' lang='lat' dir='ltr'><strong><em>nostros</em></strong></span> <span class='ocrx_word' id='word_1_889' title='bbox 3092 4362 3225 4400; x_wconf 91' lang='lat' dir='ltr'><strong><em>suos</em></strong></span> <span class='ocrx_word' id='word_1_890' title='bbox 3276 4346 3517 4418; x_wconf 89' lang='lat' dir='ltr'><strong><em>quisque</em></strong></span> <span class='ocrx_word' id='word_1_891' title='bbox 3561 4346 3683 4401; x_wconf 88' lang='lat' dir='ltr'><strong><em>sin-</em></strong></span> 
     </span>
    </p>
   </div>
   <div class='ocr_carea' id='block_1_108' title="bbox 1984 4434 3682 4507">
    <p class='ocr_par' dir='ltr' id='par_1_108' title="bbox 1984 4434 3682 4507">
     <span class='ocr_line' id='line_1_108' title="bbox 1984 4434 3682 4507; baseline 0.001 -20"><span class='ocrx_word' id='word_1_892' title='bbox 1984 4434 2106 4505; x_wconf 90' lang='lat' dir='ltr'><strong><em>guli</em></strong></span> <span class='ocrx_word' id='word_1_893' title='bbox 2150 4434 2463 4489; x_wconf 85' lang='lat' dir='ltr'><strong><em>sentiamus</em></strong></span> <span class='ocrx_word' id='word_1_894' title='bbox 2511 4439 2577 4489; x_wconf 91' lang='lat' dir='ltr'><strong><em>ut</em></strong></span> <span class='ocrx_word' id='word_1_895' title='bbox 2604 4451 2793 4507; x_wconf 87' lang='lat' dir='ltr'><strong><em>neque</em></strong></span> <span class='ocrx_word' id='word_1_896' title='bbox 2823 4451 2929 4506; x_wconf 90' lang='lat' dir='ltr'><strong><em>ego</em></strong></span> <span class='ocrx_word' id='word_1_897' title='bbox 2960 4434 3203 4489; x_wconf 89' lang='lat' dir='ltr'><strong><em>sentiam</em></strong></span> <span class='ocrx_word' id='word_1_898' title='bbox 3233 4450 3465 4489; x_wconf 91' lang='lat' dir='ltr'><strong><em>sensum</em></strong></span> <span class='ocrx_word' id='word_1_899' title='bbox 3492 4437 3682 4503; x_wconf 86' lang='lat' dir='ltr'><strong><em>tuum,</em></strong></span> 
     </span>
    </p>
   </div>
   <div class='ocr_carea' id='block_1_109' title="bbox 1983 4522 3686 4593">
    <p class='ocr_par' dir='ltr' id='par_1_109' title="bbox 1983 4522 3686 4593">
     <span class='ocr_line' id='line_1_109' title="bbox 1983 4522 3686 4593; baseline 0.001 -18"><span class='ocrx_word' id='word_1_900' title='bbox 1983 4536 2169 4593; x_wconf 90' lang='lat' dir='ltr'><strong><em>neque</em></strong></span> <span class='ocrx_word' id='word_1_901' title='bbox 2200 4528 2260 4577; x_wconf 86' lang='lat' dir='ltr'><strong><em>tu</em></strong></span> <span class='ocrx_word' id='word_1_902' title='bbox 2288 4540 2504 4592; x_wconf 91' lang='lat' dir='ltr'><strong><em>meum,</em></strong></span> <span class='ocrx_word' id='word_1_903' title='bbox 2537 4524 2693 4593; x_wconf 90' lang='lat' dir='ltr'><strong><em>quod</em></strong></span> <span class='ocrx_word' id='word_1_904' title='bbox 2724 4526 2793 4578; x_wconf 90' lang='lat' dir='ltr'><strong><em>de</em></strong></span> <span class='ocrx_word' id='word_1_905' title='bbox 2822 4523 2911 4578; x_wconf 90' lang='lat' dir='ltr'><strong><em>his</em></strong></span> <span class='ocrx_word' id='word_1_906' title='bbox 2939 4524 3108 4577; x_wconf 89' lang='lat' dir='ltr'><strong><em>rebus</em></strong></span> <span class='ocrx_word' id='word_1_907' title='bbox 3139 4538 3267 4592; x_wconf 67' lang='lat' dir='ltr'><strong><em>qua:</em></strong></span> <span class='ocrx_word' id='word_1_908' title='bbox 3297 4522 3624 4576; x_wconf 89' lang='lat' dir='ltr'><strong><em>sentiuntur</em></strong></span> <span class='ocrx_word' id='word_1_909' title='bbox 3653 4538 3686 4577; x_wconf 91' lang='lat' dir='ltr'><strong><em>a</em></strong></span> 
     </span>
    </p>
   </div>
   <div class='ocr_carea' id='block_1_110' title="bbox 1982 4610 3683 4684">
    <p class='ocr_par' dir='ltr' id='par_1_110' title="bbox 1982 4610 3683 4684">
     <span class='ocr_line' id='line_1_110' title="bbox 1982 4610 3683 4684; baseline 0 -20"><span class='ocrx_word' id='word_1_910' title='bbox 1982 4611 2148 4665; x_wconf 91' lang='lat' dir='ltr'><strong><em>nobis</em></strong></span> <span class='ocrx_word' id='word_1_911' title='bbox 2184 4628 2288 4682; x_wconf 90' lang='lat' dir='ltr'><strong><em>per</em></strong></span> <span class='ocrx_word' id='word_1_912' title='bbox 2328 4612 2577 4684; x_wconf 90' lang='lat' dir='ltr'><strong><em>corporis</em></strong></span> <span class='ocrx_word' id='word_1_913' title='bbox 2624 4628 2844 4679; x_wconf 91' lang='lat' dir='ltr'><strong><em>sensus,</em></strong></span> <span class='ocrx_word' id='word_1_914' title='bbox 2885 4612 2943 4666; x_wconf 91' lang='lat' dir='ltr'><strong><em>id</em></strong></span> <span class='ocrx_word' id='word_1_915' title='bbox 2973 4617 3057 4665; x_wconf 89' lang='lat' dir='ltr'><strong><em>est</em></strong></span> <span class='ocrx_word' id='word_1_916' title='bbox 3085 4611 3237 4682; x_wconf 91' lang='lat' dir='ltr'><strong><em>quod</em></strong></span> <span class='ocrx_word' id='word_1_917' title='bbox 3266 4610 3337 4665; x_wconf 91' lang='lat' dir='ltr'><strong><em>de</em></strong></span> <span class='ocrx_word' id='word_1_918' title='bbox 3366 4610 3683 4680; x_wconf 91' lang='lat' dir='ltr'><strong><em>corporali-</em></strong></span> 
     </span>
    </p>
   </div>
   <div class='ocr_carea' id='block_1_111' title="bbox 1982 4698 3684 4770">
    <p class='ocr_par' dir='ltr' id='par_1_111' title="bbox 1982 4698 3684 4770">
     <span class='ocr_line' id='line_1_111' title="bbox 1982 4698 3684 4770; baseline -0.001 -17"><span class='ocrx_word' id='word_1_919' title='bbox 1982 4698 2088 4753; x_wconf 90' lang='lat' dir='ltr'><strong><em>bus</em></strong></span> <span class='ocrx_word' id='word_1_920' title='bbox 2126 4700 2296 4754; x_wconf 89' lang='lat' dir='ltr'><strong><em>rebus</em></strong></span> <span class='ocrx_word' id='word_1_921' title='bbox 2332 4716 2449 4754; x_wconf 90' lang='lat' dir='ltr'><strong><em>non</em></strong></span> <span class='ocrx_word' id='word_1_922' title='bbox 2490 4716 2795 4770; x_wconf 91' lang='lat' dir='ltr'><strong><em>possumus</em></strong></span> <span class='ocrx_word' id='word_1_923' title='bbox 2825 4698 3035 4754; x_wconf 89' lang='lat' dir='ltr'><strong><em>sentire</em></strong></span> <span class='ocrx_word' id='word_1_924' title='bbox 3061 4699 3251 4766; x_wconf 90' lang='lat' dir='ltr'><strong><em>ambo,</em></strong></span> <span class='ocrx_word' id='word_1_925' title='bbox 3303 4699 3401 4754; x_wconf 92' lang='lat' dir='ltr'><strong><em>sed</em></strong></span> <span class='ocrx_word' id='word_1_926' title='bbox 3445 4698 3684 4770; x_wconf 88' lang='lat' dir='ltr'><strong><em>singuli,</em></strong></span> 
     </span>
    </p>
   </div>
   <div class='ocr_carea' id='block_1_112' title="bbox 1981 4787 3686 4858">
    <p class='ocr_par' dir='ltr' id='par_1_112' title="bbox 1981 4787 3686 4858">
     <span class='ocr_line' id='line_1_112' title="bbox 1981 4787 3686 4858; baseline -0.001 -16"><span class='ocrx_word' id='word_1_927' title='bbox 1981 4787 2093 4842; x_wconf 91' lang='lat' dir='ltr'><strong><em>nisi</em></strong></span> <span class='ocrx_word' id='word_1_928' title='bbox 2123 4788 2278 4858; x_wconf 91' lang='lat' dir='ltr'><strong><em>quod</em></strong></span> <span class='ocrx_word' id='word_1_929' title='bbox 2328 4787 2407 4841; x_wconf 91' lang='lat' dir='ltr'><strong><em>ita</em></strong></span> <span class='ocrx_word' id='word_1_930' title='bbox 2450 4788 2514 4842; x_wconf 80' lang='lat' dir='ltr'><strong><em>fit</em></strong></span> <span class='ocrx_word' id='word_1_931' title='bbox 2554 4794 2813 4843; x_wconf 89' lang='lat' dir='ltr'><strong><em>nostrum</em></strong></span> <span class='ocrx_word' id='word_1_932' title='bbox 2867 4792 2933 4841; x_wconf 91' lang='lat' dir='ltr'><strong><em>ut</em></strong></span> <span class='ocrx_word' id='word_1_933' title='bbox 2978 4787 3087 4841; x_wconf 91' lang='lat' dir='ltr'><strong><em>hoc</em></strong></span> <span class='ocrx_word' id='word_1_934' title='bbox 3125 4787 3187 4841; x_wconf 93' lang='lat' dir='ltr'><strong><em>in</em></strong></span> <span class='ocrx_word' id='word_1_935' title='bbox 3225 4804 3330 4842; x_wconf 91' lang='lat' dir='ltr'><strong><em>nos</em></strong></span> <span class='ocrx_word' id='word_1_936' title='bbox 3357 4792 3598 4855; x_wconf 89' lang='lat' dir='ltr'><strong><em>vertere,</em></strong></span> <span class='ocrx_word' id='word_1_937' title='bbox 3629 4791 3686 4844; x_wconf 90' lang='lat' dir='ltr'><strong><em>et</em></strong></span> 
     </span>
    </p>
   </div>
   <div class='ocr_carea' id='block_1_113' title="bbox 1984 4876 3683 4948">
    <p class='ocr_par' dir='ltr' id='par_1_113' title="bbox 1984 4876 3683 4948">
     <span class='ocr_line' id='line_1_113' title="bbox 1984 4876 3683 4948; baseline 0 -17"><span class='ocrx_word' id='word_1_938' title='bbox 1984 4882 2337 4931; x_wconf 86' lang='lat' dir='ltr'><strong><em>commutare</em></strong></span> <span class='ocrx_word' id='word_1_939' title='bbox 2382 4877 2688 4948; x_wconf 91' lang='lat' dir='ltr'><strong><em>possimus,</em></strong></span> <span class='ocrx_word' id='word_1_940' title='bbox 2718 4876 2884 4931; x_wconf 89' lang='lat' dir='ltr'><strong><em>sicuti</em></strong></span> <span class='ocrx_word' id='word_1_941' title='bbox 2914 4881 2997 4930; x_wconf 91' lang='lat' dir='ltr'><strong><em>est</em></strong></span> <span class='ocrx_word' id='word_1_942' title='bbox 3025 4876 3185 4931; x_wconf 91' lang='lat' dir='ltr'><strong><em>cibus</em></strong></span> <span class='ocrx_word' id='word_1_943' title='bbox 3214 4881 3271 4931; x_wconf 90' lang='lat' dir='ltr'><strong><em>et</em></strong></span> <span class='ocrx_word' id='word_1_944' title='bbox 3296 4882 3487 4947; x_wconf 89' lang='lat' dir='ltr'><strong><em>potus,</em></strong></span> <span class='ocrx_word' id='word_1_945' title='bbox 3520 4878 3683 4948; x_wconf 89' lang='lat' dir='ltr'><strong><em>cujus</em></strong></span> 
     </span>
    </p>
   </div>
   <div class='ocr_carea' id='block_1_114' title="bbox 1984 4966 3685 5037">
    <p class='ocr_par' dir='ltr' id='par_1_114' title="bbox 1984 4966 3685 5037">
     <span class='ocr_line' id='line_1_114' title="bbox 1984 4966 3685 5037; baseline -0.001 -17"><span class='ocrx_word' id='word_1_946' title='bbox 1984 4967 2203 5020; x_wconf 89' lang='lat' dir='ltr'><strong><em>nullam</em></strong></span> <span class='ocrx_word' id='word_1_947' title='bbox 2233 4970 2458 5037; x_wconf 89' lang='lat' dir='ltr'><strong><em>partem</em></strong></span> <span class='ocrx_word' id='word_1_948' title='bbox 2488 4982 2662 5037; x_wconf 91' lang='lat' dir='ltr'><strong><em>quam</em></strong></span> <span class='ocrx_word' id='word_1_949' title='bbox 2692 4981 2798 5036; x_wconf 90' lang='lat' dir='ltr'><strong><em>ego</em></strong></span> <span class='ocrx_word' id='word_1_950' title='bbox 2840 4981 3172 5037; x_wconf 89' lang='lat' dir='ltr'><strong><em>percepero,</em></strong></span> <span class='ocrx_word' id='word_1_951' title='bbox 3205 4970 3262 5021; x_wconf 85' lang='lat' dir='ltr'><strong><em>et</em></strong></span> <span class='ocrx_word' id='word_1_952' title='bbox 3284 4971 3349 5021; x_wconf 91' lang='lat' dir='ltr'><strong><em>tu</em></strong></span> <span class='ocrx_word' id='word_1_953' title='bbox 3390 4966 3685 5037; x_wconf 90' lang='lat' dir='ltr'><strong><em>percipere</em></strong></span> 
     </span>
    </p>
   </div>
   <div class='ocr_carea' id='block_1_115' title="bbox 1982 5054 3685 5126">
    <p class='ocr_par' dir='ltr' id='par_1_115' title="bbox 1982 5054 3685 5126">
     <span class='ocr_line' id='line_1_115' title="bbox 1982 5054 3685 5126; baseline 0 -18"><span class='ocrx_word' id='word_1_954' title='bbox 1982 5055 2199 5126; x_wconf 91' lang='lat' dir='ltr'><strong><em>poteris</em></strong></span> <span class='ocrx_word' id='word_1_955' title='bbox 2233 5071 2247 5108; x_wconf 88' lang='lat'><strong>:</strong></span> <span class='ocrx_word' id='word_1_956' title='bbox 2273 5056 2407 5126; x_wconf 91' lang='lat' dir='ltr'><strong><em>quia</em></strong></span> <span class='ocrx_word' id='word_1_957' title='bbox 2436 5059 2491 5110; x_wconf 92' lang='lat' dir='ltr'><strong><em>et</em></strong></span> <span class='ocrx_word' id='word_1_958' title='bbox 2518 5055 2565 5108; x_wconf 91' lang='lat' dir='ltr'><strong><em>si</em></strong></span> <span class='ocrx_word' id='word_1_959' title='bbox 2583 5056 2832 5110; x_wconf 88' lang='lat' dir='ltr'><strong><em>nutrices</em></strong></span> <span class='ocrx_word' id='word_1_960' title='bbox 2856 5054 3130 5109; x_wconf 90' lang='lat' dir='ltr'><strong><em>alimenta</em></strong></span> <span class='ocrx_word' id='word_1_961' title='bbox 3154 5071 3352 5109; x_wconf 90' lang='lat' dir='ltr'><strong><em>mansa</em></strong></span> <span class='ocrx_word' id='word_1_962' title='bbox 3371 5054 3685 5109; x_wconf 85' lang='lat' dir='ltr'><strong><em>infantibus</em></strong></span> 
     </span>
    </p>
   </div>
   <div class='ocr_carea' id='block_1_116' title="bbox 1982 5144 3684 5215">
    <p class='ocr_par' dir='ltr' id='par_1_116' title="bbox 1982 5144 3684 5215">
     <span class='ocr_line' id='line_1_116' title="bbox 1982 5144 3684 5215; baseline -0.002 -16"><span class='ocrx_word' id='word_1_963' title='bbox 1982 5144 2252 5211; x_wconf 83' lang='lat' dir='ltr'><strong><em>reddunt,</em></strong></span> <span class='ocrx_word' id='word_1_964' title='bbox 2282 5144 2425 5199; x_wconf 90' lang='lat' dir='ltr'><strong><em>illud</em></strong></span> <span class='ocrx_word' id='word_1_965' title='bbox 2454 5150 2646 5199; x_wconf 90' lang='lat' dir='ltr'><strong><em>tamen</em></strong></span> <span class='ocrx_word' id='word_1_966' title='bbox 2677 5144 2831 5215; x_wconf 91' lang='lat' dir='ltr'><strong><em>quod</em></strong></span> <span class='ocrx_word' id='word_1_967' title='bbox 2860 5145 2995 5199; x_wconf 90' lang='lat' dir='ltr'><strong><em>inde</em></strong></span> <span class='ocrx_word' id='word_1_968' title='bbox 3025 5150 3283 5215; x_wconf 89' lang='lat' dir='ltr'><strong><em>gustatus</em></strong></span> <span class='ocrx_word' id='word_1_969' title='bbox 3316 5144 3572 5213; x_wconf 89' lang='lat' dir='ltr'><strong><em>rapuerit</em></strong></span> <span class='ocrx_word' id='word_1_970' title='bbox 3599 5148 3684 5197; x_wconf 84' lang='lat' dir='ltr'><strong><em>at-</em></strong></span> 
     </span>
    </p>
   </div>
   <div class='ocr_carea' id='block_1_117' title="bbox 1982 5232 3682 5305">
    <p class='ocr_par' dir='ltr' id='par_1_117' title="bbox 1982 5232 3682 5305">
     <span class='ocr_line' id='line_1_117' title="bbox 1982 5232 3682 5305; baseline 0 -18"><span class='ocrx_word' id='word_1_971' title='bbox 1982 5249 2095 5305; x_wconf 91' lang='lat' dir='ltr'><strong><em>que</em></strong></span> <span class='ocrx_word' id='word_1_972' title='bbox 2138 5233 2200 5288; x_wconf 91' lang='lat' dir='ltr'><strong><em>in</em></strong></span> <span class='ocrx_word' id='word_1_973' title='bbox 2229 5234 2553 5289; x_wconf 90' lang='lat' dir='ltr'><strong><em>mandentis</em></strong></span> <span class='ocrx_word' id='word_1_974' title='bbox 2589 5234 2804 5289; x_wconf 88' lang='lat' dir='ltr'><strong><em>viscera</em></strong></span> <span class='ocrx_word' id='word_1_975' title='bbox 2833 5232 3286 5297; x_wconf 88' lang='lat' dir='ltr'><strong><em>commutaverit,</em></strong></span> <span class='ocrx_word' id='word_1_976' title='bbox 3320 5232 3479 5284; x_wconf 90' lang='lat' dir='ltr'><strong><em>nullo</em></strong></span> <span class='ocrx_word' id='word_1_977' title='bbox 3511 5232 3682 5287; x_wconf 92' lang='lat' dir='ltr'><strong><em>modo</em></strong></span> 
     </span>
    </p>
   </div>
   <div class='ocr_carea' id='block_1_118' title="bbox 1980 5308 3686 5393">
    <p class='ocr_par' dir='ltr' id='par_1_118' title="bbox 1980 5308 3686 5393">
     <span class='ocr_line' id='line_1_118' title="bbox 1980 5308 3686 5393; baseline -0.001 -17"><span class='ocrx_word' id='word_1_978' title='bbox 1980 5322 2236 5377; x_wconf 89' lang='lat' dir='ltr'><strong><em>revocari</em></strong></span> <span class='ocrx_word' id='word_1_979' title='bbox 2259 5308 2471 5393; x_wconf 88' lang='lat' dir='ltr'><strong><em>poterit</em></strong></span> <span class='ocrx_word' id='word_1_980' title='bbox 2489 5327 2555 5377; x_wconf 88' lang='lat' dir='ltr'><strong><em>ut</em></strong></span> <span class='ocrx_word' id='word_1_981' title='bbox 2583 5322 2646 5376; x_wconf 90' lang='lat' dir='ltr'><strong><em>in</em></strong></span> <span class='ocrx_word' id='word_1_982' title='bbox 2674 5339 2860 5378; x_wconf 88' lang='lat' dir='ltr'><strong><em>escam</em></strong></span> <span class='ocrx_word' id='word_1_983' title='bbox 2886 5322 3222 5378; x_wconf 89' lang='lat' dir='ltr'><strong><em>refundatur</em></strong></span> <span class='ocrx_word' id='word_1_984' title='bbox 3250 5318 3506 5374; x_wconf 87' lang='lat' dir='ltr'><strong><em>infantis.</em></strong></span> <span class='ocrx_word' id='word_1_985' title='bbox 3542 5320 3686 5375; x_wconf 90' lang='lat' dir='ltr'><strong><em>Gula</em></strong></span> 
     </span>
    </p>
   </div>
   <div class='ocr_carea' id='block_1_119' title="bbox 1981 5407 3688 5484">
    <p class='ocr_par' dir='ltr' id='par_1_119' title="bbox 1981 5407 3688 5484">
     <span class='ocr_line' id='line_1_119' title="bbox 1981 5407 3688 5484; baseline -0.001 -18"><span class='ocrx_word' id='word_1_986' title='bbox 1981 5411 2139 5466; x_wconf 90' lang='lat' dir='ltr'><strong><em>enim</em></strong></span> <span class='ocrx_word' id='word_1_987' title='bbox 2159 5428 2291 5467; x_wconf 91' lang='lat' dir='ltr'><strong><em>cum</em></strong></span> <span class='ocrx_word' id='word_1_988' title='bbox 2324 5412 2536 5484; x_wconf 89' lang='lat' dir='ltr'><strong><em>aliquid</em></strong></span> <span class='ocrx_word' id='word_1_989' title='bbox 2563 5413 2818 5484; x_wconf 91' lang='lat' dir='ltr'><strong><em>jucunde</em></strong></span> <span class='ocrx_word' id='word_1_990' title='bbox 2839 5412 3007 5482; x_wconf 90' lang='lat' dir='ltr'><strong><em>sapit,</em></strong></span> <span class='ocrx_word' id='word_1_991' title='bbox 3040 5408 3265 5464; x_wconf 89' lang='lat' dir='ltr'><strong><em>etiamsi</em></strong></span> <span class='ocrx_word' id='word_1_992' title='bbox 3295 5407 3581 5478; x_wconf 83' lang='lat' dir='ltr'><strong><em>exiguam,</em></strong></span> <span class='ocrx_word' id='word_1_993' title='bbox 3608 5414 3688 5465; x_wconf 88' lang='lat' dir='ltr'><strong><em>ta-</em></strong></span> 
     </span>
    </p>
   </div>
   <div class='ocr_carea' id='block_1_120' title="bbox 1981 5492 3689 5568">
    <p class='ocr_par' dir='ltr' id='par_1_120' title="bbox 1981 5492 3689 5568">
     <span class='ocr_line' id='line_1_120' title="bbox 1981 5492 3689 5568; baseline -0.002 -15"><span class='ocrx_word' id='word_1_994' title='bbox 1981 5512 2120 5553; x_wconf 88' lang='lat' dir='ltr'><strong><em>men</em></strong></span> <span class='ocrx_word' id='word_1_995' title='bbox 2147 5497 2580 5553; x_wconf 90' lang='lat' dir='ltr'><strong><em>irrevocabilem</em></strong></span> <span class='ocrx_word' id='word_1_996' title='bbox 2608 5502 2834 5568; x_wconf 90' lang='lat' dir='ltr'><strong><em>partem</em></strong></span> <span class='ocrx_word' id='word_1_997' title='bbox 2863 5495 2970 5550; x_wconf 91' lang='lat' dir='ltr'><strong><em>sibi</em></strong></span> <span class='ocrx_word' id='word_1_998' title='bbox 3004 5492 3278 5561; x_wconf 86' lang='lat' dir='ltr'><strong><em>vindicat,</em></strong></span> <span class='ocrx_word' id='word_1_999' title='bbox 3313 5496 3370 5546; x_wconf 88' lang='lat' dir='ltr'><strong><em>et</em></strong></span> <span class='ocrx_word' id='word_1_1000' title='bbox 3396 5492 3505 5547; x_wconf 89' lang='lat' dir='ltr'><strong><em>hoc</em></strong></span> <span class='ocrx_word' id='word_1_1001' title='bbox 3534 5493 3689 5564; x_wconf 87' lang='lat' dir='ltr'><strong><em>cogit</em></strong></span> 
     </span>
    </p>
   </div>
   <div class='ocr_carea' id='block_1_121' title="bbox 2050 5594 3686 5659">
    <p class='ocr_par' dir='ltr' id='par_1_121' title="bbox 2050 5594 3686 5659">
     <span class='ocr_line' id='line_1_121' title="bbox 2050 5594 3686 5659; baseline 0 -12"><span class='ocrx_word' id='word_1_1002' title='bbox 2050 5599 2067 5633; x_wconf 74' lang='grc' dir='ltr'><strong><em>ι</em></strong></span> <span class='ocrx_word' id='word_1_1003' title='bbox 2079 5598 2203 5649; x_wconf 89' lang='lat' dir='ltr'><strong><em>Tres</em></strong></span> <span class='ocrx_word' id='word_1_1004' title='bbox 2224 5600 2346 5650; x_wconf 86' lang='lat' dir='ltr'><strong><em>Mss.</em></strong></span> <span class='ocrx_word' id='word_1_1005' title='bbox 2360 5597 2999 5659; x_wconf 73' lang='lat' dir='ltr'><strong><em>assumatur.Moxque,et</em></strong></span> <span class='ocrx_word' id='word_1_1006' title='bbox 3013 5606 3049 5646; x_wconf 82' lang='grc' dir='ltr'>α</span> <span class='ocrx_word' id='word_1_1007' title='bbox 3066 5597 3115 5646; x_wconf 79' lang='lat' dir='ltr'><strong><em>te</em></strong></span> <span class='ocrx_word' id='word_1_1008' title='bbox 3128 5597 3265 5646; x_wconf 80' lang='lat' dir='ltr'><strong><em>totus</em></strong></span> <span class='ocrx_word' id='word_1_1009' title='bbox 3275 5594 3487 5647; x_wconf 71' lang='lat' dir='ltr'><strong><em>absumi</em></strong></span> <span class='ocrx_word' id='word_1_1010' title='bbox 3492 5598 3686 5659; x_wconf 78' lang='lat' dir='ltr'><strong><em>potest.</em></strong></span> 
     </span>
    </p>
   </div>
  </div>
