4074 6386
417 315 551 367 1251

413 435 546 492 ﬁeri
575 436 727 508 quod
752 438 976 490 natura:
1005 433 1258 506 corporis
1277 433 1537 488 convenit
1564 450 1578 488 :
1605 433 1759 505 quod
1792 433 1901 487 nisi
1931 432 2008 487 ita
2029 448 2112 486 es-

415 532 519 593 set,
552 525 746 579 nullus
775 528 1100 579 remaneret
1129 539 1296 594 sapor
1342 523 1403 577 in
1448 539 1545 578 ore
1587 527 1958 594 posteaquam
1987 523 2109 575 fue-

414 614 532 668 rint
561 630 759 668 mansa
789 613 886 667 illa
913 612 1136 667 reddita
1157 617 1328 683 atque
1362 612 1617 682 desputa.
1652 612 1811 676 Quod
1843 610 2013 664 etiam
2044 611 2113 664 de

421 703 568 758 aeris
609 702 869 774 partibus
916 705 1068 755 recte
1107 700 1216 754 dici
1262 704 1464 772 potest,
1515 716 1654 771 quas
1695 699 1926 753 naribus
1957 697 2114 752 duci-

415 807 543 847 mus
578 808 589 845 :
623 807 754 846 nam
785 789 1008 844 etiamsi
1040 789 1254 860 aliquid
1287 791 1430 858 aeris
1461 789 1616 860 quod
1645 805 1752 860 ego
1785 788 2108 848 reddidero,

421 879 606 951 possis
635 880 805 934 etiam
835 883 900 932 tu
948 879 1173 945 ducere,
1208 895 1323 932 non
1353 883 1544 931 tamen
1593 877 1805 948 poteris
1836 876 2009 931 etiam
2040 876 2111 930 ii-

417 967 538 1031 lud,
571 967 728 1038 quod
774 967 905 1022 inde
947 967 1007 1020 in
1059 966 1393 1021 alimentum
1432 981 1626 1020 meum
1671 965 1930 1032 cesserit;
1979 963 2114 1034 quia

421 1073 526 1111 nec
554 1056 718 1111 reddi
746 1060 950 1128 potest.
987 1057 1128 1110 Nam
1162 1055 1335 1109 etiam
1366 1055 1600 1109 naribus
1636 1054 1975 1108 alimentum
2008 1067 2113 1106 nos

419 1162 620 1217 capere
652 1145 861 1200 medici
891 1145 1095 1200 docent
1126 1160 1139 1199 :
1173 1144 1329 1216 quod
1375 1145 1712 1199 alimentum
1756 1147 1812 1197 et
1843 1140 2113 1213 spirando

418 1235 575 1290 solus
606 1234 817 1288 sentire
855 1249 1111 1304 possum,
1145 1238 1201 1287 et
1228 1233 1480 1288 reﬂando
1516 1233 1814 1287 restituere
1839 1247 1953 1285 non
1980 1245 2114 1300 pos-

420 1339 570 1392 sum,
599 1327 662 1376 ut
689 1323 789 1376 abs
818 1325 873 1376 te
905 1321 1078 1376 etiam
1110 1321 1344 1375 ductum
1375 1321 1609 1374 naribus
1639 1319 1933 1374 sentiatur.
1969 1319 2110 1372 Nam

416 1415 623 1466 caetera
650 1409 939 1464 sensibilia
963 1426 1092 1480 quas
1125 1409 1385 1480 quamvis
1414 1409 1744 1474 sentiamus,
1778 1423 1896 1461 non
1920 1411 2113 1460 tamen

417 1516 486 1554 ea
510 1499 806 1553 sentiendo
849 1499 912 1552 in
950 1503 1211 1552 nostrum
1242 1514 1444 1569 corpus
1490 1502 1758 1568 corrupta
1799 1501 2110 1565 mutamus,

415 1603 722 1660 possumus
752 1603 840 1656 ea,
871 1572 986 1641 sive
1019 1603 1130 1641 uno
1178 1590 1458 1657 tempore,
1512 1586 1626 1640 sive
1670 1585 1908 1656 singulis
1949 1583 2112 1637 vicis-

417 1677 523 1730 sim
579 1675 928 1746 temporibus
981 1675 1149 1729 ambo
1194 1675 1424 1741 sentire,
1475 1675 1620 1729 sicut
1665 1675 1752 1727 vel
1788 1678 1974 1728 totum
2023 1671 2111 1726 vel

413 1781 544 1838 pars
573 1764 694 1836 ipsa
723 1780 895 1835 quam
927 1763 1132 1826 sentio,
1166 1763 1263 1817 abs
1294 1768 1349 1818 te
1380 1763 1550 1818 etiam
1585 1763 1891 1828 sentiatur;
1917 1760 2108 1832 qualia

415 1858 569 1923 sunt,
615 1853 728 1906 sive
775 1853 892 1918 lux,
937 1853 1050 1906 sive
1082 1868 1274 1920 sonus,
1319 1852 1435 1906 sive
1479 1867 1720 1922 corpora
1765 1866 1893 1921 quae
1938 1849 2110 1903 attin-

413 1941 625 2013 gimus,
654 1956 769 1994 non
800 1943 994 1994 tamen
1019 1939 1302 1994 laedimus.
1343 1940 1418 1994 Ε.
1452 1938 1738 2005 Intelligo.
1779 1938 1850 1992 A.
1887 1936 2113 1992 Manife-

415 2034 564 2085 stum
597 2032 680 2083 est
709 2045 845 2099 ergo
877 2045 944 2082 ea
977 2043 1104 2099 quae
1124 2045 1239 2083 non
1258 2032 1679 2082 commutamus
1702 2030 1758 2080 et
1779 2030 1971 2080 tamen
1990 2041 2113 2079 sen-

411 2119 588 2174 timus
609 2117 866 2188 corporis
895 2118 1178 2183 sensibus,
1208 2121 1263 2171 et
1290 2133 1405 2171 non
1425 2116 1712 2187 pertinere
1743 2115 1812 2170 ad
1846 2119 2111 2168 naturam

413 2223 682 2262 sensuum
730 2210 1078 2271 nostrorum,
1127 2209 1184 2258 et
1227 2209 1528 2276 propterea
1574 2203 1756 2276 magis
1796 2203 1962 2257 nobis
1989 2218 2108 2258 esse

413 2295 760 2357 communia,
794 2293 930 2364 quia
969 2293 1029 2346 in
1066 2296 1330 2346 nostrum
1365 2291 1663 2364 proprium
1708 2295 1764 2345 et
1803 2290 1964 2362 quasi
1989 2290 2108 2362 pri-

413 2389 604 2440 vatum
632 2399 746 2437 non
774 2385 1077 2436 vertuntur
1105 2385 1275 2452 atque
1307 2385 1622 2435 mutantur.
1651 2381 1724 2434 E.
1764 2382 2000 2434 Prorsus
2025 2396 2109 2433 as-

414 2471 650 2527 sentior.
681 2473 757 2524 Α.
793 2468 1097 2539 Proprium
1131 2484 1266 2538 ergo
1295 2473 1351 2522 et
1392 2467 1556 2539 quasi
1584 2467 1868 2538 privatum
1894 2466 2111 2520 intelli-

415 2561 670 2632 gendum
719 2563 824 2627 est,
871 2557 1024 2628 quod
1063 2556 1375 2628 unicuique
1421 2560 1682 2610 nostrum
1723 2555 1826 2610 soli
1863 2559 1948 2608 est
1979 2554 2019 2618 ί,
2057 2559 2113 2609 et

415 2647 570 2720 quod
600 2647 658 2700 in
690 2661 748 2699 se
779 2645 932 2700 solus
972 2644 1161 2712 sentit,
1207 2645 1362 2716 quod
1392 2644 1464 2698 ad
1494 2660 1654 2698 suam
1686 2647 1948 2698 naturam
1975 2659 2110 2713 pro-

415 2737 542 2808 prie
573 2734 823 2806 pertinet
855 2750 867 2788 :
901 2749 1205 2788 commune
1251 2737 1443 2788 autem
1491 2737 1548 2787 et
1588 2732 1752 2804 quasi
1790 2731 2108 2803 publicum,

417 2824 572 2896 quod
621 2824 689 2878 ab
721 2822 986 2877 omnibus
1024 2821 1402 2877 sentientibus
1442 2821 1599 2875 nulla
1627 2819 1714 2875 sui
1743 2821 2111 2891 corruptione

413 2916 584 2983 atque
614 2911 1059 2966 commutatione
1085 2911 1346 2965 sentitur.
1381 2911 1455 2964 E.
1482 2911 1565 2964 Ita
1594 2915 1704 2964 est.

413 3002 636 3057 CAPUT
667 3002 808 3054 Vlll.
844 3031 909 3040 —-
940 3002 1291 3071 Numerorum
1337 3001 1481 3053 ratio
1508 3000 1656 3053 nullo
1685 2999 1925 3068 corporis
1953 3012 2111 3052 sensu

480 3093 802 3161 percipitur,
834 3107 868 3143 a
899 3091 1086 3158 quovis
1129 3091 1458 3156 intelligente
1492 3091 1747 3157 percepta
1790 3103 1901 3141 una
1947 3091 2025 3141 est
2061 3092 2110 3140 ct

483 3179 956 3233 incommutabilis.

483 3270 570 3322 20.
622 3268 696 3321 Α.
745 3269 884 3335 Age,
925 3281 1080 3319 nunc
1125 3265 1374 3331 attende,
1407 3267 1463 3318 et
1490 3263 1579 3318 dic
1608 3262 1767 3317 mihi
1797 3265 1989 3316 utrum
2018 3261 2108 3315 in-

411 3355 674 3412 veniatur
710 3353 927 3424 aliquid
975 3353 1130 3424 quod
1161 3369 1358 3406 omnes
1389 3351 1791 3405 ratiocinantes
1823 3367 1923 3404 sua
1953 3349 2109 3420 quis-

412 3461 524 3517 que
566 3445 786 3497 ratione
835 3446 1006 3513 atque
1055 3445 1247 3495 mente
1286 3438 1670 3494 communiter
1700 3438 1946 3504 videant,
1979 3453 2110 3491 cum

409 3532 551 3588 illud
582 3531 734 3602 quod
777 3529 1004 3584 videtur
1033 3533 1244 3600 prazsto
1285 3528 1357 3582 sit
1383 3527 1670 3597 omnibus,
1702 3542 1804 3580 nec
1842 3526 1903 3579 in
1940 3540 2110 3579 usum

411 3635 609 3676 eorum
661 3618 868 3689 quibus
929 3619 1140 3687 praesto
1198 3620 1284 3670 est
1335 3618 1736 3680 commutetur,
1808 3610 1973 3684 quasi
2024 3610 2109 3665 ci-

407 3710 514 3766 bus
556 3711 656 3762 aut
706 3706 884 3778 potio,
936 3705 1036 3759 sed
1082 3705 1481 3775 incorruptum
1523 3703 1929 3773 integrumque
1978 3715 2107 3771 per-

409 3799 657 3864 maneat,
725 3793 840 3848 sive
898 3793 983 3848 illi
1031 3793 1280 3861 videant,
1341 3793 1455 3846 sive
1501 3808 1621 3846 non
1669 3792 1902 3846 videant
1961 3806 1976 3843 :
2035 3807 2108 3843 an

407 3886 553 3940 forte
605 3883 747 3938 nihil
779 3881 1112 3952 huiusmodi
1142 3897 1262 3936 esse
1306 3881 1634 3935 arbitraris?
1661 3881 1738 3934 E.
1775 3881 1894 3934 Imo
1927 3879 2110 3933 multa

408 3989 528 4029 esse
567 3972 760 4038 video;
811 3989 840 4026 e
881 3971 1092 4042 quibus
1134 3986 1312 4024 unum
1358 3967 1796 4023 commemorari
1837 3967 1968 4022 satis
2000 3969 2104 4032 est,

407 4061 563 4134 quod
589 4061 733 4116 ratio
763 4064 821 4114 et
844 4059 1050 4113 veritas
1080 4059 1307 4113 numeri
1338 4057 1605 4112 omnibus
1630 4054 2108 4110 ratiocinantibus

405 4155 616 4221 praesto
661 4153 766 4214 est,
816 4153 882 4202 ut
921 4147 1108 4201 omnis
1152 4163 1276 4200 eam
1309 4150 1669 4216 computator
1713 4161 1815 4199 sua
1864 4143 2107 4215 quisque

407 4239 631 4292 ratione
660 4242 716 4290 et
743 4235 1125 4305 intelligentia
1147 4239 1383 4288 conetur
1404 4233 1864 4304 apprehendere;
1888 4237 1944 4286 et
1963 4233 2108 4286 alius

406 4327 464 4382 id
489 4325 729 4390 facilius,
781 4323 924 4376 alius
959 4321 1253 4376 difficilius
1302 4322 1515 4398 possit,
1544 4321 1687 4376 alius
1726 4319 1960 4375 omnino
1991 4336 2110 4374 non

405 4412 585 4483 possit
619 4429 631 4466 :
665 4427 795 4465 cum
842 4414 1035 4464 tamen
1077 4409 1203 4480 ipsa
1241 4410 1541 4480 aequaliter
1578 4409 1844 4463 omnibus
1874 4423 1931 4462 se
1957 4424 2106 4478 prae-

404 4501 537 4555 beat
579 4499 899 4555 valentibus
949 4515 1073 4554 eam
1118 4515 1349 4569 capere;
1403 4515 1508 4553 nec
1545 4515 1676 4552 cum
1707 4513 1834 4552 eam
1865 4497 2106 4568 quisque

405 4589 670 4661 percipit,
695 4590 754 4644 in
794 4589 883 4644 sui
911 4589 1264 4661 perceptoris
1296 4589 1459 4658 quasi
1486 4587 1823 4642 alimentum
1853 4591 2108 4640 vertatur

406 4683 577 4750 atque
621 4683 903 4746 mutetur;
954 4695 1055 4734 nec
1084 4695 1214 4733 cum
1244 4678 1304 4731 in
1335 4694 1402 4732 ea
1432 4677 1675 4748 quisque
1716 4675 1953 4742 fallitur,
1984 4675 2109 4745 ipsa

405 4767 650 4831 deﬁciat,
701 4767 797 4821 sed
846 4784 912 4821 ea
948 4784 1081 4821 vera
1129 4772 1184 4821 et
1215 4767 1440 4836 integra
1469 4770 1865 4836 permanente,
1903 4764 1999 4818 ille
2047 4763 2106 4818 in

406 4870 600 4909 errore
626 4853 700 4908 sit
729 4859 888 4908 tanto
921 4855 1188 4924 amplius,
1220 4859 1436 4925 quanto
1467 4854 1661 4908 minus
1691 4869 1818 4907 eam
1847 4852 2019 4907 videt.

474 4946 564 4998 2t.
614 4944 686 4999 Α.
739 4944 906 4997 Recte
936 4960 1098 5009 sane;
1146 4945 1243 4998 sed
1281 4944 1446 4998 video
1477 4947 1532 4997 te
1561 4948 1834 5014 tanquam
1864 4956 1979 4995 non
2009 4956 2105 4994 ru-

404 5036 536 5090 dem
584 5034 790 5088 harum
834 5047 1027 5085 rerum
1076 5031 1187 5084 cito
1226 5032 1511 5085 invenisse
1544 5032 1699 5101 quod
1729 5031 1945 5085 diceres
1975 5046 1988 5084 :
2021 5034 2105 5084 ta-

404 5141 558 5190 men,
615 5123 662 5176 si
711 5121 818 5176 tibi
873 5119 1077 5190 aliquis
1127 5119 1339 5174 diceret
1390 5135 1661 5174 numeros
1706 5119 1845 5174 istos
1876 5135 1992 5173 non
2037 5134 2105 5172 ex

404 5213 596 5284 aliqua
643 5227 746 5266 sua
787 5213 1010 5271 natura,
1063 5208 1162 5262 sed
1192 5225 1259 5261 ex
1290 5209 1358 5261 iis
1389 5209 1561 5262 rebus
1590 5224 1732 5279 quas
1773 5224 1944 5262 sensu
1979 5223 2102 5261 cor-

402 5302 560 5373 poris
588 5299 942 5370 attingimus,
980 5299 1287 5368 impressos
1327 5313 1447 5350 esse
1477 5297 1671 5350 animo
1713 5301 1911 5351 nostro
1941 5295 2104 5367 quasi

403 5389 680 5460 quasdam
727 5387 1010 5458 imagines
1050 5401 1412 5458 quocumque
1458 5385 1797 5453 visibilium;
1840 5385 1978 5456 quid
2006 5400 2103 5439 re-

466 5517 482 5550 ί
513 5513 637 5563 Bad.
669 5514 755 5562 Er.
785 5517 837 5562 et
855 5514 978 5563 Mss.
1010 5510 1292 5570 sexdecim,
1313 5507 1446 5572 quod
1464 5511 1827 5572 unusquisque
1848 5510 2102 5560 nostrum

399 5593 494 5642 sibi
520 5597 612 5642 est.

1515 310 1609 364 DE
1648 305 1910 364 LIBERO
1948 306 2305 373 ARBITRIO,
2350 306 2402 363 S.
2447 306 2826 364 AUGUSTINI

3815 311 3942 362 125?

2222 433 2575 504 sponderes?
2617 449 2691 487 an
2737 435 2798 487 tu
2850 448 3078 504 quoque
3123 433 3182 487 id
3211 433 3421 504 putas?
3453 436 3516 490 E.
3555 434 3737 489 Nullo
3770 434 3944 488 modo

2227 523 2285 576 id
2331 523 2650 593 putaverim
2702 539 2714 576 :
2775 539 2891 577 non
2933 523 3086 577 enim
3132 522 3179 576 si
3209 539 3376 577 sensu
3408 524 3672 594 corporis
3704 524 3946 594 percepi

2223 627 2513 677 numeros,
2560 611 2769 665 idcirco
2815 612 2986 665 etiam
3030 611 3312 665 rationem
3361 613 3697 682 partitionis
3733 628 3944 666 nume-

2221 714 2419 753 rorum
2466 699 2552 752 vel
2593 699 2972 769 copulationis
3003 715 3172 754 sensu
3202 700 3456 770 corporis
3492 701 3808 772 percipere
3845 717 3947 771 po-

2221 787 2325 842 tui.
2363 790 2475 842 ilac
2503 788 2657 842 enim
2699 789 2821 842 luce
2869 788 3077 842 mentis
3120 788 3318 844 refello
3353 805 3508 856 eum,
3543 790 3825 861 quisquis
3860 792 3944 844 vel

2219 875 2281 930 in
2329 876 2591 930 addendo
2621 876 2708 930 vel
2739 876 2798 930 in
2845 877 3184 931 retrahendo
3215 878 3353 931 dum
3391 883 3696 948 computat
3726 878 3942 932 falsam

2223 980 2507 1019 summam
2551 964 2983 1020 renuntiaverit.
3033 967 3095 1020 Et
3143 966 3425 1037 quidquid
3464 982 3638 1020 sensu
3671 967 3945 1037 corporis

2222 1055 2418 1124 tango,
2463 1053 2639 1107 veluti
2684 1058 2770 1108 est
2808 1054 2915 1108 hoc
2945 1054 3158 1108 coelum
3197 1058 3253 1108 et
3296 1055 3420 1108 haac
3466 1058 3644 1122 terra,
3681 1060 3740 1109 et
3774 1071 3942 1126 quaa-

2221 1157 2466 1212 cumque
2509 1141 2570 1196 in
2619 1141 2698 1196 eis
2729 1141 2841 1195 alia
2883 1158 3125 1213 corpora
3171 1141 3375 1210 sentio,
3409 1142 3693 1214 quamdiu
3737 1143 3948 1197 futura

2223 1229 2336 1284 sint
2379 1230 2571 1284 nescio
2625 1247 2638 1285 :
2675 1236 2895 1302 septem
2943 1236 3135 1285 autem
3183 1235 3241 1285 et
3286 1231 3396 1284 tria
3437 1232 3636 1286 decem
3679 1237 3854 1297 sunt;
3892 1237 3950 1287 et

2221 1335 2336 1373 non
2366 1321 2548 1374 solum
2571 1335 2743 1384 nunc,
2765 1320 2858 1374 sed
2890 1319 3062 1374 etiam
3094 1335 3352 1389 semper;
3383 1336 3572 1392 neque
3599 1320 3723 1374 ullo
3758 1321 3947 1376 modo

2221 1407 2529 1479 aliquando
2559 1413 2774 1479 septem
2821 1413 2880 1462 et
2906 1408 3017 1462 tria
3058 1424 3178 1462 non
3207 1409 3442 1463 fuerunt
3473 1409 3812 1475 decem,aut
3842 1410 3948 1464 ali-

2221 1497 2448 1568 quando
2484 1501 2701 1567 septem
2733 1501 2787 1551 et
2816 1497 2924 1551 tria
2953 1513 3069 1551 non
3100 1502 3269 1552 erunt
3313 1497 3530 1553 decem.
3582 1499 3740 1553 Hanc
3795 1515 3942 1569 ergo

2219 1585 2715 1656 incorruptibilem
2744 1586 2969 1640 numeri
2999 1585 3298 1641 veritatem
3330 1589 3370 1654 ¹,
3402 1585 3518 1642 dixi
3549 1587 3698 1641 mihi
3724 1591 3784 1642 et
3814 1588 3941 1641 cui-

2221 1675 2362 1730 libet
2389 1674 2759 1729 ratiocinanti
2784 1691 2903 1728 esse
2935 1691 3324 1731 communem.

2291 1764 2378 1816 22.
2409 1762 2482 1816 A.
2538 1763 2658 1818 Non
2690 1763 2888 1818 resisto
2919 1764 3024 1818 tibi
3063 1764 3357 1818 verissima
3387 1769 3444 1818 et
3485 1764 3813 1820 certissima
3841 1782 3946 1820 re-

2220 1851 2546 1921 spondenti.
2571 1852 2677 1907 Sed
2707 1851 2864 1922 ipsos
2892 1869 3120 1924 quoque
3149 1869 3420 1908 numeros
3450 1869 3568 1908 non
3597 1870 3704 1925 per
3733 1871 3947 1926 corpo-

2219 1939 2298 1993 ris
2343 1955 2544 1994 sensus
2585 1944 2845 1994 attractos
2888 1957 3010 1996 esse
3053 1941 3216 1995 facile
3248 1940 3485 2008 videbis,
3514 1941 3562 1995 si
3588 1941 3946 2012 cogitaveris

2220 2029 2534 2099 quemlibet
2566 2046 2870 2083 numerum
2900 2034 2987 2084 tot
3014 2029 3203 2084 vocari
3232 2029 3458 2100 quoties
3488 2046 3676 2085 unum
3705 2031 3939 2087 habue-

2222 2117 2296 2171 rit
2355 2135 2369 2172 :
2421 2119 2579 2172 verbi
2637 2118 2837 2189 gratia,
2897 2118 2945 2171 si
2988 2117 3073 2172 bis
3123 2118 3389 2172 habuerit
3431 2134 3637 2188 unum,
3683 2119 3803 2173 duo
3836 2137 3943 2173 vo-

2221 2210 2451 2272 cantur;
2513 2207 2561 2260 si
2617 2211 2724 2274 ter,
2786 2206 2928 2273 tria;
2981 2211 3038 2260 et
3094 2205 3140 2260 si
3188 2206 3375 2260 decies
3439 2223 3624 2260 unum
3687 2208 3938 2275 habent,

2219 2298 2356 2349 tunc
2429 2299 2705 2350 vocantur
2768 2295 2964 2350 decem
3025 2311 3039 2348 :
3095 2299 3152 2349 et
3217 2295 3460 2366 quilibet
3513 2295 3754 2350 omnino
3818 2313 3935 2351 nu-

2221 2398 2413 2437 merus
2473 2383 2698 2454 quoties
2752 2383 2924 2437 habet
2979 2398 3183 2450 unum,
3232 2383 3366 2436 hinc
3411 2383 3497 2437 illi
3552 2400 3765 2438 nomen
3815 2390 3932 2453 est,

2222 2477 2278 2526 et
2306 2476 2389 2527 tot
2425 2474 2761 2543 appellatur.
2799 2475 2985 2527 Unum
3031 2487 3164 2526 vero
3206 2471 3468 2543 quisquis
3496 2473 3798 2528 verissime
3835 2490 3938 2528 co-

2220 2560 2384 2631 gitat,
2434 2561 2686 2631 profecto
2732 2561 2948 2616 invenit
2993 2561 3247 2632 corporis
3297 2562 3556 2616 sensibus
3602 2578 3720 2616 non
3760 2579 3938 2634 posse

2222 2649 2438 2703 sentiri.
2497 2648 2787 2720 Quidquid
2845 2649 3000 2703 enim
3047 2648 3148 2703 tali
3201 2664 3372 2703 sensu
3417 2649 3742 2720 attingitur,
3797 2651 3928 2720 jam

2220 2753 2336 2792 non
2387 2753 2592 2808 unum,
2657 2738 2755 2792 sed
2808 2738 2992 2791 multa
3046 2753 3168 2791 esse
3218 2737 3581 2792 convincitur
3640 2754 3654 2791 :
3713 2754 3933 2810 corpus

2221 2832 2307 2882 est
2350 2826 2524 2893 enim,
2565 2830 2622 2880 et
2676 2825 2804 2880 ideo
2854 2826 3026 2880 habet
3072 2825 3522 2880 innumerabiles
3570 2831 3786 2898 partes.
3821 2827 3934 2882 Sed

2219 2919 2286 2969 ut
2334 2915 2585 2969 minutas
2633 2931 2888 2986 quasque
2934 2914 3240 2985 minusque
3279 2915 3604 2970 articulatas
3640 2932 3757 2969 non
3793 2932 3931 2987 per-

2221 3020 2447 3074 sequar,
2519 3005 3112 3075 quantulumcumque
3164 3004 3305 3057 illud
3359 3004 3764 3074 corpusculum
3834 3006 3930 3071 sit,

2219 3093 2390 3147 habet
2419 3097 2569 3147 certe
2609 3093 2778 3146 aliam
2811 3098 3030 3164 partem
3062 3092 3556 3158 dexteram,aliam
3587 3092 3888 3148 sinistram
3914 3112 3929 3160 ;

2219 3181 2391 3235 aliam
2432 3182 2805 3252 superiorem,
2848 3181 3018 3235 aliam
3050 3180 3410 3248 inferiorem;
3445 3185 3541 3234 aut
3568 3180 3740 3234 aliam
3773 3183 3927 3236 ulte-

2219 3269 2449 3337 riorem,
2497 3270 2669 3324 aliam
2721 3251 3074 3336 citeriorem;
3134 3273 3234 3323 aut
3289 3269 3428 3323 alias
3473 3269 3695 3334 finales,
3748 3269 3931 3324 aliam

2219 3359 2504 3413 mediam:
2534 3359 2656 3412 haec
2685 3359 2839 3412 enim
2859 3374 3086 3413 necesse
3112 3362 3196 3412 est
3227 3358 3543 3428 quamlibet
3570 3358 3780 3429 exiguo
3809 3375 3934 3413 cor-

2219 3446 2372 3518 poris
2417 3447 2648 3500 modulo
2694 3446 2874 3501 inesse
2922 3447 3234 3513 fateamur;
3270 3452 3328 3500 et
3356 3451 3663 3517 propterea
3694 3448 3930 3502 nullum

2219 3551 2423 3606 corpus
2450 3551 2581 3589 vere
2611 3549 2870 3606 pureque
2918 3551 3095 3589 unum
3138 3551 3257 3588 esse
3288 3535 3673 3601 concedimus,
3710 3536 3774 3590 in
3808 3553 3928 3608 quo

2217 3630 2414 3680 tamen
2467 3640 2582 3678 non
2632 3627 2865 3694 possent
2905 3627 3021 3678 tam
3066 3625 3248 3678 multa
3291 3624 3583 3678 numerari
3627 3624 3740 3677 nisi
3767 3625 3927 3679 illius

2217 3714 2390 3770 unius
2419 3713 2745 3785 cognitione
2773 3713 3034 3769 discreta.
3068 3714 3209 3767 Cum
3238 3712 3394 3768 enim
3423 3729 3620 3785 quaero
3654 3730 3842 3770 unum
3865 3715 3927 3769 in

2218 3819 2475 3873 corpore,
2506 3807 2562 3856 et
2591 3818 2682 3856 me
2720 3818 2840 3856 non
2868 3802 3124 3856 invenire
3153 3819 3271 3855 non
3302 3802 3520 3866 dubito,
3556 3803 3691 3855 novi
3718 3803 3929 3874 utique

2219 3892 2358 3964 quid
2387 3892 2469 3946 ibi
2499 3907 2773 3963 quaeram,
2807 3894 2863 3945 et
2905 3891 3042 3961 quid
3088 3890 3167 3944 ibi
3216 3907 3335 3944 non
3373 3891 3686 3957 inveniam,
3719 3897 3781 3946 et
3806 3909 3928 3946 non

2216 3996 2384 4051 posse
2422 3980 2688 4043 inveniri,
2735 3980 2823 4033 vel
2869 3979 3060 4050 potius
3091 3978 3329 4032 omnino
3363 3978 3441 4032 ibi
3481 3994 3594 4032 non
3636 3994 3780 4033 esse.
3817 3980 3929 4034 Ubi

2221 4085 2359 4139 ergo
2392 4069 2524 4122 novi
2553 4068 2706 4139 quod
2737 4083 2853 4122 non
2884 4071 2969 4121 est
2992 4083 3199 4138 corpus
3227 4083 3431 4131 unum,
3461 4067 3600 4137 quid
3635 4067 3711 4121 sit
3739 4084 3927 4123 unum

2216 4157 2348 4211 novi
2381 4173 2395 4211 :
2437 4173 2620 4211 unum
2650 4156 2801 4210 enim
2833 4155 2880 4209 si
2912 4172 3027 4209 non
3079 4172 3328 4220 nossem,
3375 4156 3558 4209 multa
3589 4155 3650 4208 in
3681 4171 3926 4226 corpore

2217 4260 2520 4298 numerare
2595 4260 2712 4297 non
2768 4259 3016 4313 possem.
3079 4243 3432 4313 Ubicumque
3487 4247 3681 4296 autem
3739 4259 3928 4297 unum

2215 4333 2498 4400 noverim,
2566 4348 2684 4386 non
2750 4332 2949 4403 utique
3007 4347 3111 4402 per
3160 4331 3414 4402 corporis
3475 4347 3712 4386 sensum
3761 4333 3926 4398 novi;

2216 4422 2352 4494 quia
2405 4438 2510 4493 per
2561 4420 2814 4492 corporis
2865 4437 3096 4474 sensum
3151 4437 3267 4474 non
3334 4421 3467 4474 novi
3531 4420 3640 4473 nisi
3689 4436 3924 4490 corpus,

2217 4509 2369 4580 quod
2418 4525 2549 4563 vere
2606 4525 2864 4579 pureque
2911 4525 3095 4564 unum
3148 4525 3266 4562 non
3324 4524 3445 4562 esse
3506 4508 3923 4563 convincimus.

2215 4600 2393 4652 Porro
2423 4597 2471 4651 si
2501 4614 2683 4651 unum
2726 4613 2843 4652 non
2887 4598 3247 4668 percepimus
3276 4597 3534 4668 corporis
3563 4613 3756 4662 sensu,
3793 4598 3926 4652 nul-

2215 4688 2337 4742 lum
2365 4702 2672 4742 numerum
2704 4704 2771 4742 eo
2802 4703 2969 4741 sensu
2992 4686 3375 4757 percepimus,
3402 4702 3604 4740 eorum
3635 4685 3925 4740 duntaxat

2215 4791 2591 4831 numerorum
2624 4792 2764 4848 quos
2794 4774 3173 4844 intelligentia
3201 4773 3516 4828 cernimus.
3537 4774 3740 4828 Nullus
3766 4774 3927 4830 enim

2217 4871 2301 4920 est
2329 4883 2396 4919 ex
2429 4865 2519 4929 iis,
2552 4865 2651 4937 qui
2682 4881 2797 4919 non
2826 4868 2910 4918 tot
2938 4867 3191 4930 vocetur,
3239 4861 3464 4932 quoties
3507 4861 3680 4916 habet
3709 4879 3920 4930 unum,

2216 4956 2379 5026 cujus
2431 4955 2722 5026 perceptio
2762 4952 3017 5023 corporis
3071 4967 3242 5005 sensu
3297 4968 3413 5006 non
3468 4953 3552 5007 ﬁt.
3601 4953 3930 5022 Cujuslibet

2215 5043 2372 5098 enim
2402 5042 2720 5115 corpusculi
2749 5057 2881 5112 pars
2908 5039 3148 5094 dimidia
3195 5041 3424 5112 quantis
3453 5040 3679 5094 duabus
3729 5046 3921 5096 totum

2213 5136 2454 5198 constat,
2490 5131 2660 5186 habet
2693 5134 2748 5184 et
2774 5129 2898 5200 ipsa
2937 5128 3232 5184 dimidiam
3267 5145 3447 5184 suam.
3498 5127 3587 5182 Sic
3616 5144 3757 5198 ergo
3789 5135 3927 5184 sunt

2212 5221 2325 5274 illm
2375 5219 2503 5273 dum
2546 5224 2734 5290 partes
2776 5218 2835 5272 in
2867 5234 3123 5288 corpore,
3173 5222 3239 5272 ut
3265 5233 3369 5272 nec
3407 5217 3543 5287 ipsae
3575 5216 3926 5287 simpliciter

2212 5308 2339 5363 dua:
2371 5308 2508 5362 sint.
2550 5309 2830 5361 Numerus
2862 5313 3053 5361 autem
3083 5307 3179 5360 ille
3219 5307 3317 5377 qui
3346 5310 3578 5359 vocatur
3605 5305 3742 5372 duo,
3777 5322 3921 5376 quo-

2212 5397 2371 5452 niam
2403 5395 2490 5451 bis
2520 5395 2693 5450 habet
2724 5396 2865 5451 illud
2893 5395 3048 5468 quod
3079 5395 3412 5466 simpliciter
3429 5410 3611 5449 unum
3645 5399 3752 5460 est,
3786 5411 3923 5465 pars

2278 5523 2294 5556 ¹
2322 5523 2383 5570 In
2415 5517 2800 5583 antiquioribus
2818 5518 3064 5569 editionis
3084 5522 3136 5567 et
3150 5531 3340 5567 novem
3361 5517 3734 5574 Mss.,nu«meri
3759 5520 3922 5568 natu-

2213 5596 2352 5635 ram.
