4074 6370
168 317 306 368 1⁶ὶὸ3

162 436 286 506 ejus
307 434 562 502 dimidia,
580 434 638 490 id
660 437 743 488 est
770 433 1113 505 illudipsum
1141 436 1296 507 quod
1315 435 1655 507 simpliciter
1677 453 1859 492 unum

161 530 269 591 est,
304 542 420 579 non
451 529 638 596 potest
684 539 880 579 rursus
925 526 1135 580 habere
1180 526 1477 582 dimidiam
1521 532 1745 598 partem
1773 529 1860 581 vel

158 613 411 680 tertiam,
445 612 532 666 vel
586 612 980 683 quotamlibet,
1035 613 1309 684 quoniam
1358 614 1596 684 simplex
1635 619 1690 668 et
1733 631 1862 668 vere

161 715 348 753 unum
382 704 486 754 est.

234 792 322 843 ‘23.
360 789 571 843 Deinde
594 789 869 859 quoniam
891 794 1154 844 tenentes
1183 790 1442 846 ordinem
1467 808 1860 858 numerorum,

160 883 294 948 post
325 894 503 931 unum
534 878 644 932 duo
685 878 962 946 videmus,
994 879 1092 950 qui
1123 895 1394 934 numerus
1424 882 1495 935 ad
1527 898 1707 936 unum
1748 883 1862 935 col-

159 965 332 1028 latus,
364 966 570 1036 duplus
618 965 936 1021 invenitur:
1001 967 1211 1037 duplus
1243 970 1486 1048 duorum
1519 986 1636 1024 non
1666 986 1861 1024 conse-

161 1058 408 1125 quenter
447 1053 798 1124 adjungitur,
840 1055 938 1108 sed
971 1055 1307 1126 interposito
1339 1059 1589 1112 ternario
1629 1063 1864 1128 quater-

158 1143 358 1196 narius
387 1142 663 1214 sequitur,
695 1143 795 1214 qui
827 1143 1034 1215 duplus
1062 1150 1148 1199 est
1176 1146 1438 1202 duorum.
1478 1148 1540 1200 Et
1571 1148 1692 1201 ilch
1718 1147 1862 1202 ratio

158 1248 264 1302 per
285 1248 485 1286 omnes
532 1236 766 1286 caeteros
798 1249 1071 1288 numeros
1097 1234 1411 1289 certissima
1453 1241 1508 1290 et
1541 1236 1862 1291 incommu-

156 1321 323 1375 tabili
354 1322 478 1392 lege
509 1321 889 1392 pertenditur,
947 1327 1010 1377 ut
1062 1327 1192 1393 post
1237 1340 1439 1393 unum,
1496 1325 1554 1378 id
1601 1329 1684 1378 est
1738 1328 1865 1396 post

156 1410 416 1481 primum
438 1409 697 1464 omnium
720 1427 1117 1478 numerorum,
1140 1411 1263 1482 ipso
1288 1417 1522 1483 excepto
1552 1414 1770 1484 primus
1792 1413 1864 1466 sit

157 1499 262 1569 qui
294 1499 538 1569 duplum
570 1500 692 1570 ejus
735 1499 943 1566 habet;
1005 1501 1117 1556 duo
1166 1500 1319 1555 enim
1358 1507 1696 1573 sequuntur.
1731 1503 1864 1556 Post

155 1587 474 1642 secundum
503 1591 715 1655 autem,
770 1587 828 1642 id
859 1594 943 1642 est
975 1593 1101 1660 post
1132 1589 1268 1657 duo,
1317 1589 1443 1660 ipso
1492 1596 1726 1661 excepto
1768 1607 1859 1646 se-

155 1676 379 1730 cundus
426 1675 499 1730 sit
537 1676 636 1747 qui
683 1677 924 1746 duplum
972 1678 1095 1748 ejus
1125 1679 1333 1732 habet:
1377 1683 1508 1749 post
1552 1679 1666 1733 duo
1706 1678 1861 1732 enim

152 1763 378 1836 primus
409 1768 493 1818 est
520 1765 821 1832 ternarius,
857 1765 1140 1819 secundus
1184 1767 1611 1836 quaternarius,
1651 1766 1860 1838 duplus

156 1851 411 1907 secundi.
437 1853 572 1906 POSt
600 1851 855 1920 tertium,
882 1851 940 1907 id
976 1857 1062 1908 est
1100 1853 1441 1921 ternarium,
1475 1855 1597 1926 ipso
1623 1859 1860 1925 excepto

156 1941 361 1996 tertius
392 1940 465 1995 sit
497 1940 596 2012 qui
625 1941 832 2011 duplus
865 1946 949 1996 est
987 1943 1137 2012 ejus:
1171 1948 1300 2014 post
1328 1944 1563 1998 tertium
1600 1944 1776 2014 enim,
1800 1944 1860 1999 id

159 2034 244 2083 est
267 2032 398 2100 post
425 2030 744 2084 ternarium
757 2029 976 2100 primus
1008 2035 1091 2084 est
1121 2031 1544 2101 quaternarius,
1577 2033 1859 2088 secundus

159 2118 478 2189 quinarius,
507 2118 709 2173 tertius
740 2119 1019 2186 senarius,
1055 2120 1154 2190 qui
1181 2121 1389 2191 duplus
1420 2125 1504 2174 est
1540 2122 1721 2178 tertii.
1759 2125 1857 2176 At-

157 2223 270 2278 que
291 2207 370 2261 ita
398 2212 528 2278 post
556 2213 846 2279 quartum,
874 2209 997 2278 ipso
1041 2214 1273 2280 excepto
1295 2214 1534 2281 quartus
1554 2211 1727 2265 habet
1753 2213 1856 2266 du-

156 2297 320 2366 plum
352 2296 474 2367 ejus
500 2313 512 2351 :
540 2301 669 2367 post
699 2303 966 2367 quartum
1008 2297 1182 2366 enim,
1223 2298 1283 2353 id
1309 2303 1396 2352 est
1426 2299 1860 2370 quaternarium

158 2385 381 2455 primus
412 2389 496 2439 est
551 2385 868 2456 quinarius,
899 2387 1176 2440 secundus
1224 2388 1502 2456 senarius,
1532 2389 1734 2443 tertius
1781 2407 1861 2444 se-

157 2474 476 2544 ptenarius,
507 2480 744 2545 quartus
777 2476 1119 2544 octonarius,
1151 2476 1252 2548 qui
1280 2477 1485 2548 duplex
1516 2482 1602 2532 est
1647 2479 1855 2550 quarti.

157 2563 344 2632 Atque
373 2563 452 2616 ita
506 2579 609 2632 per
653 2579 850 2617 omnes
907 2569 1138 2618 cateros
1181 2566 1429 2635 reperies
1459 2567 1565 2621 hoc
1595 2568 1746 2638 quod
1799 2567 1859 2621 in

157 2650 560 2722 primacopula
580 2668 975 2720 numerorum,
998 2653 1056 2708 id
1079 2658 1163 2707 est
1185 2670 1300 2708 uno
1332 2660 1389 2709 et
1409 2655 1632 2710 duobus
1662 2655 1858 2710 inven-

156 2743 282 2792 tum
314 2744 417 2805 est,
446 2743 510 2793 ut
531 2745 740 2810 quotus
770 2741 1015 2812 quisque
1040 2758 1314 2796 numerus
1339 2747 1425 2796 est
1455 2743 1523 2796 ab
1555 2742 1680 2812 ipso
1708 2743 1862 2813 prin-

154 2827 324 2899 cipio,
356 2832 506 2882 totus
537 2835 667 2899 post
697 2830 858 2883 illum
893 2830 1188 2900 sitduplus
1212 2831 1361 2901 ejus.
1398 2833 1516 2886 Hoc
1532 2848 1669 2902 ergo
1703 2832 1858 2902 quod

154 2933 260 2987 per
290 2933 488 2972 omnes
511 2934 781 2971 numeros
813 2934 932 2972 esse
956 2918 1271 2986 immobile,
1317 2919 1552 2974 ﬁrmum
1593 2921 1858 2975 incorru-

153 3010 434 3077 ptumque
474 3007 875 3077 conspicimus,
909 3007 1062 3061 unde
1091 3008 1511 3078 conspicimus?
1546 3011 1672 3064 Non
1703 3009 1858 3064 enim

154 3095 309 3148 nllus
340 3095 456 3148 ullo
514 3111 681 3149 sensu
729 3096 984 3165 corporis
1034 3113 1231 3151 omnes
1287 3114 1559 3152 numeros
1589 3099 1854 3170 attingit;

155 3183 609 3238 innumerabiles
655 3185 810 3239 enim
842 3189 1011 3240 sunt:
1068 3187 1222 3241 unde
1267 3203 1403 3258 ergo
1445 3187 1709 3242 novimus
1755 3204 1858 3259 per

158 3289 360 3327 omnes
383 3273 492 3328 hoc
512 3289 652 3340 esse,
669 3278 766 3327 aut
779 3290 892 3346 qua
904 3275 1204 3345 phantasia
1217 3277 1304 3330 vel
1332 3277 1728 3347 phantasmate
1741 3282 1859 3332 tam

157 3367 312 3417 certa
339 3361 544 3416 veritas
573 3363 800 3418 numeri
826 3381 927 3434 per
954 3365 1396 3420 innumerabilia
1428 3370 1546 3419 tam
1587 3366 1853 3430 ﬁdenter,

154 3450 267 3504 nisi
305 3450 365 3505 in
405 3450 530 3504 luce
577 3451 846 3506 interiore
892 3452 1258 3524 conspicitur,
1315 3469 1489 3524 quam
1545 3453 1855 3524 corporalis

154 3555 354 3593 sensus
379 3539 606 3609 ignorat
628 3539 656 3592 ‘I

227 3630 316 3682 24.
353 3628 449 3682 His
478 3632 536 3682 et
565 3628 775 3683 talibus
807 3629 1002 3683 multis
1051 3629 1410 3684 documentis
1461 3634 1748 3701 coguntur
1775 3631 1856 3684 fa-

154 3716 283 3785 teri,
317 3715 524 3788 quibus
554 3716 972 3788 disputantibus
1012 3719 1163 3772 Deus
1193 3719 1420 3772 donavit
1449 3719 1772 3789 ingenium,
1804 3723 1859 3773 et

153 3805 468 3876 pertinacia
513 3806 821 3876 caliginum
865 3823 980 3861 non
1039 3806 1290 3875 obducit,
1325 3807 1608 3861 rationem
1659 3806 1858 3859 verita-

153 3898 388 3964 temque
418 3910 819 3961 numerorum,
853 3899 910 3948 et
939 3895 1008 3948 ad
1038 3911 1236 3949 sensus
1286 3894 1539 3966 corporis
1572 3911 1687 3948 non
1728 3910 1856 3964 per-

151 3983 359 4049 tinere,
423 3988 478 4036 et
525 3983 908 4038 invertibilem
970 3983 1364 4055 sinceramque
1415 3983 1749 4053 consistere,
1804 3989 1859 4037 et

154 4071 423 4126 omnibus
452 4072 926 4127 ratiocinantibus
957 4074 1027 4127 ad
1086 4073 1396 4127 videndum
1436 4090 1556 4127 esse
1599 4089 1856 4127 commu-

153 4177 310 4216 nem.
364 4161 724 4231 Quapropter
773 4178 903 4215 cum
941 4163 1122 4215 multa
1151 4163 1261 4216 alia
1290 4162 1510 4233 possint
1539 4177 1857 4231 occurrere,

154 4266 286 4321 quin
313 4250 674 4303 comnuniter
700 4254 756 4303 et
783 4253 1053 4321 tanquam
1104 4251 1329 4321 publice
1361 4256 1572 4321 praesto
1601 4255 1734 4304 sunt
1763 4267 1858 4304 ra-

151 4338 584 4404 tiocinantibus,
618 4343 675 4392 et
700 4339 769 4393 ab
797 4338 877 4392 eis
905 4339 1207 4394 videantur
1229 4344 1419 4394 mente
1440 4344 1612 4410 atque
1635 4338 1858 4393 ratione

155 4427 516 4498 singulorum
535 4444 896 4498 quorumque
919 4429 1294 4491 cernentium,
1319 4445 1498 4499 eaque
1515 4428 1783 4482 inviolata
1803 4435 1860 4482 et

153 4515 648 4570 incommutabilis
668 4516 952 4570 'maneant
977 4534 991 4583 ;
1023 4534 1140 4571 non
1172 4522 1367 4571 tamen
1395 4517 1606 4570 invitus
1633 4532 1860 4586 accepe-

154 4604 265 4658 rim
297 4605 450 4675 quod
481 4606 587 4659 ista
613 4605 760 4659 ratio
784 4610 838 4659 et.
874 4605 1077 4660 veritas
1107 4605 1338 4659 numeri
1363 4605 1468 4658 tibi
1498 4602 1857 4676 potissimum

154 4694 484 4761 occurrerit,
517 4711 647 4748 cum
677 4695 750 4749 ad
780 4694 839 4748 id
871 4695 1024 4766 quod
1078 4695 1586 4765 interrogaveram,
1618 4710 1856 4764 respon-

152 4783 286 4837 dere
345 4781 652 4837 voluisses:
687 4799 800 4836 non
850 4782 1005 4837 enim
1061 4783 1270 4836 frustra
1321 4783 1383 4835 in
1440 4782 1647 4836 sanctis
1679 4783 1856 4837 Libris

153 4869 449 4942 sapientize
503 4872 843 4941 conjunctus
889 4876 975 4926 est
1025 4888 1321 4934 numerus,
1355 4871 1454 4925 ubi
1494 4871 1707 4925 dictum
1736 4877 1856 4926 est:

154 4960 402 5017 Circa-ivi
421 4975 512 5027 ego
533 4965 582 5014 et
609 4975 705 5016 cor
733 4976 922 5017 meum
949 4958 992 5028 ⁸,
1025 4967 1092 5016 ut
1121 4964 1332 5025 scirem,
1358 4965 1407 5015 et
1434 4960 1854 5016 considerarem.

152 5054 204 5105 et
236 5065 529 5118 quaererem
559 5052 916 5119 sapientiam,
963 5056 1014 5105 et
1060 5065 1364 5106 numerum
1389 5051 1583 5120 (Eccle.
1616 5065 1708 5115 vn,
1741 5049 1854 5118 26).

153 5139 382 5192 CAPUT
412 5139 500 5194 IX.
534 5168 600 5178 —
631 5138 774 5204 Quid
816 5141 1114 5208 sapientia,
1153 5143 1268 5193 sine
1320 5155 1433 5210 qua
1461 5153 1611 5192 nemo
1647 5137 1855 5204 beatus,

467 5243 538 5281 an
570 5243 684 5283 una
724 5226 802 5281 sit
819 5228 877 5280 in
901 5228 1158 5282 omnibus
1181 5229 1544 5297 sapientibus.

224 5319 312 5370 25.
345 5317 772 5384 Verumtamen,
808 5331 1000 5386 quasso
1026 5321 1101 5382 te,
1135 5317 1275 5388 quid
1305 5319 1373 5372 de
1423 5317 1545 5388 ipsa
1584 5314 1862 5387 sapientia

219 5407 234 5438 ¹
265 5405 326 5452 1n
339 5403 491 5460 Edd.,
507 5407 561 5453 et
581 5404 839 5453 inclinavi
859 5416 1160 5453 cormeum.
1174 5405 1240 5452 At
1262 5407 1408 5454 abest
1421 5404 1681 5454 inclinavi
1694 5418 1724 5451 a
1736 5405 1856 5452 Mss.

153 5479 252 5530 nec
272 5480 380 5514 non
398 5480 428 5513 a
454 5479 625 5530 grasco
649 5466 932 5529 Scriptura:
957 5470 1123 5526 textu,
1136 5467 1288 5529 juxta
1311 5482 1467 5530 quem
1489 5466 1859 5530 postealegere

153 5529 287 5578 solet
303 5529 651 5592 Augustinus,
672 5528 988 5592 sapientiam
1007 5533 1060 5592 et
1075 5528 1371 5579 numerum
1393 5545 1406 5590 ;
1435 5528 1539 5592 quo
1559 5528 1715 5577 modo
1734 5528 1860 5592 legit

152 5592 312 5640 etiam
339 5590 648 5640 Ambrosius
677 5590 889 5640 in‘libro
924 5591 988 5640 de
1014 5591 1158 5640 Bono
1188 5592 1391 5652 Mortis,
1416 5590 1530 5656 cap.
1558 5593 1608 5640 7.

1567 313 1780 370 LIBER
1820 313 2206 371 SECUNDUS.

3540 323 3676 374 1254

1969 440 2137 507 putas
2164 435 2605 491 existimandum
2623 438 2652 490 ?
2681 434 2944 507 Singulas
2976 452 3233 507 quasque
3277 453 3406 493 suas
3436 439 3674 495 arbitra-

1971 525 2048 578 ris
2075 525 2330 594 singulos
2361 541 2619 595 quosque
2673 525 2935 578 homines
2964 524 3178 579 habere
3210 526 3518 595 sapientias
3539 530 3567 582 ?
3597 545 3670 582 an

1970 630 2103 668 vero
2139 629 2309 667 unam
2335 619 2542 682 praesto
2571 630 2688 668 esse
2718 613 3104 668 communiter
3161 614 3451 683 omnibus,
3512 618 3675 687 cujus

1972 709 2188 777 quanto
2220 703 2403 774 magis
2437 705 2678 775 quisque
2711 705 2778 758 ﬁt
2806 705 3111 777 particeps,
3143 710 3300 760 tanto
3331 712 3414 760 est
3445 707 3672 777 sapien-

1969 795 2123 848 tior?
2149 797 2214 847 E.
2250 794 2431 857 Quam
2463 793 2614 846 dicas
2643 794 2982 862 sapientiam
3032 795 3289 849 nondum
3321 795 3470 862 scio;
3505 797 3670 850 video

1972 883 2185 954 quippe
2216 882 2368 935 varie
2393 881 2573 936 videri
2598 881 2947 950 hominibus,
2966 883 3104 953 quid
3133 883 3234 937 ﬁat
3265 884 3558 938 dicaturve
3582 902 3666 938 sa-

1971 972 2238 1043 pienter:
2278 975 2501 1025 namet
2547 969 2647 1040 qui
2700 971 2971 1039 militant,
3004 972 3290 1042 sapienter
3328 973 3436 1027 sibi
3485 973 3672 1028 facere

1971 1061 2240 1115 videntur
2265 1081 2279 1126 ;
2310 1065 2365 1114 et
2393 1059 2494 1130 qui
2520 1062 2848 1129 contempta
2875 1058 3081 1113 militia
3109 1061 3345 1115 colendo
3403 1078 3542 1131 agro
3574 1077 3674 1117 cu-

1971 1166 2094 1204 ram
2129 1154 2293 1220 atque
2336 1164 2570 1218 operam
2613 1147 2977 1217 impendunt,
3023 1147 3130 1201 hoc
3176 1149 3368 1217 potius
3414 1151 3670 1217 laudant,

1972 1238 2348 1308 tribuuntque
2380 1236 2711 1308 sapientias;
2745 1240 2802 1289 et
2831 1235 2931 1306 qui
2983 1235 3156 1290 astuti
3187 1243 3320 1290 sunt
3346 1239 3418 1292 ad
3457 1239 3675 1311 excogi-

1971 1327 2176 1382 tandos
2221 1326 2419 1381 modos
2461 1324 2868 1396 conquirendae
2916 1324 3194 1394 pecunias,
3255 1325 3360 1378 sibi
3411 1327 3677 1382 videntur

1972 1431 2094 1470 esse
2125 1414 2408 1484 sapientes
2435 1433 2451 1481 ;
2488 1418 2545 1467 et
2575 1413 2675 1484 qui
2704 1414 2824 1467 haec
2856 1413 3052 1466 omnia
3083 1413 3387 1483 negligunt
3414 1417 3500 1468 vel
3533 1416 3674 1486 abji-

1971 1503 2148 1569 cinnt,
2167 1507 2491 1574 etquaeque
2520 1507 2653 1556 sunt
2685 1502 3018 1572 hujusmodi
3041 1503 3385 1572 temporalia
3415 1507 3470 1557 et
3489 1508 3675 1558 totum

1973 1592 2227 1647 studium
2257 1608 2427 1647 suum
2449 1592 2520 1646 ad
2543 1590 3039 1661 investigationem
3065 1591 3372 1645 conferunt
3402 1593 3680 1663 veritatis,

1969 1685 2033 1736 ut
2063 1679 2401 1752 semetipsos
2423 1682 2717 1750 Deumque
2731 1683 3098 1750 cognoscant,
3127 1695 3403 1750 magnum
3426 1680 3532 1735 hoc
3554 1697 3675 1736 esse

1966 1770 2260 1842 sapientiae
2282 1786 2491 1824 munus
2507 1768 2803 1840 judicent;
2839 1773 2896 1822 et
2921 1768 3020 1838 qui
3052 1767 3186 1822 huic
3219 1768 3336 1822 otio
3370 1770 3674 1839 quaerendi

1970 1863 2025 1913 et
2056 1857 2482 1929 contemplandi
2515 1857 2633 1912 veri
2658 1857 2866 1911 nolunt
2894 1873 2951 1909 se
2983 1856 3209 1922 dedere,
3242 1857 3341 1910 sed
3368 1857 3561 1928 potius
3592 1860 3675 1913 la-

1967 1947 2374 2002 boriosissimis
2394 1947 2544 2000 curis
2575 1950 2632 2000 et
2662 1944 2864 2000 ofﬁciis
2885 1949 3084 2015 agunt,
3119 1949 3178 1998 ut
3197 1945 3524 1999 hominibus
3537 1963 3674 2001 con-

1969 2037 2174 2101 sulant,
2211 2040 2265 2090 et
2293 2036 2355 2089 in
2385 2051 2580 2089 rerum
2602 2035 2989 2088 humanarum
3013 2033 3166 2104 juste
3191 2034 3676 2092 moderandarum

1969 2128 2024 2179 et
2071 2125 2577 2195 gubernandarum
2635 2123 2857 2177 actione
2910 2127 3226 2191 versantur,
3278 2123 3564 2193 sapientes
3614 2141 3672 2178 se

1967 2230 2086 2268 esse
2115 2213 2501 2280 arbitrantur;
2536 2217 2594 2267 et
2631 2213 2729 2283 qui
2753 2216 3060 2282 utrumque
3113 2212 3319 2265 horum
3350 2219 3549 2282 agunt,
3611 2218 3670 2268 et

1968 2303 2177 2374 partim
2207 2301 2405 2356 vivunt
2434 2301 2494 2355 in
2523 2299 3008 2371 contemplatione
3051 2300 3323 2366 veritatis,
3355 2301 3567 2371 partim
3608 2301 3670 2356 in

1969 2391 2266 2445 laboribus
2293 2389 2579 2457 ofﬁciosis,
2609 2406 2752 2461 quos
2773 2389 3040 2442 humanas
3070 2389 3325 2442 societati
3349 2389 3546 2444 deberi
3562 2407 3670 2462 pu-

1967 2482 2112 2545 tant,
2148 2479 2255 2533 sibi
2287 2481 2539 2550 palmam
2571 2477 2866 2549 sapientia:
2903 2482 3097 2532 tenere
3125 2477 3406 2533 videntur.
3459 2479 3674 2534 Omitto

1969 2566 2421 2621 innumerabiles
2452 2570 2644 2627 sectas,
2678 2581 2923 2636 quarum
2956 2565 3113 2618 nulla
3142 2569 3229 2618 est
3275 2581 3404 2636 quas
3434 2582 3550 2619 non
3597 2583 3676 2621 se-

1972 2659 2213 2708 ctatores
2244 2671 2375 2708 suos
2405 2670 2751 2724 praeponens
2807 2652 3046 2719 caeteris,
3083 2669 3178 2706 eos
3208 2654 3358 2706 solos
3388 2654 3520 2708 velit
3549 2671 3673 2709 esse

1969 2743 2271 2814 sapientes.
2305 2743 2691 2807 Quamobrem
2717 2758 2847 2795 cum
2877 2741 2932 2795 id
2962 2758 3112 2794 nunc
3139 2746 3344 2811 agatur
3373 2741 3523 2796 inter
3546 2759 3671 2810 nos,

1968 2837 2035 2887 ut
2063 2849 2176 2886 non
2209 2831 2658 2903 quidcredamus
2689 2831 3153 2902 respondendum
3181 2831 3273 2900 sit,
3306 2831 3403 2885 sed
3431 2832 3570 2901 quid
3591 2832 3674 2887 di-

1967 2921 2156 2975 lucida
2185 2920 2569 2990 intelligentia
2593 2925 2909 2981 teneamus,
2941 2919 3098 2972 nullo
3152 2919 3324 2972 modo
3375 2920 3446 2974 ad
3474 2920 3534 2974 id
3565 2920 3672 2975 tibi

1969 3010 2123 3082 quod
2154 3009 2518 3080 interrogasti
2561 3009 2903 3079 respondere
2953 3011 3172 3078 potero,
3217 3008 3329 3062 nisi
3361 3009 3515 3078 quod
3550 3025 3670 3064 cre-

1968 3099 2151 3154 dendo
2183 3104 2372 3166 teneo,
2398 3098 2837 3169 contemplando
2859 3097 3030 3151 etiam
3055 3100 3110 3151 et
3132 3097 3354 3152 ratione
3383 3099 3670 3154 cernendo

1969 3189 2250 3256 noverim,
2281 3205 2410 3260 quae
2442 3188 2513 3242 sit
2549 3187 2674 3258 ipsa
2703 3185 3003 3257 sapientia.

2039 3282 2126 3333 26.
2159 3279 2231 3332 A.
2267 3279 2415 3331 Num
2441 3276 2613 3330 aliam
2655 3280 2824 3346 putas
2867 3290 2986 3328 esse
3017 3273 3356 3344 sapientiam
3385 3274 3494 3329 nisi
3523 3275 3670 3331 veri-

1968 3371 2164 3432 tatem,
2199 3366 2260 3420 in
2290 3382 2402 3436 qua
2424 3365 2675 3419 cernitur
2715 3369 2772 3418 et
2799 3368 3024 3418 tenetur
3053 3379 3346 3417 summum
3394 3364 3616 3419 bonum
3637 3367 3666 3419 ?

1971 3457 2112 3510 Nam
2134 3455 2218 3509 illi
2248 3471 2446 3508 omnes
2467 3470 2610 3525 quos
2635 3451 3094 3506 commemorasti
3119 3451 3340 3506 diversa
3369 3457 3670 3521 sectantes,

1967 3543 2185 3597 bonum
2211 3546 2508 3612 appetunt,
2543 3545 2598 3594 et
2639 3541 2857 3594 malum
2903 3539 3170 3610 fugiunt;
3213 3540 3310 3593 sed
3354 3546 3665 3611 propterea

1970 3631 2193 3686 diversa
2222 3634 2528 3696 sectantur,
2586 3628 2740 3698 quod
2789 3627 2945 3681 aliud
3003 3626 3100 3679 alii
3150 3626 3374 3681 videtur
3428 3629 3666 3684 bonum.

1969 3719 2236 3789 Quisquis
2274 3734 2411 3787 ergo
2442 3716 2659 3787 appetit
2714 3715 2868 3786 quod
2921 3715 3306 3785 appetendum
3360 3732 3478 3770 non
3523 3723 3665 3781 erat,

1967 3806 2194 3861 tametsi
2225 3805 2283 3860 id
2319 3821 2436 3859 non
2467 3809 2762 3875 appeteret
2791 3803 2900 3857 nisi
2931 3803 2983 3856 ei
3016 3803 3302 3858 videretur
3330 3804 3669 3872 bonum,er-

1965 3900 2053 3950 rat
2081 3902 2293 3950 tamen.
2328 3895 2524 3948 Errare
2559 3897 2750 3946 autem
2777 3908 2963 3962 neque
3011 3892 3107 3945 ille
3155 3897 3347 3962 potest
3377 3893 3477 3963 qui
3519 3893 3665 3948 nihil

1968 3985 2208 4055 appetit,
2239 4000 2426 4054 neque
2458 3981 2553 4036 ille
2596 3981 2697 4052 qui
2722 3982 2829 4035 hoc
2860 3981 3078 4051 appetit
3106 3983 3257 4051 quod
3297 3981 3465 4035 debet
3495 3997 3668 4053 appe-

1966 4080 2108 4128 tere.
2162 4075 2226 4126 In
2278 4076 2557 4143 quantum
2613 4069 2789 4140 igitur
2843 4086 3041 4124 omnes
3087 4069 3351 4124 homines
3384 4075 3668 4141 appetunt

1965 4163 2140 4218 vitam
2170 4163 2415 4229 beatam,
2450 4175 2565 4214 non
2615 4163 2825 4214 errant.
2859 4159 2924 4212 In
2953 4163 3232 4228 quantum
3265 4163 3460 4212 autem
3514 4160 3665 4230 quis-

1968 4268 2078 4324 que
2115 4267 2232 4304 non
2263 4266 2388 4304 eam
2401 4254 2558 4303 tenet
2585 4248 2716 4302 vitae
2745 4247 2895 4301 viam
2927 4262 3055 4317 quas
3084 4245 3241 4300 ducit
3269 4246 3339 4300 ad
3369 4246 3672 4302 beatitudi-

1967 4357 2122 4406 nem,
2154 4357 2285 4394 cum
2311 4355 2369 4393 se
2403 4339 2667 4404 fateatur,
2683 4342 2738 4390 et
2753 4337 3092 4406 proﬁteatur
3121 4335 3274 4389 nolle
3303 4335 3415 4389 nisi
3435 4335 3506 4389 ad
3533 4336 3668 4390 bea-

1966 4429 2270 4484 titudinem
2300 4427 2616 4500 pervenire,
2649 4426 2710 4479 in
2735 4429 2959 4480 tantum
2999 4429 3168 4478 errat.
3196 4425 3364 4478 Error
3394 4428 3481 4479 est
3511 4425 3665 4478 enim

1966 4535 2097 4573 cum
2111 4517 2407 4588 sequimur
2423 4515 2639 4585 aliquid
2653 4515 2807 4584 quod
2824 4530 2940 4567 non
2967 4513 3036 4567 ad
3059 4512 3118 4566 id
3159 4512 3314 4566 ducit
3344 4529 3459 4583 quo
3501 4515 3673 4568 volu-

1967 4623 2093 4660 mus
2122 4605 2440 4676 pervenire.
2478 4605 2544 4657 Et
2570 4607 2784 4675 quanto
2817 4602 2996 4672 magis
3027 4601 3086 4654 in
3119 4600 3206 4654 via
3258 4601 3388 4655 vitae
3420 4601 3548 4672 quis
3578 4618 3669 4658 er-

1966 4700 2070 4761 rat,
2107 4699 2263 4748 tanto
2292 4693 2484 4748 minus
2515 4691 2680 4762 sapit.
2715 4692 2895 4744 Tanto
2933 4689 3086 4742 enim
3117 4687 3301 4759 magis
3330 4689 3499 4760 longe
3531 4695 3617 4744 est
3637 4707 3672 4745 a

1964 4784 2219 4845 veritate,
2252 4783 2312 4836 in
2343 4798 2455 4853 qua
2485 4779 2738 4834 cernitur
2765 4783 2822 4832 et
2846 4782 3076 4832 tenetur
3105 4792 3395 4832 summum
3426 4781 3666 4836 bonum.

1965 4872 2201 4926 Summo
2233 4875 2425 4923 autem
2449 4867 2604 4921 bono
2635 4870 2890 4919 assecuto
2917 4869 2975 4918 et
3005 4863 3232 4934 adepto,
3283 4865 3484 4919 beatus
3512 4866 3668 4937 quis-

1967 4976 2077 5031 que
2099 4959 2194 5025 ﬁt;
2227 4957 2381 5027 quod
2428 4972 2626 5009 omnes
2686 4953 2808 5008 sine
2853 4953 3241 5008 controversia
3269 4955 3554 5010 volumus.
3596 4956 3666 5009 Ut

1966 5066 2103 5119 ergo
2134 5051 2354 5102 constat
2407 5061 2510 5099 nos
2566 5045 2763 5098 beatos
2820 5058 2938 5096 esse
2970 5043 3134 5113 velle,
3183 5043 3260 5096 ita
3316 5060 3420 5097 nos
3450 5047 3670 5097 constat

1965 5139 2109 5192 velle
2139 5153 2259 5190 esse
2287 5134 2568 5206 sapientes
2594 5149 2606 5199 ;
2642 5131 2778 5204 quia
2807 5148 2976 5186 nemo
2988 5132 3130 5209 .sine
3161 5131 3440 5202 sapientia
3465 5131 3666 5185 beatus

1967 5233 2070 5283 est.
2103 5227 2279 5281 Nemo
2309 5224 2462 5278 enim
2493 5223 2694 5277 beatus
2744 5226 2848 5288 est,
2898 5220 3008 5274 nisi
3038 5237 3260 5274 summo
3290 5221 3462 5285 bono,
3507 5221 3663 5290 quod

1965 5317 2027 5372 ni
2058 5332 2124 5370 ea
2153 5315 2409 5382 veritate,
2431 5321 2606 5384 quam
2638 5310 2978 5382 sapientiam
3009 5324 3293 5372 vocamus,
3329 5307 3582 5361 cernitur
3611 5313 3667 5363 et

1968 5407 2218 5457 tenetur.
2258 5402 2411 5457 Sicut
2442 5418 2577 5472 ergo
2629 5405 2936 5471 antequam
2970 5398 3118 5452 beati
3151 5397 3346 5461 simus,
3377 5397 3664 5451 mentibus

1967 5495 2161 5546 tamen
2191 5491 2398 5544 nostris
2422 5490 2701 5560 impressa
2730 5493 2814 5542 est
2839 5485 2996 5541 notio
3027 5483 3344 5550 beatitatis;
3377 5501 3484 5555 per
3517 5485 3664 5540 hanc

1968 5579 2124 5636 enim
2152 5579 2382 5647 scimus,
2418 5578 2799 5650 ﬁdenterque,
2831 5579 2888 5630 et
2915 5574 3036 5628 sine
3063 5573 3178 5628 ulla
3196 5572 3550 5631 dubitatione
3579 5575 3664 5631 di-
