  <div class='ocr_page' id='page_1' title='image "/cluster/home/n/w/nwhite01/storage/ocr_20150623/32/umn.31951002477326y/639.png"; bbox 0 0 4074 6378; ppageno 0'>
   <div class='ocr_carea' id='block_1_1' title="bbox 437 281 569 335">
    <p class='ocr_par' dir='ltr' id='par_1_1' title="bbox 437 281 569 335">
     <span class='ocr_line' id='line_1_1' title="bbox 437 281 569 335; baseline 0.008 -1"><span class='ocrx_word' id='word_1_1' title='bbox 437 281 569 335; x_wconf 81' lang='grc'><strong>1255</strong></span> 
     </span>
    </p>
   </div>
   <div class='ocr_carea' id='block_1_2' title="bbox 428 388 2121 461">
    <p class='ocr_par' dir='ltr' id='par_1_2' title="bbox 428 388 2121 461">
     <span class='ocr_line' id='line_1_2' title="bbox 428 388 2121 461; baseline -0.006 -6"><span class='ocrx_word' id='word_1_2' title='bbox 428 399 610 455; x_wconf 86' lang='lat' dir='ltr'><strong>cimus</strong></span> <span class='ocrx_word' id='word_1_3' title='bbox 633 396 833 452; x_wconf 87' lang='lat' dir='ltr'><strong>beatos</strong></span> <span class='ocrx_word' id='word_1_4' title='bbox 859 408 965 448; x_wconf 89' lang='lat' dir='ltr'><strong>nos</strong></span> <span class='ocrx_word' id='word_1_5' title='bbox 995 406 1116 448; x_wconf 89' lang='lat' dir='ltr'><strong>esse</strong></span> <span class='ocrx_word' id='word_1_6' title='bbox 1139 389 1284 445; x_wconf 89' lang='lat' dir='ltr'><strong>velle</strong></span> <span class='ocrx_word' id='word_1_7' title='bbox 1317 405 1331 444; x_wconf 91' lang='lat'><strong>:</strong></span> <span class='ocrx_word' id='word_1_8' title='bbox 1361 389 1442 444; x_wconf 88' lang='lat' dir='ltr'><strong>ita</strong></span> <span class='ocrx_word' id='word_1_9' title='bbox 1470 388 1645 444; x_wconf 88' lang='lat' dir='ltr'><strong>etiam</strong></span> <span class='ocrx_word' id='word_1_10' title='bbox 1669 388 2006 461; x_wconf 84' lang='lat' dir='ltr'><strong>priusquam</strong></span> <span class='ocrx_word' id='word_1_11' title='bbox 2035 408 2121 446; x_wconf 88' lang='lat' dir='ltr'><strong>sa-</strong></span> 
     </span>
    </p>
   </div>
   <div class='ocr_carea' id='block_1_3' title="bbox 431 477 2126 561">
    <p class='ocr_par' dir='ltr' id='par_1_3' title="bbox 431 477 2126 561">
     <span class='ocr_line' id='line_1_3' title="bbox 431 477 2126 561; baseline -0.005 -18"><span class='ocrx_word' id='word_1_12' title='bbox 431 488 656 561; x_wconf 84' lang='lat' dir='ltr'><strong>pientes</strong></span> <span class='ocrx_word' id='word_1_13' title='bbox 687 483 883 552; x_wconf 90' lang='lat' dir='ltr'><strong>simus,</strong></span> <span class='ocrx_word' id='word_1_14' title='bbox 913 481 1205 554; x_wconf 58' lang='lat' dir='ltr'><strong>sapientiai</strong></span> <span class='ocrx_word' id='word_1_15' title='bbox 1233 478 1527 534; x_wconf 91' lang='lat' dir='ltr'><strong>notionem</strong></span> <span class='ocrx_word' id='word_1_16' title='bbox 1556 477 1616 532; x_wconf 92' lang='lat' dir='ltr'><strong>in</strong></span> <span class='ocrx_word' id='word_1_17' title='bbox 1628 482 1819 534; x_wconf 85' lang='lat' dir='ltr'><strong>mente</strong></span> <span class='ocrx_word' id='word_1_18' title='bbox 1849 480 2126 535; x_wconf 87' lang='lat' dir='ltr'><strong>habemus</strong></span> 
     </span>
    </p>
   </div>
   <div class='ocr_carea' id='block_1_4' title="bbox 435 569 2124 648">
    <p class='ocr_par' dir='ltr' id='par_1_4' title="bbox 435 569 2124 648">
     <span class='ocr_line' id='line_1_4' title="bbox 435 569 2124 648; baseline -0.005 -15"><span class='ocrx_word' id='word_1_19' title='bbox 435 578 792 648; x_wconf 84' lang='lat' dir='ltr'><strong>impressam,</strong></span> <span class='ocrx_word' id='word_1_20' title='bbox 827 589 930 644; x_wconf 90' lang='lat' dir='ltr'><strong>per</strong></span> <span class='ocrx_word' id='word_1_21' title='bbox 960 588 1132 644; x_wconf 87' lang='lat' dir='ltr'><strong>quam</strong></span> <span class='ocrx_word' id='word_1_22' title='bbox 1155 569 1544 640; x_wconf 89' lang='lat' dir='ltr'><strong>unusquisque</strong></span> <span class='ocrx_word' id='word_1_23' title='bbox 1575 573 1831 623; x_wconf 90' lang='lat' dir='ltr'><strong>nostrum</strong></span> <span class='ocrx_word' id='word_1_24' title='bbox 1866 569 1911 623; x_wconf 88' lang='lat' dir='ltr'><strong>si</strong></span> <span class='ocrx_word' id='word_1_25' title='bbox 1941 570 2124 624; x_wconf 89' lang='lat' dir='ltr'><strong>inter-</strong></span> 
     </span>
    </p>
   </div>
   <div class='ocr_carea' id='block_1_5' title="bbox 437 657 2124 737">
    <p class='ocr_par' dir='ltr' id='par_1_5' title="bbox 437 657 2124 737">
     <span class='ocr_line' id='line_1_5' title="bbox 437 657 2124 737; baseline -0.005 -16"><span class='ocrx_word' id='word_1_26' title='bbox 437 671 678 737; x_wconf 82' lang='lat' dir='ltr'><strong>rogetur</strong></span> <span class='ocrx_word' id='word_1_27' title='bbox 713 662 921 718; x_wconf 83' lang='lat' dir='ltr'><strong>velitne</strong></span> <span class='ocrx_word' id='word_1_28' title='bbox 946 677 1066 715; x_wconf 90' lang='lat' dir='ltr'><strong>esse</strong></span> <span class='ocrx_word' id='word_1_29' title='bbox 1098 659 1343 728; x_wconf 88' lang='lat' dir='ltr'><strong>sapiens,</strong></span> <span class='ocrx_word' id='word_1_30' title='bbox 1376 657 1498 712; x_wconf 88' lang='lat' dir='ltr'><strong>sine</strong></span> <span class='ocrx_word' id='word_1_31' title='bbox 1529 657 1644 712; x_wconf 88' lang='lat' dir='ltr'><strong>ulla</strong></span> <span class='ocrx_word' id='word_1_32' title='bbox 1669 658 1912 729; x_wconf 83' lang='lat' dir='ltr'><strong>caligine</strong></span> <span class='ocrx_word' id='word_1_33' title='bbox 1960 658 2124 713; x_wconf 88' lang='lat' dir='ltr'><strong>dubi-</strong></span> 
     </span>
    </p>
   </div>
   <div class='ocr_carea' id='block_1_6' title="bbox 431 749 1376 821">
    <p class='ocr_par' dir='ltr' id='par_1_6' title="bbox 431 749 1376 821">
     <span class='ocr_line' id='line_1_6' title="bbox 431 749 1376 821; baseline -0.011 -9"><span class='ocrx_word' id='word_1_34' title='bbox 431 755 664 812; x_wconf 90' lang='lat' dir='ltr'><strong>tationis</strong></span> <span class='ocrx_word' id='word_1_35' title='bbox 693 771 750 809; x_wconf 91' lang='lat' dir='ltr'><strong>se</strong></span> <span class='ocrx_word' id='word_1_36' title='bbox 782 754 926 807; x_wconf 88' lang='lat' dir='ltr'><strong>velle</strong></span> <span class='ocrx_word' id='word_1_37' title='bbox 953 749 1278 821; x_wconf 85' lang='lat' dir='ltr'><strong>respondet.</strong></span> <span class='ocrx_word' id='word_1_38' title='bbox 1374 799 1376 802; x_wconf 84' lang='lat'><strong>.</strong></span> 
     </span>
    </p>
   </div>
   <div class='ocr_carea' id='block_1_7' title="bbox 505 835 2121 910">
    <p class='ocr_par' dir='ltr' id='par_1_7' title="bbox 505 835 2121 910">
     <span class='ocr_line' id='line_1_7' title="bbox 505 835 2121 910; baseline -0.008 -10"><span class='ocrx_word' id='word_1_39' title='bbox 505 848 595 901; x_wconf 80' lang='grc'><strong>27.</strong></span> <span class='ocrx_word' id='word_1_40' title='bbox 622 843 804 908; x_wconf 84' lang='lat' dir='ltr'><strong>Quare</strong></span> <span class='ocrx_word' id='word_1_41' title='bbox 836 840 882 894; x_wconf 91' lang='lat' dir='ltr'><strong>si</strong></span> <span class='ocrx_word' id='word_1_42' title='bbox 903 840 1026 910; x_wconf 88' lang='lat' dir='ltr'><strong>jam</strong></span> <span class='ocrx_word' id='word_1_43' title='bbox 1056 840 1276 892; x_wconf 85' lang='lat' dir='ltr'><strong>constat</strong></span> <span class='ocrx_word' id='word_1_44' title='bbox 1304 835 1452 890; x_wconf 90' lang='lat' dir='ltr'><strong>inter</strong></span> <span class='ocrx_word' id='word_1_45' title='bbox 1475 851 1580 889; x_wconf 88' lang='lat' dir='ltr'><strong>nos</strong></span> <span class='ocrx_word' id='word_1_46' title='bbox 1609 851 1738 906; x_wconf 78' lang='lat' dir='ltr'><strong>quae</strong></span> <span class='ocrx_word' id='word_1_47' title='bbox 1793 835 1866 889; x_wconf 88' lang='lat' dir='ltr'><strong>sit</strong></span> <span class='ocrx_word' id='word_1_48' title='bbox 1897 835 2121 906; x_wconf 86' lang='lat' dir='ltr'><strong>sapien-</strong></span> 
     </span>
    </p>
   </div>
   <div class='ocr_carea' id='block_1_8' title="bbox 433 922 2122 1002">
    <p class='ocr_par' dir='ltr' id='par_1_8' title="bbox 433 922 2122 1002">
     <span class='ocr_line' id='line_1_8' title="bbox 433 922 2122 1002; baseline -0.006 -14"><span class='ocrx_word' id='word_1_49' title='bbox 433 932 534 999; x_wconf 90' lang='lat' dir='ltr'><strong>tia,</strong></span> <span class='ocrx_word' id='word_1_50' title='bbox 569 947 742 1002; x_wconf 89' lang='lat' dir='ltr'><strong>quam</strong></span> <span class='ocrx_word' id='word_1_51' title='bbox 771 929 1008 983; x_wconf 83' lang='lat' dir='ltr'><strong>fortasse</strong></span> <span class='ocrx_word' id='word_1_52' title='bbox 1036 926 1223 981; x_wconf 85' lang='lat' dir='ltr'><strong>verbis</strong></span> <span class='ocrx_word' id='word_1_53' title='bbox 1254 924 1533 995; x_wconf 86' lang='lat' dir='ltr'><strong>explicare</strong></span> <span class='ocrx_word' id='word_1_54' title='bbox 1563 939 1677 977; x_wconf 90' lang='lat' dir='ltr'><strong>non</strong></span> <span class='ocrx_word' id='word_1_55' title='bbox 1713 927 1937 993; x_wconf 89' lang='lat' dir='ltr'><strong>poteras</strong></span> <span class='ocrx_word' id='word_1_56' title='bbox 1968 922 2122 993; x_wconf 91' lang='lat' dir='ltr'><strong>(nam</strong></span> 
     </span>
    </p>
   </div>
   <div class='ocr_carea' id='block_1_9' title="bbox 430 1012 2122 1078">
    <p class='ocr_par' dir='ltr' id='par_1_9' title="bbox 430 1012 2122 1078">
     <span class='ocr_line' id='line_1_9' title="bbox 430 1012 2122 1078; baseline -0.005 -2"><span class='ocrx_word' id='word_1_57' title='bbox 430 1021 479 1076; x_wconf 93' lang='lat' dir='ltr'><strong>si</strong></span> <span class='ocrx_word' id='word_1_58' title='bbox 499 1035 625 1075; x_wconf 91' lang='lat' dir='ltr'><strong>eam</strong></span> <span class='ocrx_word' id='word_1_59' title='bbox 653 1019 811 1073; x_wconf 90' lang='lat' dir='ltr'><strong>nullo</strong></span> <span class='ocrx_word' id='word_1_60' title='bbox 841 1016 1011 1071; x_wconf 92' lang='lat' dir='ltr'><strong>modo</strong></span> <span class='ocrx_word' id='word_1_61' title='bbox 1040 1015 1232 1069; x_wconf 91' lang='lat' dir='ltr'><strong>animo</strong></span> <span class='ocrx_word' id='word_1_62' title='bbox 1263 1028 1542 1078; x_wconf 88' lang='lat' dir='ltr'><strong>cerneres,</strong></span> <span class='ocrx_word' id='word_1_63' title='bbox 1574 1013 1730 1066; x_wconf 90' lang='lat' dir='ltr'><strong>nullo</strong></span> <span class='ocrx_word' id='word_1_64' title='bbox 1762 1012 1930 1066; x_wconf 93' lang='lat' dir='ltr'><strong>modo</strong></span> <span class='ocrx_word' id='word_1_65' title='bbox 1952 1012 2122 1067; x_wconf 85' lang='lat' dir='ltr'><strong>scires</strong></span> 
     </span>
    </p>
   </div>
   <div class='ocr_carea' id='block_1_10' title="bbox 430 1101 2120 1176">
    <p class='ocr_par' dir='ltr' id='par_1_10' title="bbox 430 1101 2120 1176">
     <span class='ocr_line' id='line_1_10' title="bbox 430 1101 2120 1176; baseline -0.005 -12"><span class='ocrx_word' id='word_1_66' title='bbox 430 1115 487 1164; x_wconf 90' lang='lat' dir='ltr'><strong>et</strong></span> <span class='ocrx_word' id='word_1_67' title='bbox 513 1109 656 1163; x_wconf 84' lang='lat' dir='ltr'><strong>velle</strong></span> <span class='ocrx_word' id='word_1_68' title='bbox 683 1111 738 1161; x_wconf 90' lang='lat' dir='ltr'><strong>te</strong></span> <span class='ocrx_word' id='word_1_69' title='bbox 766 1122 885 1161; x_wconf 89' lang='lat' dir='ltr'><strong>esse</strong></span> <span class='ocrx_word' id='word_1_70' title='bbox 916 1105 1232 1176; x_wconf 91' lang='lat' dir='ltr'><strong>sapientem</strong></span> <span class='ocrx_word' id='word_1_71' title='bbox 1257 1107 1313 1158; x_wconf 92' lang='lat' dir='ltr'><strong>et</strong></span> <span class='ocrx_word' id='word_1_72' title='bbox 1330 1102 1473 1156; x_wconf 83' lang='lat' dir='ltr'><strong>velle</strong></span> <span class='ocrx_word' id='word_1_73' title='bbox 1494 1102 1719 1169; x_wconf 86' lang='lat' dir='ltr'><strong>debere,</strong></span> <span class='ocrx_word' id='word_1_74' title='bbox 1753 1101 1906 1172; x_wconf 89' lang='lat' dir='ltr'><strong>quod</strong></span> <span class='ocrx_word' id='word_1_75' title='bbox 1935 1105 1990 1156; x_wconf 90' lang='lat' dir='ltr'><strong>te</strong></span> <span class='ocrx_word' id='word_1_76' title='bbox 2019 1117 2120 1157; x_wconf 90' lang='lat' dir='ltr'><strong>ne-</strong></span> 
     </span>
    </p>
   </div>
   <div class='ocr_carea' id='block_1_11' title="bbox 429 1190 2117 1269">
    <p class='ocr_par' dir='ltr' id='par_1_11' title="bbox 429 1190 2117 1269">
     <span class='ocr_line' id='line_1_11' title="bbox 429 1190 2117 1269; baseline -0.005 -17"><span class='ocrx_word' id='word_1_77' title='bbox 429 1200 700 1269; x_wconf 88' lang='lat' dir='ltr'><strong>gaturum</strong></span> <span class='ocrx_word' id='word_1_78' title='bbox 738 1210 857 1249; x_wconf 86' lang='lat' dir='ltr'><strong>esse</strong></span> <span class='ocrx_word' id='word_1_79' title='bbox 912 1210 1031 1248; x_wconf 91' lang='lat' dir='ltr'><strong>non</strong></span> <span class='ocrx_word' id='word_1_80' title='bbox 1089 1190 1375 1261; x_wconf 89' lang='lat' dir='ltr'><strong>arbitror),</strong></span> <span class='ocrx_word' id='word_1_81' title='bbox 1429 1191 1558 1244; x_wconf 91' lang='lat' dir='ltr'><strong>volo</strong></span> <span class='ocrx_word' id='word_1_82' title='bbox 1585 1190 1706 1259; x_wconf 87' lang='lat' dir='ltr'><strong>jam</strong></span> <span class='ocrx_word' id='word_1_83' title='bbox 1750 1190 1902 1244; x_wconf 89' lang='lat' dir='ltr'><strong>dicas</strong></span> <span class='ocrx_word' id='word_1_84' title='bbox 1959 1190 2117 1259; x_wconf 91' lang='lat' dir='ltr'><strong>mihi,</strong></span> 
     </span>
    </p>
   </div>
   <div class='ocr_carea' id='block_1_12' title="bbox 428 1277 2120 1352">
    <p class='ocr_par' dir='ltr' id='par_1_12' title="bbox 428 1277 2120 1352">
     <span class='ocr_line' id='line_1_12' title="bbox 428 1277 2120 1352; baseline -0.004 -12"><span class='ocrx_word' id='word_1_85' title='bbox 428 1288 626 1341; x_wconf 89' lang='lat' dir='ltr'><strong>utrum</strong></span> <span class='ocrx_word' id='word_1_86' title='bbox 649 1283 818 1338; x_wconf 88' lang='lat' dir='ltr'><strong>etiam</strong></span> <span class='ocrx_word' id='word_1_87' title='bbox 850 1281 1210 1352; x_wconf 88' lang='lat' dir='ltr'><strong>sapientiam,</strong></span> <span class='ocrx_word' id='word_1_88' title='bbox 1232 1279 1376 1333; x_wconf 89' lang='lat' dir='ltr'><strong>sicut</strong></span> <span class='ocrx_word' id='word_1_89' title='bbox 1396 1277 1622 1332; x_wconf 91' lang='lat' dir='ltr'><strong>numeri</strong></span> <span class='ocrx_word' id='word_1_90' title='bbox 1641 1278 1924 1332; x_wconf 90' lang='lat' dir='ltr'><strong>rationem</strong></span> <span class='ocrx_word' id='word_1_91' title='bbox 1951 1283 2120 1350; x_wconf 89' lang='lat' dir='ltr'><strong>atque</strong></span> 
     </span>
    </p>
   </div>
   <div class='ocr_carea' id='block_1_13' title="bbox 426 1367 2123 1438">
    <p class='ocr_par' dir='ltr' id='par_1_13' title="bbox 426 1367 2123 1438">
     <span class='ocr_line' id='line_1_13' title="bbox 426 1367 2123 1438; baseline -0.004 -10"><span class='ocrx_word' id='word_1_92' title='bbox 426 1374 726 1428; x_wconf 84' lang='lat' dir='ltr'><strong>veritatem</strong></span> <span class='ocrx_word' id='word_1_93' title='bbox 741 1370 1005 1425; x_wconf 91' lang='lat' dir='ltr'><strong>omnibus</strong></span> <span class='ocrx_word' id='word_1_94' title='bbox 1030 1367 1498 1422; x_wconf 88' lang='lat' dir='ltr'><strong>ratiocinantibus</strong></span> <span class='ocrx_word' id='word_1_95' title='bbox 1515 1382 1877 1422; x_wconf 87' lang='lat' dir='ltr'><strong>communem</strong></span> <span class='ocrx_word' id='word_1_96' title='bbox 1898 1383 1956 1420; x_wconf 91' lang='lat' dir='ltr'><strong>se</strong></span> <span class='ocrx_word' id='word_1_97' title='bbox 1982 1384 2123 1438; x_wconf 73' lang='lat' dir='ltr'><strong>pras-</strong></span> 
     </span>
    </p>
   </div>
   <div class='ocr_carea' id='block_1_14' title="bbox 429 1456 2122 1530">
    <p class='ocr_par' dir='ltr' id='par_1_14' title="bbox 429 1456 2122 1530">
     <span class='ocr_line' id='line_1_14' title="bbox 429 1456 2122 1530; baseline -0.005 -11"><span class='ocrx_word' id='word_1_98' title='bbox 429 1464 566 1519; x_wconf 88' lang='lat' dir='ltr'><strong>bere</strong></span> <span class='ocrx_word' id='word_1_99' title='bbox 597 1461 926 1527; x_wconf 80' lang='lat' dir='ltr'><strong>arbitreris;</strong></span> <span class='ocrx_word' id='word_1_100' title='bbox 958 1475 1029 1513; x_wconf 88' lang='lat' dir='ltr'><strong>an</strong></span> <span class='ocrx_word' id='word_1_101' title='bbox 1061 1457 1334 1530; x_wconf 89' lang='lat' dir='ltr'><strong>quoniam</strong></span> <span class='ocrx_word' id='word_1_102' title='bbox 1375 1460 1460 1510; x_wconf 91' lang='lat' dir='ltr'><strong>tot</strong></span> <span class='ocrx_word' id='word_1_103' title='bbox 1488 1459 1619 1510; x_wconf 89' lang='lat' dir='ltr'><strong>sunt</strong></span> <span class='ocrx_word' id='word_1_104' title='bbox 1671 1461 1892 1511; x_wconf 86' lang='lat' dir='ltr'><strong>mentes</strong></span> <span class='ocrx_word' id='word_1_105' title='bbox 1938 1456 2122 1511; x_wconf 89' lang='lat' dir='ltr'><strong>homi-</strong></span> 
     </span>
    </p>
   </div>
   <div class='ocr_carea' id='block_1_15' title="bbox 428 1545 2119 1622">
    <p class='ocr_par' dir='ltr' id='par_1_15' title="bbox 428 1545 2119 1622">
     <span class='ocr_line' id='line_1_15' title="bbox 428 1545 2119 1622; baseline -0.005 -15"><span class='ocrx_word' id='word_1_106' title='bbox 428 1567 570 1607; x_wconf 91' lang='lat' dir='ltr'><strong>num</strong></span> <span class='ocrx_word' id='word_1_107' title='bbox 602 1554 742 1622; x_wconf 90' lang='lat' dir='ltr'><strong>quot</strong></span> <span class='ocrx_word' id='word_1_108' title='bbox 769 1547 1029 1603; x_wconf 89' lang='lat' dir='ltr'><strong>homines</strong></span> <span class='ocrx_word' id='word_1_109' title='bbox 1060 1551 1212 1613; x_wconf 88' lang='lat' dir='ltr'><strong>sunt,</strong></span> <span class='ocrx_word' id='word_1_110' title='bbox 1245 1545 1396 1600; x_wconf 91' lang='lat' dir='ltr'><strong>unde</strong></span> <span class='ocrx_word' id='word_1_111' title='bbox 1425 1561 1530 1598; x_wconf 92' lang='lat' dir='ltr'><strong>nec</strong></span> <span class='ocrx_word' id='word_1_112' title='bbox 1557 1561 1692 1616; x_wconf 88' lang='lat' dir='ltr'><strong>ergo</strong></span> <span class='ocrx_word' id='word_1_113' title='bbox 1723 1546 1791 1600; x_wconf 90' lang='lat' dir='ltr'><strong>de</strong></span> <span class='ocrx_word' id='word_1_114' title='bbox 1820 1548 2119 1600; x_wconf 86' lang='lat' dir='ltr'><strong>tuamente</strong></span> 
     </span>
    </p>
   </div>
   <div class='ocr_carea' id='block_1_16' title="bbox 428 1634 2120 1711">
    <p class='ocr_par' dir='ltr' id='par_1_16' title="bbox 428 1634 2120 1711">
     <span class='ocr_line' id='line_1_16' title="bbox 428 1634 2120 1711; baseline -0.005 -16"><span class='ocrx_word' id='word_1_115' title='bbox 428 1639 643 1711; x_wconf 83' lang='lat' dir='ltr'><strong>aliquid</strong></span> <span class='ocrx_word' id='word_1_116' title='bbox 669 1654 858 1704; x_wconf 86' lang='lat' dir='ltr'><strong>cerno,</strong></span> <span class='ocrx_word' id='word_1_117' title='bbox 900 1652 1003 1691; x_wconf 90' lang='lat' dir='ltr'><strong>nec</strong></span> <span class='ocrx_word' id='word_1_118' title='bbox 1030 1639 1091 1689; x_wconf 91' lang='lat' dir='ltr'><strong>tu</strong></span> <span class='ocrx_word' id='word_1_119' title='bbox 1124 1635 1193 1689; x_wconf 90' lang='lat' dir='ltr'><strong>de</strong></span> <span class='ocrx_word' id='word_1_120' title='bbox 1233 1649 1382 1701; x_wconf 91' lang='lat' dir='ltr'><strong>mea,</strong></span> <span class='ocrx_word' id='word_1_121' title='bbox 1426 1638 1513 1689; x_wconf 89' lang='lat' dir='ltr'><strong>tot</strong></span> <span class='ocrx_word' id='word_1_122' title='bbox 1556 1634 1728 1688; x_wconf 90' lang='lat' dir='ltr'><strong>etiam</strong></span> <span class='ocrx_word' id='word_1_123' title='bbox 1776 1638 1940 1705; x_wconf 89' lang='lat' dir='ltr'><strong>putes</strong></span> <span class='ocrx_word' id='word_1_124' title='bbox 2001 1651 2120 1688; x_wconf 90' lang='lat' dir='ltr'><strong>esse</strong></span> 
     </span>
    </p>
   </div>
   <div class='ocr_carea' id='block_1_17' title="bbox 427 1722 2120 1800">
    <p class='ocr_par' dir='ltr' id='par_1_17' title="bbox 427 1722 2120 1800">
     <span class='ocr_line' id='line_1_17' title="bbox 427 1722 2120 1800; baseline -0.005 -15"><span class='ocrx_word' id='word_1_125' title='bbox 427 1728 755 1800; x_wconf 89' lang='lat' dir='ltr'><strong>sapientias,</strong></span> <span class='ocrx_word' id='word_1_126' title='bbox 793 1729 934 1798; x_wconf 91' lang='lat' dir='ltr'><strong>quot</strong></span> <span class='ocrx_word' id='word_1_127' title='bbox 961 1723 1256 1796; x_wconf 87' lang='lat' dir='ltr'><strong>potuerint</strong></span> <span class='ocrx_word' id='word_1_128' title='bbox 1287 1739 1408 1778; x_wconf 89' lang='lat' dir='ltr'><strong>esse</strong></span> <span class='ocrx_word' id='word_1_129' title='bbox 1439 1722 1744 1794; x_wconf 83' lang='lat' dir='ltr'><strong>sapientes.</strong></span> <span class='ocrx_word' id='word_1_130' title='bbox 1773 1725 1838 1778; x_wconf 92' lang='lat' dir='ltr'><strong>E.</strong></span> <span class='ocrx_word' id='word_1_131' title='bbox 1883 1723 1941 1778; x_wconf 91' lang='lat' dir='ltr'><strong>Si</strong></span> <span class='ocrx_word' id='word_1_132' title='bbox 1970 1739 2120 1777; x_wconf 84' lang='lat' dir='ltr'><strong>sum-</strong></span> 
     </span>
    </p>
   </div>
   <div class='ocr_carea' id='block_1_18' title="bbox 427 1811 2120 1880">
    <p class='ocr_par' dir='ltr' id='par_1_18' title="bbox 427 1811 2120 1880">
     <span class='ocr_line' id='line_1_18' title="bbox 427 1811 2120 1880; baseline -0.005 -7"><span class='ocrx_word' id='word_1_133' title='bbox 427 1834 591 1873; x_wconf 88' lang='lat' dir='ltr'><strong>mum</strong></span> <span class='ocrx_word' id='word_1_134' title='bbox 619 1818 836 1871; x_wconf 88' lang='lat' dir='ltr'><strong>bonum</strong></span> <span class='ocrx_word' id='word_1_135' title='bbox 867 1813 1132 1869; x_wconf 88' lang='lat' dir='ltr'><strong>omnibus</strong></span> <span class='ocrx_word' id='word_1_136' title='bbox 1161 1828 1342 1866; x_wconf 87' lang='lat' dir='ltr'><strong>unum</strong></span> <span class='ocrx_word' id='word_1_137' title='bbox 1375 1815 1477 1878; x_wconf 88' lang='lat' dir='ltr'><strong>est,</strong></span> <span class='ocrx_word' id='word_1_138' title='bbox 1525 1815 1748 1880; x_wconf 88' lang='lat' dir='ltr'><strong>oportet</strong></span> <span class='ocrx_word' id='word_1_139' title='bbox 1775 1811 1950 1866; x_wconf 85' lang='lat' dir='ltr'><strong>etiam</strong></span> <span class='ocrx_word' id='word_1_140' title='bbox 1972 1811 2120 1865; x_wconf 89' lang='lat' dir='ltr'><strong>veri-</strong></span> 
     </span>
    </p>
   </div>
   <div class='ocr_carea' id='block_1_19' title="bbox 426 1899 2113 1976">
    <p class='ocr_par' dir='ltr' id='par_1_19' title="bbox 426 1899 2113 1976">
     <span class='ocr_line' id='line_1_19' title="bbox 426 1899 2113 1976; baseline -0.005 -14"><span class='ocrx_word' id='word_1_141' title='bbox 426 1911 601 1962; x_wconf 87' lang='lat' dir='ltr'><strong>tatem</strong></span> <span class='ocrx_word' id='word_1_142' title='bbox 631 1906 691 1960; x_wconf 93' lang='lat' dir='ltr'><strong>in</strong></span> <span class='ocrx_word' id='word_1_143' title='bbox 721 1921 835 1976; x_wconf 89' lang='lat' dir='ltr'><strong>qua</strong></span> <span class='ocrx_word' id='word_1_144' title='bbox 862 1902 1114 1958; x_wconf 91' lang='lat' dir='ltr'><strong>cernitur</strong></span> <span class='ocrx_word' id='word_1_145' title='bbox 1143 1905 1198 1956; x_wconf 91' lang='lat' dir='ltr'><strong>et</strong></span> <span class='ocrx_word' id='word_1_146' title='bbox 1227 1904 1476 1967; x_wconf 90' lang='lat' dir='ltr'><strong>tenetur,</strong></span> <span class='ocrx_word' id='word_1_147' title='bbox 1507 1899 1567 1954; x_wconf 90' lang='lat' dir='ltr'><strong>id</strong></span> <span class='ocrx_word' id='word_1_148' title='bbox 1618 1904 1701 1954; x_wconf 89' lang='lat' dir='ltr'><strong>est</strong></span> <span class='ocrx_word' id='word_1_149' title='bbox 1755 1899 2113 1970; x_wconf 87' lang='lat' dir='ltr'><strong>sapientiam,</strong></span> 
     </span>
    </p>
   </div>
   <div class='ocr_carea' id='block_1_20' title="bbox 427 1988 2117 2051">
    <p class='ocr_par' dir='ltr' id='par_1_20' title="bbox 427 1988 2117 2051">
     <span class='ocr_line' id='line_1_20' title="bbox 427 1988 2117 2051; baseline -0.004 -1"><span class='ocrx_word' id='word_1_150' title='bbox 427 1995 692 2051; x_wconf 90' lang='lat' dir='ltr'><strong>omnibus</strong></span> <span class='ocrx_word' id='word_1_151' title='bbox 721 2009 896 2048; x_wconf 88' lang='lat' dir='ltr'><strong>unam</strong></span> <span class='ocrx_word' id='word_1_152' title='bbox 927 2008 1046 2047; x_wconf 89' lang='lat' dir='ltr'><strong>esse</strong></span> <span class='ocrx_word' id='word_1_153' title='bbox 1079 2005 1466 2046; x_wconf 89' lang='lat' dir='ltr'><strong>communem.</strong></span> <span class='ocrx_word' id='word_1_154' title='bbox 1524 1990 1604 2044; x_wconf 83' lang='lat' dir='ltr'><strong>A.</strong></span> <span class='ocrx_word' id='word_1_155' title='bbox 1661 1988 1892 2043; x_wconf 86' lang='lat' dir='ltr'><strong>Dubitas</strong></span> <span class='ocrx_word' id='word_1_156' title='bbox 1925 1994 2117 2044; x_wconf 88' lang='lat' dir='ltr'><strong>autem</strong></span> 
     </span>
    </p>
   </div>
   <div class='ocr_carea' id='block_1_21' title="bbox 427 2077 2116 2150">
    <p class='ocr_par' dir='ltr' id='par_1_21' title="bbox 427 2077 2116 2150">
     <span class='ocr_line' id='line_1_21' title="bbox 427 2077 2116 2150; baseline -0.005 -11"><span class='ocrx_word' id='word_1_157' title='bbox 427 2100 721 2139; x_wconf 91' lang='lat' dir='ltr'><strong>summum</strong></span> <span class='ocrx_word' id='word_1_158' title='bbox 759 2083 998 2147; x_wconf 91' lang='lat' dir='ltr'><strong>bonum,</strong></span> <span class='ocrx_word' id='word_1_159' title='bbox 1029 2079 1307 2150; x_wconf 88' lang='lat' dir='ltr'><strong>quidquid</strong></span> <span class='ocrx_word' id='word_1_160' title='bbox 1338 2077 1478 2131; x_wconf 92' lang='lat' dir='ltr'><strong>illud</strong></span> <span class='ocrx_word' id='word_1_161' title='bbox 1509 2080 1595 2132; x_wconf 90' lang='lat' dir='ltr'><strong>est</strong></span> <span class='ocrx_word' id='word_1_162' title='bbox 1623 2077 1889 2131; x_wconf 90' lang='lat' dir='ltr'><strong>omnibus</strong></span> <span class='ocrx_word' id='word_1_163' title='bbox 1930 2077 2116 2131; x_wconf 91' lang='lat' dir='ltr'><strong>homi-</strong></span> 
     </span>
    </p>
   </div>
   <div class='ocr_carea' id='block_1_22' title="bbox 425 2163 2120 2235">
    <p class='ocr_par' dir='ltr' id='par_1_22' title="bbox 425 2163 2120 2235">
     <span class='ocr_line' id='line_1_22' title="bbox 425 2163 2120 2235; baseline -0.006 -6"><span class='ocrx_word' id='word_1_164' title='bbox 425 2174 594 2229; x_wconf 90' lang='lat' dir='ltr'><strong>nibus</strong></span> <span class='ocrx_word' id='word_1_165' title='bbox 623 2187 805 2227; x_wconf 89' lang='lat' dir='ltr'><strong>unum</strong></span> <span class='ocrx_word' id='word_1_166' title='bbox 832 2186 952 2226; x_wconf 90' lang='lat' dir='ltr'><strong>esse</strong></span> <span class='ocrx_word' id='word_1_167' title='bbox 975 2169 1003 2222; x_wconf 69' lang='grc' dir='ltr'>ἵ</span> <span class='ocrx_word' id='word_1_168' title='bbox 1027 2171 1090 2223; x_wconf 90' lang='grc' dir='ltr'><strong>Ε.</strong></span> <span class='ocrx_word' id='word_1_169' title='bbox 1128 2167 1338 2222; x_wconf 91' lang='lat' dir='ltr'><strong>Dubito</strong></span> <span class='ocrx_word' id='word_1_170' title='bbox 1370 2181 1526 2231; x_wconf 89' lang='lat' dir='ltr'><strong>sane,</strong></span> <span class='ocrx_word' id='word_1_171' title='bbox 1579 2163 1715 2235; x_wconf 86' lang='lat' dir='ltr'><strong>quia</strong></span> <span class='ocrx_word' id='word_1_172' title='bbox 1743 2164 1994 2218; x_wconf 88' lang='lat' dir='ltr'><strong>diversos</strong></span> <span class='ocrx_word' id='word_1_173' title='bbox 2038 2165 2120 2219; x_wconf 92' lang='lat' dir='ltr'><strong>di-</strong></span> 
     </span>
    </p>
   </div>
   <div class='ocr_carea' id='block_1_23' title="bbox 425 2253 2120 2330">
    <p class='ocr_par' dir='ltr' id='par_1_23' title="bbox 425 2253 2120 2330">
     <span class='ocr_line' id='line_1_23' title="bbox 425 2253 2120 2330; baseline -0.006 -12"><span class='ocrx_word' id='word_1_174' title='bbox 425 2263 602 2318; x_wconf 89' lang='lat' dir='ltr'><strong>versis</strong></span> <span class='ocrx_word' id='word_1_175' title='bbox 631 2261 798 2315; x_wconf 88' lang='lat' dir='ltr'><strong>rebus</strong></span> <span class='ocrx_word' id='word_1_176' title='bbox 848 2257 1098 2330; x_wconf 86' lang='lat' dir='ltr'><strong>gaudere</strong></span> <span class='ocrx_word' id='word_1_177' title='bbox 1133 2255 1295 2310; x_wconf 88' lang='lat' dir='ltr'><strong>video</strong></span> <span class='ocrx_word' id='word_1_178' title='bbox 1339 2258 1611 2325; x_wconf 86' lang='lat' dir='ltr'><strong>tanquam</strong></span> <span class='ocrx_word' id='word_1_179' title='bbox 1671 2253 1908 2308; x_wconf 90' lang='lat' dir='ltr'><strong>summis</strong></span> <span class='ocrx_word' id='word_1_180' title='bbox 1953 2253 2120 2308; x_wconf 87' lang='lat' dir='ltr'><strong>bonis</strong></span> 
     </span>
    </p>
   </div>
   <div class='ocr_carea' id='block_1_24' title="bbox 427 2342 2118 2416">
    <p class='ocr_par' dir='ltr' id='par_1_24' title="bbox 427 2342 2118 2416">
     <span class='ocr_line' id='line_1_24' title="bbox 427 2342 2118 2416; baseline -0.004 -11"><span class='ocrx_word' id='word_1_181' title='bbox 427 2349 562 2405; x_wconf 90' lang='lat' dir='ltr'><strong>suis.</strong></span> <span class='ocrx_word' id='word_1_182' title='bbox 595 2350 666 2404; x_wconf 87' lang='lat' dir='ltr'><strong>A.</strong></span> <span class='ocrx_word' id='word_1_183' title='bbox 700 2349 914 2402; x_wconf 91' lang='lat' dir='ltr'><strong>Vellem</strong></span> <span class='ocrx_word' id='word_1_184' title='bbox 941 2345 1196 2416; x_wconf 90' lang='lat' dir='ltr'><strong>quidem,</strong></span> <span class='ocrx_word' id='word_1_185' title='bbox 1232 2347 1293 2397; x_wconf 91' lang='lat' dir='ltr'><strong>ut</strong></span> <span class='ocrx_word' id='word_1_186' title='bbox 1320 2343 1389 2398; x_wconf 93' lang='lat' dir='ltr'><strong>de</strong></span> <span class='ocrx_word' id='word_1_187' title='bbox 1416 2359 1640 2396; x_wconf 92' lang='lat' dir='ltr'><strong>summo</strong></span> <span class='ocrx_word' id='word_1_188' title='bbox 1670 2342 1819 2396; x_wconf 91' lang='lat' dir='ltr'><strong>bono</strong></span> <span class='ocrx_word' id='word_1_189' title='bbox 1841 2342 1920 2397; x_wconf 88' lang='lat' dir='ltr'><strong>ita</strong></span> <span class='ocrx_word' id='word_1_190' title='bbox 1947 2359 2118 2398; x_wconf 91' lang='lat' dir='ltr'><strong>nemo</strong></span> 
     </span>
    </p>
   </div>
   <div class='ocr_carea' id='block_1_25' title="bbox 427 2430 2120 2503">
    <p class='ocr_par' dir='ltr' id='par_1_25' title="bbox 427 2430 2120 2503">
     <span class='ocr_line' id='line_1_25' title="bbox 427 2430 2120 2503; baseline -0.004 -10"><span class='ocrx_word' id='word_1_191' title='bbox 427 2437 734 2503; x_wconf 85' lang='lat' dir='ltr'><strong>dubitaret,</strong></span> <span class='ocrx_word' id='word_1_192' title='bbox 761 2439 826 2489; x_wconf 88' lang='lat' dir='ltr'><strong>ut</strong></span> <span class='ocrx_word' id='word_1_193' title='bbox 853 2450 1022 2489; x_wconf 93' lang='lat' dir='ltr'><strong>nemo</strong></span> <span class='ocrx_word' id='word_1_194' title='bbox 1078 2432 1299 2487; x_wconf 91' lang='lat' dir='ltr'><strong>dubitat</strong></span> <span class='ocrx_word' id='word_1_195' title='bbox 1327 2430 1606 2502; x_wconf 88' lang='lat' dir='ltr'><strong>quidquid</strong></span> <span class='ocrx_word' id='word_1_196' title='bbox 1661 2431 1803 2485; x_wconf 92' lang='lat' dir='ltr'><strong>illud</strong></span> <span class='ocrx_word' id='word_1_197' title='bbox 1855 2435 1960 2499; x_wconf 89' lang='lat' dir='ltr'><strong>est,</strong></span> <span class='ocrx_word' id='word_1_198' title='bbox 2004 2448 2120 2486; x_wconf 93' lang='lat' dir='ltr'><strong>non</strong></span> 
     </span>
    </p>
   </div>
   <div class='ocr_carea' id='block_1_26' title="bbox 425 2519 2121 2594">
    <p class='ocr_par' dir='ltr' id='par_1_26' title="bbox 425 2519 2121 2594">
     <span class='ocr_line' id='line_1_26' title="bbox 425 2519 2121 2594; baseline -0.004 -14"><span class='ocrx_word' id='word_1_199' title='bbox 425 2525 535 2580; x_wconf 90' lang='lat' dir='ltr'><strong>nisi</strong></span> <span class='ocrx_word' id='word_1_200' title='bbox 567 2541 633 2579; x_wconf 91' lang='lat' dir='ltr'><strong>eo</strong></span> <span class='ocrx_word' id='word_1_201' title='bbox 660 2523 868 2594; x_wconf 86' lang='lat' dir='ltr'><strong>adepto</strong></span> <span class='ocrx_word' id='word_1_202' title='bbox 914 2537 1081 2592; x_wconf 88' lang='lat' dir='ltr'><strong>posse</strong></span> <span class='ocrx_word' id='word_1_203' title='bbox 1110 2520 1234 2575; x_wconf 87' lang='lat' dir='ltr'><strong>ﬁeri</strong></span> <span class='ocrx_word' id='word_1_204' title='bbox 1263 2520 1554 2574; x_wconf 90' lang='lat' dir='ltr'><strong>hominem</strong></span> <span class='ocrx_word' id='word_1_205' title='bbox 1583 2519 1834 2576; x_wconf 89' lang='lat' dir='ltr'><strong>beatum.</strong></span> <span class='ocrx_word' id='word_1_206' title='bbox 1861 2520 1964 2574; x_wconf 87' lang='lat' dir='ltr'><strong>Sed</strong></span> <span class='ocrx_word' id='word_1_207' title='bbox 1985 2537 2121 2591; x_wconf 90' lang='lat' dir='ltr'><strong>quo-</strong></span> 
     </span>
    </p>
   </div>
   <div class='ocr_carea' id='block_1_27' title="bbox 425 2609 2119 2683">
    <p class='ocr_par' dir='ltr' id='par_1_27' title="bbox 425 2609 2119 2683">
     <span class='ocr_line' id='line_1_27' title="bbox 425 2609 2119 2683; baseline -0.002 -16"><span class='ocrx_word' id='word_1_208' title='bbox 425 2613 583 2668; x_wconf 85' lang='lat' dir='ltr'><strong>niam</strong></span> <span class='ocrx_word' id='word_1_209' title='bbox 613 2628 822 2683; x_wconf 89' lang='lat' dir='ltr'><strong>magna</strong></span> <span class='ocrx_word' id='word_1_210' title='bbox 851 2609 1090 2682; x_wconf 63' lang='lat' dir='ltr'><strong>quaestio</strong></span> <span class='ocrx_word' id='word_1_211' title='bbox 1121 2613 1223 2676; x_wconf 92' lang='lat' dir='ltr'><strong>est,</strong></span> <span class='ocrx_word' id='word_1_212' title='bbox 1248 2611 1304 2662; x_wconf 90' lang='lat' dir='ltr'><strong>et</strong></span> <span class='ocrx_word' id='word_1_213' title='bbox 1336 2609 1574 2679; x_wconf 88' lang='lat' dir='ltr'><strong>longum</strong></span> <span class='ocrx_word' id='word_1_214' title='bbox 1613 2624 1935 2663; x_wconf 91' lang='lat' dir='ltr'><strong>sermonem</strong></span> <span class='ocrx_word' id='word_1_215' title='bbox 1977 2609 2119 2664; x_wconf 84' lang='lat' dir='ltr'><strong>forte</strong></span> 
     </span>
    </p>
   </div>
   <div class='ocr_carea' id='block_1_28' title="bbox 425 2697 2115 2771">
    <p class='ocr_par' dir='ltr' id='par_1_28' title="bbox 425 2697 2115 2771">
     <span class='ocr_line' id='line_1_28' title="bbox 425 2697 2115 2771; baseline -0.002 -15"><span class='ocrx_word' id='word_1_216' title='bbox 425 2701 736 2770; x_wconf 84' lang='lat' dir='ltr'><strong>desiderat,</strong></span> <span class='ocrx_word' id='word_1_217' title='bbox 779 2704 1047 2771; x_wconf 90' lang='lat' dir='ltr'><strong>putemus</strong></span> <span class='ocrx_word' id='word_1_218' title='bbox 1087 2697 1323 2752; x_wconf 91' lang='lat' dir='ltr'><strong>omnino</strong></span> <span class='ocrx_word' id='word_1_219' title='bbox 1378 2700 1464 2750; x_wconf 93' lang='lat' dir='ltr'><strong>tot</strong></span> <span class='ocrx_word' id='word_1_220' title='bbox 1517 2712 1742 2752; x_wconf 91' lang='lat' dir='ltr'><strong>summa</strong></span> <span class='ocrx_word' id='word_1_221' title='bbox 1786 2697 1936 2752; x_wconf 92' lang='lat' dir='ltr'><strong>bona</strong></span> <span class='ocrx_word' id='word_1_222' title='bbox 1974 2714 2115 2766; x_wconf 89' lang='lat' dir='ltr'><strong>esse,</strong></span> 
     </span>
    </p>
   </div>
   <div class='ocr_carea' id='block_1_29' title="bbox 425 2785 2118 2862">
    <p class='ocr_par' dir='ltr' id='par_1_29' title="bbox 425 2785 2118 2862">
     <span class='ocr_line' id='line_1_29' title="bbox 425 2785 2118 2862; baseline -0.002 -17"><span class='ocrx_word' id='word_1_223' title='bbox 425 2795 567 2862; x_wconf 91' lang='lat' dir='ltr'><strong>quot</strong></span> <span class='ocrx_word' id='word_1_224' title='bbox 612 2794 746 2844; x_wconf 89' lang='lat' dir='ltr'><strong>sunt</strong></span> <span class='ocrx_word' id='word_1_225' title='bbox 773 2789 912 2860; x_wconf 64' lang='lat' dir='ltr'><strong>ipse</strong></span> <span class='ocrx_word' id='word_1_226' title='bbox 941 2805 1029 2842; x_wconf 91' lang='lat' dir='ltr'><strong>res</strong></span> <span class='ocrx_word' id='word_1_227' title='bbox 1059 2786 1295 2842; x_wconf 77' lang='lat' dir='ltr'><strong>diversae</strong></span> <span class='ocrx_word' id='word_1_228' title='bbox 1349 2802 1476 2857; x_wconf 65' lang='lat' dir='ltr'><strong>quae</strong></span> <span class='ocrx_word' id='word_1_229' title='bbox 1499 2802 1531 2839; x_wconf 93' lang='lat' dir='ltr'><strong>a</strong></span> <span class='ocrx_word' id='word_1_230' title='bbox 1555 2785 1790 2840; x_wconf 89' lang='lat' dir='ltr'><strong>diversis</strong></span> <span class='ocrx_word' id='word_1_231' title='bbox 1842 2791 2118 2858; x_wconf 86' lang='lat' dir='ltr'><strong>tanquam</strong></span> 
     </span>
    </p>
   </div>
   <div class='ocr_carea' id='block_1_30' title="bbox 424 2874 2120 2948">
    <p class='ocr_par' dir='ltr' id='par_1_30' title="bbox 424 2874 2120 2948">
     <span class='ocr_line' id='line_1_30' title="bbox 424 2874 2120 2948; baseline -0.002 -14"><span class='ocrx_word' id='word_1_232' title='bbox 424 2895 649 2934; x_wconf 90' lang='lat' dir='ltr'><strong>summa</strong></span> <span class='ocrx_word' id='word_1_233' title='bbox 680 2878 832 2933; x_wconf 91' lang='lat' dir='ltr'><strong>bona</strong></span> <span class='ocrx_word' id='word_1_234' title='bbox 861 2880 1245 2948; x_wconf 88' lang='lat' dir='ltr'><strong>appetuntur:</strong></span> <span class='ocrx_word' id='word_1_235' title='bbox 1277 2892 1418 2930; x_wconf 92' lang='lat' dir='ltr'><strong>num</strong></span> <span class='ocrx_word' id='word_1_236' title='bbox 1447 2875 1574 2929; x_wconf 91' lang='lat' dir='ltr'><strong>ideo</strong></span> <span class='ocrx_word' id='word_1_237' title='bbox 1596 2875 1874 2946; x_wconf 87' lang='lat' dir='ltr'><strong>sequitur,</strong></span> <span class='ocrx_word' id='word_1_238' title='bbox 1903 2880 1968 2930; x_wconf 91' lang='lat' dir='ltr'><strong>ut</strong></span> <span class='ocrx_word' id='word_1_239' title='bbox 1994 2874 2120 2946; x_wconf 90' lang='lat' dir='ltr'><strong>ipsa</strong></span> 
     </span>
    </p>
   </div>
   <div class='ocr_carea' id='block_1_31' title="bbox 423 2963 2119 3038">
    <p class='ocr_par' dir='ltr' id='par_1_31' title="bbox 423 2963 2119 3038">
     <span class='ocr_line' id='line_1_31' title="bbox 423 2963 2119 3038; baseline -0.002 -16"><span class='ocrx_word' id='word_1_240' title='bbox 423 2967 704 3038; x_wconf 89' lang='lat' dir='ltr'><strong>sapientia</strong></span> <span class='ocrx_word' id='word_1_241' title='bbox 734 2967 907 3021; x_wconf 89' lang='lat' dir='ltr'><strong>etiam</strong></span> <span class='ocrx_word' id='word_1_242' title='bbox 931 2982 1050 3021; x_wconf 93' lang='lat' dir='ltr'><strong>non</strong></span> <span class='ocrx_word' id='word_1_243' title='bbox 1073 2965 1145 3019; x_wconf 91' lang='lat' dir='ltr'><strong>sit</strong></span> <span class='ocrx_word' id='word_1_244' title='bbox 1164 2981 1277 3019; x_wconf 91' lang='lat' dir='ltr'><strong>una</strong></span> <span class='ocrx_word' id='word_1_245' title='bbox 1305 2963 1624 3019; x_wconf 90' lang='lat' dir='ltr'><strong>communis</strong></span> <span class='ocrx_word' id='word_1_246' title='bbox 1648 2964 1933 3032; x_wconf 90' lang='lat' dir='ltr'><strong>omnibus,</strong></span> <span class='ocrx_word' id='word_1_247' title='bbox 1983 2964 2119 3035; x_wconf 87' lang='lat' dir='ltr'><strong>quia</strong></span> 
     </span>
    </p>
   </div>
   <div class='ocr_carea' id='block_1_32' title="bbox 425 3052 2114 3129">
    <p class='ocr_par' dir='ltr' id='par_1_32' title="bbox 425 3052 2114 3129">
     <span class='ocr_line' id='line_1_32' title="bbox 425 3052 2114 3129; baseline -0.002 -18"><span class='ocrx_word' id='word_1_248' title='bbox 425 3072 492 3111; x_wconf 88' lang='lat' dir='ltr'><strong>ea</strong></span> <span class='ocrx_word' id='word_1_249' title='bbox 520 3057 692 3129; x_wconf 87' lang='lat' dir='ltr'><strong>bona,</strong></span> <span class='ocrx_word' id='word_1_250' title='bbox 725 3072 854 3126; x_wconf 85' lang='lat' dir='ltr'><strong>quae</strong></span> <span class='ocrx_word' id='word_1_251' title='bbox 890 3054 950 3109; x_wconf 92' lang='lat' dir='ltr'><strong>in</strong></span> <span class='ocrx_word' id='word_1_252' title='bbox 996 3054 1095 3108; x_wconf 88' lang='lat' dir='ltr'><strong>illa</strong></span> <span class='ocrx_word' id='word_1_253' title='bbox 1156 3057 1398 3108; x_wconf 87' lang='lat' dir='ltr'><strong>cernunt</strong></span> <span class='ocrx_word' id='word_1_254' title='bbox 1452 3056 1508 3108; x_wconf 86' lang='lat' dir='ltr'><strong>et</strong></span> <span class='ocrx_word' id='word_1_255' title='bbox 1563 3053 1782 3125; x_wconf 89' lang='lat' dir='ltr'><strong>eligunt</strong></span> <span class='ocrx_word' id='word_1_256' title='bbox 1835 3052 2114 3120; x_wconf 90' lang='lat' dir='ltr'><strong>homines,</strong></span> 
     </span>
    </p>
   </div>
   <div class='ocr_carea' id='block_1_33' title="bbox 423 3141 2120 3213">
    <p class='ocr_par' dir='ltr' id='par_1_33' title="bbox 423 3141 2120 3213">
     <span class='ocr_line' id='line_1_33' title="bbox 423 3141 2120 3213; baseline -0.001 -15"><span class='ocrx_word' id='word_1_257' title='bbox 423 3145 604 3199; x_wconf 90' lang='lat' dir='ltr'><strong>multa</strong></span> <span class='ocrx_word' id='word_1_258' title='bbox 636 3148 691 3198; x_wconf 93' lang='lat' dir='ltr'><strong>et</strong></span> <span class='ocrx_word' id='word_1_259' title='bbox 718 3144 936 3198; x_wconf 90' lang='lat' dir='ltr'><strong>diversa</strong></span> <span class='ocrx_word' id='word_1_260' title='bbox 988 3143 1167 3196; x_wconf 88' lang='lat' dir='ltr'><strong>sunt?</strong></span> <span class='ocrx_word' id='word_1_261' title='bbox 1197 3141 1256 3196; x_wconf 89' lang='lat' dir='ltr'><strong>Si</strong></span> <span class='ocrx_word' id='word_1_262' title='bbox 1287 3141 1438 3196; x_wconf 91' lang='lat' dir='ltr'><strong>enim</strong></span> <span class='ocrx_word' id='word_1_263' title='bbox 1495 3142 1602 3196; x_wconf 92' lang='lat' dir='ltr'><strong>hoc</strong></span> <span class='ocrx_word' id='word_1_264' title='bbox 1629 3147 1816 3213; x_wconf 90' lang='lat' dir='ltr'><strong>putas,</strong></span> <span class='ocrx_word' id='word_1_265' title='bbox 1849 3147 2010 3213; x_wconf 89' lang='lat' dir='ltr'><strong>potes</strong></span> <span class='ocrx_word' id='word_1_266' title='bbox 2063 3148 2120 3197; x_wconf 92' lang='lat' dir='ltr'><strong>et</strong></span> 
     </span>
    </p>
   </div>
   <div class='ocr_carea' id='block_1_34' title="bbox 422 3229 2119 3302">
    <p class='ocr_par' dir='ltr' id='par_1_34' title="bbox 422 3229 2119 3302">
     <span class='ocr_line' id='line_1_34' title="bbox 422 3229 2119 3302; baseline -0.002 -15"><span class='ocrx_word' id='word_1_267' title='bbox 422 3233 494 3287; x_wconf 90' lang='lat' dir='ltr'><strong>de</strong></span> <span class='ocrx_word' id='word_1_268' title='bbox 521 3233 646 3286; x_wconf 91' lang='lat' dir='ltr'><strong>luce</strong></span> <span class='ocrx_word' id='word_1_269' title='bbox 679 3231 814 3285; x_wconf 92' lang='lat' dir='ltr'><strong>solis</strong></span> <span class='ocrx_word' id='word_1_270' title='bbox 846 3229 1107 3285; x_wconf 88' lang='lat' dir='ltr'><strong>dubitare</strong></span> <span class='ocrx_word' id='word_1_271' title='bbox 1139 3230 1292 3300; x_wconf 91' lang='lat' dir='ltr'><strong>quod</strong></span> <span class='ocrx_word' id='word_1_272' title='bbox 1317 3246 1434 3284; x_wconf 87' lang='lat' dir='ltr'><strong>una</strong></span> <span class='ocrx_word' id='word_1_273' title='bbox 1462 3229 1552 3297; x_wconf 89' lang='lat' dir='ltr'><strong>sit,</strong></span> <span class='ocrx_word' id='word_1_274' title='bbox 1585 3230 1720 3302; x_wconf 89' lang='lat' dir='ltr'><strong>quia</strong></span> <span class='ocrx_word' id='word_1_275' title='bbox 1751 3232 1932 3284; x_wconf 90' lang='lat' dir='ltr'><strong>multa</strong></span> <span class='ocrx_word' id='word_1_276' title='bbox 1961 3236 2018 3286; x_wconf 91' lang='lat' dir='ltr'><strong>et</strong></span> <span class='ocrx_word' id='word_1_277' title='bbox 2037 3231 2119 3285; x_wconf 92' lang='lat' dir='ltr'><strong>di-</strong></span> 
     </span>
    </p>
   </div>
   <div class='ocr_carea' id='block_1_35' title="bbox 421 3318 2119 3389">
    <p class='ocr_par' dir='ltr' id='par_1_35' title="bbox 421 3318 2119 3389">
     <span class='ocr_line' id='line_1_35' title="bbox 421 3318 2119 3389; baseline 0.001 -15"><span class='ocrx_word' id='word_1_278' title='bbox 421 3335 582 3375; x_wconf 90' lang='lat' dir='ltr'><strong>versa</strong></span> <span class='ocrx_word' id='word_1_279' title='bbox 611 3323 763 3385; x_wconf 89' lang='lat' dir='ltr'><strong>sunt,</strong></span> <span class='ocrx_word' id='word_1_280' title='bbox 797 3334 926 3389; x_wconf 67' lang='lat' dir='ltr'><strong>quae</strong></span> <span class='ocrx_word' id='word_1_281' title='bbox 947 3318 1006 3372; x_wconf 92' lang='lat' dir='ltr'><strong>in</strong></span> <span class='ocrx_word' id='word_1_282' title='bbox 1023 3335 1089 3373; x_wconf 91' lang='lat' dir='ltr'><strong>ea</strong></span> <span class='ocrx_word' id='word_1_283' title='bbox 1109 3318 1414 3374; x_wconf 90' lang='lat' dir='ltr'><strong>cernimus.</strong></span> <span class='ocrx_word' id='word_1_284' title='bbox 1441 3319 1518 3372; x_wconf 92' lang='lat' dir='ltr'><strong>De</strong></span> <span class='ocrx_word' id='word_1_285' title='bbox 1545 3318 1753 3389; x_wconf 90' lang='lat' dir='ltr'><strong>quibus</strong></span> <span class='ocrx_word' id='word_1_286' title='bbox 1781 3319 1979 3374; x_wconf 91' lang='lat' dir='ltr'><strong>multis</strong></span> <span class='ocrx_word' id='word_1_287' title='bbox 2003 3321 2119 3375; x_wconf 92' lang='lat' dir='ltr'><strong>ele-</strong></span> 
     </span>
    </p>
   </div>
   <div class='ocr_carea' id='block_1_36' title="bbox 423 3406 2116 3479">
    <p class='ocr_par' dir='ltr' id='par_1_36' title="bbox 423 3406 2116 3479">
     <span class='ocr_line' id='line_1_36' title="bbox 423 3406 2116 3479; baseline -0.001 -17"><span class='ocrx_word' id='word_1_288' title='bbox 423 3409 509 3479; x_wconf 91' lang='lat' dir='ltr'><strong>git</strong></span> <span class='ocrx_word' id='word_1_289' title='bbox 539 3407 780 3478; x_wconf 91' lang='lat' dir='ltr'><strong>quisque</strong></span> <span class='ocrx_word' id='word_1_290' title='bbox 810 3423 912 3478; x_wconf 89' lang='lat' dir='ltr'><strong>pro</strong></span> <span class='ocrx_word' id='word_1_291' title='bbox 940 3406 1235 3461; x_wconf 89' lang='lat' dir='ltr'><strong>voluntate</strong></span> <span class='ocrx_word' id='word_1_292' title='bbox 1265 3423 1378 3478; x_wconf 89' lang='lat' dir='ltr'><strong>quo</strong></span> <span class='ocrx_word' id='word_1_293' title='bbox 1405 3406 1627 3478; x_wconf 85' lang='lat' dir='ltr'><strong>fruatur</strong></span> <span class='ocrx_word' id='word_1_294' title='bbox 1663 3423 1766 3478; x_wconf 92' lang='lat' dir='ltr'><strong>per</strong></span> <span class='ocrx_word' id='word_1_295' title='bbox 1819 3408 2116 3462; x_wconf 90' lang='lat' dir='ltr'><strong>oculorum</strong></span> 
     </span>
    </p>
   </div>
   <div class='ocr_carea' id='block_1_37' title="bbox 425 3494 2120 3567">
    <p class='ocr_par' dir='ltr' id='par_1_37' title="bbox 425 3494 2120 3567">
     <span class='ocr_line' id='line_1_37' title="bbox 425 3494 2120 3567; baseline 0.002 -19"><span class='ocrx_word' id='word_1_296' title='bbox 425 3511 657 3548; x_wconf 89' lang='lat' dir='ltr'><strong>sensum</strong></span> <span class='ocrx_word' id='word_1_297' title='bbox 683 3511 695 3550; x_wconf 92' lang='lat'><strong>:</strong></span> <span class='ocrx_word' id='word_1_298' title='bbox 719 3499 775 3550; x_wconf 91' lang='lat' dir='ltr'><strong>et</strong></span> <span class='ocrx_word' id='word_1_299' title='bbox 803 3494 947 3549; x_wconf 90' lang='lat' dir='ltr'><strong>alius</strong></span> <span class='ocrx_word' id='word_1_300' title='bbox 975 3494 1332 3549; x_wconf 77' lang='lat' dir='ltr'><strong>altitudinem</strong></span> <span class='ocrx_word' id='word_1_301' title='bbox 1365 3494 1576 3549; x_wconf 90' lang='lat' dir='ltr'><strong>montis</strong></span> <span class='ocrx_word' id='word_1_302' title='bbox 1606 3495 1842 3567; x_wconf 85' lang='lat' dir='ltr'><strong>alicujus</strong></span> <span class='ocrx_word' id='word_1_303' title='bbox 1861 3495 2120 3551; x_wconf 90' lang='lat' dir='ltr'><strong>intuetur</strong></span> 
     </span>
    </p>
   </div>
   <div class='ocr_carea' id='block_1_38' title="bbox 424 3582 2117 3655">
    <p class='ocr_par' dir='ltr' id='par_1_38' title="bbox 424 3582 2117 3655">
     <span class='ocr_line' id='line_1_38' title="bbox 424 3582 2117 3655; baseline 0.001 -19"><span class='ocrx_word' id='word_1_304' title='bbox 424 3582 691 3643; x_wconf 91' lang='lat' dir='ltr'><strong>libenter.</strong></span> <span class='ocrx_word' id='word_1_305' title='bbox 726 3587 783 3638; x_wconf 91' lang='lat' dir='ltr'><strong>et</strong></span> <span class='ocrx_word' id='word_1_306' title='bbox 815 3599 880 3638; x_wconf 91' lang='lat' dir='ltr'><strong>eo</strong></span> <span class='ocrx_word' id='word_1_307' title='bbox 910 3583 1119 3654; x_wconf 84' lang='lat' dir='ltr'><strong>gaudet</strong></span> <span class='ocrx_word' id='word_1_308' title='bbox 1141 3586 1371 3655; x_wconf 88' lang='lat' dir='ltr'><strong>aspectu</strong></span> <span class='ocrx_word' id='word_1_309' title='bbox 1393 3599 1406 3650; x_wconf 92' lang='lat'><strong>;</strong></span> <span class='ocrx_word' id='word_1_310' title='bbox 1430 3582 1574 3637; x_wconf 88' lang='lat' dir='ltr'><strong>alius</strong></span> <span class='ocrx_word' id='word_1_311' title='bbox 1590 3583 1775 3654; x_wconf 88' lang='lat' dir='ltr'><strong>campi</strong></span> <span class='ocrx_word' id='word_1_312' title='bbox 1796 3583 2117 3655; x_wconf 87' lang='lat' dir='ltr'><strong>planitiem,</strong></span> 
     </span>
    </p>
   </div>
   <div class='ocr_carea' id='block_1_39' title="bbox 424 3671 2115 3742">
    <p class='ocr_par' dir='ltr' id='par_1_39' title="bbox 424 3671 2115 3742">
     <span class='ocr_line' id='line_1_39' title="bbox 424 3671 2115 3742; baseline 0.001 -16"><span class='ocrx_word' id='word_1_313' title='bbox 424 3671 570 3728; x_wconf 89' lang='lat' dir='ltr'><strong>alius</strong></span> <span class='ocrx_word' id='word_1_314' title='bbox 601 3688 844 3726; x_wconf 85' lang='lat' dir='ltr'><strong>convexa</strong></span> <span class='ocrx_word' id='word_1_315' title='bbox 867 3671 1143 3742; x_wconf 50' lang='lat' dir='ltr'><strong>:vallium,</strong></span> <span class='ocrx_word' id='word_1_316' title='bbox 1199 3671 1341 3726; x_wconf 86' lang='lat' dir='ltr'><strong>alius</strong></span> <span class='ocrx_word' id='word_1_317' title='bbox 1398 3688 1702 3727; x_wconf 91' lang='lat' dir='ltr'><strong>nemorum</strong></span> <span class='ocrx_word' id='word_1_318' title='bbox 1748 3673 2115 3741; x_wconf 87' lang='lat' dir='ltr'><strong>viriditatem,</strong></span> 
     </span>
    </p>
   </div>
   <div class='ocr_carea' id='block_1_40' title="bbox 423 3760 2113 3831">
    <p class='ocr_par' dir='ltr' id='par_1_40' title="bbox 423 3760 2113 3831">
     <span class='ocr_line' id='line_1_40' title="bbox 423 3760 2113 3831; baseline 0.001 -16"><span class='ocrx_word' id='word_1_319' title='bbox 423 3761 570 3815; x_wconf 86' lang='lat' dir='ltr'><strong>alius</strong></span> <span class='ocrx_word' id='word_1_320' title='bbox 600 3760 875 3815; x_wconf 91' lang='lat' dir='ltr'><strong>mobilem</strong></span> <span class='ocrx_word' id='word_1_321' title='bbox 905 3760 1285 3831; x_wconf 67' lang='lat' dir='ltr'><strong>aequalitatem</strong></span> <span class='ocrx_word' id='word_1_322' title='bbox 1313 3760 1504 3827; x_wconf 88' lang='lat' dir='ltr'><strong>maris,</strong></span> <span class='ocrx_word' id='word_1_323' title='bbox 1549 3760 1696 3815; x_wconf 92' lang='lat' dir='ltr'><strong>alius</strong></span> <span class='ocrx_word' id='word_1_324' title='bbox 1742 3762 1863 3816; x_wconf 78' lang='lat' dir='ltr'><strong>haec</strong></span> <span class='ocrx_word' id='word_1_325' title='bbox 1901 3762 2113 3828; x_wconf 86' lang='lat' dir='ltr'><strong>omnia,</strong></span> 
     </span>
    </p>
   </div>
   <div class='ocr_carea' id='block_1_41' title="bbox 421 3849 2116 3920">
    <p class='ocr_par' dir='ltr' id='par_1_41' title="bbox 421 3849 2116 3920">
     <span class='ocr_line' id='line_1_41' title="bbox 421 3849 2116 3920; baseline 0 -16"><span class='ocrx_word' id='word_1_326' title='bbox 421 3851 510 3904; x_wconf 87' lang='lat' dir='ltr'><strong>vel</strong></span> <span class='ocrx_word' id='word_1_327' title='bbox 541 3850 810 3920; x_wconf 67' lang='lat' dir='ltr'><strong>quaedam</strong></span> <span class='ocrx_word' id='word_1_328' title='bbox 839 3850 1046 3904; x_wconf 88' lang='lat' dir='ltr'><strong>horum</strong></span> <span class='ocrx_word' id='word_1_329' title='bbox 1065 3849 1234 3903; x_wconf 90' lang='lat' dir='ltr'><strong>simul</strong></span> <span class='ocrx_word' id='word_1_330' title='bbox 1259 3849 1499 3919; x_wconf 87' lang='lat' dir='ltr'><strong>pulchra</strong></span> <span class='ocrx_word' id='word_1_331' title='bbox 1517 3849 1733 3904; x_wconf 87' lang='lat' dir='ltr'><strong>confert</strong></span> <span class='ocrx_word' id='word_1_332' title='bbox 1763 3851 1832 3904; x_wconf 91' lang='lat' dir='ltr'><strong>ad</strong></span> <span class='ocrx_word' id='word_1_333' title='bbox 1857 3850 2116 3904; x_wconf 70' lang='lat' dir='ltr'><strong>laetitiam</strong></span> 
     </span>
    </p>
   </div>
   <div class='ocr_carea' id='block_1_42' title="bbox 421 3937 2118 4010">
    <p class='ocr_par' dir='ltr' id='par_1_42' title="bbox 421 3937 2118 4010">
     <span class='ocr_line' id='line_1_42' title="bbox 421 3937 2118 4010; baseline -0.001 -17"><span class='ocrx_word' id='word_1_334' title='bbox 421 3938 667 3993; x_wconf 90' lang='lat' dir='ltr'><strong>videndi.</strong></span> <span class='ocrx_word' id='word_1_335' title='bbox 696 3938 850 3993; x_wconf 92' lang='lat' dir='ltr'><strong>Sicut</strong></span> <span class='ocrx_word' id='word_1_336' title='bbox 879 3954 1014 4010; x_wconf 90' lang='lat' dir='ltr'><strong>ergo</strong></span> <span class='ocrx_word' id='word_1_337' title='bbox 1034 3938 1143 3992; x_wconf 90' lang='lat' dir='ltr'><strong>ista</strong></span> <span class='ocrx_word' id='word_1_338' title='bbox 1178 3939 1358 3992; x_wconf 88' lang='lat' dir='ltr'><strong>multa</strong></span> <span class='ocrx_word' id='word_1_339' title='bbox 1388 3942 1446 3992; x_wconf 92' lang='lat' dir='ltr'><strong>et</strong></span> <span class='ocrx_word' id='word_1_340' title='bbox 1477 3937 1697 3992; x_wconf 89' lang='lat' dir='ltr'><strong>diversa</strong></span> <span class='ocrx_word' id='word_1_341' title='bbox 1715 3944 1867 4006; x_wconf 90' lang='lat' dir='ltr'><strong>sunt,</strong></span> <span class='ocrx_word' id='word_1_342' title='bbox 1900 3955 2027 4010; x_wconf 67' lang='lat' dir='ltr'><strong>quas</strong></span> <span class='ocrx_word' id='word_1_343' title='bbox 2056 3939 2118 3993; x_wconf 90' lang='lat' dir='ltr'><strong>in</strong></span> 
     </span>
    </p>
   </div>
   <div class='ocr_carea' id='block_1_43' title="bbox 422 4026 2115 4096">
    <p class='ocr_par' dir='ltr' id='par_1_43' title="bbox 422 4026 2115 4096">
     <span class='ocr_line' id='line_1_43' title="bbox 422 4026 2115 4096; baseline 0 -14"><span class='ocrx_word' id='word_1_344' title='bbox 422 4029 546 4082; x_wconf 90' lang='lat' dir='ltr'><strong>luce</strong></span> <span class='ocrx_word' id='word_1_345' title='bbox 578 4027 710 4081; x_wconf 93' lang='lat' dir='ltr'><strong>solis</strong></span> <span class='ocrx_word' id='word_1_346' title='bbox 737 4027 999 4082; x_wconf 90' lang='lat' dir='ltr'><strong>homines</strong></span> <span class='ocrx_word' id='word_1_347' title='bbox 1025 4027 1220 4082; x_wconf 89' lang='lat' dir='ltr'><strong>vident</strong></span> <span class='ocrx_word' id='word_1_348' title='bbox 1238 4031 1295 4080; x_wconf 93' lang='lat' dir='ltr'><strong>et</strong></span> <span class='ocrx_word' id='word_1_349' title='bbox 1324 4026 1542 4096; x_wconf 90' lang='lat' dir='ltr'><strong>eligunt</strong></span> <span class='ocrx_word' id='word_1_350' title='bbox 1567 4027 1641 4082; x_wconf 91' lang='lat' dir='ltr'><strong>ad</strong></span> <span class='ocrx_word' id='word_1_351' title='bbox 1669 4027 1996 4096; x_wconf 90' lang='lat' dir='ltr'><strong>fruendum,</strong></span> <span class='ocrx_word' id='word_1_352' title='bbox 2021 4029 2115 4082; x_wconf 88' lang='lat' dir='ltr'><strong>lux</strong></span> 
     </span>
    </p>
   </div>
   <div class='ocr_carea' id='block_1_44' title="bbox 420 4115 2117 4187">
    <p class='ocr_par' dir='ltr' id='par_1_44' title="bbox 420 4115 2117 4187">
     <span class='ocr_line' id='line_1_44' title="bbox 420 4115 2117 4187; baseline 0 -16"><span class='ocrx_word' id='word_1_353' title='bbox 420 4120 618 4171; x_wconf 89' lang='lat' dir='ltr'><strong>tamen</strong></span> <span class='ocrx_word' id='word_1_354' title='bbox 645 4116 767 4187; x_wconf 89' lang='lat' dir='ltr'><strong>ipsa</strong></span> <span class='ocrx_word' id='word_1_355' title='bbox 797 4133 914 4170; x_wconf 86' lang='lat' dir='ltr'><strong>una</strong></span> <span class='ocrx_word' id='word_1_356' title='bbox 940 4119 1039 4182; x_wconf 90' lang='lat' dir='ltr'><strong>est,</strong></span> <span class='ocrx_word' id='word_1_357' title='bbox 1078 4116 1139 4169; x_wconf 92' lang='lat' dir='ltr'><strong>in</strong></span> <span class='ocrx_word' id='word_1_358' title='bbox 1168 4131 1283 4186; x_wconf 88' lang='lat' dir='ltr'><strong>qua</strong></span> <span class='ocrx_word' id='word_1_359' title='bbox 1309 4115 1464 4170; x_wconf 89' lang='lat' dir='ltr'><strong>videt</strong></span> <span class='ocrx_word' id='word_1_360' title='bbox 1488 4120 1545 4170; x_wconf 91' lang='lat' dir='ltr'><strong>et</strong></span> <span class='ocrx_word' id='word_1_361' title='bbox 1564 4119 1722 4171; x_wconf 90' lang='lat' dir='ltr'><strong>tenet</strong></span> <span class='ocrx_word' id='word_1_362' title='bbox 1749 4133 1862 4187; x_wconf 92' lang='lat' dir='ltr'><strong>quo</strong></span> <span class='ocrx_word' id='word_1_363' title='bbox 1893 4117 2117 4171; x_wconf 88' lang='lat' dir='ltr'><strong>fruatur</strong></span> 
     </span>
    </p>
   </div>
   <div class='ocr_carea' id='block_1_45' title="bbox 421 4203 2118 4275">
    <p class='ocr_par' dir='ltr' id='par_1_45' title="bbox 421 4203 2118 4275">
     <span class='ocr_line' id='line_1_45' title="bbox 421 4203 2118 4275; baseline 0.001 -16"><span class='ocrx_word' id='word_1_364' title='bbox 421 4205 871 4275; x_wconf 90' lang='lat' dir='ltr'><strong>uniuscujusque</strong></span> <span class='ocrx_word' id='word_1_365' title='bbox 901 4203 1176 4258; x_wconf 87' lang='lat' dir='ltr'><strong>intuentis</strong></span> <span class='ocrx_word' id='word_1_366' title='bbox 1202 4208 1459 4274; x_wconf 90' lang='lat' dir='ltr'><strong>aspectus</strong></span> <span class='ocrx_word' id='word_1_367' title='bbox 1495 4219 1507 4257; x_wconf 93' lang='lat'>:</span> <span class='ocrx_word' id='word_1_368' title='bbox 1543 4204 1641 4271; x_wconf 90' lang='lat' dir='ltr'><strong>ita,</strong></span> <span class='ocrx_word' id='word_1_369' title='bbox 1672 4204 1895 4259; x_wconf 91' lang='lat' dir='ltr'><strong>etiamsi</strong></span> <span class='ocrx_word' id='word_1_370' title='bbox 1937 4208 2118 4262; x_wconf 86' lang='lat' dir='ltr'><strong>multa</strong></span> 
     </span>
    </p>
   </div>
   <div class='ocr_carea' id='block_1_46' title="bbox 424 4292 2116 4366">
    <p class='ocr_par' dir='ltr' id='par_1_46' title="bbox 424 4292 2116 4366">
     <span class='ocr_line' id='line_1_46' title="bbox 424 4292 2116 4366; baseline 0.002 -19"><span class='ocrx_word' id='word_1_371' title='bbox 424 4297 557 4347; x_wconf 86' lang='lat' dir='ltr'><strong>sunt</strong></span> <span class='ocrx_word' id='word_1_372' title='bbox 584 4293 733 4347; x_wconf 90' lang='lat' dir='ltr'><strong>bona</strong></span> <span class='ocrx_word' id='word_1_373' title='bbox 759 4308 938 4362; x_wconf 89' lang='lat' dir='ltr'><strong>eaque</strong></span> <span class='ocrx_word' id='word_1_374' title='bbox 960 4292 1246 4358; x_wconf 89' lang='lat' dir='ltr'><strong>diversa,e</strong></span> <span class='ocrx_word' id='word_1_375' title='bbox 1265 4292 1472 4362; x_wconf 88' lang='lat' dir='ltr'><strong>quibus</strong></span> <span class='ocrx_word' id='word_1_376' title='bbox 1504 4293 1678 4363; x_wconf 87' lang='lat' dir='ltr'><strong>eligat</strong></span> <span class='ocrx_word' id='word_1_377' title='bbox 1706 4293 1946 4365; x_wconf 91' lang='lat' dir='ltr'><strong>quisque</strong></span> <span class='ocrx_word' id='word_1_378' title='bbox 1964 4294 2116 4366; x_wconf 91' lang='lat' dir='ltr'><strong>quod</strong></span> 
     </span>
    </p>
   </div>
   <div class='ocr_carea' id='block_1_47' title="bbox 421 4379 2115 4451">
    <p class='ocr_par' dir='ltr' id='par_1_47' title="bbox 421 4379 2115 4451">
     <span class='ocr_line' id='line_1_47' title="bbox 421 4379 2115 4451; baseline 0.002 -15"><span class='ocrx_word' id='word_1_379' title='bbox 421 4382 593 4447; x_wconf 89' lang='lat' dir='ltr'><strong>volet,</strong></span> <span class='ocrx_word' id='word_1_380' title='bbox 627 4379 799 4451; x_wconf 91' lang='lat' dir='ltr'><strong>idque</strong></span> <span class='ocrx_word' id='word_1_381' title='bbox 849 4380 1093 4434; x_wconf 85' lang='lat' dir='ltr'><strong>videndo</strong></span> <span class='ocrx_word' id='word_1_382' title='bbox 1124 4385 1179 4435; x_wconf 90' lang='lat' dir='ltr'><strong>et</strong></span> <span class='ocrx_word' id='word_1_383' title='bbox 1205 4382 1454 4436; x_wconf 90' lang='lat' dir='ltr'><strong>tenendo</strong></span> <span class='ocrx_word' id='word_1_384' title='bbox 1509 4381 1582 4436; x_wconf 86' lang='lat' dir='ltr'><strong>ad</strong></span> <span class='ocrx_word' id='word_1_385' title='bbox 1610 4382 1916 4438; x_wconf 89' lang='lat' dir='ltr'><strong>fruendum</strong></span> <span class='ocrx_word' id='word_1_386' title='bbox 1959 4401 2115 4439; x_wconf 89' lang='lat' dir='ltr'><strong>sum-</strong></span> 
     </span>
    </p>
   </div>
   <div class='ocr_carea' id='block_1_48' title="bbox 424 4464 2118 4536">
    <p class='ocr_par' dir='ltr' id='par_1_48' title="bbox 424 4464 2118 4536">
     <span class='ocr_line' id='line_1_48' title="bbox 424 4464 2118 4536; baseline 0.002 -16"><span class='ocrx_word' id='word_1_387' title='bbox 424 4481 588 4521; x_wconf 89' lang='lat' dir='ltr'><strong>mum</strong></span> <span class='ocrx_word' id='word_1_388' title='bbox 618 4464 726 4518; x_wconf 91' lang='lat' dir='ltr'><strong>sibi</strong></span> <span class='ocrx_word' id='word_1_389' title='bbox 756 4464 969 4519; x_wconf 90' lang='lat' dir='ltr'><strong>bonum</strong></span> <span class='ocrx_word' id='word_1_390' title='bbox 1003 4468 1154 4519; x_wconf 88' lang='lat' dir='ltr'><strong>recte</strong></span> <span class='ocrx_word' id='word_1_391' title='bbox 1191 4480 1430 4536; x_wconf 86' lang='lat' dir='ltr'><strong>vereque</strong></span> <span class='ocrx_word' id='word_1_392' title='bbox 1470 4467 1810 4536; x_wconf 90' lang='lat' dir='ltr'><strong>constituat;</strong></span> <span class='ocrx_word' id='word_1_393' title='bbox 1869 4468 1996 4523; x_wconf 85' lang='lat' dir='ltr'><strong>ﬁeri</strong></span> <span class='ocrx_word' id='word_1_394' title='bbox 2041 4474 2118 4524; x_wconf 88' lang='lat' dir='ltr'><strong>ta-</strong></span> 
     </span>
    </p>
   </div>
   <div class='ocr_carea' id='block_1_49' title="bbox 425 4552 2116 4627">
    <p class='ocr_par' dir='ltr' id='par_1_49' title="bbox 425 4552 2116 4627">
     <span class='ocr_line' id='line_1_49' title="bbox 425 4552 2116 4627; baseline 0.003 -18"><span class='ocrx_word' id='word_1_395' title='bbox 425 4570 562 4609; x_wconf 88' lang='lat' dir='ltr'><strong>men</strong></span> <span class='ocrx_word' id='word_1_396' title='bbox 592 4556 781 4626; x_wconf 90' lang='lat' dir='ltr'><strong>potest</strong></span> <span class='ocrx_word' id='word_1_397' title='bbox 797 4557 861 4608; x_wconf 91' lang='lat' dir='ltr'><strong>ut</strong></span> <span class='ocrx_word' id='word_1_398' title='bbox 880 4553 976 4608; x_wconf 87' lang='lat' dir='ltr'><strong>lux</strong></span> <span class='ocrx_word' id='word_1_399' title='bbox 1007 4552 1130 4624; x_wconf 90' lang='lat' dir='ltr'><strong>ipsa</strong></span> <span class='ocrx_word' id='word_1_400' title='bbox 1157 4553 1472 4625; x_wconf 73' lang='lat' dir='ltr'><strong>sapientias,</strong></span> <span class='ocrx_word' id='word_1_401' title='bbox 1501 4554 1561 4608; x_wconf 91' lang='lat' dir='ltr'><strong>in</strong></span> <span class='ocrx_word' id='word_1_402' title='bbox 1578 4572 1691 4627; x_wconf 90' lang='lat' dir='ltr'><strong>qua</strong></span> <span class='ocrx_word' id='word_1_403' title='bbox 1711 4557 1833 4612; x_wconf 68' lang='lat' dir='ltr'><strong>hinc</strong></span> <span class='ocrx_word' id='word_1_404' title='bbox 1862 4557 2040 4612; x_wconf 90' lang='lat' dir='ltr'><strong>videri</strong></span> <span class='ocrx_word' id='word_1_405' title='bbox 2059 4564 2116 4614; x_wconf 92' lang='lat' dir='ltr'><strong>et</strong></span> 
     </span>
    </p>
   </div>
   <div class='ocr_carea' id='block_1_50' title="bbox 428 4643 2115 4714">
    <p class='ocr_par' dir='ltr' id='par_1_50' title="bbox 428 4643 2115 4714">
     <span class='ocr_line' id='line_1_50' title="bbox 428 4643 2115 4714; baseline 0.004 -18"><span class='ocrx_word' id='word_1_406' title='bbox 428 4643 613 4697; x_wconf 87' lang='lat' dir='ltr'><strong>teneri</strong></span> <span class='ocrx_word' id='word_1_407' title='bbox 632 4646 887 4713; x_wconf 88' lang='lat' dir='ltr'><strong>possunt,</strong></span> <span class='ocrx_word' id='word_1_408' title='bbox 921 4643 1188 4697; x_wconf 92' lang='lat' dir='ltr'><strong>omnibus</strong></span> <span class='ocrx_word' id='word_1_409' title='bbox 1234 4643 1586 4714; x_wconf 88' lang='lat' dir='ltr'><strong>sapientibus</strong></span> <span class='ocrx_word' id='word_1_410' title='bbox 1612 4644 1686 4700; x_wconf 83' lang='lat' dir='ltr'><strong>sit</strong></span> <span class='ocrx_word' id='word_1_411' title='bbox 1710 4663 1824 4700; x_wconf 89' lang='lat' dir='ltr'><strong>una</strong></span> <span class='ocrx_word' id='word_1_412' title='bbox 1860 4662 2115 4702; x_wconf 87' lang='lat' dir='ltr'><strong>commu-</strong></span> 
     </span>
    </p>
   </div>
   <div class='ocr_carea' id='block_1_51' title="bbox 423 4731 2117 4807">
    <p class='ocr_par' dir='ltr' id='par_1_51' title="bbox 423 4731 2117 4807">
     <span class='ocr_line' id='line_1_51' title="bbox 423 4731 2117 4807; baseline 0.003 -21"><span class='ocrx_word' id='word_1_413' title='bbox 423 4731 532 4786; x_wconf 89' lang='lat' dir='ltr'><strong>nis.</strong></span> <span class='ocrx_word' id='word_1_414' title='bbox 563 4735 630 4787; x_wconf 88' lang='lat' dir='ltr'><strong>E.</strong></span> <span class='ocrx_word' id='word_1_415' title='bbox 665 4733 863 4786; x_wconf 86' lang='lat' dir='ltr'><strong>Fateor</strong></span> <span class='ocrx_word' id='word_1_416' title='bbox 894 4731 1019 4788; x_wconf 87' lang='lat' dir='ltr'><strong>fieri</strong></span> <span class='ocrx_word' id='word_1_417' title='bbox 1056 4749 1245 4803; x_wconf 87' lang='lat' dir='ltr'><strong>posse,</strong></span> <span class='ocrx_word' id='word_1_418' title='bbox 1275 4749 1380 4787; x_wconf 91' lang='lat' dir='ltr'><strong>nec</strong></span> <span class='ocrx_word' id='word_1_419' title='bbox 1435 4733 1711 4805; x_wconf 89' lang='lat' dir='ltr'><strong>impedire</strong></span> <span class='ocrx_word' id='word_1_420' title='bbox 1772 4735 2007 4807; x_wconf 87' lang='lat' dir='ltr'><strong>aliquid,</strong></span> <span class='ocrx_word' id='word_1_421' title='bbox 2054 4741 2117 4792; x_wconf 95' lang='lat' dir='ltr'><strong>ut</strong></span> 
     </span>
    </p>
   </div>
   <div class='ocr_carea' id='block_1_52' title="bbox 423 4819 2116 4894">
    <p class='ocr_par' dir='ltr' id='par_1_52' title="bbox 423 4819 2116 4894">
     <span class='ocr_line' id='line_1_52' title="bbox 423 4819 2116 4894; baseline 0.004 -20"><span class='ocrx_word' id='word_1_422' title='bbox 423 4835 541 4875; x_wconf 92' lang='lat' dir='ltr'><strong>non</strong></span> <span class='ocrx_word' id='word_1_423' title='bbox 572 4819 644 4875; x_wconf 86' lang='lat' dir='ltr'><strong>sit</strong></span> <span class='ocrx_word' id='word_1_424' title='bbox 681 4821 947 4876; x_wconf 89' lang='lat' dir='ltr'><strong>omnibus</strong></span> <span class='ocrx_word' id='word_1_425' title='bbox 1002 4822 1324 4877; x_wconf 90' lang='lat' dir='ltr'><strong>communis</strong></span> <span class='ocrx_word' id='word_1_426' title='bbox 1369 4839 1486 4877; x_wconf 89' lang='lat' dir='ltr'><strong>una</strong></span> <span class='ocrx_word' id='word_1_427' title='bbox 1542 4824 1838 4894; x_wconf 89' lang='lat' dir='ltr'><strong>sapientia,</strong></span> <span class='ocrx_word' id='word_1_428' title='bbox 1894 4825 2116 4882; x_wconf 87' lang='lat' dir='ltr'><strong>etiamsi</strong></span> 
     </span>
    </p>
   </div>
   <div class='ocr_carea' id='block_1_53' title="bbox 425 4909 2114 4971">
    <p class='ocr_par' dir='ltr' id='par_1_53' title="bbox 425 4909 2114 4971">
     <span class='ocr_line' id='line_1_53' title="bbox 425 4909 2114 4971; baseline 0.004 -6"><span class='ocrx_word' id='word_1_429' title='bbox 425 4909 606 4965; x_wconf 89' lang='lat' dir='ltr'><strong>multa</strong></span> <span class='ocrx_word' id='word_1_430' title='bbox 634 4913 693 4964; x_wconf 90' lang='lat' dir='ltr'><strong>et</strong></span> <span class='ocrx_word' id='word_1_431' title='bbox 717 4909 934 4964; x_wconf 87' lang='lat' dir='ltr'><strong>diversa</strong></span> <span class='ocrx_word' id='word_1_432' title='bbox 960 4910 1073 4965; x_wconf 91' lang='lat' dir='ltr'><strong>sint</strong></span> <span class='ocrx_word' id='word_1_433' title='bbox 1127 4927 1353 4966; x_wconf 87' lang='lat' dir='ltr'><strong>summa</strong></span> <span class='ocrx_word' id='word_1_434' title='bbox 1381 4912 1532 4966; x_wconf 90' lang='lat' dir='ltr'><strong>bona</strong></span> <span class='ocrx_word' id='word_1_435' title='bbox 1565 4929 1580 4968; x_wconf 88' lang='lat'><strong>:</strong></span> <span class='ocrx_word' id='word_1_436' title='bbox 1613 4914 1709 4968; x_wconf 92' lang='lat' dir='ltr'><strong>sed</strong></span> <span class='ocrx_word' id='word_1_437' title='bbox 1741 4914 1944 4969; x_wconf 90' lang='lat' dir='ltr'><strong>vellem</strong></span> <span class='ocrx_word' id='word_1_438' title='bbox 1973 4915 2114 4971; x_wconf 91' lang='lat' dir='ltr'><strong>scire</strong></span> 
     </span>
    </p>
   </div>
   <div class='ocr_carea' id='block_1_54' title="bbox 425 4990 2114 5068">
    <p class='ocr_par' dir='ltr' id='par_1_54' title="bbox 425 4990 2114 5068">
     <span class='ocr_line' id='line_1_54' title="bbox 425 4990 2114 5068; baseline 0.005 -21"><span class='ocrx_word' id='word_1_439' title='bbox 425 5009 497 5047; x_wconf 88' lang='lat' dir='ltr'><strong>an</strong></span> <span class='ocrx_word' id='word_1_440' title='bbox 527 4991 606 5046; x_wconf 89' lang='lat' dir='ltr'><strong>ita</strong></span> <span class='ocrx_word' id='word_1_441' title='bbox 634 4990 722 5046; x_wconf 90' lang='lat' dir='ltr'><strong>sit.</strong></span> <span class='ocrx_word' id='word_1_442' title='bbox 775 4991 932 5055; x_wconf 88' lang='lat' dir='ltr'><strong>Quod</strong></span> <span class='ocrx_word' id='word_1_443' title='bbox 993 4993 1148 5047; x_wconf 91' lang='lat' dir='ltr'><strong>enim</strong></span> <span class='ocrx_word' id='word_1_444' title='bbox 1195 4994 1558 5050; x_wconf 88' lang='lat' dir='ltr'><strong>concedimus</strong></span> <span class='ocrx_word' id='word_1_445' title='bbox 1589 4996 1714 5050; x_wconf 81' lang='lat' dir='ltr'><strong>fieri</strong></span> <span class='ocrx_word' id='word_1_446' title='bbox 1750 5014 1915 5068; x_wconf 89' lang='lat' dir='ltr'><strong>posse</strong></span> <span class='ocrx_word' id='word_1_447' title='bbox 1945 5003 2008 5054; x_wconf 90' lang='lat' dir='ltr'><strong>ut</strong></span> <span class='ocrx_word' id='word_1_448' title='bbox 2035 5000 2114 5055; x_wconf 85' lang='lat' dir='ltr'><strong>ita</strong></span> 
     </span>
    </p>
   </div>
   <div class='ocr_carea' id='block_1_55' title="bbox 423 5079 2114 5146">
    <p class='ocr_par' dir='ltr' id='par_1_55' title="bbox 423 5079 2114 5146">
     <span class='ocr_line' id='line_1_55' title="bbox 423 5079 2114 5146; baseline 0.006 -11"><span class='ocrx_word' id='word_1_449' title='bbox 423 5080 518 5142; x_wconf 82' lang='lat' dir='ltr'><strong>sit,</strong></span> <span class='ocrx_word' id='word_1_450' title='bbox 549 5096 666 5134; x_wconf 93' lang='lat' dir='ltr'><strong>non</strong></span> <span class='ocrx_word' id='word_1_451' title='bbox 697 5079 968 5134; x_wconf 90' lang='lat' dir='ltr'><strong>continuo</strong></span> <span class='ocrx_word' id='word_1_452' title='bbox 996 5080 1076 5134; x_wconf 87' lang='lat' dir='ltr'><strong>ita</strong></span> <span class='ocrx_word' id='word_1_453' title='bbox 1129 5097 1248 5136; x_wconf 89' lang='lat' dir='ltr'><strong>esse</strong></span> <span class='ocrx_word' id='word_1_454' title='bbox 1304 5085 1689 5140; x_wconf 89' lang='lat' dir='ltr'><strong>concedimus.</strong></span> <span class='ocrx_word' id='word_1_455' title='bbox 1731 5087 1804 5142; x_wconf 81' lang='grc' dir='ltr'><strong>Α.</strong></span> <span class='ocrx_word' id='word_1_456' title='bbox 1835 5089 2114 5146; x_wconf 87' lang='lat' dir='ltr'><strong>Tenemus</strong></span> 
     </span>
    </p>
   </div>
   <div class='ocr_carea' id='block_1_56' title="bbox 423 5167 2113 5240">
    <p class='ocr_par' dir='ltr' id='par_1_56' title="bbox 423 5167 2113 5240">
     <span class='ocr_line' id='line_1_56' title="bbox 423 5167 2113 5240; baseline 0.007 -16"><span class='ocrx_word' id='word_1_457' title='bbox 423 5167 656 5224; x_wconf 88' lang='lat' dir='ltr'><strong>interim</strong></span> <span class='ocrx_word' id='word_1_458' title='bbox 687 5185 807 5224; x_wconf 92' lang='lat' dir='ltr'><strong>esse</strong></span> <span class='ocrx_word' id='word_1_459' title='bbox 850 5167 1221 5240; x_wconf 86' lang='lat' dir='ltr'><strong>sapientiam:</strong></span> <span class='ocrx_word' id='word_1_460' title='bbox 1276 5172 1374 5226; x_wconf 90' lang='lat' dir='ltr'><strong>sed</strong></span> <span class='ocrx_word' id='word_1_461' title='bbox 1423 5179 1617 5228; x_wconf 90' lang='lat' dir='ltr'><strong>utrum</strong></span> <span class='ocrx_word' id='word_1_462' title='bbox 1667 5175 1741 5230; x_wconf 91' lang='lat' dir='ltr'><strong>sit</strong></span> <span class='ocrx_word' id='word_1_463' title='bbox 1795 5181 2113 5236; x_wconf 89' lang='lat' dir='ltr'><strong>communis</strong></span> 
     </span>
    </p>
   </div>
   <div class='ocr_carea' id='block_1_57' title="bbox 423 5257 2109 5338">
    <p class='ocr_par' dir='ltr' id='par_1_57' title="bbox 423 5257 2109 5338">
     <span class='ocr_line' id='line_1_57' title="bbox 423 5257 2109 5338; baseline 0.008 -27"><span class='ocrx_word' id='word_1_464' title='bbox 423 5272 540 5312; x_wconf 88' lang='lat' dir='ltr'><strong>una</strong></span> <span class='ocrx_word' id='word_1_465' title='bbox 583 5257 869 5324; x_wconf 90' lang='lat' dir='ltr'><strong>omnibus,</strong></span> <span class='ocrx_word' id='word_1_466' title='bbox 929 5273 1002 5312; x_wconf 91' lang='lat' dir='ltr'><strong>an</strong></span> <span class='ocrx_word' id='word_1_467' title='bbox 1057 5257 1271 5328; x_wconf 90' lang='lat' dir='ltr'><strong>singuli</strong></span> <span class='ocrx_word' id='word_1_468' title='bbox 1327 5261 1608 5330; x_wconf 86' lang='lat' dir='ltr'><strong>sapientes</strong></span> <span class='ocrx_word' id='word_1_469' title='bbox 1664 5280 1793 5319; x_wconf 89' lang='lat' dir='ltr'><strong>suas</strong></span> <span class='ocrx_word' id='word_1_470' title='bbox 1846 5267 2109 5338; x_wconf 87' lang='lat' dir='ltr'><strong>habeant,</strong></span> 
     </span>
    </p>
   </div>
   <div class='ocr_carea' id='block_1_58' title="bbox 425 5343 2111 5419">
    <p class='ocr_par' dir='ltr' id='par_1_58' title="bbox 425 5343 2111 5419">
     <span class='ocr_line' id='line_1_58' title="bbox 425 5343 2111 5419; baseline 0.01 -22"><span class='ocrx_word' id='word_1_471' title='bbox 425 5343 593 5399; x_wconf 88' lang='lat' dir='ltr'><strong>sicuti</strong></span> <span class='ocrx_word' id='word_1_472' title='bbox 621 5345 838 5401; x_wconf 88' lang='lat' dir='ltr'><strong>animas</strong></span> <span class='ocrx_word' id='word_1_473' title='bbox 867 5347 955 5404; x_wconf 90' lang='lat' dir='ltr'><strong>vel</strong></span> <span class='ocrx_word' id='word_1_474' title='bbox 986 5352 1207 5403; x_wconf 89' lang='lat' dir='ltr'><strong>mentes</strong></span> <span class='ocrx_word' id='word_1_475' title='bbox 1238 5364 1389 5419; x_wconf 88' lang='lat' dir='ltr'><strong>suas,</strong></span> <span class='ocrx_word' id='word_1_476' title='bbox 1419 5349 1527 5406; x_wconf 90' lang='lat' dir='ltr'><strong>hoc</strong></span> <span class='ocrx_word' id='word_1_477' title='bbox 1551 5353 1807 5410; x_wconf 91' lang='lat' dir='ltr'><strong>nondum</strong></span> <span class='ocrx_word' id='word_1_478' title='bbox 1835 5359 2111 5414; x_wconf 89' lang='lat' dir='ltr'><strong>tenemus.</strong></span> 
     </span>
    </p>
   </div>
   <div class='ocr_carea' id='block_1_59' title="bbox 423 5433 735 5492">
    <p class='ocr_par' dir='ltr' id='par_1_59' title="bbox 423 5433 735 5492">
     <span class='ocr_line' id='line_1_59' title="bbox 423 5433 735 5492; baseline 0.013 -5"><span class='ocrx_word' id='word_1_479' title='bbox 423 5433 489 5488; x_wconf 86' lang='lat' dir='ltr'><strong>E.</strong></span> <span class='ocrx_word' id='word_1_480' title='bbox 522 5433 608 5489; x_wconf 83' lang='lat' dir='ltr'><strong>Ita</strong></span> <span class='ocrx_word' id='word_1_481' title='bbox 630 5439 735 5492; x_wconf 89' lang='lat' dir='ltr'><strong>est.</strong></span> 
     </span>
    </p>
   </div>
   <div class='ocr_carea' id='block_1_60' title="bbox 1520 273 2842 339">
    <p class='ocr_par' dir='ltr' id='par_1_60' title="bbox 1520 273 2842 339">
     <span class='ocr_line' id='line_1_60' title="bbox 1520 273 2842 339; baseline 0.001 -11"><span class='ocrx_word' id='word_1_482' title='bbox 1520 273 1614 328; x_wconf 92' lang='lat' dir='ltr'><strong>DE</strong></span> <span class='ocrx_word' id='word_1_483' title='bbox 1661 273 1921 329; x_wconf 84' lang='lat' dir='ltr'><strong>LIBERO</strong></span> <span class='ocrx_word' id='word_1_484' title='bbox 1959 273 2321 339; x_wconf 82' lang='lat' dir='ltr'><strong>ARBITRIO,</strong></span> <span class='ocrx_word' id='word_1_485' title='bbox 2363 275 2417 331; x_wconf 90' lang='lat' dir='ltr'><strong>S.</strong></span> <span class='ocrx_word' id='word_1_486' title='bbox 2459 273 2842 333; x_wconf 86' lang='lat' dir='ltr'><strong>AUGUSTINI</strong></span> 
     </span>
    </p>
   </div>
   <div class='ocr_carea' id='block_1_61' title="bbox 3814 276 3952 330">
    <p class='ocr_par' dir='ltr' id='par_1_61' title="bbox 3814 276 3952 330">
     <span class='ocr_line' id='line_1_61' title="bbox 3814 276 3952 330; baseline 0.007 -2"><span class='ocrx_word' id='word_1_487' title='bbox 3814 276 3952 330; x_wconf 76' lang='grc'><strong>1256</strong></span> 
     </span>
    </p>
   </div>
   <div class='ocr_carea' id='block_1_62' title="bbox 2235 379 3956 466">
    <p class='ocr_par' dir='ltr' id='par_1_62' title="bbox 2235 379 3956 466">
     <span class='ocr_line' id='line_1_62' title="bbox 2235 379 3956 466; baseline 0.001 -17"><span class='ocrx_word' id='word_1_488' title='bbox 2235 395 2461 450; x_wconf 86' lang='lat' dir='ltr'><strong>CAPUT</strong></span> <span class='ocrx_word' id='word_1_489' title='bbox 2489 395 2550 450; x_wconf 85' lang='lat' dir='ltr'><strong>X.</strong></span> <span class='ocrx_word' id='word_1_490' title='bbox 2577 425 2647 436; x_wconf 91' lang='lat'><em>—</em></span> <span class='ocrx_word' id='word_1_491' title='bbox 2675 397 2794 450; x_wconf 87' lang='lat' dir='ltr'><strong>Una</strong></span> <span class='ocrx_word' id='word_1_492' title='bbox 2814 398 2892 449; x_wconf 85' lang='lat' dir='ltr'><strong>est</strong></span> <span class='ocrx_word' id='word_1_493' title='bbox 2911 392 3208 464; x_wconf 72' lang='lat' dir='ltr'><strong>sapientiae</strong></span> <span class='ocrx_word' id='word_1_494' title='bbox 3238 393 3340 450; x_wconf 75' lang='lat' dir='ltr'><strong>lum</strong></span> <span class='ocrx_word' id='word_1_495' title='bbox 3363 379 3620 451; x_wconf 54' lang='lat' dir='ltr'><strong>cautibus</strong></span> <span class='ocrx_word' id='word_1_496' title='bbox 3667 394 3956 466; x_wconf 75' lang='lat' dir='ltr'><strong>sapienti-</strong></span> 
     </span>
    </p>
   </div>
   <div class='ocr_carea' id='block_1_63' title="bbox 2852 483 3306 540">
    <p class='ocr_par' dir='ltr' id='par_1_63' title="bbox 2852 483 3306 540">
     <span class='ocr_line' id='line_1_63' title="bbox 2852 483 3306 540; baseline -0.007 -1"><span class='ocrx_word' id='word_1_497' title='bbox 2852 483 2950 540; x_wconf 88' lang='lat' dir='ltr'><strong>bus</strong></span> <span class='ocrx_word' id='word_1_498' title='bbox 2984 483 3306 538; x_wconf 75' lang='lat' dir='ltr'><strong>communis.</strong></span> 
     </span>
    </p>
   </div>
   <div class='ocr_carea' id='block_1_64' title="bbox 2304 571 3948 643">
    <p class='ocr_par' dir='ltr' id='par_1_64' title="bbox 2304 571 3948 643">
     <span class='ocr_line' id='line_1_64' title="bbox 2304 571 3948 643; baseline 0.001 -17"><span class='ocrx_word' id='word_1_499' title='bbox 2304 574 2391 627; x_wconf 81' lang='lat'><strong>29.</strong></span> <span class='ocrx_word' id='word_1_500' title='bbox 2413 574 2488 627; x_wconf 83' lang='grc' dir='ltr'><strong>Α.</strong></span> <span class='ocrx_word' id='word_1_501' title='bbox 2508 571 2648 636; x_wconf 87' lang='lat' dir='ltr'><strong>Quid</strong></span> <span class='ocrx_word' id='word_1_502' title='bbox 2666 574 2693 627; x_wconf 97' lang='lat'><strong>?</strong></span> <span class='ocrx_word' id='word_1_503' title='bbox 2721 572 2830 626; x_wconf 93' lang='lat' dir='ltr'><strong>hoc</strong></span> <span class='ocrx_word' id='word_1_504' title='bbox 2851 572 3005 643; x_wconf 89' lang='lat' dir='ltr'><strong>quod</strong></span> <span class='ocrx_word' id='word_1_505' title='bbox 3025 576 3286 627; x_wconf 89' lang='lat' dir='ltr'><strong>tenemus</strong></span> <span class='ocrx_word' id='word_1_506' title='bbox 3306 571 3394 626; x_wconf 90' lang='lat' dir='ltr'><strong>vel</strong></span> <span class='ocrx_word' id='word_1_507' title='bbox 3417 571 3948 643; x_wconf 53' lang='lat' dir='ltr'><strong>essefsapientiam,</strong></span> 
     </span>
    </p>
   </div>
   <div class='ocr_carea' id='block_1_65' title="bbox 2233 661 3950 733">
    <p class='ocr_par' dir='ltr' id='par_1_65' title="bbox 2233 661 3950 733">
     <span class='ocr_line' id='line_1_65' title="bbox 2233 661 3950 733; baseline 0.001 -19"><span class='ocrx_word' id='word_1_508' title='bbox 2233 661 2321 715; x_wconf 91' lang='lat' dir='ltr'><strong>vel</strong></span> <span class='ocrx_word' id='word_1_509' title='bbox 2351 661 2651 733; x_wconf 89' lang='lat' dir='ltr'><strong>sapientes,</strong></span> <span class='ocrx_word' id='word_1_510' title='bbox 2713 665 2770 715; x_wconf 93' lang='lat' dir='ltr'><strong>et</strong></span> <span class='ocrx_word' id='word_1_511' title='bbox 2814 661 3010 714; x_wconf 89' lang='lat' dir='ltr'><strong>beatos</strong></span> <span class='ocrx_word' id='word_1_512' title='bbox 3065 677 3182 714; x_wconf 88' lang='lat' dir='ltr'><strong>esse</strong></span> <span class='ocrx_word' id='word_1_513' title='bbox 3233 677 3431 715; x_wconf 91' lang='lat' dir='ltr'><strong>omnes</strong></span> <span class='ocrx_word' id='word_1_514' title='bbox 3461 661 3729 716; x_wconf 90' lang='lat' dir='ltr'><strong>homines</strong></span> <span class='ocrx_word' id='word_1_515' title='bbox 3769 663 3950 728; x_wconf 88' lang='lat' dir='ltr'><strong>velle,</strong></span> 
     </span>
    </p>
   </div>
   <div class='ocr_carea' id='block_1_66' title="bbox 2234 749 3954 816">
    <p class='ocr_par' dir='ltr' id='par_1_66' title="bbox 2234 749 3954 816">
     <span class='ocr_line' id='line_1_66' title="bbox 2234 749 3954 816; baseline 0.001 -13"><span class='ocrx_word' id='word_1_516' title='bbox 2234 749 2334 803; x_wconf 91' lang='lat' dir='ltr'><strong>ubi</strong></span> <span class='ocrx_word' id='word_1_517' title='bbox 2391 750 2685 804; x_wconf 92' lang='lat' dir='ltr'><strong>videmus?</strong></span> <span class='ocrx_word' id='word_1_518' title='bbox 2735 750 2879 804; x_wconf 89' lang='lat' dir='ltr'><strong>Nam</strong></span> <span class='ocrx_word' id='word_1_519' title='bbox 2929 749 3036 803; x_wconf 90' lang='lat' dir='ltr'><strong>hoc</strong></span> <span class='ocrx_word' id='word_1_520' title='bbox 3090 753 3145 804; x_wconf 93' lang='lat' dir='ltr'><strong>te</strong></span> <span class='ocrx_word' id='word_1_521' title='bbox 3189 749 3405 816; x_wconf 91' lang='lat' dir='ltr'><strong>videre,</strong></span> <span class='ocrx_word' id='word_1_522' title='bbox 3455 753 3510 804; x_wconf 91' lang='lat' dir='ltr'><strong>et</strong></span> <span class='ocrx_word' id='word_1_523' title='bbox 3565 765 3771 805; x_wconf 89' lang='lat' dir='ltr'><strong>verum</strong></span> <span class='ocrx_word' id='word_1_524' title='bbox 3824 767 3954 804; x_wconf 89' lang='lat' dir='ltr'><strong>esse</strong></span> 
     </span>
    </p>
   </div>
   <div class='ocr_carea' id='block_1_67' title="bbox 2232 837 3956 909">
    <p class='ocr_par' dir='ltr' id='par_1_67' title="bbox 2232 837 3956 909">
     <span class='ocr_line' id='line_1_67' title="bbox 2232 837 3956 909; baseline 0.002 -18"><span class='ocrx_word' id='word_1_525' title='bbox 2232 839 2392 891; x_wconf 91' lang='lat' dir='ltr'><strong>nullo</strong></span> <span class='ocrx_word' id='word_1_526' title='bbox 2421 839 2588 892; x_wconf 91' lang='lat' dir='ltr'><strong>modo</strong></span> <span class='ocrx_word' id='word_1_527' title='bbox 2628 837 2828 908; x_wconf 88' lang='lat' dir='ltr'><strong>utique</strong></span> <span class='ocrx_word' id='word_1_528' title='bbox 2858 837 3258 893; x_wconf 89' lang='lat' dir='ltr'><strong>dubitaverim.</strong></span> <span class='ocrx_word' id='word_1_529' title='bbox 3312 840 3425 892; x_wconf 85' lang='lat' dir='ltr'><strong>Hoc</strong></span> <span class='ocrx_word' id='word_1_530' title='bbox 3456 854 3594 909; x_wconf 90' lang='lat' dir='ltr'><strong>ergo</strong></span> <span class='ocrx_word' id='word_1_531' title='bbox 3626 855 3836 893; x_wconf 88' lang='lat' dir='ltr'><strong>verum</strong></span> <span class='ocrx_word' id='word_1_532' title='bbox 3870 839 3956 894; x_wconf 90' lang='lat' dir='ltr'><strong>sic</strong></span> 
     </span>
    </p>
   </div>
   <div class='ocr_carea' id='block_1_68' title="bbox 2231 925 3954 997">
    <p class='ocr_par' dir='ltr' id='par_1_68' title="bbox 2231 925 3954 997">
     <span class='ocr_line' id='line_1_68' title="bbox 2231 925 3954 997; baseline 0.001 -17"><span class='ocrx_word' id='word_1_533' title='bbox 2231 925 2386 981; x_wconf 89' lang='lat' dir='ltr'><strong>vides</strong></span> <span class='ocrx_word' id='word_1_534' title='bbox 2415 930 2478 980; x_wconf 91' lang='lat' dir='ltr'><strong>ut</strong></span> <span class='ocrx_word' id='word_1_535' title='bbox 2505 925 2908 996; x_wconf 88' lang='lat' dir='ltr'><strong>cogitationem</strong></span> <span class='ocrx_word' id='word_1_536' title='bbox 2936 931 3116 996; x_wconf 90' lang='lat' dir='ltr'><strong>tuam,</strong></span> <span class='ocrx_word' id='word_1_537' title='bbox 3149 943 3321 997; x_wconf 91' lang='lat' dir='ltr'><strong>quam</strong></span> <span class='ocrx_word' id='word_1_538' title='bbox 3345 926 3397 980; x_wconf 91' lang='lat' dir='ltr'><strong>si</strong></span> <span class='ocrx_word' id='word_1_539' title='bbox 3421 926 3564 980; x_wconf 91' lang='lat' dir='ltr'><strong>mihi</strong></span> <span class='ocrx_word' id='word_1_540' title='bbox 3601 943 3721 981; x_wconf 88' lang='lat' dir='ltr'><strong>non</strong></span> <span class='ocrx_word' id='word_1_541' title='bbox 3753 943 3954 982; x_wconf 90' lang='lat' dir='ltr'><strong>enun-</strong></span> 
     </span>
    </p>
   </div>
   <div class='ocr_carea' id='block_1_69' title="bbox 2231 1015 3955 1087">
    <p class='ocr_par' dir='ltr' id='par_1_69' title="bbox 2231 1015 3955 1087">
     <span class='ocr_line' id='line_1_69' title="bbox 2231 1015 3955 1087; baseline 0.002 -18"><span class='ocrx_word' id='word_1_542' title='bbox 2231 1015 2359 1081; x_wconf 91' lang='lat' dir='ltr'><strong>ties,</strong></span> <span class='ocrx_word' id='word_1_543' title='bbox 2393 1031 2496 1086; x_wconf 92' lang='lat' dir='ltr'><strong>ego</strong></span> <span class='ocrx_word' id='word_1_544' title='bbox 2524 1018 2760 1086; x_wconf 81' lang='lat' dir='ltr'><strong>prorsus</strong></span> <span class='ocrx_word' id='word_1_545' title='bbox 2788 1016 3038 1087; x_wconf 82' lang='lat' dir='ltr'><strong>ignoro?</strong></span> <span class='ocrx_word' id='word_1_546' title='bbox 3067 1033 3141 1070; x_wconf 90' lang='lat' dir='ltr'><strong>an</strong></span> <span class='ocrx_word' id='word_1_547' title='bbox 3170 1016 3250 1070; x_wconf 89' lang='lat' dir='ltr'><strong>ita</strong></span> <span class='ocrx_word' id='word_1_548' title='bbox 3273 1020 3338 1070; x_wconf 92' lang='lat' dir='ltr'><strong>ut</strong></span> <span class='ocrx_word' id='word_1_549' title='bbox 3365 1015 3656 1086; x_wconf 90' lang='lat' dir='ltr'><strong>intelligas</strong></span> <span class='ocrx_word' id='word_1_550' title='bbox 3688 1021 3746 1072; x_wconf 90' lang='lat' dir='ltr'><strong>et</strong></span> <span class='ocrx_word' id='word_1_551' title='bbox 3766 1034 3802 1072; x_wconf 87' lang='lat' dir='ltr'><strong>a</strong></span> <span class='ocrx_word' id='word_1_552' title='bbox 3853 1033 3955 1072; x_wconf 88' lang='lat' dir='ltr'><strong>me</strong></span> 
     </span>
    </p>
   </div>
   <div class='ocr_carea' id='block_1_70' title="bbox 2229 1103 3955 1175">
    <p class='ocr_par' dir='ltr' id='par_1_70' title="bbox 2229 1103 3955 1175">
     <span class='ocr_line' id='line_1_70' title="bbox 2229 1103 3955 1175; baseline 0.001 -17"><span class='ocrx_word' id='word_1_553' title='bbox 2229 1104 2411 1159; x_wconf 88' lang='lat' dir='ltr'><strong>videri</strong></span> <span class='ocrx_word' id='word_1_554' title='bbox 2433 1121 2597 1175; x_wconf 89' lang='lat' dir='ltr'><strong>posse</strong></span> <span class='ocrx_word' id='word_1_555' title='bbox 2627 1105 2737 1159; x_wconf 93' lang='lat' dir='ltr'><strong>hoc</strong></span> <span class='ocrx_word' id='word_1_556' title='bbox 2764 1121 2985 1168; x_wconf 87' lang='lat' dir='ltr'><strong>verum,</strong></span> <span class='ocrx_word' id='word_1_557' title='bbox 3015 1104 3242 1159; x_wconf 90' lang='lat' dir='ltr'><strong>tametsi</strong></span> <span class='ocrx_word' id='word_1_558' title='bbox 3266 1103 3411 1159; x_wconf 90' lang='lat' dir='ltr'><strong>mihi</strong></span> <span class='ocrx_word' id='word_1_559' title='bbox 3434 1106 3533 1160; x_wconf 89' lang='lat' dir='ltr'><strong>abs</strong></span> <span class='ocrx_word' id='word_1_560' title='bbox 3563 1109 3620 1160; x_wconf 92' lang='lat' dir='ltr'><strong>te</strong></span> <span class='ocrx_word' id='word_1_561' title='bbox 3646 1122 3766 1160; x_wconf 93' lang='lat' dir='ltr'><strong>non</strong></span> <span class='ocrx_word' id='word_1_562' title='bbox 3779 1105 3955 1161; x_wconf 90' lang='lat' dir='ltr'><strong>dica-</strong></span> 
     </span>
    </p>
   </div>
   <div class='ocr_carea' id='block_1_71' title="bbox 2228 1192 3956 1264">
    <p class='ocr_par' dir='ltr' id='par_1_71' title="bbox 2228 1192 3956 1264">
     <span class='ocr_line' id='line_1_71' title="bbox 2228 1192 3956 1264; baseline 0.001 -17"><span class='ocrx_word' id='word_1_563' title='bbox 2228 1196 2322 1247; x_wconf 90' lang='lat' dir='ltr'><strong>tur</strong></span> <span class='ocrx_word' id='word_1_564' title='bbox 2340 1192 2368 1248; x_wconf 84' lang='lat'><strong>?</strong></span> <span class='ocrx_word' id='word_1_565' title='bbox 2386 1195 2451 1247; x_wconf 90' lang='lat' dir='ltr'><strong>E.</strong></span> <span class='ocrx_word' id='word_1_566' title='bbox 2480 1193 2602 1246; x_wconf 92' lang='lat' dir='ltr'><strong>Imo</strong></span> <span class='ocrx_word' id='word_1_567' title='bbox 2623 1193 2704 1247; x_wconf 92' lang='lat' dir='ltr'><strong>ita</strong></span> <span class='ocrx_word' id='word_1_568' title='bbox 2733 1196 2795 1247; x_wconf 90' lang='lat' dir='ltr'><strong>ut</strong></span> <span class='ocrx_word' id='word_1_569' title='bbox 2823 1194 2920 1248; x_wconf 91' lang='lat' dir='ltr'><strong>abs</strong></span> <span class='ocrx_word' id='word_1_570' title='bbox 2948 1197 3004 1248; x_wconf 89' lang='lat' dir='ltr'><strong>te</strong></span> <span class='ocrx_word' id='word_1_571' title='bbox 3034 1209 3287 1264; x_wconf 90' lang='lat' dir='ltr'><strong>quoque,</strong></span> <span class='ocrx_word' id='word_1_572' title='bbox 3317 1193 3490 1248; x_wconf 86' lang='lat' dir='ltr'><strong>etiam</strong></span> <span class='ocrx_word' id='word_1_573' title='bbox 3520 1210 3614 1248; x_wconf 92' lang='lat' dir='ltr'><strong>me</strong></span> <span class='ocrx_word' id='word_1_574' title='bbox 3640 1194 3846 1263; x_wconf 89' lang='lat' dir='ltr'><strong>invito,</strong></span> <span class='ocrx_word' id='word_1_575' title='bbox 3866 1195 3956 1249; x_wconf 82' lang='lat' dir='ltr'><strong>vi-</strong></span> 
     </span>
    </p>
   </div>
   <div class='ocr_carea' id='block_1_72' title="bbox 2230 1280 3951 1352">
    <p class='ocr_par' dir='ltr' id='par_1_72' title="bbox 2230 1280 3951 1352">
     <span class='ocr_line' id='line_1_72' title="bbox 2230 1280 3951 1352; baseline 0.001 -16"><span class='ocrx_word' id='word_1_576' title='bbox 2230 1280 2354 1336; x_wconf 89' lang='lat' dir='ltr'><strong>deri</strong></span> <span class='ocrx_word' id='word_1_577' title='bbox 2383 1297 2547 1350; x_wconf 87' lang='lat' dir='ltr'><strong>posse</strong></span> <span class='ocrx_word' id='word_1_578' title='bbox 2584 1297 2702 1335; x_wconf 91' lang='lat' dir='ltr'><strong>non</strong></span> <span class='ocrx_word' id='word_1_579' title='bbox 2731 1281 3008 1336; x_wconf 89' lang='lat' dir='ltr'><strong>dubitem.</strong></span> <span class='ocrx_word' id='word_1_580' title='bbox 3041 1283 3113 1336; x_wconf 89' lang='grc' dir='ltr'><strong>Α.</strong></span> <span class='ocrx_word' id='word_1_581' title='bbox 3141 1281 3302 1346; x_wconf 91' lang='lat' dir='ltr'><strong>Quod</strong></span> <span class='ocrx_word' id='word_1_582' title='bbox 3349 1297 3486 1352; x_wconf 89' lang='lat' dir='ltr'><strong>ergo</strong></span> <span class='ocrx_word' id='word_1_583' title='bbox 3516 1298 3702 1336; x_wconf 90' lang='lat' dir='ltr'><strong>unum</strong></span> <span class='ocrx_word' id='word_1_584' title='bbox 3732 1299 3951 1337; x_wconf 86' lang='lat' dir='ltr'><strong>verum</strong></span> 
     </span>
    </p>
   </div>
   <div class='ocr_carea' id='block_1_73' title="bbox 2229 1369 3950 1444">
    <p class='ocr_par' dir='ltr' id='par_1_73' title="bbox 2229 1369 3950 1444">
     <span class='ocr_line' id='line_1_73' title="bbox 2229 1369 3950 1444; baseline 0.001 -20"><span class='ocrx_word' id='word_1_585' title='bbox 2229 1369 2485 1424; x_wconf 89' lang='lat' dir='ltr'><strong>videmus</strong></span> <span class='ocrx_word' id='word_1_586' title='bbox 2515 1371 2680 1424; x_wconf 89' lang='lat' dir='ltr'><strong>ambo</strong></span> <span class='ocrx_word' id='word_1_587' title='bbox 2706 1369 2942 1442; x_wconf 89' lang='lat' dir='ltr'><strong>singulis</strong></span> <span class='ocrx_word' id='word_1_588' title='bbox 2985 1371 3294 1440; x_wconf 90' lang='lat' dir='ltr'><strong>mentibus,</strong></span> <span class='ocrx_word' id='word_1_589' title='bbox 3337 1387 3531 1426; x_wconf 92' lang='lat' dir='ltr'><strong>nonne</strong></span> <span class='ocrx_word' id='word_1_590' title='bbox 3561 1372 3801 1444; x_wconf 89' lang='lat' dir='ltr'><strong>utrique</strong></span> <span class='ocrx_word' id='word_1_591' title='bbox 3835 1389 3950 1426; x_wconf 92' lang='lat' dir='ltr'><strong>no-</strong></span> 
     </span>
    </p>
   </div>
   <div class='ocr_carea' id='block_1_74' title="bbox 2231 1459 3950 1516">
    <p class='ocr_par' dir='ltr' id='par_1_74' title="bbox 2231 1459 3950 1516">
     <span class='ocr_line' id='line_1_74' title="bbox 2231 1459 3950 1516; baseline 0.003 -5"><span class='ocrx_word' id='word_1_592' title='bbox 2231 1461 2413 1512; x_wconf 89' lang='lat' dir='ltr'><strong>strum</strong></span> <span class='ocrx_word' id='word_1_593' title='bbox 2464 1475 2768 1514; x_wconf 92' lang='lat' dir='ltr'><strong>commune</strong></span> <span class='ocrx_word' id='word_1_594' title='bbox 2826 1459 2956 1514; x_wconf 89' lang='lat' dir='ltr'><strong>est?</strong></span> <span class='ocrx_word' id='word_1_595' title='bbox 2999 1462 3063 1515; x_wconf 91' lang='lat' dir='ltr'><strong>E.</strong></span> <span class='ocrx_word' id='word_1_596' title='bbox 3127 1459 3600 1515; x_wconf 83' lang='lat' dir='ltr'><strong>Manifestissime.</strong></span> <span class='ocrx_word' id='word_1_597' title='bbox 3663 1462 3738 1516; x_wconf 84' lang='lat' dir='ltr'><strong>A.</strong></span> <span class='ocrx_word' id='word_1_598' title='bbox 3791 1463 3950 1516; x_wconf 90' lang='lat' dir='ltr'><strong>Item</strong></span> 
     </span>
    </p>
   </div>
   <div class='ocr_carea' id='block_1_75' title="bbox 2229 1547 3949 1618">
    <p class='ocr_par' dir='ltr' id='par_1_75' title="bbox 2229 1547 3949 1618">
     <span class='ocr_line' id='line_1_75' title="bbox 2229 1547 3949 1618; baseline 0.002 -17"><span class='ocrx_word' id='word_1_599' title='bbox 2229 1548 2396 1602; x_wconf 90' lang='lat' dir='ltr'><strong>credo</strong></span> <span class='ocrx_word' id='word_1_600' title='bbox 2425 1551 2478 1602; x_wconf 91' lang='lat' dir='ltr'><strong>te</strong></span> <span class='ocrx_word' id='word_1_601' title='bbox 2507 1564 2623 1602; x_wconf 91' lang='lat' dir='ltr'><strong>non</strong></span> <span class='ocrx_word' id='word_1_602' title='bbox 2652 1564 2861 1618; x_wconf 89' lang='lat' dir='ltr'><strong>negare</strong></span> <span class='ocrx_word' id='word_1_603' title='bbox 2888 1547 3229 1603; x_wconf 89' lang='lat' dir='ltr'><strong>studendum</strong></span> <span class='ocrx_word' id='word_1_604' title='bbox 3261 1565 3381 1602; x_wconf 91' lang='lat' dir='ltr'><strong>esse</strong></span> <span class='ocrx_word' id='word_1_605' title='bbox 3407 1547 3731 1618; x_wconf 60' lang='lat' dir='ltr'><strong>sapientiae,</strong></span> <span class='ocrx_word' id='word_1_606' title='bbox 3764 1554 3949 1618; x_wconf 88' lang='lat' dir='ltr'><strong>atque</strong></span> 
     </span>
    </p>
   </div>
   <div class='ocr_carea' id='block_1_76' title="bbox 2228 1635 3944 1693">
    <p class='ocr_par' dir='ltr' id='par_1_76' title="bbox 2228 1635 3944 1693">
     <span class='ocr_line' id='line_1_76' title="bbox 2228 1635 3944 1693; baseline 0.002 -3"><span class='ocrx_word' id='word_1_607' title='bbox 2228 1635 2336 1690; x_wconf 91' lang='lat' dir='ltr'><strong>hoc</strong></span> <span class='ocrx_word' id='word_1_608' title='bbox 2363 1651 2561 1690; x_wconf 90' lang='lat' dir='ltr'><strong>verum</strong></span> <span class='ocrx_word' id='word_1_609' title='bbox 2619 1653 2739 1691; x_wconf 91' lang='lat' dir='ltr'><strong>esse</strong></span> <span class='ocrx_word' id='word_1_610' title='bbox 2797 1637 3128 1692; x_wconf 88' lang='lat' dir='ltr'><strong>concedere.</strong></span> <span class='ocrx_word' id='word_1_611' title='bbox 3161 1639 3226 1691; x_wconf 88' lang='lat' dir='ltr'><strong>E.</strong></span> <span class='ocrx_word' id='word_1_612' title='bbox 3263 1639 3504 1691; x_wconf 90' lang='lat' dir='ltr'><strong>Prorsus</strong></span> <span class='ocrx_word' id='word_1_613' title='bbox 3534 1653 3652 1691; x_wconf 92' lang='lat' dir='ltr'><strong>non</strong></span> <span class='ocrx_word' id='word_1_614' title='bbox 3706 1637 3944 1693; x_wconf 89' lang='lat' dir='ltr'><strong>dubito.</strong></span> 
     </span>
    </p>
   </div>
   <div class='ocr_carea' id='block_1_77' title="bbox 2226 1725 3949 1797">
    <p class='ocr_par' dir='ltr' id='par_1_77' title="bbox 2226 1725 3949 1797">
     <span class='ocr_line' id='line_1_77' title="bbox 2226 1725 3949 1797; baseline 0.001 -19"><span class='ocrx_word' id='word_1_615' title='bbox 2226 1726 2304 1778; x_wconf 84' lang='grc' dir='ltr'><strong>Α.</strong></span> <span class='ocrx_word' id='word_1_616' title='bbox 2340 1725 2452 1778; x_wconf 85' lang='lat' dir='ltr'><strong>Hoc</strong></span> <span class='ocrx_word' id='word_1_617' title='bbox 2501 1725 2638 1778; x_wconf 92' lang='lat' dir='ltr'><strong>item</strong></span> <span class='ocrx_word' id='word_1_618' title='bbox 2687 1740 2906 1791; x_wconf 89' lang='lat' dir='ltr'><strong>verum,</strong></span> <span class='ocrx_word' id='word_1_619' title='bbox 2938 1728 2994 1778; x_wconf 92' lang='lat' dir='ltr'><strong>et</strong></span> <span class='ocrx_word' id='word_1_620' title='bbox 3023 1740 3202 1779; x_wconf 91' lang='lat' dir='ltr'><strong>unum</strong></span> <span class='ocrx_word' id='word_1_621' title='bbox 3232 1741 3373 1792; x_wconf 90' lang='lat' dir='ltr'><strong>esse,</strong></span> <span class='ocrx_word' id='word_1_622' title='bbox 3428 1729 3486 1779; x_wconf 91' lang='lat' dir='ltr'><strong>et</strong></span> <span class='ocrx_word' id='word_1_623' title='bbox 3518 1725 3796 1779; x_wconf 87' lang='lat' dir='ltr'><strong>omnibus</strong></span> <span class='ocrx_word' id='word_1_624' title='bbox 3839 1727 3949 1797; x_wconf 90' lang='lat' dir='ltr'><strong>qui</strong></span> 
     </span>
    </p>
   </div>
   <div class='ocr_carea' id='block_1_78' title="bbox 2227 1810 3949 1884">
    <p class='ocr_par' dir='ltr' id='par_1_78' title="bbox 2227 1810 3949 1884">
     <span class='ocr_line' id='line_1_78' title="bbox 2227 1810 3949 1884; baseline 0.002 -20"><span class='ocrx_word' id='word_1_625' title='bbox 2227 1810 2336 1865; x_wconf 92' lang='lat' dir='ltr'><strong>hoc</strong></span> <span class='ocrx_word' id='word_1_626' title='bbox 2367 1811 2572 1879; x_wconf 90' lang='lat' dir='ltr'><strong>sciunt,</strong></span> <span class='ocrx_word' id='word_1_627' title='bbox 2626 1813 2697 1867; x_wconf 90' lang='lat' dir='ltr'><strong>ad</strong></span> <span class='ocrx_word' id='word_1_628' title='bbox 2755 1813 3064 1867; x_wconf 90' lang='lat' dir='ltr'><strong>videndum</strong></span> <span class='ocrx_word' id='word_1_629' title='bbox 3112 1828 3233 1866; x_wconf 90' lang='lat' dir='ltr'><strong>esse</strong></span> <span class='ocrx_word' id='word_1_630' title='bbox 3293 1828 3621 1881; x_wconf 89' lang='lat' dir='ltr'><strong>commune,</strong></span> <span class='ocrx_word' id='word_1_631' title='bbox 3673 1813 3949 1884; x_wconf 86' lang='lat' dir='ltr'><strong>quamvis</strong></span> 
     </span>
    </p>
   </div>
   <div class='ocr_carea' id='block_1_79' title="bbox 2227 1899 3946 1972">
    <p class='ocr_par' dir='ltr' id='par_1_79' title="bbox 2227 1899 3946 1972">
     <span class='ocr_line' id='line_1_79' title="bbox 2227 1899 3946 1972; baseline 0.001 -18"><span class='ocrx_word' id='word_1_632' title='bbox 2227 1899 2621 1971; x_wconf 89' lang='lat' dir='ltr'><strong>unusquisque</strong></span> <span class='ocrx_word' id='word_1_633' title='bbox 2651 1899 2706 1954; x_wconf 92' lang='lat' dir='ltr'><strong>id</strong></span> <span class='ocrx_word' id='word_1_634' title='bbox 2736 1916 2841 1955; x_wconf 92' lang='lat' dir='ltr'><strong>nec</strong></span> <span class='ocrx_word' id='word_1_635' title='bbox 2870 1916 3016 1967; x_wconf 91' lang='lat' dir='ltr'><strong>mea,</strong></span> <span class='ocrx_word' id='word_1_636' title='bbox 3049 1916 3154 1954; x_wconf 92' lang='lat' dir='ltr'><strong>nec</strong></span> <span class='ocrx_word' id='word_1_637' title='bbox 3190 1904 3310 1970; x_wconf 91' lang='lat' dir='ltr'><strong>tua,</strong></span> <span class='ocrx_word' id='word_1_638' title='bbox 3338 1917 3442 1954; x_wconf 92' lang='lat' dir='ltr'><strong>nec</strong></span> <span class='ocrx_word' id='word_1_639' title='bbox 3467 1901 3816 1972; x_wconf 88' lang='lat' dir='ltr'><strong>cujusquam</strong></span> <span class='ocrx_word' id='word_1_640' title='bbox 3858 1903 3946 1956; x_wconf 86' lang='lat' dir='ltr'><strong>al-</strong></span> 
     </span>
    </p>
   </div>
   <div class='ocr_carea' id='block_1_80' title="bbox 2227 1987 3946 2061">
    <p class='ocr_par' dir='ltr' id='par_1_80' title="bbox 2227 1987 3946 2061">
     <span class='ocr_line' id='line_1_80' title="bbox 2227 1987 3946 2061; baseline 0.001 -19"><span class='ocrx_word' id='word_1_641' title='bbox 2227 1987 2423 2054; x_wconf 89' lang='lat' dir='ltr'><strong>terius,</strong></span> <span class='ocrx_word' id='word_1_642' title='bbox 2453 1988 2548 2042; x_wconf 90' lang='lat' dir='ltr'><strong>sed</strong></span> <span class='ocrx_word' id='word_1_643' title='bbox 2580 2004 2682 2042; x_wconf 88' lang='lat' dir='ltr'><strong>sua</strong></span> <span class='ocrx_word' id='word_1_644' title='bbox 2712 1993 2900 2042; x_wconf 90' lang='lat' dir='ltr'><strong>mente</strong></span> <span class='ocrx_word' id='word_1_645' title='bbox 2927 1987 3258 2058; x_wconf 90' lang='lat' dir='ltr'><strong>conspiciat,</strong></span> <span class='ocrx_word' id='word_1_646' title='bbox 3278 2004 3408 2042; x_wconf 92' lang='lat' dir='ltr'><strong>cum</strong></span> <span class='ocrx_word' id='word_1_647' title='bbox 3438 1989 3497 2042; x_wconf 91' lang='lat' dir='ltr'><strong>id</strong></span> <span class='ocrx_word' id='word_1_648' title='bbox 3523 1989 3680 2060; x_wconf 90' lang='lat' dir='ltr'><strong>quod</strong></span> <span class='ocrx_word' id='word_1_649' title='bbox 3710 1991 3946 2061; x_wconf 87' lang='lat' dir='ltr'><strong>conspi-</strong></span> 
     </span>
    </p>
   </div>
   <div class='ocr_carea' id='block_1_81' title="bbox 2227 2075 3940 2149">
    <p class='ocr_par' dir='ltr' id='par_1_81' title="bbox 2227 2075 3940 2149">
     <span class='ocr_line' id='line_1_81' title="bbox 2227 2075 3940 2149; baseline 0.001 -19"><span class='ocrx_word' id='word_1_650' title='bbox 2227 2076 2392 2142; x_wconf 88' lang='lat' dir='ltr'><strong>citur,</strong></span> <span class='ocrx_word' id='word_1_651' title='bbox 2445 2076 2710 2131; x_wconf 87' lang='lat' dir='ltr'><strong>omnibus</strong></span> <span class='ocrx_word' id='word_1_652' title='bbox 2766 2075 3244 2147; x_wconf 90' lang='lat' dir='ltr'><strong>conspicientibus</strong></span> <span class='ocrx_word' id='word_1_653' title='bbox 3298 2077 3687 2132; x_wconf 89' lang='lat' dir='ltr'><strong>communiter</strong></span> <span class='ocrx_word' id='word_1_654' title='bbox 3717 2084 3940 2149; x_wconf 74' lang='lat' dir='ltr'><strong>praesto</strong></span> 
     </span>
    </p>
   </div>
   <div class='ocr_carea' id='block_1_82' title="bbox 2229 2165 3939 2237">
    <p class='ocr_par' dir='ltr' id='par_1_82' title="bbox 2229 2165 3939 2237">
     <span class='ocr_line' id='line_1_82' title="bbox 2229 2165 3939 2237; baseline 0.002 -17"><span class='ocrx_word' id='word_1_655' title='bbox 2229 2166 2321 2228; x_wconf 90' lang='lat' dir='ltr'><strong>sit,</strong></span> <span class='ocrx_word' id='word_1_656' title='bbox 2379 2165 2660 2237; x_wconf 91' lang='lat' dir='ltr'><strong>numquid</strong></span> <span class='ocrx_word' id='word_1_657' title='bbox 2705 2181 2915 2236; x_wconf 89' lang='lat' dir='ltr'><strong>negare</strong></span> <span class='ocrx_word' id='word_1_658' title='bbox 2975 2165 3337 2236; x_wconf 83' lang='lat' dir='ltr'><strong>poterimus?</strong></span> <span class='ocrx_word' id='word_1_659' title='bbox 3381 2169 3448 2222; x_wconf 93' lang='lat' dir='ltr'><strong>E.</strong></span> <span class='ocrx_word' id='word_1_660' title='bbox 3505 2168 3674 2221; x_wconf 90' lang='lat' dir='ltr'><strong>Nullo</strong></span> <span class='ocrx_word' id='word_1_661' title='bbox 3741 2169 3939 2223; x_wconf 91' lang='lat' dir='ltr'><strong>modo.</strong></span> 
     </span>
    </p>
   </div>
   <div class='ocr_carea' id='block_1_83' title="bbox 2229 2253 3945 2324">
    <p class='ocr_par' dir='ltr' id='par_1_83' title="bbox 2229 2253 3945 2324">
     <span class='ocr_line' id='line_1_83' title="bbox 2229 2253 3945 2324; baseline 0.001 -16"><span class='ocrx_word' id='word_1_662' title='bbox 2229 2257 2305 2308; x_wconf 84' lang='grc' dir='ltr'><strong>Α.</strong></span> <span class='ocrx_word' id='word_1_663' title='bbox 2342 2255 2504 2320; x_wconf 90' lang='lat' dir='ltr'><strong>Item,</strong></span> <span class='ocrx_word' id='word_1_664' title='bbox 2550 2255 2701 2324; x_wconf 88' lang='lat' dir='ltr'><strong>juste</strong></span> <span class='ocrx_word' id='word_1_665' title='bbox 2731 2269 2850 2308; x_wconf 89' lang='lat' dir='ltr'><strong>esse</strong></span> <span class='ocrx_word' id='word_1_666' title='bbox 2879 2253 3210 2315; x_wconf 85' lang='lat' dir='ltr'><strong>videndum,</strong></span> <span class='ocrx_word' id='word_1_667' title='bbox 3243 2253 3551 2309; x_wconf 89' lang='lat' dir='ltr'><strong>deterioria</strong></span> <span class='ocrx_word' id='word_1_668' title='bbox 3593 2255 3945 2311; x_wconf 88' lang='lat' dir='ltr'><strong>melioribus</strong></span> 
     </span>
    </p>
   </div>
   <div class='ocr_carea' id='block_1_84' title="bbox 2229 2343 3946 2416">
    <p class='ocr_par' dir='ltr' id='par_1_84' title="bbox 2229 2343 3946 2416">
     <span class='ocr_line' id='line_1_84' title="bbox 2229 2343 3946 2416; baseline 0.002 -20"><span class='ocrx_word' id='word_1_669' title='bbox 2229 2359 2350 2398; x_wconf 90' lang='lat' dir='ltr'><strong>esse</strong></span> <span class='ocrx_word' id='word_1_670' title='bbox 2383 2343 2698 2410; x_wconf 90' lang='lat' dir='ltr'><strong>subdenda,</strong></span> <span class='ocrx_word' id='word_1_671' title='bbox 2730 2347 2788 2398; x_wconf 90' lang='lat' dir='ltr'><strong>et</strong></span> <span class='ocrx_word' id='word_1_672' title='bbox 2811 2343 2974 2414; x_wconf 88' lang='lat' dir='ltr'><strong>paria</strong></span> <span class='ocrx_word' id='word_1_673' title='bbox 3015 2343 3250 2414; x_wconf 90' lang='lat' dir='ltr'><strong>paribus</strong></span> <span class='ocrx_word' id='word_1_674' title='bbox 3278 2344 3686 2414; x_wconf 88' lang='lat' dir='ltr'><strong>comparanda,</strong></span> <span class='ocrx_word' id='word_1_675' title='bbox 3720 2348 3778 2398; x_wconf 91' lang='lat' dir='ltr'><strong>et</strong></span> <span class='ocrx_word' id='word_1_676' title='bbox 3808 2361 3946 2416; x_wconf 87' lang='lat' dir='ltr'><strong>pro-</strong></span> 
     </span>
    </p>
   </div>
   <div class='ocr_carea' id='block_1_85' title="bbox 2228 2431 3942 2504">
    <p class='ocr_par' dir='ltr' id='par_1_85' title="bbox 2228 2431 3942 2504">
     <span class='ocr_line' id='line_1_85' title="bbox 2228 2431 3942 2504; baseline 0.001 -18"><span class='ocrx_word' id='word_1_677' title='bbox 2228 2431 2353 2504; x_wconf 89' lang='lat' dir='ltr'><strong>pria</strong></span> <span class='ocrx_word' id='word_1_678' title='bbox 2378 2431 2493 2485; x_wconf 90' lang='lat' dir='ltr'><strong>suis</strong></span> <span class='ocrx_word' id='word_1_679' title='bbox 2523 2431 2844 2503; x_wconf 88' lang='lat' dir='ltr'><strong>quibusque</strong></span> <span class='ocrx_word' id='word_1_680' title='bbox 2891 2431 3217 2502; x_wconf 90' lang='lat' dir='ltr'><strong>tribuenda,</strong></span> <span class='ocrx_word' id='word_1_681' title='bbox 3262 2447 3453 2486; x_wconf 90' lang='lat' dir='ltr'><strong>nonne</strong></span> <span class='ocrx_word' id='word_1_682' title='bbox 3486 2431 3759 2487; x_wconf 86' lang='lat' dir='ltr'><strong>fateberis</strong></span> <span class='ocrx_word' id='word_1_683' title='bbox 3814 2450 3942 2488; x_wconf 88' lang='lat' dir='ltr'><strong>esse</strong></span> 
     </span>
    </p>
   </div>
   <div class='ocr_carea' id='block_1_86' title="bbox 2227 2519 3939 2592">
    <p class='ocr_par' dir='ltr' id='par_1_86' title="bbox 2227 2519 3939 2592">
     <span class='ocr_line' id='line_1_86' title="bbox 2227 2519 3939 2592; baseline 0.002 -18"><span class='ocrx_word' id='word_1_684' title='bbox 2227 2520 2613 2587; x_wconf 87' lang='lat' dir='ltr'><strong>verissimum,</strong></span> <span class='ocrx_word' id='word_1_685' title='bbox 2646 2525 2703 2574; x_wconf 91' lang='lat' dir='ltr'><strong>et</strong></span> <span class='ocrx_word' id='word_1_686' title='bbox 2730 2525 2846 2574; x_wconf 91' lang='lat' dir='ltr'><strong>tam</strong></span> <span class='ocrx_word' id='word_1_687' title='bbox 2871 2519 3014 2574; x_wconf 86' lang='lat' dir='ltr'><strong>mihi</strong></span> <span class='ocrx_word' id='word_1_688' title='bbox 3037 2537 3210 2592; x_wconf 90' lang='lat' dir='ltr'><strong>quam</strong></span> <span class='ocrx_word' id='word_1_689' title='bbox 3242 2520 3346 2575; x_wconf 89' lang='lat' dir='ltr'><strong>tibi</strong></span> <span class='ocrx_word' id='word_1_690' title='bbox 3375 2525 3544 2592; x_wconf 90' lang='lat' dir='ltr'><strong>atque</strong></span> <span class='ocrx_word' id='word_1_691' title='bbox 3572 2521 3852 2576; x_wconf 90' lang='lat' dir='ltr'><strong>omnibus</strong></span> <span class='ocrx_word' id='word_1_692' title='bbox 3884 2523 3939 2578; x_wconf 93' lang='lat' dir='ltr'><strong>id</strong></span> 
     </span>
    </p>
   </div>
   <div class='ocr_carea' id='block_1_87' title="bbox 2227 2608 3936 2679">
    <p class='ocr_par' dir='ltr' id='par_1_87' title="bbox 2227 2608 3936 2679">
     <span class='ocr_line' id='line_1_87' title="bbox 2227 2608 3936 2679; baseline 0.001 -16"><span class='ocrx_word' id='word_1_693' title='bbox 2227 2608 2553 2664; x_wconf 90' lang='lat' dir='ltr'><strong>videntibus</strong></span> <span class='ocrx_word' id='word_1_694' title='bbox 2581 2612 2788 2679; x_wconf 67' lang='lat' dir='ltr'><strong>praesto</strong></span> <span class='ocrx_word' id='word_1_695' title='bbox 2843 2625 2964 2662; x_wconf 89' lang='lat' dir='ltr'><strong>esse</strong></span> <span class='ocrx_word' id='word_1_696' title='bbox 3013 2609 3394 2662; x_wconf 87' lang='lat' dir='ltr'><strong>communiter</strong></span> <span class='ocrx_word' id='word_1_697' title='bbox 3421 2611 3450 2664; x_wconf 87' lang='lat'><strong>?</strong></span> <span class='ocrx_word' id='word_1_698' title='bbox 3480 2610 3556 2664; x_wconf 88' lang='lat' dir='ltr'><strong>E.</strong></span> <span class='ocrx_word' id='word_1_699' title='bbox 3611 2610 3936 2666; x_wconf 84' lang='lat' dir='ltr'><strong>Assentior.</strong></span> 
     </span>
    </p>
   </div>
   <div class='ocr_carea' id='block_1_88' title="bbox 2227 2697 3939 2770">
    <p class='ocr_par' dir='ltr' id='par_1_88' title="bbox 2227 2697 3939 2770">
     <span class='ocr_line' id='line_1_88' title="bbox 2227 2697 3939 2770; baseline 0.001 -17"><span class='ocrx_word' id='word_1_700' title='bbox 2227 2699 2300 2754; x_wconf 81' lang='grc' dir='ltr'><strong>Α.</strong></span> <span class='ocrx_word' id='word_1_701' title='bbox 2343 2697 2491 2762; x_wconf 93' lang='lat' dir='ltr'><strong>Quid</strong></span> <span class='ocrx_word' id='word_1_702' title='bbox 2538 2698 2934 2768; x_wconf 87' lang='lat' dir='ltr'><strong>incorruptum</strong></span> <span class='ocrx_word' id='word_1_703' title='bbox 2986 2699 3193 2753; x_wconf 90' lang='lat' dir='ltr'><strong>melius</strong></span> <span class='ocrx_word' id='word_1_704' title='bbox 3257 2715 3377 2754; x_wconf 87' lang='lat' dir='ltr'><strong>esse</strong></span> <span class='ocrx_word' id='word_1_705' title='bbox 3434 2703 3728 2770; x_wconf 90' lang='lat' dir='ltr'><strong>corrupto,</strong></span> <span class='ocrx_word' id='word_1_706' title='bbox 3764 2704 3939 2755; x_wconf 66' lang='lat' dir='ltr'><strong>aeter-</strong></span> 
     </span>
    </p>
   </div>
   <div class='ocr_carea' id='block_1_89' title="bbox 2227 2785 3937 2858">
    <p class='ocr_par' dir='ltr' id='par_1_89' title="bbox 2227 2785 3937 2858">
     <span class='ocr_line' id='line_1_89' title="bbox 2227 2785 3937 2858; baseline 0 -18"><span class='ocrx_word' id='word_1_707' title='bbox 2227 2803 2368 2841; x_wconf 90' lang='lat' dir='ltr'><strong>num</strong></span> <span class='ocrx_word' id='word_1_708' title='bbox 2399 2786 2718 2856; x_wconf 89' lang='lat' dir='ltr'><strong>temporali,</strong></span> <span class='ocrx_word' id='word_1_709' title='bbox 2767 2785 3097 2841; x_wconf 90' lang='lat' dir='ltr'><strong>inviolabile</strong></span> <span class='ocrx_word' id='word_1_710' title='bbox 3126 2786 3398 2854; x_wconf 87' lang='lat' dir='ltr'><strong>violabili,</strong></span> <span class='ocrx_word' id='word_1_711' title='bbox 3429 2786 3642 2858; x_wconf 91' lang='lat' dir='ltr'><strong>poteris</strong></span> <span class='ocrx_word' id='word_1_712' title='bbox 3669 2803 3890 2858; x_wconf 89' lang='lat' dir='ltr'><strong>negare</strong></span> <span class='ocrx_word' id='word_1_713' title='bbox 3909 2788 3937 2840; x_wconf 93' lang='lat'><strong>?</strong></span> 
     </span>
    </p>
   </div>
   <div class='ocr_carea' id='block_1_90' title="bbox 2226 2872 3940 2948">
    <p class='ocr_par' dir='ltr' id='par_1_90' title="bbox 2226 2872 3940 2948">
     <span class='ocr_line' id='line_1_90' title="bbox 2226 2872 3940 2948; baseline 0 -17"><span class='ocrx_word' id='word_1_714' title='bbox 2226 2879 2292 2932; x_wconf 87' lang='lat' dir='ltr'><strong>E.</strong></span> <span class='ocrx_word' id='word_1_715' title='bbox 2325 2875 2459 2940; x_wconf 89' lang='lat' dir='ltr'><strong>Quis</strong></span> <span class='ocrx_word' id='word_1_716' title='bbox 2507 2872 2735 2946; x_wconf 86' lang='lat' dir='ltr'><strong>potest?</strong></span> <span class='ocrx_word' id='word_1_717' title='bbox 2763 2877 2840 2929; x_wconf 88' lang='grc' dir='ltr'><strong>Α.</strong></span> <span class='ocrx_word' id='word_1_718' title='bbox 2897 2876 3014 2930; x_wconf 86' lang='lat' dir='ltr'><strong>Hoc</strong></span> <span class='ocrx_word' id='word_1_719' title='bbox 3051 2891 3187 2947; x_wconf 86' lang='lat' dir='ltr'><strong>ergo</strong></span> <span class='ocrx_word' id='word_1_720' title='bbox 3235 2892 3434 2930; x_wconf 92' lang='lat' dir='ltr'><strong>verum</strong></span> <span class='ocrx_word' id='word_1_721' title='bbox 3464 2879 3655 2946; x_wconf 91' lang='lat' dir='ltr'><strong>potest</strong></span> <span class='ocrx_word' id='word_1_722' title='bbox 3683 2875 3940 2948; x_wconf 88' lang='lat' dir='ltr'><strong>quisque</strong></span> 
     </span>
    </p>
   </div>
   <div class='ocr_carea' id='block_1_91' title="bbox 2227 2964 3940 3036">
    <p class='ocr_par' dir='ltr' id='par_1_91' title="bbox 2227 2964 3940 3036">
     <span class='ocr_line' id='line_1_91' title="bbox 2227 2964 3940 3036; baseline 0.001 -18"><span class='ocrx_word' id='word_1_723' title='bbox 2227 2981 2396 3019; x_wconf 90' lang='lat' dir='ltr'><strong>suum</strong></span> <span class='ocrx_word' id='word_1_724' title='bbox 2448 2964 2745 3036; x_wconf 90' lang='lat' dir='ltr'><strong>proprium</strong></span> <span class='ocrx_word' id='word_1_725' title='bbox 2801 2964 3006 3031; x_wconf 90' lang='lat' dir='ltr'><strong>dicere,</strong></span> <span class='ocrx_word' id='word_1_726' title='bbox 3040 2980 3169 3019; x_wconf 89' lang='lat' dir='ltr'><strong>cum</strong></span> <span class='ocrx_word' id='word_1_727' title='bbox 3215 2964 3768 3019; x_wconf 88' lang='lat' dir='ltr'><strong>incommutabiliter</strong></span> <span class='ocrx_word' id='word_1_728' title='bbox 3797 2981 3940 3020; x_wconf 90' lang='lat' dir='ltr'><strong>con-</strong></span> 
     </span>
    </p>
   </div>
   <div class='ocr_carea' id='block_1_92' title="bbox 2226 3052 3938 3124">
    <p class='ocr_par' dir='ltr' id='par_1_92' title="bbox 2226 3052 3938 3124">
     <span class='ocr_line' id='line_1_92' title="bbox 2226 3052 3938 3124; baseline 0.001 -17"><span class='ocrx_word' id='word_1_729' title='bbox 2226 3053 2625 3124; x_wconf 88' lang='lat' dir='ltr'><strong>templandum</strong></span> <span class='ocrx_word' id='word_1_730' title='bbox 2657 3052 2803 3107; x_wconf 86' lang='lat' dir='ltr'><strong>adsit</strong></span> <span class='ocrx_word' id='word_1_731' title='bbox 2824 3052 3088 3106; x_wconf 88' lang='lat' dir='ltr'><strong>omnibus</strong></span> <span class='ocrx_word' id='word_1_732' title='bbox 3136 3052 3236 3124; x_wconf 88' lang='lat' dir='ltr'><strong>qui</strong></span> <span class='ocrx_word' id='word_1_733' title='bbox 3266 3053 3375 3107; x_wconf 92' lang='lat' dir='ltr'><strong>hoc</strong></span> <span class='ocrx_word' id='word_1_734' title='bbox 3426 3053 3809 3122; x_wconf 87' lang='lat' dir='ltr'><strong>contemplari</strong></span> <span class='ocrx_word' id='word_1_735' title='bbox 3839 3071 3938 3108; x_wconf 90' lang='lat' dir='ltr'><strong>va-</strong></span> 
     </span>
    </p>
   </div>
   <div class='ocr_carea' id='block_1_93' title="bbox 2224 3139 3938 3213">
    <p class='ocr_par' dir='ltr' id='par_1_93' title="bbox 2224 3139 3938 3213">
     <span class='ocr_line' id='line_1_93' title="bbox 2224 3139 3938 3213; baseline 0.001 -18"><span class='ocrx_word' id='word_1_736' title='bbox 2224 3141 2346 3195; x_wconf 91' lang='lat' dir='ltr'><strong>lent</strong></span> <span class='ocrx_word' id='word_1_737' title='bbox 2366 3141 2394 3195; x_wconf 77' lang='lat' dir='ltr'><strong>‘I</strong></span> <span class='ocrx_word' id='word_1_738' title='bbox 2424 3143 2490 3195; x_wconf 89' lang='lat' dir='ltr'><strong>E.</strong></span> <span class='ocrx_word' id='word_1_739' title='bbox 2521 3141 2721 3194; x_wconf 91' lang='lat' dir='ltr'><strong>Nullus</strong></span> <span class='ocrx_word' id='word_1_740' title='bbox 2749 3139 2856 3195; x_wconf 91' lang='lat' dir='ltr'><strong>hoc</strong></span> <span class='ocrx_word' id='word_1_741' title='bbox 2876 3155 3006 3194; x_wconf 90' lang='lat' dir='ltr'><strong>vere</strong></span> <span class='ocrx_word' id='word_1_742' title='bbox 3029 3140 3235 3194; x_wconf 83' lang='lat' dir='ltr'><strong>dixerit</strong></span> <span class='ocrx_word' id='word_1_743' title='bbox 3255 3157 3420 3195; x_wconf 91' lang='lat' dir='ltr'><strong>suum</strong></span> <span class='ocrx_word' id='word_1_744' title='bbox 3450 3158 3570 3196; x_wconf 84' lang='lat' dir='ltr'><strong>esse</strong></span> <span class='ocrx_word' id='word_1_745' title='bbox 3597 3141 3938 3213; x_wconf 82' lang='lat' dir='ltr'><strong>prOprium,</strong></span> 
     </span>
    </p>
   </div>
   <div class='ocr_carea' id='block_1_94' title="bbox 2226 3228 3938 3302">
    <p class='ocr_par' dir='ltr' id='par_1_94' title="bbox 2226 3228 3938 3302">
     <span class='ocr_line' id='line_1_94' title="bbox 2226 3228 3938 3302; baseline 0.002 -20"><span class='ocrx_word' id='word_1_746' title='bbox 2226 3245 2356 3282; x_wconf 93' lang='lat' dir='ltr'><strong>cum</strong></span> <span class='ocrx_word' id='word_1_747' title='bbox 2385 3232 2503 3282; x_wconf 88' lang='lat' dir='ltr'><strong>tam</strong></span> <span class='ocrx_word' id='word_1_748' title='bbox 2530 3228 2602 3282; x_wconf 91' lang='lat' dir='ltr'><strong>sit</strong></span> <span class='ocrx_word' id='word_1_749' title='bbox 2651 3245 2833 3283; x_wconf 86' lang='lat' dir='ltr'><strong>unum</strong></span> <span class='ocrx_word' id='word_1_750' title='bbox 2878 3233 3050 3300; x_wconf 89' lang='lat' dir='ltr'><strong>atque</strong></span> <span class='ocrx_word' id='word_1_751' title='bbox 3098 3229 3365 3284; x_wconf 87' lang='lat' dir='ltr'><strong>omnibus</strong></span> <span class='ocrx_word' id='word_1_752' title='bbox 3395 3246 3701 3285; x_wconf 89' lang='lat' dir='ltr'><strong>commune</strong></span> <span class='ocrx_word' id='word_1_753' title='bbox 3759 3247 3938 3302; x_wconf 88' lang='lat' dir='ltr'><strong>quam</strong></span> 
     </span>
    </p>
   </div>
   <div class='ocr_carea' id='block_1_95' title="bbox 2225 3317 3940 3388">
    <p class='ocr_par' dir='ltr' id='par_1_95' title="bbox 2225 3317 3940 3388">
     <span class='ocr_line' id='line_1_95' title="bbox 2225 3317 3940 3388; baseline 0.003 -18"><span class='ocrx_word' id='word_1_754' title='bbox 2225 3334 2423 3371; x_wconf 78' lang='lat' dir='ltr'><strong>verum</strong></span> <span class='ocrx_word' id='word_1_755' title='bbox 2453 3321 2557 3374; x_wconf 90' lang='lat' dir='ltr'><strong>est.</strong></span> <span class='ocrx_word' id='word_1_756' title='bbox 2590 3321 2665 3372; x_wconf 81' lang='grc' dir='ltr'><strong>Α.</strong></span> <span class='ocrx_word' id='word_1_757' title='bbox 2699 3317 2842 3371; x_wconf 92' lang='lat' dir='ltr'><strong>Item</strong></span> <span class='ocrx_word' id='word_1_758' title='bbox 2902 3333 2935 3371; x_wconf 90' lang='lat' dir='ltr'><strong>a</strong></span> <span class='ocrx_word' id='word_1_759' title='bbox 2977 3318 3343 3388; x_wconf 87' lang='lat' dir='ltr'><strong>corruptione</strong></span> <span class='ocrx_word' id='word_1_760' title='bbox 3375 3319 3754 3373; x_wconf 89' lang='lat' dir='ltr'><strong>avertendum</strong></span> <span class='ocrx_word' id='word_1_761' title='bbox 3810 3321 3940 3375; x_wconf 90' lang='lat' dir='ltr'><strong>ani-</strong></span> 
     </span>
    </p>
   </div>
   <div class='ocr_carea' id='block_1_96' title="bbox 2226 3405 3942 3477">
    <p class='ocr_par' dir='ltr' id='par_1_96' title="bbox 2226 3405 3942 3477">
     <span class='ocr_line' id='line_1_96' title="bbox 2226 3405 3942 3477; baseline 0.002 -17"><span class='ocrx_word' id='word_1_762' title='bbox 2226 3411 2594 3477; x_wconf 90' lang='lat' dir='ltr'><strong>mum,atque</strong></span> <span class='ocrx_word' id='word_1_763' title='bbox 2627 3406 2697 3460; x_wconf 89' lang='lat' dir='ltr'><strong>ad</strong></span> <span class='ocrx_word' id='word_1_764' title='bbox 2726 3405 3212 3477; x_wconf 89' lang='lat' dir='ltr'><strong>incorruptionem</strong></span> <span class='ocrx_word' id='word_1_765' title='bbox 3227 3408 3674 3462; x_wconf 89' lang='lat' dir='ltr'><strong>convertendum</strong></span> <span class='ocrx_word' id='word_1_766' title='bbox 3707 3425 3858 3476; x_wconf 90' lang='lat' dir='ltr'><strong>esse,</strong></span> <span class='ocrx_word' id='word_1_767' title='bbox 3883 3410 3942 3465; x_wconf 91' lang='lat' dir='ltr'><strong>id</strong></span> 
     </span>
    </p>
   </div>
   <div class='ocr_carea' id='block_1_97' title="bbox 2228 3495 3940 3568">
    <p class='ocr_par' dir='ltr' id='par_1_97' title="bbox 2228 3495 3940 3568">
     <span class='ocr_line' id='line_1_97' title="bbox 2228 3495 3940 3568; baseline 0.003 -20"><span class='ocrx_word' id='word_1_768' title='bbox 2228 3500 2312 3549; x_wconf 90' lang='lat' dir='ltr'><strong>est</strong></span> <span class='ocrx_word' id='word_1_769' title='bbox 2334 3511 2449 3549; x_wconf 91' lang='lat' dir='ltr'><strong>non</strong></span> <span class='ocrx_word' id='word_1_770' title='bbox 2471 3495 2919 3566; x_wconf 89' lang='lat' dir='ltr'><strong>corruptionem,</strong></span> <span class='ocrx_word' id='word_1_771' title='bbox 2943 3496 3038 3550; x_wconf 90' lang='lat' dir='ltr'><strong>sed</strong></span> <span class='ocrx_word' id='word_1_772' title='bbox 3066 3495 3552 3566; x_wconf 85' lang='lat' dir='ltr'><strong>incorruptionem</strong></span> <span class='ocrx_word' id='word_1_773' title='bbox 3573 3496 3940 3568; x_wconf 89' lang='lat' dir='ltr'><strong>diligendam</strong></span> 
     </span>
    </p>
   </div>
   <div class='ocr_carea' id='block_1_98' title="bbox 2228 3583 3938 3655">
    <p class='ocr_par' dir='ltr' id='par_1_98' title="bbox 2228 3583 3938 3655">
     <span class='ocr_line' id='line_1_98' title="bbox 2228 3583 3938 3655; baseline 0.002 -18"><span class='ocrx_word' id='word_1_774' title='bbox 2228 3599 2348 3638; x_wconf 91' lang='lat' dir='ltr'><strong>esse</strong></span> <span class='ocrx_word' id='word_1_775' title='bbox 2380 3583 2508 3655; x_wconf 90' lang='lat' dir='ltr'><strong>quis</strong></span> <span class='ocrx_word' id='word_1_776' title='bbox 2535 3585 2753 3654; x_wconf 89' lang='lat' dir='ltr'><strong>negat?</strong></span> <span class='ocrx_word' id='word_1_777' title='bbox 2777 3586 2891 3638; x_wconf 86' lang='lat' dir='ltr'><strong>Aut</strong></span> <span class='ocrx_word' id='word_1_778' title='bbox 2922 3584 3051 3655; x_wconf 90' lang='lat' dir='ltr'><strong>quis</strong></span> <span class='ocrx_word' id='word_1_779' title='bbox 3081 3601 3211 3639; x_wconf 91' lang='lat' dir='ltr'><strong>cum</strong></span> <span class='ocrx_word' id='word_1_780' title='bbox 3249 3601 3448 3640; x_wconf 92' lang='lat' dir='ltr'><strong>verum</strong></span> <span class='ocrx_word' id='word_1_781' title='bbox 3480 3602 3601 3640; x_wconf 84' lang='lat' dir='ltr'><strong>esse</strong></span> <span class='ocrx_word' id='word_1_782' title='bbox 3659 3585 3938 3655; x_wconf 88' lang='lat' dir='ltr'><strong>fateatur,</strong></span> 
     </span>
    </p>
   </div>
   <div class='ocr_carea' id='block_1_99' title="bbox 2226 3664 3940 3746">
    <p class='ocr_par' dir='ltr' id='par_1_99' title="bbox 2226 3664 3940 3746">
     <span class='ocr_line' id='line_1_99' title="bbox 2226 3664 3940 3746; baseline 0.002 -19"><span class='ocrx_word' id='word_1_783' title='bbox 2226 3688 2341 3727; x_wconf 89' lang='lat' dir='ltr'><strong>non</strong></span> <span class='ocrx_word' id='word_1_784' title='bbox 2373 3673 2546 3728; x_wconf 90' lang='lat' dir='ltr'><strong>etiam</strong></span> <span class='ocrx_word' id='word_1_785' title='bbox 2591 3664 3059 3728; x_wconf 87' lang='lat' dir='ltr'><strong>incommutabile</strong></span> <span class='ocrx_word' id='word_1_786' title='bbox 3090 3673 3401 3745; x_wconf 90' lang='lat' dir='ltr'><strong>intelligat,</strong></span> <span class='ocrx_word' id='word_1_787' title='bbox 3449 3678 3622 3746; x_wconf 90' lang='lat' dir='ltr'><strong>atque</strong></span> <span class='ocrx_word' id='word_1_788' title='bbox 3660 3677 3940 3732; x_wconf 89' lang='lat' dir='ltr'><strong>omnibus</strong></span> 
     </span>
    </p>
   </div>
   <div class='ocr_carea' id='block_1_100' title="bbox 2225 3761 3939 3837">
    <p class='ocr_par' dir='ltr' id='par_1_100' title="bbox 2225 3761 3939 3837">
     <span class='ocr_line' id='line_1_100' title="bbox 2225 3761 3939 3837; baseline 0.004 -22"><span class='ocrx_word' id='word_1_789' title='bbox 2225 3761 2514 3815; x_wconf 90' lang='lat' dir='ltr'><strong>mentibus</strong></span> <span class='ocrx_word' id='word_1_790' title='bbox 2562 3761 2621 3816; x_wconf 91' lang='lat' dir='ltr'><strong>id</strong></span> <span class='ocrx_word' id='word_1_791' title='bbox 2667 3762 2986 3837; x_wconf 84' lang='lat' dir='ltr'><strong>valentibus</strong></span> <span class='ocrx_word' id='word_1_792' title='bbox 3036 3761 3270 3828; x_wconf 89' lang='lat' dir='ltr'><strong>intueri,</strong></span> <span class='ocrx_word' id='word_1_793' title='bbox 3302 3763 3690 3818; x_wconf 89' lang='lat' dir='ltr'><strong>communiter</strong></span> <span class='ocrx_word' id='word_1_794' title='bbox 3718 3770 3939 3836; x_wconf 75' lang='lat' dir='ltr'><strong>praesto</strong></span> 
     </span>
    </p>
   </div>
   <div class='ocr_carea' id='block_1_101' title="bbox 2227 3849 3940 3917">
    <p class='ocr_par' dir='ltr' id='par_1_101' title="bbox 2227 3849 3940 3917">
     <span class='ocr_line' id='line_1_101' title="bbox 2227 3849 3940 3917; baseline 0.004 -13"><span class='ocrx_word' id='word_1_795' title='bbox 2227 3866 2345 3904; x_wconf 88' lang='lat' dir='ltr'><strong>esse</strong></span> <span class='ocrx_word' id='word_1_796' title='bbox 2385 3849 2617 3904; x_wconf 90' lang='lat' dir='ltr'><strong>videat?</strong></span> <span class='ocrx_word' id='word_1_797' title='bbox 2646 3853 2712 3905; x_wconf 91' lang='lat' dir='ltr'><strong>E.</strong></span> <span class='ocrx_word' id='word_1_798' title='bbox 2743 3850 3112 3905; x_wconf 89' lang='lat' dir='ltr'><strong>Verissimum</strong></span> <span class='ocrx_word' id='word_1_799' title='bbox 3142 3855 3244 3906; x_wconf 91' lang='lat' dir='ltr'><strong>est.</strong></span> <span class='ocrx_word' id='word_1_800' title='bbox 3274 3855 3348 3906; x_wconf 82' lang='grc' dir='ltr'><strong>Α.</strong></span> <span class='ocrx_word' id='word_1_801' title='bbox 3375 3851 3522 3917; x_wconf 92' lang='lat' dir='ltr'><strong>Quid</strong></span> <span class='ocrx_word' id='word_1_802' title='bbox 3541 3854 3570 3906; x_wconf 86' lang='lat'><strong>?</strong></span> <span class='ocrx_word' id='word_1_803' title='bbox 3595 3868 3726 3907; x_wconf 87' lang='lat' dir='ltr'><strong>eam</strong></span> <span class='ocrx_word' id='word_1_804' title='bbox 3754 3854 3940 3910; x_wconf 86' lang='lat' dir='ltr'><strong>vitam</strong></span> 
     </span>
    </p>
   </div>
   <div class='ocr_carea' id='block_1_102' title="bbox 2227 3938 3940 4009">
    <p class='ocr_par' dir='ltr' id='par_1_102' title="bbox 2227 3938 3940 4009">
     <span class='ocr_line' id='line_1_102' title="bbox 2227 3938 3940 4009; baseline 0.004 -17"><span class='ocrx_word' id='word_1_805' title='bbox 2227 3954 2356 4009; x_wconf 66' lang='lat' dir='ltr'><strong>qua:</strong></span> <span class='ocrx_word' id='word_1_806' title='bbox 2382 3938 2556 3993; x_wconf 90' lang='lat' dir='ltr'><strong>nullis</strong></span> <span class='ocrx_word' id='word_1_807' title='bbox 2589 3938 3025 3994; x_wconf 89' lang='lat' dir='ltr'><strong>adversitatibus</strong></span> <span class='ocrx_word' id='word_1_808' title='bbox 3054 3940 3124 3994; x_wconf 89' lang='lat' dir='ltr'><strong>de</strong></span> <span class='ocrx_word' id='word_1_809' title='bbox 3151 3945 3306 3995; x_wconf 89' lang='lat' dir='ltr'><strong>certa</strong></span> <span class='ocrx_word' id='word_1_810' title='bbox 3348 3945 3404 3994; x_wconf 91' lang='lat' dir='ltr'><strong>et</strong></span> <span class='ocrx_word' id='word_1_811' title='bbox 3433 3941 3674 3996; x_wconf 88' lang='lat' dir='ltr'><strong>honesta</strong></span> <span class='ocrx_word' id='word_1_812' title='bbox 3701 3948 3940 3998; x_wconf 86' lang='lat' dir='ltr'><strong>senten-</strong></span> 
     </span>
    </p>
   </div>
   <div class='ocr_carea' id='block_1_103' title="bbox 2224 4015 3940 4102">
    <p class='ocr_par' dir='ltr' id='par_1_103' title="bbox 2224 4015 3940 4102">
     <span class='ocr_line' id='line_1_103' title="bbox 2224 4015 3940 4102; baseline 0.004 -21"><span class='ocrx_word' id='word_1_813' title='bbox 2224 4027 2305 4081; x_wconf 90' lang='lat' dir='ltr'><strong>tia</strong></span> <span class='ocrx_word' id='word_1_814' title='bbox 2333 4015 2688 4097; x_wconf 81' lang='lat' dir='ltr'><strong>demovetur,</strong></span> <span class='ocrx_word' id='word_1_815' title='bbox 2720 4027 3003 4082; x_wconf 89' lang='lat' dir='ltr'><strong>dubitabit</strong></span> <span class='ocrx_word' id='word_1_816' title='bbox 3024 4028 3233 4100; x_wconf 91' lang='lat' dir='ltr'><strong>aliquis</strong></span> <span class='ocrx_word' id='word_1_817' title='bbox 3257 4045 3378 4083; x_wconf 90' lang='lat' dir='ltr'><strong>esse</strong></span> <span class='ocrx_word' id='word_1_818' title='bbox 3401 4029 3720 4098; x_wconf 89' lang='lat' dir='ltr'><strong>meliorem,</strong></span> <span class='ocrx_word' id='word_1_819' title='bbox 3756 4048 3940 4102; x_wconf 86' lang='lat' dir='ltr'><strong>quam</strong></span> 
     </span>
    </p>
   </div>
   <div class='ocr_carea' id='block_1_104' title="bbox 2227 4116 3941 4193">
    <p class='ocr_par' dir='ltr' id='par_1_104' title="bbox 2227 4116 3941 4193">
     <span class='ocr_line' id='line_1_104' title="bbox 2227 4116 3941 4193; baseline 0.004 -23"><span class='ocrx_word' id='word_1_820' title='bbox 2227 4131 2354 4171; x_wconf 90' lang='lat' dir='ltr'><strong>eam</strong></span> <span class='ocrx_word' id='word_1_821' title='bbox 2401 4132 2528 4187; x_wconf 64' lang='lat' dir='ltr'><strong>qua:</strong></span> <span class='ocrx_word' id='word_1_822' title='bbox 2562 4116 2725 4171; x_wconf 89' lang='lat' dir='ltr'><strong>facile</strong></span> <span class='ocrx_word' id='word_1_823' title='bbox 2780 4117 3157 4173; x_wconf 87' lang='lat' dir='ltr'><strong>incommodis</strong></span> <span class='ocrx_word' id='word_1_824' title='bbox 3201 4119 3614 4190; x_wconf 89' lang='lat' dir='ltr'><strong>temporalibus</strong></span> <span class='ocrx_word' id='word_1_825' title='bbox 3644 4120 3941 4193; x_wconf 87' lang='lat' dir='ltr'><strong>frangitur</strong></span> 
     </span>
    </p>
   </div>
   <div class='ocr_carea' id='block_1_105' title="bbox 2225 4205 3501 4276">
    <p class='ocr_par' dir='ltr' id='par_1_105' title="bbox 2225 4205 3501 4276">
     <span class='ocr_line' id='line_1_105' title="bbox 2225 4205 3501 4276; baseline 0.004 -18"><span class='ocrx_word' id='word_1_826' title='bbox 2225 4208 2397 4276; x_wconf 89' lang='lat' dir='ltr'><strong>atque</strong></span> <span class='ocrx_word' id='word_1_827' title='bbox 2424 4205 2816 4260; x_wconf 80' lang='lat' dir='ltr'><strong>subvertitur?</strong></span> <span class='ocrx_word' id='word_1_828' title='bbox 2847 4209 2912 4262; x_wconf 91' lang='lat' dir='ltr'><strong>E.</strong></span> <span class='ocrx_word' id='word_1_829' title='bbox 2949 4207 3084 4271; x_wconf 90' lang='lat' dir='ltr'><strong>Quis</strong></span> <span class='ocrx_word' id='word_1_830' title='bbox 3115 4207 3501 4263; x_wconf 84' lang='lat' dir='ltr'><strong>dubitaverit?</strong></span> 
     </span>
    </p>
   </div>
   <div class='ocr_carea' id='block_1_106' title="bbox 2294 4295 3941 4368">
    <p class='ocr_par' dir='ltr' id='par_1_106' title="bbox 2294 4295 3941 4368">
     <span class='ocr_line' id='line_1_106' title="bbox 2294 4295 3941 4368; baseline 0.004 -20"><span class='ocrx_word' id='word_1_831' title='bbox 2294 4295 2491 4349; x_wconf 58' lang='lat'><strong>29.21.</strong></span> <span class='ocrx_word' id='word_1_832' title='bbox 2531 4295 2654 4348; x_wconf 84' lang='lat' dir='ltr'><strong>Jam</strong></span> <span class='ocrx_word' id='word_1_833' title='bbox 2697 4295 3030 4365; x_wconf 88' lang='lat' dir='ltr'><strong>hujusmodi</strong></span> <span class='ocrx_word' id='word_1_834' title='bbox 3079 4296 3247 4367; x_wconf 91' lang='lat' dir='ltr'><strong>plura</strong></span> <span class='ocrx_word' id='word_1_835' title='bbox 3292 4313 3411 4352; x_wconf 93' lang='lat' dir='ltr'><strong>non</strong></span> <span class='ocrx_word' id='word_1_836' title='bbox 3469 4313 3760 4368; x_wconf 70' lang='lat' dir='ltr'><strong>quaeram:</strong></span> <span class='ocrx_word' id='word_1_837' title='bbox 3798 4301 3941 4355; x_wconf 90' lang='lat' dir='ltr'><strong>satis</strong></span> 
     </span>
    </p>
   </div>
   <div class='ocr_carea' id='block_1_107' title="bbox 2224 4384 3937 4460">
    <p class='ocr_par' dir='ltr' id='par_1_107' title="bbox 2224 4384 3937 4460">
     <span class='ocr_line' id='line_1_107' title="bbox 2224 4384 3937 4460; baseline 0.004 -19"><span class='ocrx_word' id='word_1_838' title='bbox 2224 4384 2380 4441; x_wconf 90' lang='lat' dir='ltr'><strong>enim</strong></span> <span class='ocrx_word' id='word_1_839' title='bbox 2410 4388 2494 4440; x_wconf 90' lang='lat' dir='ltr'><strong>est</strong></span> <span class='ocrx_word' id='word_1_840' title='bbox 2522 4385 2676 4456; x_wconf 92' lang='lat' dir='ltr'><strong>quod</strong></span> <span class='ocrx_word' id='word_1_841' title='bbox 2706 4385 2838 4441; x_wconf 89' lang='lat' dir='ltr'><strong>istas</strong></span> <span class='ocrx_word' id='word_1_842' title='bbox 2875 4391 3150 4459; x_wconf 89' lang='lat' dir='ltr'><strong>tanquam</strong></span> <span class='ocrx_word' id='word_1_843' title='bbox 3180 4389 3423 4458; x_wconf 88' lang='lat' dir='ltr'><strong>regulas,</strong></span> <span class='ocrx_word' id='word_1_844' title='bbox 3461 4393 3517 4442; x_wconf 90' lang='lat' dir='ltr'><strong>et</strong></span> <span class='ocrx_word' id='word_1_845' title='bbox 3543 4389 3817 4460; x_wconf 63' lang='lat' dir='ltr'><strong>quaedam</strong></span> <span class='ocrx_word' id='word_1_846' title='bbox 3845 4393 3937 4447; x_wconf 90' lang='lat' dir='ltr'><strong>lu-</strong></span> 
     </span>
    </p>
   </div>
   <div class='ocr_carea' id='block_1_108' title="bbox 2223 4472 3939 4542">
    <p class='ocr_par' dir='ltr' id='par_1_108' title="bbox 2223 4472 3939 4542">
     <span class='ocr_line' id='line_1_108' title="bbox 2223 4472 3939 4542; baseline 0.004 -14"><span class='ocrx_word' id='word_1_847' title='bbox 2223 4473 2382 4528; x_wconf 89' lang='lat' dir='ltr'><strong>mina</strong></span> <span class='ocrx_word' id='word_1_848' title='bbox 2423 4472 2720 4542; x_wconf 89' lang='lat' dir='ltr'><strong>virtutum,</strong></span> <span class='ocrx_word' id='word_1_849' title='bbox 2770 4479 2826 4529; x_wconf 90' lang='lat' dir='ltr'><strong>et</strong></span> <span class='ocrx_word' id='word_1_850' title='bbox 2883 4491 3017 4530; x_wconf 88' lang='lat' dir='ltr'><strong>vera</strong></span> <span class='ocrx_word' id='word_1_851' title='bbox 3069 4479 3124 4531; x_wconf 90' lang='lat' dir='ltr'><strong>et</strong></span> <span class='ocrx_word' id='word_1_852' title='bbox 3148 4476 3664 4536; x_wconf 88' lang='lat' dir='ltr'><strong>incommutabilia,</strong></span> <span class='ocrx_word' id='word_1_853' title='bbox 3715 4482 3772 4532; x_wconf 92' lang='lat' dir='ltr'><strong>et</strong></span> <span class='ocrx_word' id='word_1_854' title='bbox 3815 4480 3939 4535; x_wconf 90' lang='lat' dir='ltr'><strong>sive</strong></span> 
     </span>
    </p>
   </div>
   <div class='ocr_carea' id='block_1_109' title="bbox 2224 4561 3941 4638">
    <p class='ocr_par' dir='ltr' id='par_1_109' title="bbox 2224 4561 3941 4638">
     <span class='ocr_line' id='line_1_109' title="bbox 2224 4561 3941 4638; baseline 0.004 -22"><span class='ocrx_word' id='word_1_855' title='bbox 2224 4561 2450 4633; x_wconf 88' lang='lat' dir='ltr'><strong>singula</strong></span> <span class='ocrx_word' id='word_1_856' title='bbox 2523 4563 2639 4618; x_wconf 89' lang='lat' dir='ltr'><strong>sive</strong></span> <span class='ocrx_word' id='word_1_857' title='bbox 2693 4564 3074 4620; x_wconf 88' lang='lat' dir='ltr'><strong>communiter</strong></span> <span class='ocrx_word' id='word_1_858' title='bbox 3140 4566 3338 4621; x_wconf 88' lang='lat' dir='ltr'><strong>adesse</strong></span> <span class='ocrx_word' id='word_1_859' title='bbox 3403 4566 3475 4621; x_wconf 89' lang='lat' dir='ltr'><strong>ad</strong></span> <span class='ocrx_word' id='word_1_860' title='bbox 3541 4569 3941 4638; x_wconf 89' lang='lat' dir='ltr'><strong>contemplan-</strong></span> 
     </span>
    </p>
   </div>
   <div class='ocr_carea' id='block_1_110' title="bbox 2225 4649 3937 4726">
    <p class='ocr_par' dir='ltr' id='par_1_110' title="bbox 2225 4649 3937 4726">
     <span class='ocr_line' id='line_1_110' title="bbox 2225 4649 3937 4726; baseline 0.005 -22"><span class='ocrx_word' id='word_1_861' title='bbox 2225 4651 2364 4705; x_wconf 90' lang='lat' dir='ltr'><strong>dum</strong></span> <span class='ocrx_word' id='word_1_862' title='bbox 2385 4649 2466 4705; x_wconf 89' lang='lat' dir='ltr'><strong>eis</strong></span> <span class='ocrx_word' id='word_1_863' title='bbox 2491 4651 2592 4723; x_wconf 91' lang='lat' dir='ltr'><strong>qui</strong></span> <span class='ocrx_word' id='word_1_864' title='bbox 2618 4652 2742 4707; x_wconf 65' lang='lat' dir='ltr'><strong>haec</strong></span> <span class='ocrx_word' id='word_1_865' title='bbox 2768 4655 2958 4709; x_wconf 91' lang='lat' dir='ltr'><strong>valent</strong></span> <span class='ocrx_word' id='word_1_866' title='bbox 2987 4671 3088 4708; x_wconf 89' lang='lat' dir='ltr'><strong>sua</strong></span> <span class='ocrx_word' id='word_1_867' title='bbox 3116 4653 3354 4726; x_wconf 90' lang='lat' dir='ltr'><strong>quisque</strong></span> <span class='ocrx_word' id='word_1_868' title='bbox 3383 4654 3610 4710; x_wconf 88' lang='lat' dir='ltr'><strong>ratione</strong></span> <span class='ocrx_word' id='word_1_869' title='bbox 3639 4672 3706 4710; x_wconf 81' lang='lat' dir='ltr'><strong>ac</strong></span> <span class='ocrx_word' id='word_1_870' title='bbox 3733 4663 3937 4713; x_wconf 89' lang='lat' dir='ltr'><strong>mente</strong></span> 
     </span>
    </p>
   </div>
   <div class='ocr_carea' id='block_1_111' title="bbox 2224 4740 3936 4818">
    <p class='ocr_par' dir='ltr' id='par_1_111' title="bbox 2224 4740 3936 4818">
     <span class='ocr_line' id='line_1_111' title="bbox 2224 4740 3936 4818; baseline 0.004 -22"><span class='ocrx_word' id='word_1_871' title='bbox 2224 4740 2573 4811; x_wconf 87' lang='lat' dir='ltr'><strong>conspicere,</strong></span> <span class='ocrx_word' id='word_1_872' title='bbox 2605 4742 2819 4813; x_wconf 88' lang='lat' dir='ltr'><strong>pariter</strong></span> <span class='ocrx_word' id='word_1_873' title='bbox 2848 4760 3073 4804; x_wconf 90' lang='lat' dir='ltr'><strong>mecum</strong></span> <span class='ocrx_word' id='word_1_874' title='bbox 3095 4743 3253 4798; x_wconf 89' lang='lat' dir='ltr'><strong>vides</strong></span> <span class='ocrx_word' id='word_1_875' title='bbox 3275 4743 3776 4818; x_wconf 88' lang='lat' dir='ltr'><strong>certissimumque</strong></span> <span class='ocrx_word' id='word_1_876' title='bbox 3809 4764 3936 4802; x_wconf 88' lang='lat' dir='ltr'><strong>esse</strong></span> 
     </span>
    </p>
   </div>
   <div class='ocr_carea' id='block_1_112' title="bbox 2224 4830 3940 4904">
    <p class='ocr_par' dir='ltr' id='par_1_112' title="bbox 2224 4830 3940 4904">
     <span class='ocr_line' id='line_1_112' title="bbox 2224 4830 3940 4904; baseline 0.004 -20"><span class='ocrx_word' id='word_1_877' title='bbox 2224 4830 2500 4886; x_wconf 91' lang='lat' dir='ltr'><strong>concedis.</strong></span> <span class='ocrx_word' id='word_1_878' title='bbox 2535 4830 2643 4886; x_wconf 91' lang='lat' dir='ltr'><strong>Sed</strong></span> <span class='ocrx_word' id='word_1_879' title='bbox 2674 4848 2808 4886; x_wconf 91' lang='lat' dir='ltr'><strong>sane</strong></span> <span class='ocrx_word' id='word_1_880' title='bbox 2838 4849 3033 4904; x_wconf 73' lang='lat' dir='ltr'><strong>quaero</strong></span> <span class='ocrx_word' id='word_1_881' title='bbox 3067 4837 3265 4887; x_wconf 88' lang='lat' dir='ltr'><strong>utrum</strong></span> <span class='ocrx_word' id='word_1_882' title='bbox 3319 4833 3442 4888; x_wconf 77' lang='lat' dir='ltr'><strong>haec</strong></span> <span class='ocrx_word' id='word_1_883' title='bbox 3493 4832 3598 4888; x_wconf 91' lang='lat' dir='ltr'><strong>tibi</strong></span> <span class='ocrx_word' id='word_1_884' title='bbox 3623 4834 3940 4891; x_wconf 86' lang='lat' dir='ltr'><strong>videantur</strong></span> 
     </span>
    </p>
   </div>
   <div class='ocr_carea' id='block_1_113' title="bbox 2224 4918 3940 4992">
    <p class='ocr_par' dir='ltr' id='par_1_113' title="bbox 2224 4918 3940 4992">
     <span class='ocr_line' id='line_1_113' title="bbox 2224 4918 3940 4992; baseline 0.005 -20"><span class='ocrx_word' id='word_1_885' title='bbox 2224 4918 2294 4972; x_wconf 90' lang='lat' dir='ltr'><strong>ad</strong></span> <span class='ocrx_word' id='word_1_886' title='bbox 2323 4919 2660 4990; x_wconf 90' lang='lat' dir='ltr'><strong>sapientiam</strong></span> <span class='ocrx_word' id='word_1_887' title='bbox 2690 4921 2996 4992; x_wconf 90' lang='lat' dir='ltr'><strong>pertinere.</strong></span> <span class='ocrx_word' id='word_1_888' title='bbox 3029 4923 3172 4976; x_wconf 89' lang='lat' dir='ltr'><strong>Nam</strong></span> <span class='ocrx_word' id='word_1_889' title='bbox 3201 4921 3369 4976; x_wconf 91' lang='lat' dir='ltr'><strong>credo</strong></span> <span class='ocrx_word' id='word_1_890' title='bbox 3413 4921 3595 4976; x_wconf 88' lang='lat' dir='ltr'><strong>videri</strong></span> <span class='ocrx_word' id='word_1_891' title='bbox 3647 4922 3754 4977; x_wconf 90' lang='lat' dir='ltr'><strong>tibi</strong></span> <span class='ocrx_word' id='word_1_892' title='bbox 3796 4941 3940 4980; x_wconf 87' lang='lat' dir='ltr'><strong>eum</strong></span> 
     </span>
    </p>
   </div>
   <div class='ocr_carea' id='block_1_114' title="bbox 2223 5007 3940 5081">
    <p class='ocr_par' dir='ltr' id='par_1_114' title="bbox 2223 5007 3940 5081">
     <span class='ocr_line' id='line_1_114' title="bbox 2223 5007 3940 5081; baseline 0.005 -21"><span class='ocrx_word' id='word_1_893' title='bbox 2223 5007 2325 5078; x_wconf 93' lang='lat' dir='ltr'><strong>qui</strong></span> <span class='ocrx_word' id='word_1_894' title='bbox 2354 5007 2700 5078; x_wconf 90' lang='lat' dir='ltr'><strong>sapientiam</strong></span> <span class='ocrx_word' id='word_1_895' title='bbox 2727 5013 3015 5064; x_wconf 86' lang='lat' dir='ltr'><strong>assecutus</strong></span> <span class='ocrx_word' id='word_1_896' title='bbox 3064 5015 3167 5078; x_wconf 90' lang='lat' dir='ltr'><strong>est,</strong></span> <span class='ocrx_word' id='word_1_897' title='bbox 3204 5027 3324 5066; x_wconf 90' lang='lat' dir='ltr'><strong>esse</strong></span> <span class='ocrx_word' id='word_1_898' title='bbox 3351 5011 3685 5081; x_wconf 88' lang='lat' dir='ltr'><strong>sapientem.</strong></span> <span class='ocrx_word' id='word_1_899' title='bbox 3742 5014 3811 5068; x_wconf 91' lang='lat' dir='ltr'><strong>E.</strong></span> <span class='ocrx_word' id='word_1_900' title='bbox 3844 5014 3940 5069; x_wconf 87' lang='lat' dir='ltr'><strong>Vi-</strong></span> 
     </span>
    </p>
   </div>
   <div class='ocr_carea' id='block_1_115' title="bbox 2226 5095 3938 5174">
    <p class='ocr_par' dir='ltr' id='par_1_115' title="bbox 2226 5095 3938 5174">
     <span class='ocr_line' id='line_1_115' title="bbox 2226 5095 3938 5174; baseline 0.004 -24"><span class='ocrx_word' id='word_1_901' title='bbox 2226 5095 2393 5151; x_wconf 91' lang='lat' dir='ltr'><strong>detur</strong></span> <span class='ocrx_word' id='word_1_902' title='bbox 2423 5097 2680 5152; x_wconf 90' lang='lat' dir='ltr'><strong>omnino.</strong></span> <span class='ocrx_word' id='word_1_903' title='bbox 2711 5098 2783 5152; x_wconf 85' lang='lat' dir='ltr'><strong>A.</strong></span> <span class='ocrx_word' id='word_1_904' title='bbox 2818 5098 2962 5162; x_wconf 89' lang='lat' dir='ltr'><strong>Quid</strong></span> <span class='ocrx_word' id='word_1_905' title='bbox 2983 5097 3010 5151; x_wconf 89' lang='lat'><strong>?</strong></span> <span class='ocrx_word' id='word_1_906' title='bbox 3040 5099 3136 5154; x_wconf 91' lang='lat' dir='ltr'><strong>ille</strong></span> <span class='ocrx_word' id='word_1_907' title='bbox 3163 5099 3263 5170; x_wconf 92' lang='lat' dir='ltr'><strong>qui</strong></span> <span class='ocrx_word' id='word_1_908' title='bbox 3287 5100 3439 5170; x_wconf 88' lang='lat' dir='ltr'><strong>juste</strong></span> <span class='ocrx_word' id='word_1_909' title='bbox 3467 5099 3627 5167; x_wconf 91' lang='lat' dir='ltr'><strong>vivit,</strong></span> <span class='ocrx_word' id='word_1_910' title='bbox 3658 5106 3938 5174; x_wconf 87' lang='lat' dir='ltr'><strong>possetne</strong></span> 
     </span>
    </p>
   </div>
   <div class='ocr_carea' id='block_1_116' title="bbox 2226 5183 3935 5259">
    <p class='ocr_par' dir='ltr' id='par_1_116' title="bbox 2226 5183 3935 5259">
     <span class='ocr_line' id='line_1_116' title="bbox 2226 5183 3935 5259; baseline 0.004 -21"><span class='ocrx_word' id='word_1_911' title='bbox 2226 5183 2307 5239; x_wconf 90' lang='lat' dir='ltr'><strong>ita</strong></span> <span class='ocrx_word' id='word_1_912' title='bbox 2331 5185 2540 5252; x_wconf 88' lang='lat' dir='ltr'><strong>vivere,</strong></span> <span class='ocrx_word' id='word_1_913' title='bbox 2573 5186 2683 5240; x_wconf 90' lang='lat' dir='ltr'><strong>nisi</strong></span> <span class='ocrx_word' id='word_1_914' title='bbox 2713 5187 2934 5242; x_wconf 90' lang='lat' dir='ltr'><strong>videret</strong></span> <span class='ocrx_word' id='word_1_915' title='bbox 2962 5204 3092 5259; x_wconf 67' lang='lat' dir='ltr'><strong>quae</strong></span> <span class='ocrx_word' id='word_1_916' title='bbox 3134 5188 3415 5243; x_wconf 88' lang='lat' dir='ltr'><strong>inferiora</strong></span> <span class='ocrx_word' id='word_1_917' title='bbox 3444 5187 3655 5258; x_wconf 89' lang='lat' dir='ltr'><strong>quibus</strong></span> <span class='ocrx_word' id='word_1_918' title='bbox 3682 5189 3935 5259; x_wconf 87' lang='lat' dir='ltr'><strong>potiori-</strong></span> 
     </span>
    </p>
   </div>
   <div class='ocr_carea' id='block_1_117' title="bbox 2223 5271 3937 5350">
    <p class='ocr_par' dir='ltr' id='par_1_117' title="bbox 2223 5271 3937 5350">
     <span class='ocr_line' id='line_1_117' title="bbox 2223 5271 3937 5350; baseline 0.005 -23"><span class='ocrx_word' id='word_1_919' title='bbox 2223 5271 2330 5327; x_wconf 90' lang='lat' dir='ltr'><strong>bus</strong></span> <span class='ocrx_word' id='word_1_920' title='bbox 2360 5273 2584 5342; x_wconf 91' lang='lat' dir='ltr'><strong>subdat,</strong></span> <span class='ocrx_word' id='word_1_921' title='bbox 2617 5279 2672 5329; x_wconf 92' lang='lat' dir='ltr'><strong>et</strong></span> <span class='ocrx_word' id='word_1_922' title='bbox 2720 5291 2847 5345; x_wconf 78' lang='lat' dir='ltr'><strong>quas</strong></span> <span class='ocrx_word' id='word_1_923' title='bbox 2893 5276 3057 5348; x_wconf 87' lang='lat' dir='ltr'><strong>paria</strong></span> <span class='ocrx_word' id='word_1_924' title='bbox 3097 5276 3330 5332; x_wconf 87' lang='lat' dir='ltr'><strong>sibimet</strong></span> <span class='ocrx_word' id='word_1_925' title='bbox 3377 5277 3628 5347; x_wconf 91' lang='lat' dir='ltr'><strong>copulet,</strong></span> <span class='ocrx_word' id='word_1_926' title='bbox 3684 5282 3742 5332; x_wconf 86' lang='lat' dir='ltr'><strong>et</strong></span> <span class='ocrx_word' id='word_1_927' title='bbox 3800 5295 3937 5350; x_wconf 69' lang='lat' dir='ltr'><strong>quas</strong></span> 
     </span>
    </p>
   </div>
   <div class='ocr_carea' id='block_1_118' title="bbox 2224 5360 3932 5437">
    <p class='ocr_par' dir='ltr' id='par_1_118' title="bbox 2224 5360 3932 5437">
     <span class='ocr_line' id='line_1_118' title="bbox 2224 5360 3932 5437; baseline 0.006 -23"><span class='ocrx_word' id='word_1_928' title='bbox 2224 5361 2461 5432; x_wconf 90' lang='lat' dir='ltr'><strong>propria</strong></span> <span class='ocrx_word' id='word_1_929' title='bbox 2491 5360 2606 5415; x_wconf 89' lang='lat' dir='ltr'><strong>suis</strong></span> <span class='ocrx_word' id='word_1_930' title='bbox 2659 5362 2983 5436; x_wconf 86' lang='lat' dir='ltr'><strong>quibusque</strong></span> <span class='ocrx_word' id='word_1_931' title='bbox 3037 5364 3388 5419; x_wconf 87' lang='lat' dir='ltr'><strong>distribuat?</strong></span> <span class='ocrx_word' id='word_1_932' title='bbox 3442 5367 3510 5419; x_wconf 91' lang='lat' dir='ltr'><strong>E.</strong></span> <span class='ocrx_word' id='word_1_933' title='bbox 3545 5365 3669 5419; x_wconf 90' lang='lat' dir='ltr'><strong>Non</strong></span> <span class='ocrx_word' id='word_1_934' title='bbox 3715 5372 3932 5437; x_wconf 87' lang='lat' dir='ltr'><strong>posset.</strong></span> 
     </span>
    </p>
   </div>
   <div class='ocr_carea' id='block_1_119' title="bbox 2226 5448 3941 5526">
    <p class='ocr_par' dir='ltr' id='par_1_119' title="bbox 2226 5448 3941 5526">
     <span class='ocr_line' id='line_1_119' title="bbox 2226 5448 3941 5526; baseline 0.005 -22"><span class='ocrx_word' id='word_1_935' title='bbox 2226 5449 2301 5504; x_wconf 83' lang='lat' dir='ltr'><strong>A.</strong></span> <span class='ocrx_word' id='word_1_936' title='bbox 2334 5448 2440 5513; x_wconf 89' lang='lat' dir='ltr'><strong>Qui</strong></span> <span class='ocrx_word' id='word_1_937' title='bbox 2473 5464 2607 5519; x_wconf 87' lang='lat' dir='ltr'><strong>ergo</strong></span> <span class='ocrx_word' id='word_1_938' title='bbox 2640 5449 2764 5506; x_wconf 62' lang='lat' dir='ltr'><strong>haec</strong></span> <span class='ocrx_word' id='word_1_939' title='bbox 2810 5451 2983 5521; x_wconf 91' lang='lat' dir='ltr'><strong>videt,</strong></span> <span class='ocrx_word' id='word_1_940' title='bbox 3014 5468 3154 5507; x_wconf 90' lang='lat' dir='ltr'><strong>num</strong></span> <span class='ocrx_word' id='word_1_941' title='bbox 3204 5468 3334 5506; x_wconf 90' lang='lat' dir='ltr'><strong>eum</strong></span> <span class='ocrx_word' id='word_1_942' title='bbox 3373 5452 3611 5524; x_wconf 88' lang='lat' dir='ltr'><strong>negabis</strong></span> <span class='ocrx_word' id='word_1_943' title='bbox 3639 5454 3941 5526; x_wconf 89' lang='lat' dir='ltr'><strong>sapienter</strong></span> 
     </span>
    </p>
   </div>
   <div class='ocr_carea' id='block_1_120' title="bbox 2227 5536 3936 5614">
    <p class='ocr_par' dir='ltr' id='par_1_120' title="bbox 2227 5536 3936 5614">
     <span class='ocr_line' id='line_1_120' title="bbox 2227 5536 3936 5614; baseline 0.006 -23"><span class='ocrx_word' id='word_1_944' title='bbox 2227 5536 2422 5592; x_wconf 88' lang='lat' dir='ltr'><strong>videre</strong></span> <span class='ocrx_word' id='word_1_945' title='bbox 2441 5536 2469 5593; x_wconf 86' lang='lat'><strong>?</strong></span> <span class='ocrx_word' id='word_1_946' title='bbox 2490 5540 2554 5594; x_wconf 90' lang='lat' dir='ltr'><strong>E.</strong></span> <span class='ocrx_word' id='word_1_947' title='bbox 2590 5539 2714 5595; x_wconf 89' lang='lat' dir='ltr'><strong>Non</strong></span> <span class='ocrx_word' id='word_1_948' title='bbox 2743 5556 2912 5614; x_wconf 86' lang='lat' dir='ltr'><strong>nego.</strong></span> <span class='ocrx_word' id='word_1_949' title='bbox 2944 5541 3017 5597; x_wconf 85' lang='lat' dir='ltr'><strong>A.</strong></span> <span class='ocrx_word' id='word_1_950' title='bbox 3047 5540 3236 5605; x_wconf 89' lang='lat' dir='ltr'><strong>Quid?</strong></span> <span class='ocrx_word' id='word_1_951' title='bbox 3263 5541 3358 5597; x_wconf 91' lang='lat' dir='ltr'><strong>ille</strong></span> <span class='ocrx_word' id='word_1_952' title='bbox 3388 5541 3489 5613; x_wconf 86' lang='lat' dir='ltr'><strong>qui</strong></span> <span class='ocrx_word' id='word_1_953' title='bbox 3517 5541 3936 5612; x_wconf 85' lang='lat' dir='ltr'><strong>prudentervi-</strong></span> 
     </span>
    </p>
   </div>
  </div>
