4074 6400
137 361 270 413 1257

129 485 229 550 vit,
266 499 462 541 nonne
491 483 654 555 eligit
687 483 1202 556 incorruptionem,
1235 488 1291 540 et
1319 500 1446 539 eam
1475 485 1830 557 corruptioni

128 574 580 645 praeponendam
593 589 713 628 esse
727 573 1008 628 decernit?
1020 576 1083 628 E.
1101 573 1549 628 Manifestissime
1562 574 1648 629 ?A
1659 615 1673 629 .
1688 575 1829 630 Cum

129 679 264 734 ergo
295 663 353 718 id
382 662 543 733 eligit
570 679 685 734 quo
703 665 994 716 convertat
1016 661 1291 730 animum,
1322 663 1477 734 quod
1497 663 1827 734 eligendum

128 767 248 806 esse
279 768 448 806 nemo
478 751 738 821 ambigit,
776 768 918 805 num
959 751 1159 823 negari
1191 756 1376 822 potest
1407 752 1694 823 sapienter
1719 753 1825 806 eli-

128 841 298 911 gere?
325 843 392 896 E.
435 841 598 894 Nullo
628 840 800 898 modo
827 839 1174 911 negaverim.
1203 841 1276 894 A.
1319 841 1459 895 Cum
1491 857 1626 912 ergo
1667 841 1738 896 ad
1767 841 1826 896 id

128 931 279 1000 quod
309 929 598 1000 sapienter
621 929 782 1000 eligit
805 929 1084 984 convertit
1110 929 1389 998 animum,
1416 930 1702 1001 sapienter
1719 929 1829 985 uti-

130 1034 240 1089 que
286 1018 579 1073 convertit.
629 1021 694 1073 E.
737 1018 1127 1073 Certissimum
1166 1022 1264 1074 est.
1303 1021 1378 1074 A.
1419 1021 1484 1074 Et
1528 1019 1627 1091 qui
1657 1020 1728 1074 ab
1759 1036 1826 1074 eo

130 1107 286 1179 quod
320 1108 607 1179 sapienter
645 1106 825 1179 eligit,
869 1111 926 1161 et
962 1123 1076 1179 quo
1106 1124 1164 1162 se
1205 1107 1493 1179 sapienter
1527 1108 1824 1177 convertit,

132 1196 303 1250 nullis
331 1196 646 1251 terroribus
677 1196 978 1268 poenisque
1018 1197 1342 1268 depellitur,
1382 1197 1668 1268 sapienter
1705 1181 1827 1253 sine

131 1284 305 1339 dubio
346 1285 499 1340 facit.
548 1288 614 1341 E.
655 1286 895 1339 Prorsus
937 1285 1058 1340 sine
1091 1285 1286 1340 dubio.
1325 1286 1397 1341 A.
1441 1285 1826 1341 Manifestissi-

130 1390 291 1428 mum
332 1378 415 1428 est
455 1373 632 1446 igitur
670 1391 867 1429 omnes
895 1375 1018 1441 has,
1051 1391 1193 1446 quas
1221 1376 1448 1447 regulas
1493 1375 1741 1430 diximus
1770 1380 1828 1431 et

130 1463 349 1517 lumina
408 1463 707 1531 virtutum,
759 1464 829 1518 ad
883 1464 1220 1535 sapientiam
1274 1463 1602 1534 pertinere:
1644 1481 1826 1536 quan-

130 1552 436 1624 doquidem
483 1557 697 1624 quanto
735 1552 918 1624 magis
947 1553 1188 1624 quisque
1224 1553 1294 1607 ad
1333 1553 1614 1624 agendam
1653 1553 1827 1607 vitam

128 1641 208 1694 eis
236 1641 432 1705 utitur,
465 1645 520 1696 et
547 1641 860 1696 secundum
896 1641 1016 1695 haec
1049 1642 1166 1712 agit
1203 1640 1400 1707 vitam,
1443 1644 1604 1695 tanto
1643 1641 1826 1713 magis

126 1730 265 1784 vivit
293 1730 541 1802 facitque
570 1730 885 1801 sapienter;
922 1746 1092 1784 omne
1133 1734 1326 1786 autem
1355 1730 1509 1802 quod
1541 1730 1827 1800 sapienter

127 1820 210 1887 fit,
243 1836 358 1873 non
400 1822 589 1891 potest
614 1823 767 1874 recte
795 1819 906 1873 dici
937 1835 969 1873 a
998 1818 1278 1889 sapientia
1309 1835 1428 1872 esse
1465 1823 1815 1890 separatum.

133 1912 190 1962 E.
225 1908 472 1963 Omnino
505 1907 586 1962 ita
614 1912 718 1963 est.
750 1908 824 1962 A.
856 1907 1037 1972 Quam
1067 1924 1202 1978 ergo
1230 1924 1379 1963 verae
1408 1912 1576 1979 atque
1603 1907 1824 1962 incom-

128 1997 430 2052 mutabiles
450 2001 580 2052 sunt
598 1996 815 2068 regulae
838 2012 1235 2064 numerorum,
1266 2013 1513 2067 quorum
1541 1996 1826 2051 rationem

130 2091 298 2158 atque
326 2087 625 2142 veritatem
663 2084 1211 2140 incommutabiliter
1243 2089 1414 2155 atque
1444 2083 1825 2139 communiter

128 2175 395 2230 omnibus
425 2191 552 2229 eam
592 2173 976 2243 cernentibus,
1027 2177 1235 2244 praesto
1285 2189 1404 2227 esse
1449 2172 1678 2240 dixisti;
1706 2176 1824 2227 tam

126 2270 261 2319 sunt
303 2280 452 2319 verae
498 2269 668 2335 atque
708 2262 1202 2317 incommutabiles
1245 2263 1461 2333 regulae
1506 2261 1820 2332 sapientiae,

125 2353 196 2407 de
219 2351 428 2424 quibus
447 2353 642 2423 paucis
665 2368 818 2406 nunc
836 2350 1171 2422 singillatim
1189 2350 1576 2422 interrogatus
1595 2367 1824 2422 respon-

126 2442 260 2496 disti
311 2458 432 2497 esse
478 2458 639 2496 veras
685 2445 854 2513 atque
902 2440 1251 2508 manifestas,
1297 2457 1504 2511 easque
1555 2440 1823 2495 omnibus

123 2531 226 2602 qui
249 2531 372 2585 haec
399 2531 611 2586 intueri
635 2531 846 2598 valent,
869 2546 1200 2585 communes
1225 2530 1296 2585 ad
1317 2529 1821 2602 contemplandum

125 2621 319 2675 adesse
349 2620 632 2675 concedis.

195 2762 420 2818 CAPUT
460 2763 551 2817 XI.
581 2791 651 2802 â€”
687 2764 970 2832 Sapientia
1005 2766 1057 2817 et
1091 2775 1344 2815 numerus
1379 2775 1451 2814 an
1481 2760 1645 2826 idem,
1678 2775 1751 2814 an

396 2853 626 2906 alterum
655 2851 722 2905 ab
754 2853 922 2906 altero
940 2852 1024 2905 vel
1047 2853 1105 2904 in
1130 2851 1297 2904 altero
1323 2851 1544 2903 emistat.

193 2978 280 3030 30.
321 2977 386 3048 _E.
436 2973 706 3028 Dubitare
744 2989 861 3028 non
901 2988 1155 3044 possum.
1189 2972 1296 3027 Sed
1332 2970 1644 3041 pervellem
1678 2970 1819 3025 scire

123 3069 318 3119 utrum
346 3080 463 3118 uno
495 3062 690 3134 aliquo
731 3077 940 3134 genere
967 3061 1378 3130 contineantur
1410 3060 1534 3113 haec
1567 3060 1700 3128 duo,
1730 3077 1817 3114 sa-

119 3153 338 3224 pientia
373 3151 586 3206 scilicet
609 3156 664 3206 et
703 3167 998 3216 numerus,
1042 3149 1178 3222 quia
1215 3149 1518 3219 conjuncta
1554 3149 1727 3202 etiam
1757 3148 1821 3203 in

117 3241 426 3314 Scripturis
456 3240 662 3296 sanctis
694 3240 815 3294 haec
854 3239 1042 3310 posita
1071 3254 1191 3293 esse
1225 3237 1715 3304 commemorasti;
1744 3253 1819 3291 an

120 3334 363 3388 alterum
395 3331 598 3385 existat
627 3330 696 3384 ab
737 3330 936 3398 altero,
966 3332 1065 3383 aut
1095 3328 1337 3382 alterum
1371 3327 1432 3380 in
1471 3326 1651 3381 altero
1683 3343 1816 3380 con-

120 3421 301 3488 sistat,
354 3419 530 3474 veluti
576 3435 850 3473 numerus
879 3435 913 3471 a
941 3416 1238 3487 sapientia,
1275 3416 1366 3470 vel
1399 3417 1462 3470 in
1503 3410 1808 3486 sapientia.

121 3511 265 3564 Nam
296 3507 638 3579 sapientiam
666 3506 904 3561 existere
934 3521 969 3559 a
997 3521 1259 3572 numero,
1293 3507 1392 3558 aut
1421 3502 1726 3557 consistere
1758 3502 1818 3557 in

117 3613 377 3666 numero,
410 3612 530 3650 non
575 3594 761 3649 ausim
807 3593 1031 3649 dicere:
1065 3593 1252 3647 nescio
1304 3592 1457 3646 enim
1505 3592 1814 3663 quomodo,

119 3687 255 3758 quia
282 3686 494 3740 multos
517 3684 652 3738 novi
690 3682 1049 3738 numerarios
1079 3685 1178 3736 aut
1206 3685 1622 3748 numeratores,
1651 3681 1741 3734 vel
1773 3680 1820 3734 si

117 3792 232 3846 quo
257 3773 372 3838 alio
400 3772 633 3828 nomine
663 3771 907 3827 vocandi
936 3774 1088 3839 sunt,
1121 3769 1222 3842 qui
1251 3785 1473 3823 summe
1502 3773 1674 3839 atque
1700 3768 1818 3822 mi-

117 3863 372 3919 rabiliter
410 3865 760 3932 computam,
802 3860 1084 3930 sapientes
1121 3862 1314 3912 autem
1351 3872 1687 3928 perpaucos,
1721 3860 1820 3911 aut

118 3953 358 4008 forsitan
399 3951 712 4015 neminem,
751 3950 922 4019 longe
965 3946 1346 4003 venerabilior
1386 3944 1533 3999 mihi
1575 3944 1820 3999 occurrit

119 4041 402 4113 sapientia
420 4056 595 4112 quam
620 4054 914 4094 numerus.
939 4037 1012 4092 A.
1036 4037 1179 4091 Rem
1200 4033 1339 4089 dicis
1359 4050 1534 4105 quam
1556 4049 1662 4104 ego
1684 4049 1821 4104 quo-

120 4148 232 4203 que
258 4129 458 4184 mirari
487 4130 657 4184 soleo.
695 4129 838 4183 Nam
877 4142 1008 4181 cum
1044 4123 1572 4179 incommutabilem
1608 4123 1819 4176 verita-

119 4225 238 4274 tem
264 4234 640 4274 numerorum
668 4232 895 4271 mecum
924 4215 1046 4286 ipse
1074 4213 1396 4280 considero,
1428 4215 1484 4266 et
1508 4211 1632 4282 ejus
1658 4211 1821 4282 quasi

119 4309 308 4363 cubile
344 4324 408 4362 ac
455 4307 748 4379 penetrale
793 4305 882 4358 vel
925 4302 1221 4376 regionem
1264 4299 1593 4374 quamdam,
1638 4301 1725 4354 vel
1774 4299 1821 4354 si

119 4397 280 4470 quod
308 4396 463 4451 aliud
493 4412 707 4450 nomen
739 4397 937 4464 aptum
977 4392 1224 4446 inveniri
1249 4393 1454 4462 potest,
1487 4406 1601 4462 quo
1630 4389 1821 4444 nomi-

118 4501 328 4541 nemus
357 4485 521 4557 quasi
549 4483 940 4540 habitaculum
969 4481 1259 4553 quoddam
1286 4479 1593 4550 sedemque
1621 4495 1823 4534 nume-
1852 4535 1854 4537 ,

119 4591 352 4642 rorum;
384 4576 554 4645 longe
592 4587 888 4627 removeor
916 4587 952 4625 a
987 4585 1220 4640 corpore
1247 4584 1260 4623 :
1293 4571 1350 4623 et
1377 4568 1677 4623 inveniens
1706 4568 1823 4622 for-

120 4669 270 4719 tasse
308 4663 526 4734 aliquid
562 4661 719 4732 quod
760 4659 1010 4731 cogitare
1044 4657 1282 4729 possim,
1322 4673 1440 4712 non
1478 4661 1672 4712 tamen
1719 4656 1822 4710 ali-

121 4752 263 4824 quid
303 4750 604 4806 inveniens
635 4750 786 4820 quod
814 4746 1002 4802 verbis
1038 4745 1291 4817 proferre
1320 4743 1623 4813 sufï¬ciam,
1654 4744 1824 4798 redeo

120 4846 400 4912 tanquam
430 4840 668 4893 lassatus
694 4837 755 4891 in
787 4837 910 4891 haec
935 4838 1150 4904 nostra,
1187 4837 1252 4888 ut
1278 4831 1441 4903 loqui
1484 4831 1720 4902 possim,
1770 4835 1829 4886 et

120 4947 191 4986 ea
221 4945 354 5002 quas
385 4932 520 4983 ante
551 4928 746 4982 oculos
775 4925 883 4980 sita
910 4927 1044 4979 sunt
1088 4922 1230 4986 dico,
1281 4922 1423 4976 sicut
1474 4920 1586 4974 dici
1622 4920 1822 4976 solent.

120 5021 240 5074 Hoc
268 5017 412 5073 mihi
438 5015 644 5072 accidit
667 5014 843 5070 etiam
867 5029 998 5067 cum
1027 5012 1096 5067 de
1126 5008 1403 5083 sapientia
1424 5012 1703 5080 quantum
1730 5025 1826 5063 va-

121 5110 235 5171 leo,
265 5105 702 5179 vigilantissime
741 5106 910 5173 atque
949 5099 1330 5155 intentissime
1359 5097 1566 5169 cogito.
1599 5098 1665 5152 Et
1689 5112 1829 5168 pro-

119 5201 328 5268 pterea
355 5196 606 5250 multum
637 5191 835 5258 miror,
871 5206 1002 5244 cum
1028 5190 1152 5244 haec
1182 5189 1295 5244 duo
1332 5187 1447 5242 sint
1473 5187 1536 5241 in
1564 5185 1829 5241 secretis-

124 5287 274 5341 sima
314 5283 745 5354 certissimaque
792 5279 1050 5346 veritate,
1095 5279 1394 5333 accedente
1441 5276 1615 5331 etiam
1669 5274 1830 5330 testi-

125 5375 325 5430 monio
373 5372 819 5446 Scripturarum,
865 5383 978 5440 quo
1033 5366 1477 5422 commemoravi
1531 5364 1831 5436 conjuncte

127 5465 227 5520 illa
253 5461 471 5535 posita;
522 5460 841 5533 plurimum
881 5455 1082 5522 miror,
1115 5459 1178 5509 ut
1223 5454 1361 5522 dixi,
1411 5469 1587 5527 quare
1626 5469 1830 5508 nume-

128 5570 226 5609 rus
250 5553 379 5608 vilis
405 5551 480 5606 sit
519 5546 881 5605 multitudini
925 5544 1249 5612 hominum,
1287 5549 1346 5598 et
1390 5544 1560 5598 chara
1606 5543 1829 5615 sapien-

127 5642 227 5698 tia.
278 5641 392 5698 Sed
437 5639 715 5695 nimirum
763 5635 908 5692 illud
945 5637 1048 5703 est,
1089 5632 1242 5706 quod
1279 5648 1397 5688 una
1436 5631 1702 5704 quaedam
1729 5647 1828 5686 ea-

445 5746 722 5814 PATROL.
771 5732 1018 5811 XXXII.

1556 360 1772 418 LIBER
1811 328 2233 422 SECUNDUS;

3502 373 3636 427 1258

1943 486 2190 559 demque
2214 504 2302 542 res
2323 492 2406 544 est
2427 505 2441 556 ;
2468 491 2865 544 verumtamen
2887 488 3159 560 quoniam
3179 489 3555 548 nihilominus
3577 494 3637 548 in

1941 577 2149 631 divinis
2175 577 2354 631 Libris
2372 577 2441 632 de
2470 578 2747 649 sapientia
2767 578 2993 645 dicitur,
3028 579 3180 650 quod
3215 583 3440 646 attingit
3471 598 3505 634 a
3532 585 3636 651 ï¬ne

1938 681 2106 733 usque
2161 665 2235 719 ad
2287 669 2446 735 ï¬nem
2486 669 2724 734 fortiter,
2785 671 2835 722 et
2889 668 3130 737 disponit
3167 672 3350 723 omnia
3395 673 3634 725 suav-iter

1941 755 2090 823 (Sap.
2117 770 2233 820 vm,
2269 753 2341 822 1),
2383 770 2449 807 ea
2485 755 2739 824 potentia
2771 772 2883 826 qua
2910 759 3128 822 fortiter
3157 773 3192 811 a
3218 757 3326 828 ï¬ne
3363 774 3532 826 usque
3562 760 3636 813 ad

1935 845 2092 911 finem
2121 845 2368 910 attingit,
2398 859 2674 897 numerus
2704 844 2936 898 fortasse
2975 845 3182 900 dicitur
3210 862 3223 900 :
3258 864 3324 901 ea
3353 864 3486 901 vero
3520 865 3634 919 qua

1939 931 2181 1000 disponit
2208 934 2390 985 omnia
2427 934 2685 996 suaviter,
2720 933 3000 1003 sapientia
3040 935 3270 1006 proprie
3303 935 3425 1006 jam
3463 952 3632 990 voca-

1938 1023 2072 1086 tur;
2101 1035 2232 1073 cum
2262 1019 2336 1074 sit
2374 1023 2685 1091 utrumque
2714 1021 2885 1074 unius
2917 1019 3280 1095 ejusdemque
3315 1025 3629 1096 sapientia).

2009 1110 2097 1163 31.
2141 1108 2252 1163 Sed
2282 1107 2417 1180 quia
2450 1109 2608 1163 dedit
2649 1125 2922 1163 numeros
2961 1112 3227 1166 omnibus
3255 1115 3424 1169 rebus
3458 1115 3635 1170 etiam

1938 1195 2171 1263 inï¬mis,
2215 1201 2272 1251 et
2316 1197 2373 1251 in
2423 1197 2537 1252 fine
2584 1213 2780 1252 rerum
2823 1197 3056 1265 locatis;
3103 1203 3158 1252 et
3198 1217 3437 1271 corpora
3477 1204 3634 1257 enim

1937 1285 2131 1339 omnia
2162 1286 2420 1356 quamvis
2450 1285 2512 1340 in
2538 1287 2708 1341 rebus
2734 1291 2986 1341 extrema
3014 1287 3148 1354 sint,
3179 1289 3393 1344 habent
3429 1307 3632 1346 nume-

1937 1389 2031 1426 ros
2058 1390 2222 1442 suos;
2259 1391 2457 1444 sapere
2497 1379 2686 1429 autem
2724 1391 2838 1429 non
2870 1375 3025 1430 dedit
3061 1377 3414 1446 corporibus,
3447 1396 3634 1450 neque

1936 1461 2142 1516 animis
2172 1462 2460 1525 omnibus,
2484 1464 2581 1517 sed
2603 1468 2829 1518 tantum
2857 1464 3249 1531 rationalibus,
3272 1470 3545 1537 tanquam
3574 1469 3635 1522 in

1936 1550 2016 1604 eis
2047 1550 2155 1604 sibi
2197 1553 2389 1606 sedem
2419 1552 2712 1620 locaverit,
2755 1553 2824 1606 de
2869 1569 2982 1623 qua
3010 1554 3277 1623 disponat
3316 1555 3509 1609 omnia
3537 1556 3636 1609 illa

1935 1640 2107 1694 etiam
2141 1640 2342 1695 inï¬ma
2377 1642 2585 1712 quibus
2620 1657 2890 1696 numeros
2921 1642 3077 1696 dedit
3100 1659 3114 1697 :
3140 1642 3332 1714 itaque
3363 1644 3636 1715 quoniam

1935 1728 2004 1782 de
2035 1729 2369 1799 corporibus
2406 1729 2570 1783 facile
2611 1729 2958 1800 judicamus,
3004 1735 3275 1801 tanquam
3336 1732 3406 1786 de
3463 1733 3636 1787 rebus

1937 1834 2065 1889 quae
2093 1818 2242 1873 infra
2271 1835 2375 1873 nos
2397 1821 2672 1874 ordinatas
2693 1824 2844 1886 sunt,
2868 1820 3075 1890 quibus
3098 1820 3406 1890 impressos
3426 1838 3632 1877 nume-

1933 1923 2029 1960 ros
2053 1905 2198 1960 infra
2219 1923 2320 1961 nos
2343 1924 2461 1961 esse
2483 1909 2796 1976 cernimus;
2816 1912 2872 1962 et
2893 1924 2991 1962 eos
3015 1914 3319 1978 propterea
3345 1909 3512 1964 vilius
3531 1911 3634 1965 ha-

1933 1996 2155 2050 bemus.
2171 1996 2280 2051 Sed
2291 2013 2420 2051 cum
2439 1999 3062 2068 coeperimustanquam
3085 2014 3313 2052 sursum
3334 2015 3527 2053 versus
3548 2017 3634 2055 re-

1934 2101 2183 2155 currere,
2207 2084 2530 2140 invenimus
2552 2103 2650 2141 eos
2670 2086 2845 2141 etiam
2863 2090 3087 2141 nostras
3102 2091 3322 2141 mentes
3341 2091 3635 2142 transcen-

1935 2175 2091 2246 dere,
2127 2180 2295 2248 atque
2326 2176 2823 2233 incommutabiles
2851 2176 2914 2230 in
2941 2176 3066 2248 ipsa
3095 2181 3328 2231 manere
3359 2177 3624 2234 veritate.

1933 2266 2001 2319 Et
2029 2265 2165 2335 quia
2184 2282 2380 2337 sapere
2410 2266 2579 2337 pauci
2608 2269 2867 2337 possunt,
2899 2281 3204 2320 numerare
3235 2269 3427 2320 autem
3459 2267 3632 2320 etiam

1932 2353 2119 2407 stultis
2147 2371 2477 2420 concessum
2518 2358 2624 2422 est,
2658 2355 2944 2409 mirantur
2974 2354 3239 2408 homines
3266 2355 3628 2425 sapientiam,

1932 2456 2318 2513 numerosque
2370 2447 2767 2497 contemnunt.
2817 2443 2979 2497 Docti
3031 2447 3225 2497 autem
3268 2448 3326 2498 et
3371 2445 3630 2508 studiosi,

1933 2534 2147 2600 quanto
2177 2531 2516 2585 remotiores
2545 2535 2677 2586 sunt
2698 2548 2731 2585 a
2759 2532 2884 2585 labe
2903 2534 3147 2595 terrena,
3173 2535 3334 2587 tanto
3365 2533 3547 2604 magis
3577 2539 3634 2588 et

1930 2635 2238 2674 numerum
2268 2625 2325 2674 et
2361 2621 2701 2692 sapientiam
2732 2620 2792 2674 in
2824 2620 2948 2691 ipsa
2978 2621 3217 2675 veritate
3263 2624 3629 2690 contuentur,

1931 2712 1989 2762 et
2013 2711 2323 2779 utrumque
2349 2709 2587 2763 charum
2612 2709 2857 2763 habent:
2883 2713 2940 2764 et
2962 2709 3023 2763 in
3045 2709 3167 2779 ejus
3196 2710 3449 2764 veritatis
3471 2727 3629 2765 com-

1928 2796 2224 2866 paratione
2258 2812 2375 2851 non
2414 2797 2493 2850 eis
2541 2813 2748 2851 aurum
2787 2801 2844 2851 et
2874 2802 3198 2868 argentum,
3233 2802 3288 2851 et
3315 2797 3532 2870 [caetera
3561 2799 3631 2853 de

1930 2885 2420 2956 quibus_homines
2440 2886 2731 2953 dimicant,
2755 2887 2853 2941 sed
2874 2887 2982 2956 ipsi
3003 2886 3173 2940 etiam
3195 2887 3472 2941 vilescunt
3496 2887 3628 2942 sibi.

2002 2977 2090 3030 32.
2128 2951 2240 3029 Nec
2267 2975 2494 3030 mireris
2539 2991 2808 3029 numeros
2838 2974 2968 3028 ideo
3006 2974 3236 3028 viluisse
3271 2974 3626 3042 hominibus,

1930 3064 1986 3115 et
2017 3061 2243 3116 charam
2275 3079 2394 3116 esse
2436 3062 2793 3133 sapientiam,
2826 3061 2962 3133 quia
2990 3061 3211 3116 facilius
3239 3067 3479 3132 possunt
3519 3079 3628 3116 nu-

1929 3166 2151 3204 merare
2192 3167 2367 3222 quam
2415 3167 2634 3222 sapere,
2685 3166 2815 3204 cum
2854 3150 3046 3204 videas
3091 3150 3317 3203 charius
3355 3149 3484 3205 illos
3527 3150 3629 3205 ha-

1927 3239 2063 3293 bere
2103 3256 2309 3294 aurum
2357 3256 2532 3310 quam
2574 3240 2774 3294 lumen
2806 3239 3075 3305 lucernae,
3108 3239 3200 3292 cui
3236 3243 3629 3310 comparatum

1931 3344 2134 3382 aurum
2167 3328 2403 3383 ridetur.
2429 3327 2538 3382 Sed
2558 3328 2877 3382 honoratur
2908 3327 3151 3398 amplius
3173 3344 3264 3382 res
3285 3329 3456 3399 longe
3482 3329 3628 3384 infe-

1928 3415 2065 3478 rior,
2098 3417 2235 3488 quia
2265 3418 2559 3472 lucernam
2589 3416 2697 3471 sibi
2719 3421 2774 3471 et
2798 3417 3092 3470 mendicus
3115 3417 3392 3486 accendit,
3424 3432 3628 3472 aurum

1928 3521 2060 3559 vero
2105 3506 2275 3576 pauci
2321 3506 2532 3560 habent
2559 3526 2574 3574 ;
2623 3522 2955 3577 quanquam
2984 3504 3263 3575 sapientia
3295 3506 3442 3560 absit
3470 3511 3536 3560 ut
3562 3507 3626 3560 in

1929 3595 2352 3665 comparatione
2381 3595 2611 3649 numeri
2640 3595 2966 3649 inveniatur
2985 3593 3240 3660 inferior,
3263 3610 3395 3648 cum
3426 3595 3628 3649 eadem

1929 3682 2038 3749 sit;
2089 3683 2184 3737 sed
2243 3683 2474 3736 oculum
2520 3699 2634 3753 quo
2687 3683 2844 3735 cerni
2892 3681 3093 3752 possit,
3139 3681 3381 3752 inquirit
3432 3684 3473 3737 á½·.
3519 3683 3628 3737 Sed

1930 3770 2419 3840 quemadmodum
2461 3769 2524 3823 in
2561 3785 2678 3822 uno
2710 3769 2840 3838 igne
2893 3768 3413 3837 consubstantialis,
3461 3773 3523 3822 ut
3549 3769 3629 3823 ita

1931 3857 2138 3926 dicam,
2171 3857 2416 3912 sentitur
2442 3856 2635 3926 fulgor
2664 3859 2719 3910 et
2748 3855 2922 3923 calor,
2955 3871 3062 3910 nec
3095 3856 3349 3926 separari
3380 3857 3451 3911 ab
3481 3856 3627 3910 invi-

1930 3963 2054 4000 cem
2076 3950 2349 4017 possunt;
2382 3950 2576 4000 tamen
2605 3944 2678 3998 ad
2708 3961 2773 3998 ea
2807 3945 2962 3999 calor
2999 3943 3261 4015 pervenit
3291 3961 3420 4015 quas
3449 3961 3628 4016 prope

1931 4035 2332 4102 admoventur,
2362 4034 2556 4105 fulgor
2579 4049 2713 4087 vero
2745 4033 2918 4087 etiam
2948 4033 3179 4104 longius
3205 4033 3490 4103 latiusque
3521 4034 3629 4088 dif-

1930 4123 2224 4179 funditur:
2259 4124 2336 4178 sic
2390 4121 2784 4192 intelligentiae
2839 4120 3118 4191 potentia,
3176 4138 3306 4192 quae
3350 4120 3501 4176 inest
3547 4139 3630 4176 sa-

1928 4211 2186 4283 pientiae,
2232 4211 2649 4283 propinquiora
2687 4207 3077 4277 fervescuntâ€™,
3119 4209 3290 4264 sicuti
3331 4214 3465 4264 sunt
3502 4210 3632 4264 ani-

1931 4284 2042 4356 mae
2074 4301 2415 4368 rationales;
2451 4316 2518 4354 ea
2564 4315 2700 4354 vero
2743 4315 2872 4370 quae
2912 4298 3228 4354 remotiora
3268 4302 3420 4362 sunt,
3469 4299 3634 4354 sicuti

1933 4405 2188 4461 corpora,
2221 4406 2338 4444 non
2376 4388 2608 4460 attingit
2649 4388 2837 4443 calore
2885 4387 3163 4459 sapiendi,
3201 4387 3301 4442 sed
3342 4387 3636 4458 perfundit

1932 4478 2150 4534 lumine
2172 4494 2575 4533 numerorum:
2600 4477 2756 4548 quod
2786 4476 2892 4531 tibi
2913 4476 3166 4531 fortassis
3196 4475 3502 4530 obscurum
3527 4479 3630 4530 est.

1934 4567 2058 4621 Non
2088 4566 2241 4620 enim
2273 4567 2393 4620 ulla
2418 4565 2660 4620 visibilis
2688 4564 3002 4619 similitudo
3031 4562 3304 4618 invisibili
3333 4563 3420 4617 rei
3447 4567 3638 4632 potest

1936 4655 2003 4710 ad
2037 4671 2269 4710 omnem
2298 4653 2756 4708 convenientiam
2787 4651 3060 4723 coaptari.
3097 4653 3343 4706 Tantum
3373 4651 3519 4706 illud
3549 4656 3637 4707 at-

1935 4744 2128 4810 tende,
2161 4743 2316 4815 quod
2344 4746 2401 4797 et
2429 4741 2735 4814 quaestioni
2771 4757 2945 4812 quam
2976 4739 3334 4811 suscepimus
3365 4741 3497 4796 satis
3529 4745 3632 4808 est,

1938 4836 1996 4888 et
2033 4831 2438 4887 humilioribus
2475 4831 2650 4886 etiam
2687 4830 2994 4897 mentibus,
3037 4830 3235 4900 quales
3274 4845 3377 4884 nos
3413 4829 3632 4898 sumus,

1937 4937 2058 4976 sese
2087 4920 2430 4987 manifestat,
2464 4919 2599 4991 quia
2627 4919 2733 4973 etsi
2763 4919 2981 4973 clarum
3011 4918 3179 4973 nobis
3213 4936 3334 4974 esse
3364 4935 3481 4974 non
3510 4922 3636 4990 pot-

1939 5014 2026 5065 est
2054 5013 2247 5064 utrum
2285 5009 2347 5063 in
2384 5007 2682 5080 sapientia,
2712 5009 2802 5062 vel
2826 5024 2895 5062 ex
2924 4997 3205 5078 sapientia
3234 5024 3533 5077 numerus,
3559 5024 3633 5062 an

1938 5099 2062 5170 ipsa
2104 5097 2386 5169 sapientia
2433 5096 2514 5152 ex
2552 5112 2813 5164 numero,
2869 5113 2943 5152 an
2997 5096 3062 5151 in
3116 5113 3357 5160 numero
3414 5097 3500 5163 sit,
3564 5111 3639 5150 an

1939 5191 2255 5257 utrumque
2277 5203 2490 5241 nomen
2523 5186 2693 5240 unius
2719 5186 2804 5240 rei
2830 5187 3013 5258 possit
3037 5187 3289 5252 ostendi;
3319 5185 3462 5239 illud
3490 5187 3640 5238 certe

1940 5276 2310 5331 manifestum
2355 5279 2440 5330 est
2487 5279 2797 5347 utrumque
2828 5292 3029 5331 verum
3059 5291 3198 5343 esse,
3241 5277 3296 5328 et
3323 5273 3638 5327 incommu-

1941 5365 2187 5421 tabiliter
2213 5380 2433 5420 verum.

2006 5453 2022 5486 1
2040 5450 2178 5516 [aditi
2199 5466 2210 5499 :
2231 5453 2285 5516 si
2305 5451 2522 5516 oculus,
2544 5463 2654 5515 quo
2674 5453 2813 5502 cerni
2827 5451 3012 5516 possit,
3030 5447 3288 5512 inquirat.
3306 5447 3372 5498 At
3390 5449 3533 5510 Mss.,
3549 5451 3643 5502 sed

1943 5513 2220 5564 oculum...
2260 5513 2503 5565 inquirit.

1942 5638 1970 5688 á½–
2005 5577 2026 5611 2
2047 5577 2295 5688 (Quatuor
2322 5571 2464 5639 Mss.,
2497 5589 2616 5640 quae
2642 5577 2762 5626 sunt
2781 5576 3047 5640 sapientia:
3067 5573 3452 5639 propinquiora
3475 5571 3646 5639 ferrea

1973 5652 2045 5689 an
2071 5675 2082 5686 .

2801 5737 3229 5819 (Quarante.)
