4074 6440
463 334 598 387 1259

457 508 681 564 CAPUT
709 507 824 563 XII.
855 534 925 545 —
949 506 1066 558 Una
1084 506 1132 556 et
1152 500 1605 556 incommutabilis
1634 501 1693 553 in
1720 501 1964 554 omnibus
1984 498 2144 552 intel-

582 596 868 665 ligentibus
891 594 1111 656 veritas,
1147 604 1313 659 caque
1341 593 1527 643 nostra
1555 593 1727 642 mente
1749 590 2013 657 superior.

447 751 456 759 ε
527 721 612 772 33.
641 717 994 787 Quapropter
1038 713 1191 766 nullo
1222 711 1390 765 modo
1443 710 1736 782 negaveris
1771 727 1892 764 esse
1930 709 2144 764 incom-

399 843 402 848 -
454 805 787 862 mutabilem
822 803 1140 866 veritatem,
1172 801 1292 854 huic
1324 800 1518 853 omnia
1545 816 1673 870 quae
1704 797 2145 852 incommutabi-

458 895 584 948 liter
607 909 738 946 vera
767 894 900 944 sunt
927 891 1314 944 continentem
1336 904 1354 958 ;
1387 904 1560 959 quam
1599 903 1712 941 non
1742 886 1926 958 possis
1956 886 2142 940 dicere

451 988 608 1038 tuam
644 981 732 1034 vel
772 993 980 1044 meam,
1003 977 1113 1031 "vel
1157 977 1494 1047 cujusquam
1525 974 1790 1040 hominis,
1827 974 1924 1028 sed
1955 973 2143 1028 omni-

452 1073 556 1127 bus
583 1066 1074 1124 incommutabilia
1105 1081 1232 1120 vera
1262 1064 1644 1131 cernentibus,
1678 1067 1952 1134 tanquam
1981 1061 2143 1116 miris

451 1159 634 1214 modis
681 1161 960 1212 secretum
1009 1160 1066 1210 et
1092 1153 1387 1225 publicum
1417 1153 1634 1218 lumen,
1666 1157 1874 1222 prmsto
1915 1167 2035 1206 esse
2078 1167 2141 1205 ac

451 1265 510 1303 se
541 1247 796 1319 praebere
835 1243 1246 1300 communiter:
1280 1258 1449 1297 omne
1479 1245 1672 1295 autem
1703 1240 1856 1312 quod
1882 1255 2143 1294 commu-

449 1337 600 1392 niter
645 1333 913 1390 omnibus
951 1330 1422 1387 ratiocinantibus
1471 1333 1641 1400 atque
1684 1328 2142 1399 intelligentibus

449 1419 656 1496 praesto
683 1427 787 1492 est,
815 1422 888 1476 ad
932 1419 1102 1475 ullius
1144 1435 1342 1486 eorum
1386 1417 1618 1490 proprie
1666 1422 1930 1472 naturam
1967 1417 2142 1487 perti-

448 1528 582 1566 nere
604 1511 732 1584 quis
752 1509 1000 1565 dixerit?
1025 1507 1331 1563 Meministi
1358 1507 1537 1576 enim,
1559 1511 1622 1561 ut
1647 1506 1869 1577 opinor,
1904 1506 2041 1576 quid
2069 1506 2139 1561 de

450 1599 708 1654 sensibus
735 1597 986 1669 corporis
1013 1597 1187 1665 paulo
1215 1599 1345 1650 ante
1375 1599 1678 1650 tractatum
1707 1594 1808 1660 sit;
1841 1611 1906 1648 ea
1933 1593 2144 1647 scilicet

448 1704 578 1760 quae
608 1687 904 1741 oculorum
944 1686 1031 1739 vel
1074 1683 1303 1739 aurium
1336 1699 1504 1738 sensu
1535 1681 1918 1736 communiter
1950 1682 2139 1752 tangi-

448 1793 598 1844 mus,
629 1773 794 1829 sicuti
823 1777 956 1828 sunt
982 1773 1200 1827 colores
1229 1775 1287 1826 et
1314 1770 1462 1832 soni.
1494 1787 1638 1841 quos
1667 1786 1773 1841 ego
1793 1774 1850 1824 et
1878 1773 1939 1823 tu
1971 1768 2142 1823 simul

446 1864 725 1931 videmus,
778 1863 866 1917 vel
896 1861 1065 1916 simul
1104 1860 1388 1926 audimus,
1431 1874 1548 1912 non
1585 1859 1872 1928 pertinere
1903 1857 1973 1911 ad
2007 1872 2143 1910 ocu-

445 1953 636 2008 lorum
665 1956 992 2007 nostrorum
1022 1949 1319 2004 auriumve
1348 1952 1636 2015 naturam,
1668 1949 1765 2002 sed
1795 1947 1864 2001 ad
1893 1946 2142 2000 sentien-

447 2041 586 2096 dum
633 2040 799 2095 nobis
841 2056 964 2093 esse
1001 2037 1347 2093 communia.
1377 2037 1465 2092 Sic
1497 2053 1632 2108 ergo
1658 2036 1830 2090 etiam
1873 2035 1972 2089 illa
2012 2049 2142 2106 quae

447 2144 556 2199 ego
586 2131 642 2183 et
663 2132 728 2182 tu
752 2126 1133 2182 communiter
1162 2124 1392 2196 proprio
1420 2125 1661 2196 quisque
1689 2125 1892 2194 :mente
1920 2121 2141 2193 conspi-

448 2216 652 2283 cimus,
679 2231 1043 2288 nequaquam
1063 2213 1271 2268 dixeris
1297 2214 1368 2268 ad
1394 2213 1600 2267 mentis
1622 2212 1860 2283 alicujus
1882 2216 2141 2266 nostrum

448 2306 736 2375 pertinere
779 2309 1061 2358 naturam.
1098 2304 1354 2356 Duorum
1384 2301 1539 2355 enim
1584 2301 1734 2354 oculi
1779 2300 1932 2371 quod
1973 2298 2141 2353 simul

450 2394 667 2461 vident,
700 2409 801 2447 nec
829 2393 1001 2462 hujus
1026 2407 1129 2445 nec
1154 2391 1309 2444 illius
1335 2391 1526 2444 oculos
1551 2405 1671 2443 esse
1699 2388 1912 2460 poteris
1931 2388 2139 2456 dicere,

451 2483 549 2538 sed
569 2481 786 2552 aliquid
807 2480 1040 2535 tertium
1068 2480 1129 2534 in
1148 2479 1303 2550 quod
1324 2478 1620 2549 utriusque
1643 2477 1968 2532 conferatur
1985 2491 2142 2547 aspe-

449 2574 592 2624 ctus.
623 2572 689 2624 E.
721 2566 1162 2638 Apertissimum
1191 2572 1363 2638 atque
1387 2565 1748 2621 verissimum
1774 2569 1878 2619 est.

523 2659 608 2713 34.
635 2658 708 2713 Α.
742 2658 894 2711 Hanc
922 2672 1059 2726 ergo
1092 2655 1412 2724 veritatem,
1442 2655 1511 2709 de
1542 2671 1654 2726 qua
1676 2655 1796 2725 jam
1827 2653 1927 2708 diu
1956 2652 2141 2724 loqui-

451 2763 603 2817 mur,
634 2751 690 2802 et
717 2746 776 2800 in
803 2763 915 2817 qua
941 2762 1050 2799 una
1077 2749 1195 2799 tam
1227 2746 1408 2799 multa
1432 2743 1828 2814 conspicimus,
1865 2743 2140 2797 excellen-

449 2835 652 2890 tiorem
685 2839 852 2906 putas
881 2848 1001 2886 esse
1030 2848 1204 2903 quam
1225 2848 1383 2886 mens
1410 2837 1601 2885 nostra
1631 2835 1736 2900 est,
1758 2847 1831 2885 an
1858 2831 2141 2901 aequalem

449 2924 738 2980 mentibus
780 2921 1012 2989 nostris,
1065 2938 1139 2975 an
1168 2920 1340 2976 etiam
1373 2920 1694 2974 inferiorem
1716 2921 1744 2974 ?
1772 2919 1879 2974 Sed
1897 2919 1957 2973 si
1994 2923 2140 2973 esset

449 3013 702 3078 inferior,
722 3028 838 3065 non
861 3009 1170 3065 secundum
1200 3008 1380 3080 illam,
1408 3009 1502 3063 sed
1527 3008 1595 3064 de
1618 3009 1714 3062 illa
1727 3008 2138 3080 judicaremus,

451 3103 596 3158 sicut
619 3100 938 3172 judicamus
967 3099 1036 3153 de
1066 3098 1414 3169 corporibus,
1449 3097 1586 3168 quia
1613 3097 1761 3151 infra
1788 3102 1943 3163 sunt,
1970 3101 2024 3151 et
2053 3097 2140 3151 di-

450 3192 630 3246 cimus
659 3205 726 3243 ea
756 3189 1095 3260 plerumque
1127 3203 1241 3240 non
1270 3191 1493 3241 tantum
1523 3185 1602 3240 ita
1627 3203 1746 3240 esse
1775 3187 1864 3240 vel
1895 3202 2010 3240 non
2037 3185 2136 3251 ita,

452 3279 551 3334 sed
577 3279 656 3332 ita
684 3279 769 3331 vel
802 3272 919 3330 11011
947 3275 1020 3330 ita
1054 3291 1176 3329 esse
1207 3275 1448 3330 debere:
1496 3275 1576 3328 sic
1609 3278 1664 3328 et
1702 3275 1772 3329 de
1807 3273 2013 3328 animis
2039 3290 2137 3327 no-

454 3365 583 3420 stris
611 3382 727 3419 11011
743 3365 923 3418 solum
946 3364 1024 3417 ita
1043 3379 1161 3418 esse
1182 3364 1440 3418 animum
1460 3363 1738 3432 novimus,
1762 3363 1858 3417 sed
1882 3363 2137 3433 plerum-

454 3470 566 3525 que
595 3453 766 3508 etiam
796 3453 874 3507 ita
913 3467 1030 3506 esse
1061 3452 1288 3507 debere.
1333 3453 1399 3506 Et
1425 3452 1494 3506 de
1542 3450 1876 3522 corporibus
1906 3450 2139 3523 quidem

453 3543 534 3597 sic
567 3542 913 3614 judicamus,
965 3557 1092 3594 cum
1148 3540 1412 3602 dicimus,
1462 3540 1643 3596 Minus
1699 3539 2002 3594 candidum
2054 3543 2137 3594 est

452 3647 625 3703 quam
641 3631 864 3698 debuit;
888 3633 1006 3697 aut,
1027 3629 1218 3684 minus
1239 3629 1544 3700 quadrum,
1561 3634 1618 3683 et
1639 3629 1817 3683 multa
1831 3628 2095 3682 similiter
2120 3645 2132 3682 :

451 3718 522 3772 de
551 3719 758 3773 animis
784 3735 937 3787 vero,
959 3718 1138 3772 Minus
1159 3722 1324 3788 aptus
1352 3721 1435 3772 est
1450 3734 1623 3788 quam
1650 3717 1817 3771 debet
1843 3734 1856 3784 ;
1885 3720 2002 3781 aut,
2024 3715 2134 3771 mi-

450 3823 558 3861 nus
580 3805 724 3861 lenis
747 3823 760 3873 ;
793 3811 893 3861 aut
917 3806 1108 3860 minus
1135 3806 1462 3874 vehemens,
1492 3805 1636 3859 sicut
1662 3809 1987 3859 nostrorum
2012 3821 2134 3858 mo-

448 3912 578 3950 rum
621 3912 679 3949 se
722 3895 867 3950 ratio
915 3895 1123 3950 tulerit.
1169 3896 1232 3949 Et
1275 3894 1597 3965 judicamus
1652 3894 1775 3948 haec
1821 3895 2135 3948 secundum

448 3985 575 4039 illas
619 3984 920 4038 interiores
959 3984 1186 4054 regulas
1233 3982 1505 4050 veritatis,
1566 3999 1706 4053 quas
1753 3982 2136 4036 communiter

449 4073 781 4140 cernimus:
831 4073 899 4127 de
948 4072 1082 4143 ipsis
1126 4087 1258 4126 vero
1297 4072 1456 4126 nullo
1504 4071 1674 4126 modo
1725 4070 1852 4142 quis
1891 4070 2132 4141 judicat.

450 4162 590 4216 Cum
621 4161 771 4215 enim
803 4161 928 4230 quis
967 4159 1174 4214 dixerit
1203 4164 1414 4214 aeterna
1436 4158 1846 4229 temporalibus
1877 4176 1996 4213 esse
2025 4176 2136 4230 po-

447 4249 613 4318 tiora,
659 4253 756 4303 aut
801 4253 1018 4318 septem
1064 4251 1120 4302 et
1155 4248 1264 4301 tria
1293 4248 1486 4302 decem
1516 4263 1657 4314 esse,
1685 4263 1854 4302 nemo
1887 4247 2134 4303 dicibita

448 4353 570 4392 esse
599 4337 878 4403 debuisse,
923 4337 1020 4390 sed
1066 4340 1291 4390 tantum
1338 4330 1418 4390 ita
1463 4352 1582 4391 esse
1611 4353 1977 4408 cognoscens,
2022 4354 2137 4393 non

447 4425 799 4481 examinator
826 4424 1079 4495 corrigit,
1112 4425 1211 4479 sed
1240 4428 1464 4479 tantum
1499 4426 1727 4480 laetatur
1750 4424 2034 4482 inventor.
2071 4426 2131 4482 Si

445 4518 637 4569 autem
669 4516 816 4568 esset
862 4513 1098 4585 aequalis
1145 4514 1433 4568 mentibus
1473 4514 1685 4568 nostris
1737 4515 1858 4569 haec
1905 4515 2131 4582 veritas,

447 4602 737 4658 mutabilis
773 4603 944 4658 etiam
992 4603 1113 4675 ipsa
1142 4607 1306 4658 esset.
1356 4605 1567 4658 Mentes
1596 4603 1752 4659 enim
1782 4609 1988 4659 nostra:
2029 4604 2134 4658 ali-

447 4692 674 4764 quando
705 4708 830 4747 eam
849 4693 978 4764 plus
1006 4692 1222 4760 vident,
1249 4692 1558 4764 aliquando
1591 4694 1801 4762 minus,
1834 4697 1892 4748 et
1929 4709 1998 4748 ex
2028 4693 2134 4748 hoc

445 4781 694 4835 fatentur
729 4798 787 4835 se
835 4798 955 4836 esse
999 4782 1335 4837 mutabiles:
1369 4797 1499 4836 cum
1549 4781 1648 4837 illa
1693 4782 1753 4837 in
1799 4799 1858 4837 se
1897 4799 2161 4837 manens

444 4885 549 4924 nec
586 4869 844 4940 proficiat
870 4886 1002 4925 cum
1030 4872 1156 4942 plus
1198 4887 1231 4925 a
1277 4870 1440 4925 nobis
1476 4870 1718 4939 videtur,
1760 4887 1865 4926 nec
1909 4871 2133 4927 deﬁciat

444 4974 574 5013 cum
605 4958 815 5025 minus,
861 4959 959 5014 sed
1004 4958 1228 5030 integra
1273 4963 1329 5013 et
1356 4958 1706 5031 incorrupta,
1742 4964 1799 5014 et
1827 4976 2130 5014 conversos

443 5043 692 5098 laetiﬁcat
734 5043 974 5114 lumine,
1031 5049 1086 5099 et
1135 5062 1359 5100 aversos
1400 5046 1602 5118 puniat
1647 5047 1917 5103 caecitate.
1963 5047 2127 5113 Quid,

444 5129 600 5202 quod
627 5130 798 5184 etiam
832 5130 900 5184 de
929 5129 1067 5200 ipsis
1096 5131 1383 5186 mentibus
1408 5131 1615 5187 nostris
1645 5133 2130 5188 secundumillam

434 5219 775 5290 judicamus,
801 5234 932 5273 cum
958 5218 1026 5273 de
1047 5218 1144 5273 illa
1164 5220 1317 5275 nullo
1341 5222 1508 5276 modo
1531 5221 1785 5292 judicare
1805 5221 2128 5293 possimus?

442 5307 694 5362 Dicimus
731 5307 906 5375 enim,
939 5308 1122 5362 Minus
1153 5308 1421 5378 intelligit
1450 5327 1624 5381 quam
1655 5311 1840 5375 debet,
1873 5315 1972 5366 aut
2001 5317 2128 5366 tan-

440 5399 565 5451 tum
606 5402 886 5469 quantum
914 5397 1080 5453 debet
1122 5396 1411 5469 intelligit.
1452 5400 1696 5454 Tantum
1732 5404 1923 5455 autem
1966 5417 2126 5456 mens

441 5484 609 5540 debet
653 5487 996 5560 intelligere,
1039 5491 1318 5560 quantum
1349 5487 1585 5560 propius
1621 5490 1912 5545 admoveri
1953 5495 2126 5562 atque

438 5571 719 5631 inhaerere
772 5577 1027 5648 potuerit
1075 5576 1528 5634 incommutabili
1575 5578 1822 5636 veritati.
1864 5579 2048 5643 Quare
2077 5579 2122 5634 si

1544 323 1638 379 DE
1678 321 1936 378 LIBEBO
1974 318 2336 387 ARBITRIO,
2378 316 2429 372 ἓ.
2473 313 2856 372 AUGUSTINT

3837 311 3964 363 1260

2256 474 2361 514 nec
2389 457 2644 521 inferior,
2678 471 2783 509 nec
2809 453 3044 525 aequalis
3066 455 3169 518 est,
3195 454 3369 506 restat
3395 455 3462 506 ut
3489 451 3563 507 sit
3591 450 3870 523 superior
3892 457 3963 506 at-

2253 562 2363 616 que
2397 542 2782 600 excellentior.

2253 687 2478 742 CAPUT
2522 685 2661 740 XllI.
2707 713 2777 724 —
2818 683 3143 738 Exhortatio
3189 681 3263 735 ad
3311 682 3628 750 amplexum
3681 683 3962 748 veritatis,

2775 786 2892 840 quae
2919 785 3032 824 una
3061 770 3238 824 beatos
3266 770 3427 835 facit.

2322 900 2408 952 35.
2432 894 2810 950 Promiseram
2826 896 3040 962 autem,
3059 893 3107 946 si
3125 891 3459 962 meministi,
3474 907 3566 946 me
3587 891 3700 946 tibi
3725 891 3962 946 demon-

2251 989 2562 1040 straturum
2581 999 2702 1038 esse
2723 981 2939 1054 aliquid
2961 981 3114 1053 quod
3132 981 3202 1035 sit
3223 984 3413 1034 mente
3442 985 3641 1035 nostra
3663 985 3848 1051 atque
3876 997 3960 1034 ra-

2249 1075 2404 1128 tione
2432 1070 2748 1127 sublimius.
2783 1071 2917 1124 Ecce
2947 1069 3049 1124 tibi
3079 1073 3163 1123 est
3187 1068 3310 1139 ipsa
3328 1068 3534 1122 veritas
3559 1084 3573 1122 :
3603 1060 3960 1138 amplectere

2249 1161 2408 1216 illam
2429 1161 2475 1214 si
2493 1165 2676 1231 potes,
2701 1163 2759 1213 et
2776 1159 2964 1213 fruere
2986 1158 3102 1224 illa,
3128 1161 3185 1212 et
3214 1157 3495 1212 delectare
3516 1156 3576 1210 in
3604 1156 3886 1223 Domino,
3911 1163 3966 1211 et

2250 1250 2406 1304 dabit
2429 1248 2534 1304 tibi
2568 1247 2870 1318 petitiones
2910 1246 3098 1301 cordis
3128 1247 3214 1300 tui
3246 1245 3412 1316 (Psal.
3454 1261 3645 1309 xxxvx,
3691 1246 3769 1315 4).
3815 1244 3962 1308 Quid

2249 1337 2404 1392 enim
2423 1335 2572 1408 petis
2592 1334 2836 1405 amplius
2857 1351 3030 1406 quam
3046 1337 3110 1388 ut
3127 1333 3324 1388 beatus
3345 1333 3460 1388 sis?
3482 1334 3547 1388 Et
3566 1333 3711 1405 quid
3734 1333 3964 1388 beatius

2250 1442 2316 1480 eo
2343 1425 2440 1497 qui
2468 1424 2676 1480 fruitur
2712 1424 3046 1477 inconcussa
3085 1426 3141 1476 et
3167 1421 3629 1476 incommutabili
3671 1428 3732 1476 et
3777 1423 3966 1476 excel-

2247 1514 2563 1570 lentissima
2596 1513 2869 1567 veritate?
2889 1513 2976 1565 An
3004 1526 3138 1564 vero
3168 1511 3418 1565 clamant
3453 1509 3723 1564 homines
3767 1509 3965 1563 beatos

2250 1619 2308 1658 se
2339 1618 2480 1669 esse,
2513 1617 2645 1656 cum
2680 1601 2920 1672 pulchra
2955 1615 3189 1671 corpora
3229 1614 3441 1670 magno
3485 1597 3780 1652 desiderio
3825 1615 3962 1652 con-

2249 1688 2459 1759 cupita,
2503 1687 2618 1742 sive
2659 1688 2991 1760 conjugum,
3039 1687 3152 1741 sive
3191 1686 3365 1741 etiam
3411 1685 3792 1760 meretricum
3841 1701 3964 1739 am-

2248 1757 2577 1847 plexantur;
2610 1779 2666 1830 et
2693 1757 2796 1830 nos
2824 1757 2885 1829 in
2905 1776 3170 1844 amplexu
3193 1774 3444 1828 veritatis
3475 1757 3675 1828 beatos
3699 1789 3831 1828 esse
3862 1774 3965 1827 du-

2248 1862 2536 1917 bitamus?
2573 1863 2833 1918 Clamant
2860 1863 3123 1916 homines
3153 1877 3212 1916 se
3241 1862 3436 1915 beatos
3467 1877 3610 1926 esse,
3647 1877 3790 1915 cum
3822 1864 3966 1914 aestu

2249 1951 2423 2005 aridis
2459 1950 2717 2005 faucibus
2755 1951 2822 2004 ad
2858 1949 3076 2004 fontem
3114 1948 3504 2002 abundantem
3544 1948 3962 2020 salubremque

2250 2039 2609 2112 perveniunt,
2641 2043 2740 2093 aut
2768 2038 3078 2092 esurientes
3116 2036 3424 2108 prandium
3464 2053 3765 2091 cmnamve
3798 2053 3965 2091 orna-

2249 2132 2366 2182 tam
2395 2127 2800 2199 copiosamque
2821 2126 3145 2198 reperiunt;
3178 2130 3235 2180 et
3255 2141 3361 2178 nos
3385 2124 3728 2196 negabimus
3761 2125 3966 2180 beatos

2250 2232 2393 2282 esse,
2423 2232 2555 2270 cum
2582 2214 2892 2286 irrigamur
2931 2214 3332 2286 pascimurque
3375 2214 3613 2268 veritate
3632 2217 3663 2270 ?
3695 2214 3964 2269 Solemus

2250 2304 2447 2358 audire
2469 2321 2634 2358 voces
2664 2303 3036 2357 clamantium
3065 2319 3124 2357 se
3154 2303 3368 2365 beatos,
3406 2302 3454 2355 si
3469 2303 3701 2373 jaceant
3729 2302 3798 2357 in
3822 2302 3966 2356 rosis

2251 2397 2307 2448 et
2335 2393 2462 2446 aliis
2500 2392 2737 2446 ﬂoribus
2772 2390 2815 2458 ί,
2855 2393 2944 2446 vel
2975 2391 3148 2446 etiam
3185 2389 3499 2461 unguentis
3535 2390 3969 2444 odoratissimis

2249 2481 2647 2552 perfruantur:
2678 2479 2818 2551 quid
2836 2480 3201 2550 fragrantius,
3225 2478 3364 2550 quid
3374 2478 3688 2550 jucundius
3716 2478 3968 2550 inspira-

2248 2569 2404 2624 tione
2428 2569 2678 2623 veritatis
2697 2570 2727 2622 ?
2755 2573 2811 2622 et
2834 2568 3162 2622 dubitamus
3192 2584 3298 2621 nos
3320 2582 3450 2620 cum
3482 2567 3553 2620 ab
3584 2565 3684 2620 illa
3715 2565 3970 2638 inspira-

2248 2673 2396 2723 mur,
2442 2657 2627 2711 dicere
2671 2657 2912 2710 beatos?
2964 2656 3125 2711 Multi
3171 2655 3399 2710 beatam
3447 2654 3623 2709 vitam
3676 2654 3738 2708 in
3793 2660 3966 2709 cantu

2247 2761 2451 2800 vocum
2481 2749 2537 2800 et
2564 2760 2872 2800 nervorum
2919 2748 2975 2798 et
3018 2744 3290 2799 tibiarum
3340 2742 3450 2797 sibi
3492 2743 3880 2808 constituunt,
3916 2749 3971 2799 et

2248 2850 2380 2888 cum
2417 2849 2482 2887 ea
2510 2832 2621 2887 sibi
2651 2833 2877 2898 desunt,
2909 2848 2967 2885 se
3001 2833 3240 2886 miseros
3263 2830 3559 2902 judicant;
3598 2847 3734 2886 cum
3766 2836 3970 2886 autem

2249 2923 2475 2988 adsunt,
2509 2921 2826 2976 efferuntur
2859 2920 3092 2976 laetitia:
3126 2925 3182 2974 et
3219 2936 3323 2974 nos
3365 2936 3497 2974 cum
3526 2920 3828 2974 mentibus
3859 2937 3969 2974 no-

2248 3011 2378 3065 stris
2423 3011 2542 3064 sine
2581 3010 2700 3064 ullo
2733 3010 2996 3080 strepitu,
3028 3013 3092 3064 ut
3120 3009 3200 3063 ita
3230 3009 3438 3075 dicam,
3469 3024 3752 3063 canorum
3799 3015 3858 3063 et
3891 3011 3973 3064 fa-

2247 3100 2498 3154 cundum
2533 3099 2821 3170 quoddam
2851 3097 3145 3152 silentium
3178 3085 3427 3151 veritatis
3469 3097 3745 3163 illabitur,
3781 3097 3968 3151 aliam

2247 3189 2472 3243 beatam
2497 3188 2672 3242 vitam
2695 3187 3027 3258 quaerimus,
3050 3190 3105 3240 et
3124 3191 3240 3240 tam
3265 3191 3418 3241 certa
3443 3191 3498 3241 et
3528 3190 3819 3257 praesente
3844 3203 3971 3240 non

2247 3276 2492 3330 fruimur
2508 3277 2538 3330 ?
2561 3275 2705 3330 Luce
2729 3275 2853 3329 auri
2875 3280 2930 3329 et
2947 3273 3189 3347 argenti,
3213 3275 3338 3329 luce
3359 3290 3724 3346 gemmarum
3747 3279 3810 3329 et
3833 3276 3973 3329 alio-

2246 3380 2376 3419 rum
2405 3364 2682 3429 colorum,
2709 3363 2824 3417 sive
2855 3362 3033 3434 ipsius
3053 3362 3192 3416 lucis
3215 3378 3344 3434 quae
3376 3363 3448 3417 ad
3478 3363 3580 3416 hos
3611 3363 3816 3417 oculos
3843 3380 3972 3434 per-

2247 3452 2410 3518 tinet,
2443 3451 2558 3506 sive
2586 3451 2647 3505 in
2687 3451 2915 3522 ignibus
2946 3450 3208 3517 terrenis,
3250 3450 3366 3504 sive
3397 3451 3460 3505 in
3489 3450 3667 3504 stellis
3697 3450 3791 3504 vel
3823 3451 3971 3505 luna

2244 3543 2334 3597 vel
2346 3542 2481 3608 sole,
2501 3541 2757 3596 claritate
2780 3545 2836 3596 et
2851 3541 3209 3612 jucunditate
3232 3540 3496 3596 delectati
3510 3540 3804 3606 homines,
3830 3557 3968 3596 cum

2245 3631 2316 3685 ab
2341 3631 2449 3685 ista
2476 3631 2674 3684 laetitia
2703 3630 2874 3684 nullis
2902 3629 3200 3699 molestiis,
3243 3632 3400 3684 nulla
3429 3629 3755 3700 indigentia
3801 3646 3970 3684 revo-

2245 3724 2466 3786 cantur,
2506 3719 2657 3774 beati
2703 3719 2811 3773 sibi
2856 3719 3145 3788 videntur,
3195 3723 3252 3773 et
3290 3723 3528 3790 propter
3563 3719 3688 3772 haec
3730 3735 3972 3790 semper

2243 3811 2440 3864 volunt
2465 3808 2654 3863 vivere
2681 3825 2693 3862 :
2742 3813 2797 3863 et
2846 3823 2945 3863 nos
2975 3808 3036 3862 in
3065 3809 3192 3863 luce
3224 3809 3479 3864 veritatis
3515 3809 3745 3863 beatam
3779 3810 3968 3863 vitam

2244 3898 2519 3953 collocare
2547 3901 2703 3951 metu
2729 3897 2878 3950 imus
2895 3897 2924 3950 ?

2317 3988 2556 4042 36.1mo
2589 4002 2720 4040 vero
2771 3985 3044 4057 quoniam
3098 3985 3158 4039 in
3204 3985 3443 4039 veritate
3491 3985 3870 4055 cognoscitur
3917 3992 3974 4042 et

2243 4079 2473 4131 tenetur
2499 4091 2793 4130 summum
2814 4075 3053 4140 bonum,
3084 4090 3264 4145 eaque
3291 4073 3500 4129 veritas
3531 4073 3824 4144 sapientia
3852 4083 3965 4143 est,

2243 4179 2542 4218 cernamus
2563 4163 2623 4217 in
2647 4179 2733 4228 ea,
2754 4165 3166 4234 teneamusque
3189 4178 3482 4216 summum
3503 4162 3744 4229 bonum,
3771 4179 3971 4235 eoque

2242 4252 2630 4322 perfruamur.
2689 4251 2891 4305 Beatus
2929 4254 3011 4304 est
3066 4251 3280 4322 quippe
3326 4250 3427 4322 qui
3465 4249 3678 4304 fruitur
3724 4267 3972 4308 summo

2243 4341 2423 4395 bono.
2463 4341 2592 4394 Haec
2631 4339 2787 4394 enim
2832 4339 3038 4394 veritas
3077 4339 3329 4411 ostendit
3368 4338 3563 4393 omnia
3600 4339 3779 4408 bona,
3832 4359 3971 4413 quae

2241 4444 2375 4484 vera
2407 4432 2558 4496 sunt,
2593 4444 2723 4500 qua:
2749 4427 2858 4482 sibi
2881 4444 2987 4498 pro
3013 4443 3116 4482 suo
3147 4431 3318 4498 captu
3340 4427 3738 4498 intelligentes
3769 4429 3976 4484 homi-

2243 4533 2362 4585 nes,
2393 4517 2483 4571 vel
2531 4517 2777 4588 singula,
2812 4517 2898 4571 vel
2928 4517 3093 4588 plura
3129 4517 3372 4588 eligunt,
3405 4515 3617 4587 quibus
3647 4515 3962 4575 fruantur.

2241 4603 2348 4659 Sed
2377 4604 2860 4675 quemadmodum
2889 4602 2974 4657 illi
3003 4603 3103 4674 qui
3131 4603 3192 4657 in
3215 4604 3339 4658 luce
3372 4602 3509 4657 solis
3537 4601 3767 4673 eligunt
3799 4606 3975 4676 quod

2219 4684 2485 4749 ‘libenter
2503 4692 2798 4764 aspiciant,
2821 4696 2876 4746 et
2892 4708 2959 4747 eo
2983 4696 3213 4762 aspectu
3229 4690 3628 4752 laetificantur;
3655 4690 3718 4746 in
3739 4693 3973 4763 quibus

2242 4783 2288 4838 si
2309 4783 2406 4854 qui
2431 4783 2575 4837 forte
2604 4782 2820 4836 fuerint
2837 4781 3221 4853 vegetioribus
3243 4782 3510 4852 sanisque
3535 4784 3591 4834 et
3615 4779 3974 4839 fortissimis

2239 4871 2415 4926 oculis
2445 4871 2694 4943 praediti,
2725 4870 2871 4925 nihil
2891 4869 3161 4924 libentius
3187 4885 3360 4942 quam
3382 4869 3574 4940 ipsum
3599 4869 3793 4924 solem
3825 4888 3977 4928 con-

2237 4964 2493 5026 tuentur,
2526 4960 2625 5032 qui
2675 4959 2846 5013 etiam
2892 4963 3098 5013 caetera
3137 4959 3343 5030 quibus
3394 4957 3746 5012 inﬁrmiores
3800 4963 3976 5018 oculi

2239 5049 2608 5116 delectantur,
2637 5047 2886 5102 illustrat
2912 5064 2925 5102 :
2955 5047 3035 5102 sic
3063 5047 3227 5102 fortis
3253 5047 3400 5101 acies
3425 5045 3638 5100 mentis
3668 5051 3727 5101 et
3751 5056 3976 5120 vegeta

2236 5154 2368 5194 cum
2398 5139 2575 5192 multa
2605 5153 2736 5190 vera
2760 5140 2817 5190 et
2845 5135 3342 5192 incommutabilia
3366 5140 3522 5190 certa
3550 5135 3779 5191 ratione
3813 5155 3971 5194 con-

2237 5228 2499 5298 spexerit,
2550 5225 2746 5296 dirigit
2793 5241 2852 5279 se
2900 5225 2960 5280 in
3000 5225 3184 5296 ipsam
3231 5226 3556 5292 veritatem,
3590 5241 3706 5296 qua
3741 5233 3972 5283 cuncta

2234 5318 2647 5380 monstrantur,
2687 5313 2853 5386 eique
2901 5313 3190 5368 inhaerens
3235 5319 3532 5386 tamquam
3582 5313 3972 5372 obliviscitur

2235 5406 2458 5470 caetera,
2507 5407 2565 5458 et
2602 5401 2668 5458 in
2713 5402 2813 5458 illa
2860 5402 3030 5458 simul
3069 5402 3335 5458 omnibus
3374 5401 3606 5457 fruitur.
3646 5402 3968 5476 Quidquid

2233 5589 2271 5637 L
2273 5526 2391 5646 (:vlp
2403 5526 2543 5638 1335::
2549 5525 2843 5638 .jacﬁmtin
2864 5539 3012 5588 rosa,
3025 5529 3080 5580 et
3097 5525 3221 5578 aliis
3236 5525 3483 5588 ﬂoribus.
3506 5526 3594 5576 Er.
3617 5526 3794 5591 Lugd.
3813 5528 3966 5582 Ven.
