4074 6360
179 321 299 373 1261

175 439 325 495 enim
349 438 669 510 jucundum
696 442 782 494 est
811 439 873 495 in
897 439 1115 495 caeteris
1143 439 1312 508 veris,
1342 440 1467 512 ipsa
1495 439 1696 513 utique
1724 441 1868 496 veri-

174 532 284 584 tate
308 528 626 600 jucundum
661 532 763 582 est.

244 621 330 672 37.
387 619 516 672 Haec
567 622 652 671 est
708 617 940 673 libertas
990 623 1204 685 nostra,
1238 635 1367 673 cum
1419 617 1514 672 isti
1571 617 1868 673 subdimur

177 701 396 757 veritati
443 718 456 756 :
501 705 559 755 et
609 701 729 771 ipse
778 705 862 756 est
910 703 1056 756 Deus
1101 705 1296 755 noster
1334 701 1434 772 qui
1464 717 1564 755 nos
1606 701 1869 755 liberata

178 796 378 858 morte,
426 791 480 844 id
522 794 608 844 est
637 807 669 844 a
697 789 1022 844 conditione
1049 790 1282 861 peccati.
1316 791 1444 861 Ipsa
1471 790 1627 844 enim
1652 790 1870 844 Veritas

180 881 347 935 etiam
388 881 563 934 homo
592 896 722 934 cum
753 879 1084 934 hominibus
1113 881 1371 950 loquens,
1403 879 1484 934 ait
1510 878 1870 934 credentibus

181 969 287 1025 sibi
312 988 324 1025 :
358 971 420 1026 Si
445 971 757 1023 manseritis
776 971 835 1022 in
853 968 1011 1023 verbo
1030 984 1287 1035 meo,t'ere
1306 969 1566 1038 discipuli
1589 970 1694 1022 mei
1721 970 1868 1034 estis,

182 1065 228 1114 et
260 1059 582 1127 cognoscetis
626 1061 926 1120 veritatem,
967 1062 1017 1111 et
1043 1059 1244 1113 veritas
1283 1057 1534 1112 liberabit
1563 1072 1654 1112 vos
1696 1057 1868 1128 (Joan.

183 1166 298 1215 vm,
332 1150 419 1213 3t,
454 1147 567 1215 32).
602 1146 769 1200 Nulla
797 1145 953 1201 enim
984 1162 1047 1200 re
1079 1145 1289 1201 fruitur
1329 1146 1522 1202 anima
1547 1162 1678 1201 cum
1706 1145 1871 1201 liber-

184 1241 316 1306 tate,
349 1235 457 1291 nisi
487 1251 601 1307 qua
624 1234 837 1290 fruitur
865 1251 996 1289 cum
1025 1233 1345 1290 securitate.

251 1364 474 1420 CAPUT
503 1361 634 1416 XIV.
667 1391 736 1400 —
770 1362 983 1416 Veritas
1005 1360 1320 1432 possidetur
1346 1375 1467 1414 cum
1493 1363 1801 1416 securitate.

253 1473 429 1526 Nemo
473 1471 665 1522 autem
715 1482 946 1520 securus
991 1471 1074 1521 est
1119 1465 1177 1519 in
1211 1465 1280 1520 iis
1317 1465 1480 1520 bonis
1529 1482 1658 1536 quas
1685 1468 1876 1535 potest

183 1559 389 1614 invitus
438 1557 719 1612 amittere.
770 1555 1074 1609 Veritatem
1104 1559 1294 1608 autem
1338 1557 1508 1624 atque
1536 1552 1875 1624 sapientiam

183 1665 352 1704 nemo
383 1645 594 1700 amittit
621 1644 835 1698 invitus
865 1664 877 1698 :
913 1659 1030 1697 non
1061 1643 1216 1697 enim
1256 1642 1389 1696 locis
1421 1641 1674 1712 separari
1708 1641 1780 1695 ab
1809 1657 1876 1696 ea

184 1738 486 1809 quisquam
515 1736 732 1804 potest;
765 1732 861 1786 sed
892 1746 956 1785 ea
978 1747 1108 1802 quae
1137 1730 1344 1784 dicitur
1374 1747 1407 1785 a
1438 1729 1672 1784 veritate
1704 1734 1876 1800 atque

185 1824 465 1896 sapientia
500 1820 806 1892 separatio,
853 1835 1121 1890 perversa
1165 1819 1424 1872 voluntas
1455 1823 1556 1886 est,
1589 1834 1701 1889 qua
1731 1817 1876 1871 infe-

184 1915 334 1968 riora
349 1911 685 1981 diliguntur.
722 1910 898 1963 Nemo
927 1911 1118 1961 autem
1149 1907 1271 1960 vult
1300 1905 1517 1976 aliquid
1547 1907 1879 1960 nolens.Ha—

185 2005 384 2058 bemus
441 2000 620 2070 igitur
674 2014 789 2068 qua
844 1996 1105 2050 fruamur
1147 2011 1343 2049 omnes
1372 1994 1671 2065 aaqualiler
1709 1999 1876 2064 atque

188 2088 572 2146 communiter
622 2103 634 2140 :
667 2086 842 2139 nullae
873 2089 1008 2138 sunt
1046 2083 1344 2154 angustias,
1377 2083 1567 2136 nullus
1590 2081 1652 2136 in
1683 2097 1749 2135 ea
1778 2082 1876 2136 de-

189 2181 386 2234 fectus.
420 2177 630 2231 Omnes
659 2178 941 2228 amatores
977 2188 1108 2225 suos
1133 2171 1292 2224 nullo
1322 2170 1490 2224 modo
1519 2170 1626 2224 sibi
1654 2169 1879 2224 invidos

190 2268 412 2338 recipit,
461 2270 515 2320 et
561 2262 829 2318 omnibus
873 2259 1194 2314 communis
1235 2264 1336 2322 est,
1378 2262 1434 2312 et
1462 2258 1700 2328 singulis
1729 2263 1911 2313 casta;

191 2361 291 2411 est.
344 2353 521 2409 Nemo
561 2351 732 2406 alicui
758 2350 938 2404 dicit:
976 2350 1216 2416 Recede,
1267 2353 1330 2402 ut
1371 2347 1541 2402 etiam
1586 2364 1692 2417 ego
1722 2363 1878 2400 acce-

191 2445 357 2510 dam;
431 2455 662 2495 remove
731 2453 956 2503 manus,
1022 2442 1089 2490 ut
1151 2435 1323 2490 etiam
1387 2453 1492 2506 ego
1548 2436 1878 2506 amplectar.

194 2534 404 2588 Omnes
452 2529 749 2590 inhaerent,
797 2526 1046 2597 idipsum
1094 2540 1292 2578 omnes
1340 2529 1587 2594 tangunt
1623 2522 1664 2578 ⁸.
1712 2523 1882 2578 Cibus

192 2622 314 2692 ejus
344 2619 504 2674 nulla
547 2633 616 2671 ex
651 2619 813 2687 parte
870 2613 1246 2685 discerpitur;
1295 2611 1439 2666 nihil
1487 2612 1554 2666 de
1584 2611 1710 2682 ipsa
1734 2609 1884 2664 bibis

193 2710 346 2783 quod
368 2725 472 2780 ego
503 2723 621 2761 non
649 2705 880 2777 possim.
910 2705 1033 2758 Non
1057 2703 1213 2758 enim
1233 2703 1302 2757 ab
1330 2701 1453 2771 ejus
1478 2698 1882 2754 communione

193 2800 254 2854 in
283 2797 570 2870 privatum
596 2800 761 2850 tuum
791 2797 979 2848 mutas
1009 2792 1253 2862 aliquid;
1285 2792 1384 2845 sed
1416 2791 1566 2862 quod
1599 2794 1661 2844 tu
1685 2789 1754 2843 de
1787 2787 1886 2842 illa

192 2888 364 2959 capis,
395 2890 454 2941 et
491 2884 632 2940 mihi
663 2885 857 2938 manet
883 2881 1192 2952 integrum.
1226 2879 1382 2942 Quod
1414 2883 1469 2932 te
1498 2877 1741 2948 inspirat
1769 2892 1885 2930 non

193 2980 453 3048 exspecto
483 2980 549 3028 ut
577 2972 849 3027 reddatur
874 2970 971 3024 abs
1000 2974 1076 3036 te,
1105 2973 1162 3022 et
1181 2967 1260 3022 sic
1288 2984 1392 3038 ego
1412 2966 1659 3037 inspirer
1685 2981 1751 3019 ex
1778 2980 1844 3019 eo
1869 2981 1882 3018 :

191 3083 307 3122 non
337 3065 491 3119 enim
521 3060 740 3133 aliquid
769 3061 892 3131 ejus
921 3058 1231 3129 aliquando
1261 3058 1325 3111 tit
1352 3056 1691 3126 cujusquam
1719 3053 1887 3107 unius

194 3161 294 3212 aut
338 3151 723 3226 quorumdam
764 3148 1088 3220 praprium,
1141 3146 1238 3201 sed
1269 3145 1441 3199 simul
1476 3142 1742 3197 omnibus
1771 3145 1889 3195 tota

195 3249 282 3301 est
309 3239 652 3298 communis.

267 3337 355 3388 38.
382 3331 564 3386 Minus
584 3344 721 3398 ergo
747 3343 813 3381 ea
840 3342 968 3398 quas
992 3322 1397 3395 tangimus,vel
1418 3337 1562 3391 quaz-
1574 3323 1887 3391 gustamus,

195 3420 285 3474 vel
341 3434 471 3490 quin
517 3415 834 3484 olfacimus,
882 3413 1016 3468 huic
1065 3416 1199 3467 sunt
1242 3410 1467 3465 veritati
1514 3408 1742 3475 similia,
1793 3406 1887 3461 sed

196 3506 382 3577 magis
431 3521 498 3559 ea
535 3519 665 3574 quae
704 3501 970 3556 audimus
1017 3505 1074 3554 et
1101 3498 1388 3553 cernimus
1420 3513 1434 3550 :
1477 3496 1612 3568 quia
1641 3499 1698 3550 et
1722 3509 1892 3549 omne

113 3627 115 3630 -
196 3597 438 3652 verbum
468 3612 501 3649 a
530 3593 739 3665 quibus
755 3592 1002 3657 auditur,
1028 3594 1213 3644 totum
1243 3587 1476 3642 auditur
1504 3587 1575 3640 ab
1604 3584 1890 3650 omnibus,

199 3691 258 3741 et
287 3684 458 3739 simul
486 3701 520 3737 a
540 3681 778 3753 singulis
803 3685 1022 3744 totum;
1049 3683 1105 3732 et
1124 3677 1336 3749 species
1357 3675 1544 3730 omnis
1569 3689 1697 3744 qua:
1718 3671 1895 3727 oculis

201 3777 443 3846 adjacet,
474 3777 686 3845 quanta
715 3770 938 3825 videtur
958 3768 1028 3822 ab
1049 3783 1186 3832 uno,
1209 3770 1369 3820 tanta
1394 3769 1450 3818 et
1475 3764 1545 3817 ab
1569 3762 1680 3816 alio
1703 3761 1892 3815 simul.

201 3864 312 3919 Sed
353 3861 601 3916 multum
640 3860 810 3929 longo
849 3855 1144 3910 intervallo
1177 3857 1309 3907 sunt
1337 3852 1447 3906 ista
1483 3850 1694 3904 similia
1739 3865 1752 3902 :
1795 3864 1898 3902 nec

200 3957 324 4010 tota
350 3950 504 4006 enim
533 3949 704 4003 simul
733 3950 897 4001 sonat
925 3944 1195 4016 quaelibet
1214 3959 1341 4008 vox,
1365 3941 1501 4012 quia
1519 3956 1622 4012 per
1640 3945 1902 4009 tempora

201 4041 462 4097 tenditur
489 4043 547 4093 et
573 4035 923 4109 producitur,
959 4038 1016 4087 et
1043 4033 1196 4088 aliud
1216 4033 1340 4103 ejus
1368 4030 1527 4100 prius
1556 4025 1900 4096 sonat,aliud

204 4128 525 4204 posterius;
559 4131 615 4181 et
641 4125 856 4197 species
887 4123 1074 4178 omnis
1103 4120 1340 4176 visibilis
1363 4124 1640 4189 tauquam
1659 4118 1902 4171 intume-

204 4203 312 4274 scit
349 4233 452 4288 per
503 4217 680 4281 locos,
722 4229 827 4268 nec
855 4211 1068 4282 ubique
1110 4214 1231 4264 tota
1271 4211 1372 4263 est.
1421 4209 1486 4261 Et
1526 4210 1677 4260 certe
1709 4203 1904 4258 omnia

205 4309 334 4363 haec
362 4304 700 4360 auferuntur
719 4300 918 4367 invito,
943 4304 1000 4353 et
1019 4296 1327 4369 quominus
1355 4294 1436 4350 eis
1455 4293 1569 4349 frui
1593 4293 1900 4364 possimus,

207 4395 554 4468 quibusdam
574 4391 926 4462 impedimur
941 4387 1236 4458 angustiis.
1263 4386 1405 4440 Nam
1426 4389 1483 4438 et
1500 4383 1548 4438 si
1575 4386 1767 4454 posset
1782 4397 1904 4436 esse

207 4485 554 4556 cujusquam
579 4480 765 4536 suavis
794 4483 993 4534 cantus
1022 4474 1487 4546 sempiternus,et
1514 4471 1754 4526 studiosi
1783 4471 1908 4542 ejus

209 4573 474 4630 certatim
494 4572 565 4626 ad
586 4587 716 4626 eum
743 4567 1096 4624 audiendum
1110 4563 1746 4630 venirent,coarctarent
1764 4576 1904 4626 sese,

212 4668 390 4735 atque
419 4664 746 4733 pugnarent
788 4659 857 4713 de
896 4655 1056 4722 locis,
1107 4657 1322 4724 quanto
1364 4651 1558 4722 plures
1603 4653 1812 4716 essent,
1843 4651 1910 4704 ut

209 4751 468 4810 cantanti
498 4754 643 4804 esset
661 4747 901 4820 quisque
928 4741 1394 4816 propinquior,et
1421 4738 1481 4792 in
1510 4737 1795 4793 audiendo
1818 4737 1908 4791 ni-

214 4842 300 4897 hil
331 4843 595 4896 tenerent
637 4852 871 4892 manere
901 4849 1112 4897 secum,
1145 4829 1240 4884 sed
1270 4827 1537 4883 omnibus
1565 4827 1796 4881 vocibus
1819 4826 1908 4880 fu-

214 4929 508 5003 gientibus
554 4929 944 4997 tangerentur.
989 4921 1177 4977 Solem
1207 4922 1400 4973 autem
1429 4915 1598 4970 istum
1632 4915 1678 4969 si
1705 4915 1910 4970 vellem

209 5017 450 5085 intueri,
497 5019 666 5087 atque
715 5014 773 5068 id
821 5010 1190 5084 pertinaciter
1234 5021 1489 5079 possem;
1536 5003 1681 5058 etin
1710 5019 1914 5058 occasu

217 5124 320 5164 me
352 5107 659 5171 desereret,
710 5107 766 5158 et
815 5101 1208 5155 subvelaretur
1235 5095 1453 5162 nubilo,
1481 5097 1537 5148 et
1565 5093 1760 5147 multis
1788 5092 1912 5147 aliis

158 5254 160 5256 .
212 5195 528 5253 obstaculis
543 5193 890 5263 voluptatem
927 5187 1155 5242 videndi
1176 5202 1308 5242 eum
1332 5183 1541 5240 invitus
1566 5181 1910 5254 amitterem].

209 5289 511 5343 Postremo
561 5283 733 5338 etiam
786 5281 832 5334 si
881 5278 1102 5333 adesset
1141 5291 1366 5347 semper
1395 5271 1657 5340 suavitas,
1689 5274 1746 5325 et
1771 5269 1913 5325 lucis

215 5375 462 5442 videnti,
496 5376 552 5428 et
577 5371 732 5427 vocis
752 5366 1028 5432 audienti,
1051 5365 1186 5437 quid
1205 5379 1476 5434 magnum
1507 5361 1578 5416 ad
1607 5376 1700 5415 me
1725 5375 1917 5431 perve-

211 5465 397 5532 niret,
419 5478 550 5518 cum
580 5459 723 5515 mihi
764 5461 911 5514 esset
936 5469 1242 5510 commune
1267 5467 1398 5507 cum
1429 5448 1672 5506 belluis?
1699 5449 1773 5504 At
1819 5447 1918 5503 illa

291 5599 305 5628 ι
341 5595 499 5656 Editi,
525 5597 700 5660 ipsam
724 5602 904 5644 omnes
931 5589 1170 5652 tangunt.
1201 5585 1268 5637 At
1291 5585 1437 5644 Mss,
1466 5581 1710 5648 idipsum.

1580 317 1794 375 LIBER
1843 315 2229 374 SECUNDUS.

3471 355 3478 362 -
3531 323 3670 375 1262

1977 439 2231 496 veritatis
2275 445 2332 495 et
2380 441 2676 512 sapientiae
2704 439 3090 511 pulchritudo,
3115 443 3340 496 tantum
3366 443 3511 498 adsit
3538 459 3669 514 per-

1977 545 2239 584 severans
2258 530 2516 584 voluntas
2537 530 2785 597 fruendi,
2802 546 2908 584 nec
2928 529 3294 584 multitudine
3315 531 3670 586 audientium

1977 617 2298 688 constipata
2324 619 2564 672 secludit
2591 619 2902 686 venientes,
2937 635 3041 672 nec
3068 619 3365 688 peragitur
3391 624 3673 690 tempore,

1977 723 2081 762 nec
2113 707 2323 778 migrat
2349 707 2506 772 locis,
2560 723 2663 761 nec
2705 711 2871 762 nocte
2910 707 3293 778 intercipitur,
3336 723 3442 762 nec
3469 709 3674 762 umbra

1977 793 2402 862 intercluditur,
2437 809 2542 846 nec
2579 794 2840 848 sensibus
2863 795 3117 864 corporis
3140 793 3412 864 subjacet.
3447 795 3526 848 De
3555 798 3672 849 toto

1978 882 2196 936 mundo
2237 881 2308 936 ad
2350 897 2409 935 se
2456 881 2740 934 conversis
2782 881 2883 952 qui
2923 882 3174 953 diligunt
3214 898 3361 950 eam,
3405 883 3673 938 omnibus

1977 971 2242 1042 proxima
2298 974 2404 1039 est,
2460 968 2726 1024 omnibus
2770 970 3146 1040 sempiterna;
3189 972 3347 1026 nullo
3383 972 3508 1026 loco
3565 975 3670 1039 est,

1978 1075 2267 1132 nusquam
2298 1059 2485 1126 deest;
2516 1057 2654 1112 foris
2675 1057 2967 1126 admonet,
2987 1057 3141 1112 intus
3162 1059 3356 1128 docet;
3376 1064 3674 1116 cernentes

1981 1165 2040 1203 se
2083 1151 2397 1203 commutat
2440 1163 2638 1202 omnes
2677 1146 2738 1200 in
2786 1145 3013 1212 melius,
3061 1163 3095 1200 a
3139 1149 3297 1202 nullo
3326 1149 3388 1203 in
3424 1149 3676 1204 deterius

1981 1241 2408 1304 commutatur;
2448 1235 2640 1290 nullus
2690 1235 2759 1289 de
2801 1234 2900 1288 illa
2924 1234 3163 1304 judicat,
3202 1237 3396 1291 nullus
3425 1237 3546 1291 sine
3576 1237 3678 1292 illa

1973 1326 2192 1398 judicat
2221 1325 2384 1380 bene.
2422 1325 2502 1379 Ac
2529 1330 2634 1395 p‘er
2661 1324 2769 1378 hoc
2807 1339 2936 1378 eam
2965 1322 3332 1378 manifestum
3357 1329 3440 1378 est
3467 1325 3674 1380 menti-

1981 1413 2088 1469 bus
2117 1413 2346 1478 nostris,
2379 1430 2507 1485 qua:
2535 1413 2606 1467 ab
2637 1411 2762 1483 ipsa
2781 1428 2894 1466 una
2925 1412 3074 1466 ﬁunt
3101 1412 3341 1483 singulm
3369 1415 3673 1485 sapientes,

1983 1506 2042 1557 et
2066 1517 2183 1556 non
2203 1502 2272 1556 de
2301 1501 2444 1573 ipsa,
2478 1501 2573 1555 sed
2611 1516 2714 1572 per
2740 1500 2924 1572 ipsam
2954 1500 3024 1555 de
3049 1501 3266 1556 caateris
3289 1502 3531 1572 judices,
3555 1502 3677 1557 sine

1985 1590 2339 1646 dubitatione
2369 1606 2490 1644 esse
2521 1588 2825 1661 potiorem.

1985 1679 2208 1734 CAPUT
2241 1679 2353 1733 XV.
2383 1707 2452 1719 -—
2471 1680 2635 1732 Deum
2663 1692 2773 1731 esse
2797 1693 2863 1730 ea:
2882 1679 3090 1731 ratione
3109 1678 3233 1744 fuse
3261 1679 3535 1748 explicata
3557 1680 3679 1750 jam

2579 1771 2720 1820 certo
2740 1769 3094 1834 cognoscitur.

2058 1859 2152 1911 39.
2207 1856 2290 1909 Tu
2343 1859 2534 1910 autem
2564 1870 2940 1921 concesseras,
2981 1855 3029 1908 si
3071 1855 3209 1926 quid
3248 1871 3417 1925 supra
3456 1861 3680 1911 mentes

1985 1949 2210 2000 nostras
2237 1960 2358 1998 esse
2388 1947 2792 2011 monstrarem,
2816 1944 2997 1997 Deum
3026 1948 3083 1996 te
3113 1959 3234 1998 esse
3261 1944 3676 2012 confessurum,

1987 2033 2035 2086 si
2049 2033 2234 2087 adhuc
2256 2032 2393 2086 nihil
2417 2035 2563 2086 esset
2575 2030 2854 2102 superius.
2879 2030 3062 2095 Quam
3081 2034 3234 2085 tuam
3258 2033 3679 2087 concessionem

1989 2121 2270 2192 accipiens
2313 2120 2568 2174 dixeram
2609 2119 2742 2174 satis
2773 2135 2916 2188 esse,
2957 2123 3018 2173 ut
3056 2120 3164 2174 hoc
3207 2120 3679 2176 demonstrarem.

1988 2211 2046 2266 Si
2072 2210 2226 2264 enim
2253 2208 2470 2280 aliquid
2499 2213 2583 2262 est
2612 2207 2997 2274 excellentius,
3028 2208 3123 2262 ille
3152 2209 3341 2279 potius
3370 2211 3521 2264 Deus
3548 2215 3634 2265 est
3665 2227 3678 2264 :

1990 2299 2037 2353 si
2067 2304 2260 2353 autem
2289 2315 2408 2352 non
2439 2302 2544 2364 est,
2566 2298 2687 2368 jam
2715 2297 2838 2368 ipsa
2866 2297 3072 2352 veritas
3092 2299 3239 2352 Deus
3259 2303 3364 2354 est.
3399 2299 3526 2354 Sive
3544 2315 3682 2370 ergo

1991 2387 2134 2442 illud
2164 2388 2256 2454 sit,
2288 2387 2403 2440 sive
2433 2403 2550 2440 non
2595 2386 2688 2454 sit,
2722 2387 2900 2440 Deum
2928 2389 3121 2440 tamen
3153 2403 3296 2453 esse,
3327 2402 3538 2458 negare
3568 2404 3685 2442 non

1991 2476 2205 2548 poteris
2229 2493 2242 2530 :
2265 2492 2394 2547 quae
2416 2474 2581 2529 nobis
2606 2478 2728 2528 erat
2746 2474 2816 2528 ad
2836 2473 3231 2529 disserendum
3253 2479 3310 2530 et
3325 2477 3685 2531 tractandum

1994 2565 2233 2636 qumstio
2281 2563 2607 2618 constituta.
2658 2563 2799 2616 Nam
2842 2562 2888 2615 si
2919 2568 2972 2616 te
3001 2563 3108 2617 hoc
3138 2568 3327 2618 movet
3352 2565 3504 2636 quod
3533 2565 3688 2636 apud

1993 2656 2410 2707 sacrosanctam
2439 2649 2798 2720 disciplinam
2821 2649 3028 2705 Christi
3058 2651 3118 2704 in
3147 2651 3320 2706 ﬁdem
3345 2652 3686 2722 recepimus,

1995 2758 2115 2795 esse
2158 2743 2382 2794 Patrem
2429 2739 2764 2809 Sapientias;
2816 2743 3106 2793 memento
3155 2755 3261 2794 nos
3290 2741 3464 2795 etiam
3493 2741 3690 2795 hocin

1995 2829 2169 2883 ﬁdem
2201 2825 2502 2897 accepisse,
2541 2825 2692 2897 quod
2735 2830 2950 2880 aeterno
2995 2827 3146 2880 Patri
3189 2827 3258 2882 sit
3297 2828 3532 2898 tequalis
3561 2845 3690 2900 quas

1995 2918 2065 2972 ab
2110 2917 2232 2987 ipso
2273 2913 2464 2986 genita
2514 2919 2598 2968 est
2636 2913 2950 2984 Sapientia.
2991 2915 3147 2969 Unde
3176 2931 3328 2970 nunc
3357 2916 3502 2970 nihil
3532 2933 3690 2987 quae-

1996 3004 2236 3058 rendum
2295 3006 2400 3071 est,
2454 3002 2551 3056 sed
2599 3001 2937 3054 inconcussa
2996 3001 3107 3056 ﬁde
3156 3001 3542 3057 retinendum.
3603 3005 3696 3056 Est

1997 3093 2153 3148 enim
2185 3093 2354 3158 Deus,
2389 3094 2444 3145 et
2467 3105 2598 3144 vere
2626 3104 2964 3160 summeque
2996 3094 3099 3144 est.
3133 3089 3295 3154 Quod
3316 3091 3439 3161 jam
3468 3106 3585 3145 non
3615 3107 3695 3145 so-

1998 3182 2116 3236 lum
2146 3179 2554 3249 indubitatum,
2585 3183 2867 3250 quantum
2897 3179 3166 3242 arbitror,
3197 3178 3312 3234 ﬁde
3355 3179 3691 3246 retinemus,

1998 3270 2095 3325 sed
2151 3269 2324 3323 etiam
2373 3272 2540 3329 certa,
2589 3266 2850 3338 quamvis
2891 3267 3076 3321 adhuc
3117 3267 3472 3335 tenuissima,
3512 3269 3695 3323 forma

1999 3357 2342 3429 cognitionis
2363 3355 2728 3426 attingimus;
2750 3355 2905 3426 quod
2929 3355 3232 3426 qumstioni
3272 3360 3546 3428 suscepta:
3577 3357 3696 3411 suf-

2001 3445 2140 3511 ﬁcit,
2180 3449 2245 3500 ut
2272 3449 2477 3500 ctetera
2505 3461 2634 3515 qua:
2666 3445 2736 3498 ad
2760 3461 2882 3498 rem
2913 3445 3220 3516 pertinent,
3253 3445 3532 3516 explicare
3561 3462 3695 3516 pos-

2003 3535 2182 3589 simus
2231 3551 2246 3588 :
2293 3533 2401 3588 nisi
2430 3532 2570 3605 quid
2597 3533 2772 3588 habes
2800 3534 3068 3588 adversus
3097 3533 3204 3588 ista
3231 3535 3386 3605 quod
3415 3550 3693 3605 oppones.

2001 3625 2079 3679 E.
2113 3626 2229 3694 Ego
2261 3639 2392 3676 vero
2438 3621 2756 3676 incredibili
2789 3621 3045 3682 omnino,
3077 3626 3132 3675 et
3174 3637 3348 3692 quam
3376 3622 3480 3676 tibi
3511 3623 3696 3677 verbis

2005 3711 2288 3782 explicare
2328 3727 2443 3765 non
2485 3726 2737 3781 possum,
2789 3709 2986 3764 laetitia
3013 3709 3276 3780 perfusus
3322 3710 3536 3780 accipio
3565 3710 3729 3784 ista,

2006 3805 2059 3855 et
2081 3801 2265 3854 clamo
2293 3815 2414 3853 esse
2444 3798 2775 3853 certissima.
2803 3799 2995 3853 Clamo
3017 3802 3207 3852 autem
3236 3814 3371 3852 voce
3400 3799 3696 3867 interiore,

2006 3905 2122 3960 qua
2149 3887 2405 3942 exaudiri
2435 3887 2602 3958 cupio
2634 3887 2704 3940 ab
2733 3887 2856 3956 ipsa
2884 3886 3138 3953 veritate,
3170 3890 3228 3940 et
3254 3885 3340 3939 illi
3367 3885 3648 3940 inhaerere
3683 3902 3696 3940 ε

2007 3977 2160 4050 quod
2188 3993 2306 4031 non
2329 3976 2516 4030 solum
2545 3975 2782 4042 bonum,
2815 3975 2914 4029 sed
2939 3973 3111 4028 etiam
3140 3990 3431 4029 summum
3456 3975 3698 4042 bonum,

2009 4071 2065 4121 et
2089 4065 2415 4121 beatiﬁcum
2435 4080 2556 4120 esse
2583 4064 2853 4118 concedo.

2079 4157 2168 4210 40.
2224 4156 2304 4209 Α.
2365 4155 2538 4208 Recte
2593 4168 2758 4221 sane;
2818 4151 2992 4206 etiam
3043 4167 3150 4223 ego
3196 4151 3514 4222 plurimum
3565 4167 3702 4222 gau-

2011 4245 2138 4300 deo.
2209 4243 2338 4308 Sed,
2405 4257 2599 4313 quaaso
2664 4245 2742 4304 te,
2802 4239 3087 4312 numquid
3128 4241 3249 4311 jam
3305 4241 3590 4312 sapientes
3648 4245 3705 4296 et

2011 4332 2165 4388 beati
2194 4333 2428 4386 sumus?
2456 4347 2531 4385 an
2555 4329 2740 4385 adhuc
2774 4329 3062 4384 tendimus
3091 4345 3179 4397 eo,
3210 4332 3274 4384 ut
3301 4328 3362 4384 id
3390 4330 3557 4384 nobis
3585 4346 3706 4385 esse

2011 4418 2347 4490 proveniat?
2397 4419 2474 4474 E.
2534 4419 2611 4473 Eo
2665 4434 2770 4472 nos
2807 4417 3000 4489 potius
3036 4417 3272 4472 tendere
3316 4416 3597 4472 existimo.
3628 4419 3705 4473 A.

2017 4507 2176 4563 Unde
2207 4523 2344 4578 ergo
2375 4506 2483 4561 ista
2505 4505 2964 4578 comprehendis.
2997 4506 3205 4578 quibus
3227 4505 3373 4561 veris
3424 4507 3710 4576 certisque

2017 4595 2264 4666 gaudere
2309 4599 2366 4649 te
2414 4595 2642 4661 clamas,
2687 4598 2745 4648 et
2788 4594 2897 4648 hoc
2944 4594 3015 4648 ad
3055 4592 3390 4664 sapientiam
3417 4593 3710 4664 pertinere

2017 4681 2321 4739 concedis?
2351 4699 2425 4737 an
2455 4682 2761 4754 quisquam
2789 4680 3065 4752 insipiens
3083 4685 3275 4752 potest
3298 4697 3466 4736 nosse
3492 4681 3713 4753 sapien-

2015 4771 2196 4826 tiam?
2228 4771 2303 4825 E.
2336 4769 2624 4834 Quamdiu
2668 4769 2945 4839 insipiens
2974 4772 3074 4833 est,
3107 4785 3224 4823 non
3266 4773 3483 4840 potest.
3508 4771 3584 4826 A.
3626 4771 3710 4824 Tu

2019 4875 2158 4929 ergo
2193 4859 2316 4929 jam
2356 4856 2581 4928 sapiens
2620 4873 2700 4924 es,
2751 4861 2850 4910 aut
2883 4856 3144 4911 nondum
3171 4856 3321 4911 nosti
3349 4855 3710 4928 sapientiam.

2018 4947 2097 5003 E.
2132 4947 2255 5001 Non
2285 4961 2412 5000 sum
2441 4944 2674 5016 quidem
2705 4944 2890 5000 adhuc
2916 4945 3162 5015 sapiens,
3194 4945 3295 5000 sed
3323 4961 3428 4999 nec
3446 4943 3715 5015 insipien-

2022 5040 2142 5091 tem
2189 5051 2281 5088 me
2311 5033 2574 5103 dixerim,
2606 5033 2666 5087 in
2697 5037 2979 5104 quantum
3009 5033 3143 5088 novi
3167 5033 3534 5105 sapientiam;
3568 5047 3714 5102 quo-

2023 5123 2181 5178 niam
2231 5127 2288 5177 et
2329 5125 2482 5178 certa
2528 5127 2660 5176 sunt
2687 5122 2794 5176 ista
2835 5138 2964 5193 quae
2995 5122 3147 5190 novi,
3179 5127 3236 5176 et
3277 5122 3350 5176 ad
3379 5119 3716 5192 sapientiam

2021 5212 2336 5285 pertinere,
2388 5227 2600 5282 negare
2646 5227 2766 5266 non
2810 5227 3065 5282 possum.
3111 5212 3182 5267 A.
3234 5210 3348 5272 Dic,
3394 5225 3587 5279 quaaso
3639 5212 3715 5276 te,

2025 5317 2220 5357 nonne
2277 5300 2546 5355 fateberis
2585 5315 2732 5354 eum
2777 5300 2879 5371 qui
2924 5315 3044 5354 non
3091 5302 3174 5352 est
3203 5297 3410 5368 justus,
3440 5295 3721 5367 injustum

2027 5406 2182 5457 esse;
2215 5394 2270 5445 et
2295 5388 2396 5460 qui
2426 5405 2543 5443 non
2586 5393 2672 5444 est
2707 5388 2978 5460 prudens,
3024 5384 3446 5456 imprudentem
3485 5399 3633 5449 esse;
3667 5386 3725 5437 et

2028 5479 2132 5552 qui
2163 5495 2282 5534 non
2326 5483 2412 5534 est
2453 5482 2798 5550 temperans,
2831 5473 3348 5544 intemperantem?
3377 5487 3452 5526 an
3477 5470 3728 5526 dubitari

2032 5570 2104 5626 de
2149 5569 2241 5626 his
2285 5567 2506 5640 aliquid
2535 5569 2760 5639 potest?
2800 5566 2876 5621 E.
2919 5565 3119 5619 Fateor
3148 5561 3466 5632 hominem,
3499 5561 3728 5633 quando
