4074 6368
387 333 520 390 1263

375 456 566 526 justus
595 467 713 506 non
734 453 840 518 est,
872 449 1151 521 injustum
1178 464 1329 507 esse;
1357 448 1466 502 hoc
1490 447 1663 502 etiam
1692 447 1760 501 de
1789 445 2071 516 prudente

383 548 442 598 et
476 542 832 612 temperante
879 537 1291 608 responderim.
1333 537 1406 591 A.
1453 537 1564 592 Cur
1593 551 1728 606 ergo
1760 539 1815 588 et
1843 533 2072 606 quando

382 630 610 700 sapiens
656 645 772 682 non
817 631 922 696 est,
975 642 1092 680 non
1127 625 1199 680 sit
1239 624 1553 695 insipiens?
1580 625 1654 678 E.
1692 625 1802 677 Hoc
1844 637 2072 694 quoque

381 720 582 784 fateor,
635 716 862 787 quando
908 713 1149 786 quisque
1196 713 1421 784 sapiens
1468 728 1584 766 non
1631 715 1735 778 est,
1790 726 1917 765 eum
1953 725 2074 764 esse

381 807 767 876 insipientem.
827 805 897 858 A.
943 804 1101 857 Nunc
1143 817 1280 872 ergo
1331 806 1394 855 tu
1451 799 1590 872 quid
1634 800 1843 854 horum
1873 800 1968 853 es?
1996 800 2070 853 E.

383 894 694 960 Quodlibet
744 892 951 947 horum
999 907 1092 944 me
1142 889 1409 960 appelles,
1461 887 1721 942 nondum
1751 887 1933 942 audeo
1982 902 2075 940 me

381 983 568 1037 dicere
607 979 952 1052 sapientem;
997 983 1054 1033 et
1092 993 1158 1031 ex
1200 976 1271 1030 iis
1302 992 1430 1047 qua
1459 975 1730 1045 concessi,
1761 975 1924 1029 video
1954 990 2074 1029 esse

380 1085 734 1140 consequens
767 1073 833 1122 ut
878 1083 969 1122 me
1017 1064 1384 1136 insipientem
1414 1080 1534 1118 non
1561 1063 1818 1118 dubitem
1866 1063 2071 1118 dicere.

383 1161 455 1214 Α.
509 1158 674 1212 Novit
703 1172 839 1226 ergo
870 1153 1148 1224 insipiens
1178 1153 1537 1223 sapientiam.
1569 1153 1691 1206 Non
1725 1151 1901 1218 enim,
1933 1151 2078 1205 sicut

376 1249 501 1318 jam
530 1246 744 1301 dictum
788 1248 891 1310 est,
925 1247 1110 1296 certus
1152 1247 1298 1296 esset
1325 1241 1467 1295 velle
1497 1257 1556 1294 se
1587 1257 1706 1294 esse
1736 1241 2075 1311 sapientem,

382 1337 558 1406 idque
589 1337 872 1405 oportere,
905 1331 1016 1386 nisi
1041 1330 1197 1384 notio
1224 1329 1515 1400 sapientia
1546 1329 1723 1383 menti
1753 1329 1875 1400 ejus
1903 1329 2078 1383 inha-

382 1427 553 1489 reret,
586 1421 730 1475 sicut
753 1435 950 1474 earum
985 1435 1177 1472 rerum
1207 1418 1277 1472 de
1306 1419 1508 1490 quibus
1543 1417 1874 1488 singillatim
1899 1417 2076 1472 inter-

385 1515 615 1582 rogatus
645 1507 1006 1579 respondisti,
1049 1523 1178 1578 qua
1221 1507 1293 1561 ad
1322 1507 1506 1577 ipsam
1527 1506 1868 1576 sapientiam
1896 1506 2079 1577 perti-

385 1603 793 1669 nent,quarum
823 1595 1150 1666 cognitione
1178 1596 1401 1650 latatus
1430 1612 1508 1649 es.
1539 1596 1707 1650 E.Ita
1733 1599 1817 1649 est
1833 1599 1897 1648 ut
1916 1595 2072 1650 dicis.

387 1688 610 1743 CAPUT
654 1686 785 1739 XVI.
835 1714 903 1724 —
955 1685 1238 1753 Sapientia
1265 1685 1522 1738 studiosis
1550 1686 1638 1737 sui
1665 1683 2078 1752 inquisitoribus

455 1790 566 1830 sese
591 1777 648 1827 in
685 1775 778 1827 eia
810 1772 1061 1838 ostendit,
1095 1774 1333 1827 numeris
1361 1772 1609 1827 videlicet
1647 1774 1838 1842 cuique
1866 1774 1948 1826 rei
1972 1773 2076 1825 im-

449 1865 677 1934 pressis.

455 1956 544 2006 41.
575 1953 645 2006 A.
681 1949 824 2014 Quid
846 1947 1024 2019 igitur
1051 1948 1205 2002 aliud
1228 1949 1450 2019 agimus
1479 1965 1610 2004 cum
1635 1949 1930 2004 studemus
1959 1964 2079 2003 esse

385 2042 692 2112 sapientes,
722 2038 834 2092 nisi
870 2043 935 2092 ut
979 2041 1194 2108 quanta
1225 2054 1529 2108 possumus
1559 2038 1869 2101 alacritate,
1919 2037 1989 2092 ad
2019 2037 2079 2091 id

385 2129 540 2202 quod
597 2132 786 2182 mente
825 2125 1230 2197 contingimus,
1290 2131 1469 2181 totam
1520 2127 1772 2181 animam
1825 2131 2079 2180 nostram

387 2216 812 2290 quodammodo
844 2214 1198 2285 colligamus,
1233 2219 1288 2269 et
1315 2231 1596 2285 ponamus
1628 2215 1728 2284 ibi,
1762 2219 1931 2286 atque
1961 2220 2078 2268 sta-

386 2308 578 2363 biliter
616 2305 952 2376 inligamus;
1003 2307 1066 2357 ut
1102 2319 1219 2358 non
1255 2304 1378 2375 jam
1417 2305 1639 2375 privato
1684 2320 1786 2358 suo
1836 2303 2081 2374 gaudeat

387 2396 540 2467 quod
560 2393 871 2465 implicavit
899 2392 1070 2447 rebus
1098 2393 1548 2456 transeuntibus,
1570 2392 1670 2446 sed
1700 2396 1869 2446 exuta
1898 2391 2081 2445 omni-

386 2485 493 2539 bus
522 2488 850 2554 temporum
895 2485 953 2534 et
989 2481 1242 2534 locorum
1274 2480 1664 2534 affectionibus
1691 2479 2082 2550 apprehendat

388 2569 622 2641 id'quod
646 2586 826 2624 unum
850 2572 1019 2640 atque
1040 2568 1194 2623 idem
1223 2585 1450 2638 semper
1469 2569 1592 2622 est?
1609 2567 1763 2622 Sicut
1788 2566 1942 2621 enim
1963 2571 2081 2621 tota

387 2661 506 2714 vita
544 2657 797 2729 corporis
845 2662 932 2712 est
967 2656 1180 2718 anima,
1231 2656 1310 2710 sic
1347 2657 1510 2710 beata
1536 2655 1652 2708 vita
1695 2654 1902 2709 anima
1931 2655 2081 2708 Deus

363 2747 491 2803 'est;
523 2747 685 2811 Quod
713 2746 852 2800 dum
883 2745 1130 2816 agimus,
1162 2745 1341 2799 donec
1374 2759 1737 2814 peragamus,
1777 2742 1840 2797 in
1866 2743 1957 2797 via
1982 2761 2079 2796 su-

386 2851 534 2890 mus.
569 2837 634 2888 Et
660 2834 809 2905 quod
859 2832 981 2887 istis
1009 2831 1154 2887 veris
1194 2836 1250 2885 et
1279 2832 1446 2886 certis
1476 2831 1658 2898 bonis,
1692 2832 1950 2902 quamvis
1980 2832 2079 2886 ad-

386 2926 497 2979 huc
526 2925 586 2978 in
615 2925 722 2978 hoc
749 2921 1050 2977 tenebroso
1098 2919 1302 2973 itinere
1351 2920 1797 2989 coruscantibus,
1829 2921 2078 2991 gaudere

385 3028 717 3068 concessum
763 3015 866 3080 est,
894 3010 1021 3064 vide
1050 3012 1246 3064 utrum
1273 3008 1383 3063 hoc
1415 3008 1489 3062 sit
1518 3009 1670 3080 quod
1690 3009 1966 3080 scriptum
1995 3015 2080 3066 est

383 3103 452 3156 de
478 3101 775 3172 sapientia,
819 3098 956 3170 quid
1006 3101 1136 3168 agat
1165 3113 1294 3151 cum
1326 3098 1674 3152 amatoribus
1704 3098 1818 3152 suis
1848 3115 1980 3152 cum
2008 3099 2078 3154 ad

386 3207 513 3245 eam
560 3188 819 3256 veniunt,
857 3191 916 3241 et
957 3202 1084 3239 eam
1111 3190 1378 3256 quarunt
1411 3203 1423 3240 :
1457 3186 1668 3241 dictum
1701 3191 1784 3242 est
1811 3187 1986 3255 enim,
2015 3190 2078 3242 1n

382 3281 488 3332 uiis
518 3276 754 3332 ostendet
782 3291 837 3329 se
863 3275 977 3328 illis
1008 3275 1276 3340 hilariter,
1302 3281 1351 3328 et
1377 3277 1522 3329 omni
1540 3275 1885 3344 providentia
1906 3292 2081 3330 occur-

387 3372 470 3421 ret
490 3367 603 3420 illis
626 3365 775 3435 (Sap.
805 3380 880 3430 vr,
912 3363 1014 3432 l7).
1043 3362 1283 3434 Quoquo
1309 3363 1464 3417 enim
1482 3367 1538 3418 te
1557 3364 2077 3435 verteris,vestigiis

379 3441 746 3527 quibusdam,
793 3467 921 3522 qua
967 3451 1234 3520 operibus
1282 3451 1398 3506 suis
1455 3452 1764 3522 impressit,
1822 3453 2079 3524 loquitur

380 3541 504 3607 tibi,
553 3544 609 3595 et
656 3544 712 3594 te
749 3539 811 3592 in
842 3538 1121 3592 exteriora
1150 3539 1521 3605 relabentem,
1553 3539 1691 3609 ipsis
1721 3539 2072 3596 exteriorum

381 3629 579 3685 formis
627 3627 778 3682 intro
808 3631 1060 3693 revocat;
1092 3631 1157 3681 ut
1188 3627 1470 3698 quidquid
1497 3631 1554 3682 te
1579 3628 1826 3682 delectat
1853 3627 1913 3683 in
1947 3646 2072 3684 cor-

380 3735 543 3792 pore,
576 3722 631 3772 et
657 3734 761 3788 per
806 3732 1104 3787 corporeos
1136 3715 1301 3770 illicit
1337 3732 1556 3786 sensus,
1597 3717 1787 3771 videas
1817 3733 1936 3772 esse
1966 3736 2073 3774 nu-

380 3822 693 3873 merosum,
741 3810 796 3860 et
839 3821 1062 3876 quaras
1090 3805 1241 3860 unde
1273 3806 1362 3872 sit,
1397 3809 1453 3859 et
1480 3806 1540 3859 in
1574 3806 1823 3876 teipsum
1851 3808 2070 3872 redeas,

379 3904 552 3970 atque
576 3897 859 3968 intelligas
889 3900 944 3950 te
969 3894 1026 3950 id
1064 3895 1217 3966 quod
1244 3894 1476 3966 attingis
1505 3896 1763 3950 sensibus
1793 3897 2070 3968 corporis,

377 3988 622 4060 probare
643 3991 741 4041 aut
770 3985 1096 4056 improbare
1118 4001 1235 4038 non
1251 4000 1440 4054 posse,
1462 3983 1574 4038 nisi
1597 3983 1751 4055 apud
1777 3988 1832 4038 te
1859 3985 2072 4040 habeas

378 4077 650 4150 quasdam
671 4073 1116 4146 pulchritudinis
1137 4074 1312 4144 leges,
1335 4073 1408 4127 ad
1438 4089 1579 4143 quas
1593 4073 1806 4128 referas
1828 4089 2071 4145 quaque

375 4167 615 4238 pulchra
642 4163 816 4219 sentis
846 4161 1112 4217 exterius.

443 4257 535 4310 42.
590 4254 818 4308 Intuere
875 4251 1082 4304 coelum
1133 4252 1190 4303 et
1232 4251 1448 4302 terram
1496 4253 1555 4303 et
1596 4265 1776 4319 mare,
1828 4253 1883 4303 et
1912 4265 2070 4320 qua-

375 4357 622 4413 cumque
679 4340 742 4393 in
799 4337 880 4393 eis
925 4339 1013 4391 vel
1064 4337 1309 4406 desuper
1363 4336 1607 4406 fulgent,
1661 4338 1750 4391 vel
1803 4337 2071 4392 deorsum

375 4433 585 4501 repunt
630 4428 718 4482 vel
765 4427 959 4480 volant
1000 4426 1088 4479 vel
1138 4429 1365 4492 natant;
1410 4425 1627 4480 formas
1670 4426 2071 4498 habent,'quia

375 4533 644 4574 numeros
683 4515 897 4571 habent
945 4531 960 4569 :
1006 4514 1194 4569 adime
1247 4513 1361 4568 illis
1416 4514 1557 4582 hac,
1613 4514 1756 4570 nihil
1803 4521 1991 4571 erunt.
2022 4518 2071 4570 A

374 4624 490 4680 quo
532 4622 668 4678 ergo
719 4609 872 4665 sunt,
913 4602 1026 4658 nisi
1055 4620 1089 4658 a
1117 4619 1230 4674 quo
1258 4619 1570 4672 numerus;
1603 4604 2068 4676 quandoquidem

372 4698 431 4752 in
475 4699 697 4750 tantum
725 4693 839 4748 illis
868 4697 951 4748 est
987 4709 1127 4760 esse,
1175 4692 1238 4746 in
1268 4690 1884 4763 quantum‘numerosa
1912 4695 2070 4748 esse?

374 4787 440 4840 Et
483 4784 739 4840 omnium
784 4782 1019 4854 quidem
1057 4781 1380 4836 formarum
1429 4797 1837 4851 corporearum
1881 4781 2066 4836 artiﬁ-

371 4891 463 4930 ces
490 4873 754 4929 homines
782 4872 843 4926 in
869 4876 988 4925 arte
1009 4871 1221 4926 habent
1245 4886 1535 4939 numeros,
1569 4870 1776 4942 quibus
1799 4876 2068 4941 coeptant

372 4979 549 5034 opera
602 4977 704 5016 sua
760 4976 774 5014 :
825 4964 882 5014 et
929 4960 1150 5014 tamdiu
1201 4975 1404 5013 manus
1457 4963 1627 5030 atque
1684 4959 2066 5017 instrumenta

368 5052 432 5106 in
458 5049 783 5107 fabricando
813 5052 1066 5112 movent,
1102 5048 1280 5102 donec
1309 5047 1451 5102 illud
1480 5047 1635 5118 quod
1669 5048 1948 5102 formatur
1976 5049 2062 5104 fo-

367 5140 467 5208 ris,
491 5140 563 5194 ad
585 5155 711 5193 eam
733 5154 861 5209 qua
885 5136 1037 5190 intus
1071 5140 1155 5190 est
1182 5137 1369 5190 lucem
1399 5152 1772 5191 numerorum
1794 5137 2060 5206 relatum,

369 5233 647 5301 quantum
666 5231 850 5298 potest
871 5225 1139 5295 impetret
1161 5225 1932 5296 absolutionem,placeatque
1959 5242 2064 5293 per

367 5319 740 5388 interpretem
769 5330 1000 5369 sensum
1028 5313 1256 5368 interno
1280 5313 1462 5381 judici
1487 5330 1764 5384 supernos
1791 5330 2061 5369 numeros

369 5406 633 5462 intuenti.
683 5407 883 5470 Quare
929 5403 1137 5458 deinde
1169 5402 1396 5456 artiﬁcis
1439 5402 1619 5474 ipsius
1644 5404 1903 5458 membra
1931 5403 2059 5474 quis

366 5501 622 5563 moveat;
648 5511 921 5550 numerus
952 5493 1059 5548 erit
1089 5509 1102 5548 :
1136 5509 1270 5546 nam
1300 5496 1602 5546 moventur
1630 5491 1801 5546 etiam
1829 5492 1928 5546 illa
1956 5509 2060 5547 nu-

367 5600 605 5640 merose.
639 5585 705 5639 Et
733 5584 781 5638 si
810 5583 1071 5639 detrahas
1103 5583 1171 5637 de
1191 5581 1455 5636 manibus
1482 5597 1644 5654 opus,
1681 5585 1735 5636 et
1763 5582 1832 5637 de
1863 5581 2055 5637 animo

1472 325 1567 380 DE
1607 321 1866 380 LIBERO
1903 320 2263 389 ABBITRIO,
2306 318 2359 374 S.
2403 317 2786 376 AUGUSTINI

3747 314 3892 368 1264

2182 443 2561 498 intentionem
2606 440 2938 508 fabricandi,
2983 443 3289 511 motusque
3336 438 3433 494 ille
3479 439 3888 494 membrorum

2180 533 2250 587 ad
2279 532 2712 587 delectationem
2740 530 3039 596 referatur,
3071 527 3292 584 saltatio
3322 527 3634 582 vocabitur.
3671 529 3888 592 Quare

2181 637 2316 692 ergo
2373 621 2514 694 quid
2567 620 2628 674 in
2677 618 2976 674 saltatione
3032 619 3300 684 delectet;
3354 617 3726 688 respondebit
3777 615 3891 670 tibi

2181 726 2452 764 numerus
2483 727 2496 764 :
2530 711 2663 763 Ecce
2691 724 2836 763 sum.
2869 707 3087 779 Inspice
3108 707 3230 777 jam
3252 705 3750 777 pulchritudinem
3769 704 3892 757 for-

2181 798 2320 854 mati
2347 798 2630 870 corporis;
2674 796 2902 852 numeri
2932 800 3200 851 tenentur
3227 795 3289 848 in
3317 795 3461 849 loco.
3492 793 3715 865 Inspice
3747 792 3890 864 pul-

2181 888 2566 943 chritudinem
2609 885 2939 941 mobilitatis
2977 884 3038 938 in
3084 900 3350 955 corpore;
3387 882 3614 937 numeri
3644 897 3887 936 versan-

2179 979 2275 1030 tur
2302 976 2363 1030 in
2391 980 2671 1047 tempore.
2705 977 2862 1030 Intra
2902 973 2976 1028 ad
3019 977 3200 1027 artem
3228 972 3380 1028 unde
3409 971 3505 1026 isti
3535 971 3886 1043 procedunt,

2182 1081 2373 1136 quare
2396 1065 2457 1119 in
2486 1081 2553 1119 ea
2571 1069 2797 1135 tempus
2817 1067 2873 1118 et
2893 1063 3112 1129 locum;
3136 1078 3434 1133 nunquam
3461 1061 3887 1131 erit,nusquam

2183 1153 2317 1219 erit;
2349 1152 2488 1207 vivit
2515 1153 2576 1206 in
2605 1169 2671 1206 ea
2699 1157 2893 1206 tamen
2921 1167 3196 1204 numerus
3231 1167 3244 1204 :
3277 1165 3382 1204 nec
3405 1149 3527 1220 ejus
3555 1147 3717 1220 regio
3750 1165 3888 1219 spa-

2183 1244 2395 1298 tiorum
2424 1249 2526 1312 est,
2559 1259 2664 1298 nec
2693 1247 2829 1297 atas
2857 1241 3112 1308 dierum;
3146 1245 3202 1296 et
3227 1239 3508 1294 discenda
3540 1239 3650 1294 arti
3681 1244 3888 1293 tamen

2184 1348 2316 1386 cum
2363 1348 2422 1387 se
2471 1331 2920 1400 accommodant,
2966 1329 3067 1402 qui
3101 1345 3159 1384 se
3204 1329 3447 1382 artifices
3485 1327 3612 1382 fieri
3656 1327 3887 1393 volunt,

2184 1437 2390 1492 corpus
2435 1437 2601 1476 suum
2647 1437 2753 1492 per
2783 1421 2907 1474 loca
2947 1424 3005 1474 et
3047 1423 3306 1490 tempora
3336 1421 3582 1483 movent,
3613 1416 3888 1470 animum

2183 1525 2316 1564 vero
2343 1526 2447 1580 per
2471 1513 2731 1580 tempora
2759 1524 2772 1563 :
2806 1523 3026 1562 accessu
3051 1507 3264 1578 quippe
3284 1505 3558 1577 temporis
3579 1505 3888 1576 peritiores

2184 1599 2347 1654 fiunt.
2396 1599 2753 1659 Transcende
2794 1613 2930 1668 ergo
2973 1600 3030 1650 et
3078 1596 3336 1649 animum
3385 1594 3634 1660 artificis,
3671 1599 3735 1648 ut
3763 1610 3886 1647 nu-

2185 1702 2410 1742 merum
2457 1687 2868 1757 sempiternum
2917 1684 3140 1750 videas;
3179 1683 3300 1753 jam
3347 1682 3454 1736 tibi
3495 1682 3782 1752 sapientia
3811 1682 3887 1737 de

2184 1775 2309 1846 ipsa
2353 1774 2622 1829 interiore
2653 1774 2784 1830 sede
2813 1772 3072 1843 fulgebit,
3116 1777 3174 1825 et
3202 1771 3270 1824 de
3296 1771 3419 1841 ipso
3450 1770 3754 1825 secretario
3784 1788 3887 1824 ve-

2185 1863 2368 1918 ritatis
2413 1880 2427 1918 :
2465 1879 2593 1934 qua
2636 1863 2684 1916 si
2721 1862 2906 1916 adhuc
2934 1859 3356 1931 languidiorem
3389 1865 3683 1929 aspectum
3711 1865 3889 1914 tuum

2185 1952 2527 2018 reverberat,
2573 1951 2722 2006 refer
2763 1951 2990 2004 oculum
3030 1949 3239 2003 mentis
3283 1949 3344 2003 in
3388 1947 3548 2002 illam
3574 1947 3749 2017 viam,
3781 1947 3887 2001 ubi

2187 2057 2246 2096 se
2301 2040 2636 2096 ostendebat
2678 2039 2954 2094 hilariter.
2999 2039 3280 2093 Memento
3329 2052 3464 2090 sane
3511 2035 3801 2091 distulisse
3827 2041 3887 2091 te

2185 2129 2462 2184 visionem
2494 2145 2667 2200 quam
2697 2128 2900 2182 fortior
2929 2127 3234 2198 saniorque
3264 2129 3508 2196 repetas.

2255 2220 2345 2274 43.
2391 2219 2486 2272 Va
2516 2217 2615 2289 qui
2653 2216 3057 2287 derelinquunt
3097 2219 3148 2270 te
3176 2215 3400 2281 ducem,
3441 2219 3498 2268 et
3526 2213 3797 2268 oberrant
3821 2211 3888 2267 in

2185 2306 2435 2377 vestigiis
2463 2307 2596 2374 tuis,
2629 2305 2729 2377 qui
2756 2309 2928 2359 nutus
2957 2308 3088 2358 tuos
3130 2320 3235 2374 pro
3265 2307 3321 2357 te
3347 2307 3560 2370 amant,
3594 2307 3651 2357 et
3666 2301 3886 2356 ‘oblivi-

2187 2398 2422 2448 scuntur
2441 2395 2577 2465 quid
2602 2393 2828 2461 innuas,
2853 2410 2885 2448 ο
2906 2391 3242 2446 suavissima
3263 2391 3358 2446 lux
3381 2393 3641 2462 purgata
3669 2389 3889 2444 mentis

2188 2482 2492 2552 sapientia!
2554 2498 2670 2536 non
2728 2481 2884 2536 enim
2938 2496 3121 2535 cessas
3169 2479 3410 2534 innuere
3459 2479 3624 2534 nobis
3665 2495 3798 2550 qua
3829 2484 3890 2534 et

2188 2575 2400 2640 quanta
2455 2570 2558 2639 sis;
2621 2575 2677 2624 et
2729 2575 2904 2623 nutus
2959 2569 3042 2622 tui
3092 2572 3224 2623 sunt
3276 2584 3446 2622 omne
3486 2572 3884 2622 creaturarum

2188 2660 2376 2713 decus.
2409 2659 2473 2712 Et
2493 2657 2695 2712 artifex
2725 2657 2880 2711 enim
2905 2655 3332 2727 quodammodo
3358 2655 3550 2710 innuit
3578 2657 3888 2727 spectatori

2188 2747 2376 2819 operis
2406 2747 2495 2801 sui
2534 2747 2604 2801 de
2647 2745 2772 2816 ipsa
2815 2745 3005 2816 operis
3036 2744 3485 2816 pulchritudine,
3517 2761 3588 2798 ne
3617 2745 3700 2799 ibi
3727 2748 3888 2799 totus

2186 2834 2420 2902 hareat,
2465 2834 2564 2888 sed
2610 2833 2856 2904 speciem
2895 2833 3148 2904 corporis
3189 2831 3449 2886 fabricati
3479 2831 3558 2885 sic
3585 2837 3890 2903 percurrat

2186 2922 2380 2991 oculis,
2430 2926 2496 2976 ut
2540 2921 2601 2976 in
2647 2938 2773 2976 eam
2817 2921 2915 2993 qui
2964 2919 3323 2976 fabricaverit
3349 2925 3608 2974 recurrat
3652 2921 3884 2975 affectu.

2186 3011 2408 3067 Similes
2436 3015 2630 3066 autem
2668 3014 2801 3066 sunt
2835 3010 3183 3074 hominibus,
3220 3010 3320 3081 qui
3347 3025 3413 3064 ea
3443 3026 3573 3081 qua
3601 3009 3738 3064 facis
3777 3026 3886 3080 pro

2185 3105 2240 3155 te
2266 3104 2478 3167 amant,
2502 3100 2602 3172 qui
2625 3116 2756 3154 cum
2781 3099 3021 3154 audiunt
3039 3099 3292 3171 aliquem
3317 3098 3630 3152 facundum
3659 3099 3884 3168 sapien-

2187 3193 2321 3254 tem,
2373 3190 2510 3245 dum
2540 3188 2714 3243 nimis
2762 3188 3096 3242 suavitatem
3122 3188 3272 3242 vocis
3303 3187 3445 3257 ejus,
3477 3192 3535 3241 et
3565 3192 3888 3242 structuras

2186 3277 2532 3348 syllabarum
2585 3281 2715 3348 apte
2744 3277 3057 3331 locatarum
3109 3275 3272 3332 avide
3316 3275 3888 3342 audiunt,.amittunt

2159 3367 2597 3421 sententiarum
2626 3366 3037 3437 principatum,
3074 3364 3234 3435 cujus
3263 3364 3363 3418 illa
3389 3363 3563 3418 verba
3600 3369 3886 3435 tanquam

2184 3454 2348 3525 signa
2373 3458 2710 3509 sonuerunt.
2744 3454 2838 3507 Va
2864 3453 2964 3524 qui
2990 3468 3048 3508 se
3087 3456 3353 3507 avertunt
3375 3468 3408 3505 a
3436 3451 3652 3506 lumine
3684 3457 3808 3518 tuo,
3825 3458 3886 3508 et

2184 3543 2516 3598 obscuritati
2570 3559 2687 3596 sua
2733 3542 2973 3596 dulciter
3015 3541 3324 3595 inharent!
3380 3541 3675 3611 Tanquam
3720 3541 3884 3595 enim

2183 3631 2415 3686 dorsum
2446 3632 2517 3686 ad
2545 3635 2601 3686 te
2629 3635 2926 3703 ponentes,
2957 3630 3020 3684 in
3047 3628 3261 3684 carnali
3287 3645 3457 3700 opere
3477 3630 3634 3684 velut
3661 3627 3722 3683 in
3751 3646 3883 3684 um-

2181 3719 2284 3775 bra
2313 3735 2416 3775 sua
2442 3720 2790 3791 deﬁguntur,
2836 3724 2892 3774 et
2916 3724 3111 3774 tamen
3143 3719 3315 3774 etiam
3357 3718 3438 3772 ibi
3467 3719 3620 3788 quod
3647 3733 3744 3772 eos
3775 3719 3883 3773 de-

2179 3808 2368 3879 lectat,
2399 3810 2585 3864 adhuc
2618 3809 2831 3864 habent
2867 3809 2935 3863 de
2965 3807 3461 3879 circumfulgentia
3489 3807 3629 3861 lucis
3671 3810 3790 3861 tua
3836 3807 3882 3862 ί.

2179 3897 2289 3952 Sed
2317 3897 2519 3951 umbra
2566 3897 2706 3951 dum
2743 3900 2990 3965 amatur,
3021 3896 3443 3967 languidiorem
3480 3895 3616 3950 facit
3642 3897 3880 3952 oculum

2179 3985 2376 4052 animi,
2427 3989 2484 4040 et
2528 3984 2927 4039 invalidiorem
2957 3984 3026 4039 ad
3054 3985 3458 4056 perferendum
3503 3991 3882 4055 conspectum

2178 4078 2363 4129 tuum.
2412 4076 2720 4144 Propterea
2761 4073 2946 4144 magis
2986 4074 3283 4145 magisque
3317 4073 3490 4128 homo
3518 4074 3880 4138 tenebratur,

2178 4163 2317 4217 dum
2364 4167 2611 4217 sectatur
2640 4161 2910 4217 libentius
2940 4161 3223 4234 quidquid
3249 4161 3629 4216 infirmiorem
3661 4163 3882 4218 tolera-

2176 4251 2348 4306 bilius
2394 4251 2625 4322 excipit.
2665 4252 2739 4306 Ex
2767 4267 2882 4322 quo
2911 4251 3117 4321 incipit
3145 4267 3263 4306 non
3300 4267 3467 4322 posse
3495 4249 3689 4304 videre
3720 4254 3883 4322 quod

2177 4357 2400 4395 summe
2442 4344 2542 4408 est,
2589 4343 2647 4394 et
2683 4341 2902 4394 malum
2929 4344 3134 4411 putare
3163 4339 3443 4410 quidquid
3471 4339 3615 4394 fallit
3653 4339 3884 4410 impro-

2174 4429 2391 4492 vidum,
2442 4432 2540 4484 aut
2589 4428 2749 4485 illicit
2792 4429 3054 4500 indigum
3095 4431 3137 4496 ³,
3179 4432 3278 4482 aut
3304 4431 3534 4497 captum
3565 4430 3880 4499 excruciat,

2176 4533 2307 4571 cum
2337 4532 2404 4571 ea
2430 4531 2535 4587 pro
2582 4517 2784 4572 merito
2815 4517 3065 4588 patiatur
3110 4515 3417 4570 aversionis
3445 4531 3584 4585 sua,
3615 4522 3675 4572 et
3706 4521 3880 4591 quid-

2175 4605 2314 4678 quid
2336 4606 2559 4676 justum
2588 4610 2692 4676 est,
2724 4607 2941 4661 malum
2971 4621 3091 4659 esse
3112 4621 3232 4659 non
3257 4603 3456 4675 possit.

2241 4696 2331 4749 44.
2378 4695 2435 4750 Si
2463 4711 2597 4766 ergo
2628 4695 2909 4766 quidquid
2943 4693 3215 4748 mutabile
3237 4692 3547 4764 aspexeris,
3576 4695 3666 4750 vel
3699 4713 3882 4752 sensu

2173 4783 2449 4854 corporis,
2478 4785 2566 4838 vel
2591 4783 2769 4838 animi
2799 4781 3251 4837 consideratione
3293 4797 3493 4852 capere
3523 4799 3642 4838 non
3682 4791 3876 4854 potes,

2171 4871 2282 4925 nisi
2313 4871 2505 4943 aliqua
2526 4886 2902 4927 numerorum
2946 4870 3129 4924 forma
3157 4873 3439 4938 teneatur,
3473 4887 3587 4942 qua
3615 4873 3879 4929 detracta

2169 4957 2231 5013 in
2259 4958 2404 5013 nihil
2433 4959 2673 5026 recidat;
2709 4957 2829 5012 noli
2871 4956 3148 5023 dubitare,
3184 4961 3251 5012 ut
3285 4958 3392 5014 ista
3422 4961 3722 5015 mutabilia
3751 4978 3876 5018 non

2169 5047 2624 5118 intercipiantur,
2655 5047 2755 5101 sed
2785 5045 3060 5100 dimensis
3099 5047 3365 5116 motibus,
3396 5053 3454 5101 et
3481 5047 3746 5104 distincta
3769 5068 3874 5106 va-

2169 5136 2372 5192 rietate
2409 5136 2744 5201 formarum,
2795 5133 2961 5204 quasi
2990 5135 3269 5205 quosdam
3299 5151 3493 5190 versus
3531 5140 3872 5208 temporum

2167 5228 2466 5296 peragant,
2495 5240 2614 5279 esse
2639 5223 2889 5293 aliquam
2908 5223 3152 5279 formam
3177 5229 3451 5280 aternam
3476 5229 3531 5280 et
3547 5225 3872 5283 incommu-

2167 5313 2433 5380 tabilem;
2463 5329 2592 5384 qua
2629 5328 2818 5384 neque
2847 5313 3207 5370 contineatur
3233 5318 3292 5370 et
3320 5313 3484 5386 quasi
3511 5314 3872 5372 diffundatur

2228 5465 2245 5529 ξ
2275 5464 2395 5529 Mss.
2415 5462 2610 5526 plures,
2632 5460 2806 5529 adhuc
2825 5463 2977 5514 habet
2997 5462 3555 5529 decircumfulgenlia
3571 5465 3714 5516 lucis
3739 5470 3868 5518 tua.

2227 5527 2249 5591 ξ
2289 5527 2430 5591 Mss,
2457 5539 2566 5574 non
2601 5526 2757 5589 pauci
2800 5539 2921 5577 cum
2971 5526 3733 5591 antiquioribus’editionibus,
3763 5534 3869 5582 aut

2165 5587 2316 5642 illicit
2338 5587 2633 5652 indignum)
