4074 6354
217 281 349 334 1265

204 403 367 469 locis,
394 419 584 475 neque
600 403 949 475 potendatur
962 407 1132 476 atque
1145 404 1394 460 varietur
1403 405 1782 476 temporibus,
1797 421 1902 476 per

205 508 382 564 quam
411 495 614 547 cuncta
650 491 757 547 ista
791 492 1024 547 formari
1055 495 1300 561 valeant,
1333 499 1388 549 et
1426 511 1529 566 pro
1561 511 1663 550 suo
1693 511 1902 566 genere

202 580 445 652 implere
475 586 646 652 atque
676 597 845 652 agere
874 582 1131 637 locorum
1161 599 1224 637 ac
1251 588 1576 655 temporum
1608 600 1899 640 numeros.

200 671 428 726 CAPUT
478 672 638 726 XVII.
667 701 736 712 -—-
783 673 996 727 Bonum
1036 677 1088 726 et
1139 672 1404 742 perfectio
1449 689 1792 744 quaecumque
1831 689 1900 730 ea:

930 764 1036 815 Deo
1065 765 1162 816 est.

269 849 361 902 45.
389 847 587 903 Omnis
631 847 784 902 enim
814 864 905 902 res
936 849 1242 917 mutabilis,
1274 851 1448 906 etiam
1477 852 1794 907 formabilis
1825 853 1900 908 sit

199 952 430 991 necesse
461 941 562 991 est.
615 937 770 992 Sicut
798 941 992 992 autem
1022 939 1294 993 mutabile
1325 940 1566 994 dicimus
1596 941 1750 1012 quod
1780 957 1902 995 mu-

201 1024 312 1078 tari
347 1027 551 1096 potest,
593 1024 675 1079 ita
714 1025 1014 1081 formabile
1045 1028 1196 1098 quod
1223 1028 1456 1082 formari
1487 1033 1673 1100 potest
1703 1030 1898 1102 appel-

199 1112 459 1168 laverim.
515 1113 684 1168 Nulla
733 1119 923 1169 autem
970 1131 1060 1169 res
1109 1116 1354 1170 formare
1397 1117 1641 1189 seipsam
1671 1123 1895 1188 potest:

201 1201 340 1273 quia
371 1202 526 1256 nulla
553 1219 642 1257 res
673 1206 859 1273 potest
886 1203 1020 1258 dare
1071 1204 1180 1259 sibi
1229 1205 1381 1276 quod
1427 1223 1545 1260 non
1590 1207 1799 1273 habet;
1843 1211 1900 1262 et

201 1290 403 1362 utique
426 1295 490 1345 ut
518 1291 726 1372 habeat
761 1293 1030 1362 formam,
1060 1293 1340 1348 formatur
1369 1294 1605 1366 aliquid.
1647 1295 1900 1367 Quapro-

199 1386 329 1450 pter
363 1380 632 1452 quaelibet
657 1396 747 1435 res
768 1381 815 1435 si
845 1398 1019 1452 quam
1047 1382 1221 1439 habet
1237 1382 1501 1452 formam,
1529 1400 1646 1439 non
1671 1384 1723 1439 ei
1754 1401 1898 1454 opus

201 1473 288 1524 est
315 1469 568 1540 accipere
601 1470 755 1540 quod
794 1470 1004 1538 habet;
1047 1470 1094 1525 si
1125 1487 1237 1543 qua
1256 1488 1389 1526 vero
1421 1488 1538 1526 non
1569 1472 1744 1527 habet
1780 1473 1896 1526 for-

199 1574 380 1628 mam,
412 1574 529 1612 non
556 1562 742 1629 potest
770 1575 802 1613 a
821 1575 879 1613 se
911 1558 1164 1629 accipere
1194 1560 1346 1630 quod
1375 1576 1491 1613 non
1519 1561 1708 1616 habet.
1734 1561 1899 1615 Nulla

201 1662 337 1717 ergo
368 1663 476 1714 res,
509 1651 576 1701 ut
622 1647 891 1717 diximus,
921 1648 1169 1702 formare
1200 1664 1258 1702 se
1289 1653 1494 1719 potest.
1532 1648 1679 1713 Quid
1706 1652 1897 1704 autem

199 1735 446 1805 amplius
484 1736 553 1790 de
583 1736 962 1792 mutabilitate
993 1737 1246 1808 corporis
1288 1741 1344 1791 et
1391 1737 1569 1792 animi
1595 1735 1898 1792 dicamus?

197 1825 644 1896 superiusenim
685 1826 820 1880 satis
851 1827 1063 1882 dictum
1098 1831 1199 1882 est.
1237 1827 1545 1882 Conﬁcitur
1571 1827 1785 1899 itaque,
1836 1831 1900 1882 ut

197 1918 254 1968 et
274 1930 479 1985 corpus
509 1919 565 1968 et
594 1913 818 1968 animus
847 1914 1035 1970 forma
1074 1915 1324 1986 quadam
1353 1915 1808 1970 incommutabili
1839 1920 1897 1971 et

198 2019 421 2074 semper
447 2006 715 2058 manente
762 2004 1102 2058 formentur.
1140 2004 1241 2060 Cui
1269 2005 1470 2059 formae
1516 2005 1731 2059 dictum
1762 2009 1844 2059 est
1879 2021 1892 2059 :

195 2094 434 2149 Mutabis
461 2109 523 2147 ea
555 2099 606 2150 et
633 2093 1040 2160 mutabuntur;
1083 2098 1142 2148 tu
1170 2099 1354 2150 autem
1396 2095 1538 2148 idem
1580 2096 1694 2163 ipse
1738 2109 1812 2161 es,
1845 2100 1898 2151 et

197 2184 340 2238 ann-II
386 2184 468 2237 tui
506 2198 611 2237 non
645 2183 900 2253 deﬁcient
959 2182 1125 2253 (Psal.
1168 2199 1239 2252 ει,
1289 2186 1377 2249 27,
1411 2184 1526 2252 28).
1553 2185 1747 2236 Annos
1772 2182 1895 2238 sine

198 2270 439 2336 defectu,
473 2288 576 2342 pro
607 2270 927 2326 aeternitate
956 2271 1145 2342 posuit
1171 2271 1504 2343 prophetica
1541 2271 1771 2325 locutio.
1815 2273 1895 2326 De

198 2361 304 2414 hac
331 2360 468 2414 item
496 2360 681 2414 forma
716 2360 934 2414 dictum
967 2364 1070 2428 est,
1121 2361 1275 2431 quod
1324 2360 1385 2414 in
1415 2359 1600 2430 seipsa
1655 2376 1894 2414 manens

198 2448 436 2503 innovet
456 2449 648 2503 omnia
679 2449 835 2520 (Sap.
868 2465 982 2512 vui,
1017 2449 1124 2518 27).
1160 2448 1302 2503 Hinc
1329 2449 1502 2503 etiam
1523 2449 1895 2519 comprehen-

198 2537 354 2592 ditur
400 2537 594 2592 omnia
651 2537 1007 2607 providentia
1035 2537 1364 2608 gubernari.
1398 2537 1454 2592 Si
1485 2538 1640 2592 enim
1699 2538 1895 2592 omnia

198 2643 328 2698 quae
359 2631 511 2694 sunt,
542 2627 722 2681 forma
751 2625 980 2697 penitus
1009 2627 1294 2681 subtracta
1324 2627 1482 2680 nulla
1497 2631 1685 2693 erunt,
1712 2627 1894 2682 forma

197 2713 327 2784 ipsa
351 2715 848 2781 incommutabilis,
879 2730 984 2785 per
1009 2731 1184 2785 quam
1207 2715 1507 2769 mutabilia
1535 2719 1734 2770 cuncta
1765 2716 1894 2789 sub-

199 2803 426 2870 sistunt,
458 2810 525 2858 ut
550 2804 865 2858 formarum
911 2819 1142 2857 suarum
1171 2803 1426 2858 numeris
1453 2804 1805 2874 impleantur
1839 2807 1916 2877 et,

197 2897 466 2963 aguntur,
499 2893 625 2963 ipsa
651 2896 737 2946 est
766 2908 966 2946 eorum
995 2892 1349 2963 providentia
1373 2908 1386 2946 :
1428 2908 1546 2946 non
1602 2891 1758 2945 enim
1787 2891 1896 2946 ista

196 2984 401 3048 essent,
435 2981 482 3034 si
531 2980 632 3034 illa
685 2996 804 3034 non
857 2984 1024 3034 esset.
1086 2981 1317 3035 Intuens
1363 2995 1500 3050 ergo
1550 2985 1604 3034 et
1634 2979 1891 3033 conside-

198 3086 330 3124 rans
356 3069 684 3123 universam
737 3072 1077 3134 creaturam,
1111 3068 1458 3146 quicumque
1503 3067 1613 3121 iter
1655 3067 1773 3138 agit
1821 3067 1892 3121 ad

196 3156 558 3227 sapientiam,
589 3156 755 3212 sentit
785 3155 1124 3226 sapientiam
1152 3156 1213 3210 in
1238 3155 1329 3210 via
1357 3172 1415 3209 se
1459 3153 1567 3209 sibi
1595 3154 1892 3209 ostendere

196 3245 475 3312 hilariter,
526 3249 582 3298 et
631 3245 694 3299 in
749 3245 909 3299 omni
937 3243 1294 3315 providentia
1327 3260 1624 3299 occurrere
1652 3242 1757 3298 sibi
1791 3260 1804 3297 :
1838 3247 1894 3297 et

196 3339 355 3389 tanto
386 3333 624 3389 alacrius
655 3334 894 3389 ardescit
921 3333 1072 3388 viam
1110 3333 1282 3388 istam
1327 3348 1624 3404 peragere,
1677 3336 1893 3402 quanto

197 3428 255 3478 et
281 3422 405 3494 ipsa
430 3422 521 3477 via
544 3439 646 3494 per
673 3423 830 3477 illam
858 3417 1100 3494 pulchra
1131 3427 1235 3490 est,
1280 3422 1352 3477 ad
1403 3437 1578 3494 quam
1621 3424 1895 3475 exzestuat

196 3511 515 3584 pervenire.
1202 3513 1207 3518 ’

267 3602 356 3656 46.
390 3601 474 3655 Tu
505 3603 698 3655 autem
741 3600 787 3655 si
814 3603 1026 3672 praeter
1064 3599 1124 3654 id
1153 3599 1304 3671 quod
1325 3603 1411 3654 est
1436 3603 1493 3654 et
1511 3615 1628 3654 non
1655 3597 1811 3664 vivit,
1837 3603 1895 3653 et

197 3685 255 3741 id
286 3687 442 3758 quod
471 3693 554 3742 est
579 3692 635 3742 et
660 3687 801 3743 vivit
826 3703 1014 3759 neque
1036 3687 1327 3757 intelligit,
1360 3691 1416 3742 et
1443 3687 1501 3742 id
1531 3688 1686 3758 quod
1716 3691 1799 3740 est
1838 3691 1895 3740 et

197 3774 332 3830 vivit
357 3780 412 3830 et
437 3776 730 3848 intelligit,
751 3776 1033 3830 inveneris
1063 3776 1293 3848 aliquod
1325 3776 1478 3830 aliud
1505 3779 1894 3830 creaturarum

196 3881 413 3936 genus;
448 3870 584 3920 tunc
613 3865 758 3920 aude
790 3865 978 3920 dicere
1032 3865 1266 3936 aliquod
1291 3866 1508 3919 bonum
1547 3881 1687 3932 esse,
1739 3865 1894 3936 quod

195 3970 315 4008 non
334 3953 406 4008 sit
434 3971 501 4008 ex
528 3956 662 4009 Deo.
692 3954 824 4009 Tria
851 3954 1007 4008 enim
1024 3955 1147 4008 haec
1175 3954 1398 4009 duobus
1437 3954 1609 4008 etiam
1639 3953 1888 4008 nomini-

195 4043 302 4098 bus
331 4043 618 4098 enuntiari
656 4048 916 4114 possunt,
950 4043 997 4096 si
1027 4043 1388 4113 appellentur
1418 4058 1624 4112 corpus
1654 4047 1712 4097 et
1737 4041 1889 4097 vita:

196 4131 335 4203 quia
364 4137 422 4186 et
441 4131 539 4186 illa
571 4149 700 4204 qua:
730 4135 955 4187 tantum
980 4131 1136 4197 vivit,
1170 4147 1357 4202 neque
1388 4131 1676 4202 intelligit,
1710 4132 1894 4203 qualis

197 4224 284 4274 est
311 4236 603 4290 pecorum,
637 4224 693 4274 et
721 4220 844 4274 haec
893 4235 1022 4290 quae
1048 4218 1340 4290 intelligit,
1385 4219 1550 4273 sicuti
1588 4223 1672 4274 est
1700 4219 1895 4274 homi-

196 4325 359 4375 num,
381 4308 696 4363 rectissime
724 4307 841 4363 vita
889 4308 1115 4364 dicitur.
1149 4309 1279 4362 Haec
1308 4312 1499 4362 autem
1526 4309 1660 4378 duo,
1699 4307 1758 4363 id
1789 4313 1893 4376 est,

196 4414 402 4469 corpus
461 4402 519 4452 et
571 4397 706 4464 vita,
761 4413 892 4468 quae
932 4395 1162 4468 quidem
1223 4401 1498 4451 creaturae
1551 4397 1897 4467 deputantur

197 4485 354 4559 (nam
383 4494 438 4541 et
467 4486 746 4542 Creatoris
771 4485 950 4557 ipsius
979 4485 1092 4540 vita
1108 4485 1334 4552 dicitur,
1363 4489 1420 4539 et
1447 4501 1513 4539 ea
1535 4501 1762 4539 summa
1779 4485 1896 4539 vita

197 4575 300 4644 est)
329 4592 342 4630 :
373 4575 496 4629 ista:
522 4574 700 4646 igitur
719 4575 848 4629 dure
878 4579 1151 4628 creaturae
1182 4589 1386 4644 corpus
1415 4578 1472 4628 et
1487 4573 1602 4628 vita
1622 4573 1896 4645 quoniam

195 4663 524 4721 formabilia
589 4668 740 4731 sunt,
816 4662 980 4717 sicuti
1047 4661 1308 4732 superius
1366 4661 1515 4716 dicta
1556 4662 1894 4730 docuerunt,

197 4753 521 4824 amissaque
551 4752 788 4807 omnino
836 4752 1020 4807 forma
1065 4750 1129 4805 in
1169 4749 1415 4805 nihilum
1452 4750 1733 4819 recidunt,
1763 4751 1896 4806 satis

197 4842 510 4898 ostendunt
539 4858 598 4896 se
656 4857 722 4895 ex
768 4841 868 4896 illa
920 4841 1108 4895 forma
1154 4838 1482 4906 subsistere,
1515 4855 1644 4910 quae
1671 4856 1898 4911 semper

195 4930 481 5003 ejusmodi
494 4935 598 4985 est.
616 4930 1000 4995 Quamobrem
1025 4932 1486 5001 quantacumque
1502 4927 1672 4998 bona,
1694 4944 1894 4999 quam-

197 5020 284 5075 vis
312 5035 542 5090 magna,
577 5018 836 5089 quamvis
886 5018 1146 5083 minima,
1201 5016 1314 5072 nisi
1354 5032 1424 5071 ex
1464 5017 1579 5071 Deo
1620 5032 1740 5071 esse
1781 5034 1897 5071 non

198 5113 462 5182 possunt.
498 5107 647 5172 Quid
673 5106 827 5162 enim
856 5108 1041 5178 majus
1066 5107 1128 5162 in
1156 5105 1431 5162 creaturis
1452 5122 1626 5178 quam
1653 5105 1770 5161 vita
1806 5106 1896 5160 in-

199 5199 491 5270 telligens,
524 5201 624 5252 aut
655 5196 792 5268 quid
823 5195 1014 5250 minus
1058 5200 1245 5268 potest
1273 5212 1392 5251 esse
1440 5212 1615 5267 quam
1644 5211 1850 5266 corpus
1871 5196 1899 5250 Τ

199 5288 340 5353 Quae
391 5285 815 5358 quantumlibet
867 5283 1150 5355 deﬁciant,
1199 5289 1256 5340 et
1303 5301 1371 5341 eo
1417 5283 1656 5340 tendant
1699 5289 1763 5339 ut
1782 5301 1898 5338 non

201 5377 338 5443 sint,
369 5381 565 5431 tamen
619 5374 838 5446 aliquid
878 5375 1080 5429 forma
1126 5374 1239 5428 illis
1267 5378 1544 5441 remanet,
1573 5378 1637 5428 ut
1667 5390 1898 5445 quoquo

205 5465 382 5521 modo
412 5465 545 5520 sint.
576 5463 864 5535 Quidquid
897 5468 1090 5518 autem
1116 5463 1316 5518 formae
1355 5463 1606 5535 cuipiam
1635 5462 1718 5517 rei
1765 5462 1900 5517 deﬁ-

207 5554 385 5611 cienti
414 5557 670 5610 remanet
691 5575 708 5624 ;
727 5570 795 5610 ex
823 5553 923 5609 illa
939 5553 1127 5610 forma
1153 5555 1237 5607 est
1257 5567 1388 5625 quae
1418 5551 1598 5608 nescit
1635 5552 1895 5618 deﬁcere,

1643 281 1857 339 LIBER
1897 280 2282 342 SECUNDUS.

3577 301 3714 355 I266

2014 412 2319 480 motusque
2348 407 2499 481 ipsos
2526 427 2722 468 rerum
2751 412 3138 470 deﬁcientium
3165 418 3253 471 vel
3282 419 3706 488 proﬁcientium

2015 499 2286 554 excedere
2316 515 2687 558 numerorum
2726 520 2962 558 suorum
3013 506 3168 576 leges
3197 523 3314 560 non
3343 507 3496 563 sinit.
3531 511 3706 574 Quid-

2013 587 2152 657 quid
2207 587 2386 658 igitur
2438 589 2725 645 laudabile
2776 593 3096 648 advertitur
3124 594 3187 648 in
3231 611 3425 650 rerum
3478 603 3702 667 natura,

2011 675 2125 728 sive
2150 675 2357 747 exigua
2394 678 2508 733 sive
2539 681 2727 750 ampla
2747 681 2914 736 laude
2944 683 3180 754 dignum
3195 684 3506 755 judicetur,
3523 687 3590 741 ad
3611 704 3705 742 ex-

2012 765 2475 820 cellentissimam
2504 772 2559 822 et
2586 768 2934 825 ineffabilem
2959 772 3188 827 laudem
3226 774 3590 830 referendum
3623 781 3709 831 est

2012 852 2368 909 Conditoris:
2405 854 2516 908 nisi
2544 856 2682 926 quid
2705 859 2878 912 habes
2908 861 2980 914 ad
3017 861 3162 916 haec.

2013 940 2236 996 CAPUT
2267 943 2452 996 XVIII.
2484 973 2552 982 -—
2581 945 2777 999 Libera
2803 949 3051 1003 voluntas
3100 952 3326 1007 tametsi
3376 953 3452 1006 ad
3502 953 3707 1007 malum

2152 1046 2307 1085 usum
2335 1032 2575 1088 converti
2602 1037 2797 1102 possit,
2832 1037 2890 1088 in
2917 1036 3062 1091 bonis
3092 1041 3430 1095 numeranda
3454 1046 3552 1096 est.

2080 1120 2168 1173 47.
2201 1122 2266 1174 Ε.
2297 1120 2442 1174 Satis
2470 1121 2613 1176 mihi
2640 1138 2978 1192 persuasum
3009 1141 3128 1180 esse
3158 1127 3357 1195 fateor,
3417 1135 3472 1184 et
3500 1147 3705 1201 quem-

2015 1207 2322 1262 admodum
2341 1210 2708 1264 manifestum
2729 1210 2847 1278 ﬁat,
2875 1217 3154 1283 quantum
3183 1216 3244 1269 in
3267 1217 3373 1271 hac
3399 1218 3514 1272 vita
3533 1223 3706 1290 atque

2008 1295 2159 1350 inter
2187 1297 2346 1364 tales,
2380 1298 2575 1368 quales
2608 1315 2710 1353 nos
2734 1316 2952 1368 sumus,
2984 1306 3194 1372 potest,
3245 1305 3426 1359 Deum
3457 1313 3598 1374 esse,
3650 1313 3709 1362 et

2010 1400 2078 1440 ex
2113 1387 2226 1440 Deo
2259 1402 2380 1441 esse
2405 1387 2598 1442 omnia
2625 1388 2806 1443 bona:
2842 1391 3311 1462 quandoquidem
3339 1395 3532 1449 omnia
3576 1412 3706 1466 qua;

2009 1479 2162 1544 sunt,
2194 1474 2309 1530 sive
2332 1492 2462 1547 quae
2491 1476 2827 1548 intelligunt
2855 1483 2910 1533 et
2937 1479 3135 1535 vivunt
3160 1486 3216 1535 et
3241 1487 3395 1552 sunt,
3434 1483 3548 1538 sive
3578 1501 3707 1555 quae

2007 1565 2233 1618 tantum
2261 1563 2459 1620 vivunt
2491 1569 2546 1620 et
2573 1570 2722 1635 sunt,
2754 1567 2869 1622 sive
2897 1585 3026 1640 quae
3048 1573 3270 1624 tantum
3305 1575 3458 1639 sunt,
3490 1589 3558 1626 ex
3588 1575 3703 1628 Deo

2009 1656 2160 1707 sunt.
2190 1653 2351 1707 Nunc
2371 1653 2495 1724 jam
2519 1655 2745 1709 tertiam
2765 1658 3140 1726 quaestionem
3164 1658 3476 1727 videamus,
3508 1665 3706 1716 utrum

2009 1739 2263 1811 expediri
2291 1742 2490 1812 possit,
2516 1742 2665 1797 inter
2693 1744 2847 1798 bona
2875 1761 2996 1800 esse
3022 1748 3437 1804 numerandam
3465 1747 3704 1805 liberam

2007 1829 2385 1884 voluntatem.
2423 1829 2545 1894 Quo
2577 1831 2984 1900 demonstrato,
3013 1834 3134 1888 sine
3167 1835 3526 1892 dubitatione
3567 1855 3702 1893 con-

2007 1918 2204 1972 cedam
2244 1919 2426 1972 Deum
2457 1919 2676 1973 dedisse
2707 1920 2872 1975 nobis
2903 1937 3048 1988 eam,
3085 1923 3324 1995 darique
3355 1927 3700 1996 oportuisse.

2006 2009 2080 2062 A.
2109 2008 2258 2061 Bene
2305 2007 2618 2062 meministi
2664 2011 2976 2080 proposita,
3016 2015 3074 2067 et
3095 2014 3406 2069 secundam
3435 2017 3704 2086 quaestio-

2006 2112 2141 2150 nem
2164 2096 2286 2166 jam
2339 2096 2677 2166 explicatam
2724 2097 3028 2169 vigilanter
3084 2100 3571 2158 animadvertisti:
3607 2106 3706 2160 sed

2005 2185 2198 2239 videre
2252 2185 2498 2240 debuisti
2551 2185 2725 2240 etiam
2777 2186 2945 2241 istam
3001 2189 3230 2245 tertiam
3270 2191 3395 2260 jam
3427 2193 3695 2248 solutam.

2007 2272 2317 2341 Propterea
2371 2272 2584 2343 quippe
2631 2273 2737 2327 tibi
2794 2273 2972 2329 videri
3003 2275 3249 2346 dixeras,
3280 2277 3404 2332 dari
3459 2295 3576 2333 non
3606 2279 3705 2334 de-

2004 2358 2195 2413 buisse
2225 2359 2472 2414 liberum
2501 2361 2805 2415 voluntatis
2832 2362 3154 2433 arbitrium,
3186 2365 3339 2435 quod
3363 2381 3429 2419 eo
3459 2366 3704 2438 quisque

2005 2452 2220 2517 peccat.
2253 2449 2354 2502 Cui
2385 2448 2687 2502 sententiae
2712 2453 2825 2504 tua:
2857 2466 2987 2504 cum
3017 2467 3124 2522 ego
3157 2452 3500 2520 intulissem,
3552 2459 3704 2510 recte

2003 2536 2130 2591 ﬁeri
2156 2553 2268 2591 non
2281 2553 2468 2608 posse,
2493 2537 2603 2591 nisi
2625 2539 2826 2593 eodem
2838 2539 3017 2594 libero
3030 2540 3335 2595 voluntatis
3349 2542 3585 2597 arbitrio
3605 2545 3702 2614 (α),

2005 2626 2277 2695 atque'ad
2306 2625 2366 2680 id
2418 2626 2610 2696 potius
2654 2626 2762 2680 hoc
2808 2629 2988 2682 Deum
3019 2629 3241 2684 dedisse
3280 2646 3700 2699 asseverarem;

2003 2713 2347 2784 respondisti
2401 2715 2639 2768 liberam
2687 2717 3041 2771 voluntatem
3096 2717 3179 2772 ita
3233 2719 3400 2773 nobis
3458 2720 3581 2775 dari
3611 2721 3705 2775 de-

2004 2803 2211 2868 buisse,
2249 2807 2309 2856 ut
2355 2803 2582 2872 justitia
2613 2803 2744 2857 data
2773 2809 2876 2868 est,
2911 2821 3024 2875 qua
3055 2822 3223 2860 nemo
3252 2807 3363 2860 nisi
3393 2812 3543 2862 recte
3570 2814 3701 2879 pot-

2003 2894 2089 2945 est
2112 2891 2217 2945 uti.
2251 2891 2389 2955 Quae
2409 2891 2702 2961 responsio
2723 2895 2821 2946 tua
2849 2892 2909 2946 in
2925 2897 3113 2947 tantos
3137 2894 3408 2949 circuitus
3437 2896 3704 2966 disputa-

2003 2979 2178 3033 tionis
2206 2995 2310 3033 nos
2346 2979 2429 3033 ire
2485 2980 2783 3050 compulit,
2834 2980 3042 3052 quibus
3089 2981 3194 3035 tibi
3240 2984 3618 3053 probaremus
3647 2992 3705 3039 et

1957 3110 1959 3112 -
2004 3068 2224 3138 majora
2252 3072 2307 3122 et
2332 3067 2554 3122 minora
2585 3068 2736 3123 bona
2765 3084 2884 3123 non
2931 3085 3052 3124 esse
3084 3069 3195 3124 nisi
3246 3086 3314 3124 ex
3359 3073 3494 3126 Deo.
3541 3072 3703 3135 Quod

2003 3173 2120 3211 non
2149 3161 2267 3211 tam
2303 3157 2546 3211 dilucide
2576 3158 2800 3212 ostendi
2841 3163 3049 3228 posset,
3081 3157 3192 3212 nisi
3220 3159 3380 3228 prius
3432 3161 3702 3215 adversus

2005 3245 2303 3317 opiniones
2327 3245 2520 3317 impiae
2533 3245 2937 3317 stultitiae,qua
2966 3247 3102 3301 dicit
3130 3247 3408 3318 insipiens
3443 3248 3503 3303 in
3532 3249 3702 3304 corde

2005 3351 2129 3403 suo,
2160 3337 2280 3393 Non
2324 3339 2402 3389 est
2421 3338 2558 3389 Deus
2590 3335 2754 3406 (Psal.
2782 3352 2902 3403 xm,
2937 3337 3006 3406 1),
3058 3337 3490 3408 qualiscumque
3543 3337 3612 3391 de
3641 3355 3702 3392 re

2004 3427 2163 3478 tanta
2190 3439 2293 3495 pro
2317 3423 2550 3477 modulo
2601 3428 2797 3478 nostro
2828 3423 2972 3478 inita
2998 3424 3167 3492 ratio,
3201 3425 3402 3480 eodem
3433 3425 3556 3496 ipso
3588 3427 3703 3481 Deo

2005 3512 2066 3566 in
2093 3516 2211 3566 tam
2239 3511 2560 3583 periculoso
2588 3512 2794 3567 itinere
2825 3513 2991 3567 nobis
3012 3513 3350 3584 opitulante,
3391 3514 3452 3568 in
3484 3514 3704 3584 aliquid

2004 3601 2371 3655 manifestum
2424 3600 2837 3656 intenderetur.
2871 3602 3009 3666 Quae
3061 3589 3174 3656 duo
3223 3607 3433 3665 tamen,
3484 3602 3543 3656 id
3594 3609 3699 3670 est,

2007 3691 2186 3744 Deum
2217 3705 2358 3756 esse,
2401 3693 2458 3742 et
2487 3689 2682 3742 omnia
2709 3689 2860 3743 bona
2909 3705 2979 3743 ex
3007 3689 3134 3759 ipso
3165 3705 3307 3756 esse,
3367 3706 3701 3761 quanquam

2003 3778 2338 3831 inconcussa
2365 3775 2477 3830 ﬁde
2497 3776 2672 3830 etiam
2701 3781 2869 3830 antea
2891 3781 3244 3845 tenerentur,
3269 3778 3352 3832 sic
3369 3782 3563 3832 tamen
3591 3784 3702 3834 tra-

2005 3868 2154 3918 ctata
2198 3868 2351 3933 sunt,
2401 3867 2464 3916 ut
2503 3863 2609 3917 hoc
2636 3879 2865 3935 quoque
2893 3865 3149 3932 tertium,
3189 3865 3340 3920 inter
3381 3865 3533 3919 bona
3579 3883 3702 3922 esse

2005 3952 2422 4008 numerandam
2451 3951 2688 4006 liberam
2707 3953 3082 4020 voluntatem,
3111 3953 3568 4008 manifestissime
3599 3971 3698 4026 ap-

2003 4047 2222 4116 pareat.

2075 4135 2162 4187 48.
2211 4131 2337 4186 Jam
2385 4129 2542 4186 enim
2593 4130 2889 4201 superiore
2932 4130 3317 4202 disputatione
3346 4130 3700 4202 patefactum

2007 4225 2108 4288 est,
2141 4219 2507 4291 constititque
2535 4219 2686 4274 inter
2713 4237 2839 4288 nos,
2867 4225 3132 4275 naturam
3157 4219 3408 4291 corporis
3428 4221 3700 4275 inferiore

2005 4311 2187 4382 gradu
2216 4320 2336 4364 esse
2358 4325 2531 4381 quam
2560 4308 2740 4363 animi
2769 4314 3056 4376 naturam,
3088 4326 3150 4363 ac
3179 4324 3285 4379 per
3312 4309 3417 4363 hoc
3441 4309 3701 4363 animum

2005 4400 2192 4470 majus
2220 4399 2439 4454 bonum
2470 4414 2589 4452 esse
2639 4413 2814 4469 quam
2845 4415 3067 4469 corpus.
3103 4397 3162 4452 Si
3192 4414 3328 4468 ergo
3356 4397 3416 4452 in
3447 4399 3702 4468 corporis

2005 4488 2172 4544 bonis
2210 4487 2533 4542 invenimus
2581 4487 2774 4558 aliqua
2819 4486 3028 4558 quibus
3057 4502 3175 4541 non
3227 4491 3378 4540 recte
3409 4487 3495 4541 uti
3524 4487 3701 4542 homo

2006 4576 2203 4649 possit,
2233 4592 2340 4632 nec
2366 4580 2560 4630 tamen
2586 4580 2892 4646 propterea
2920 4575 3162 4629 dicimus
3192 4591 3308 4629 non
3339 4575 3562 4647 eandari
3595 4576 3702 4631 de-

2006 4665 2218 4733 buisse,
2248 4665 2520 4736 quoniam
2550 4680 2673 4718 esse
2711 4664 3054 4718 conﬁtemur
3082 4664 3231 4718 bona
3258 4684 3272 4730 ;
3304 4663 3441 4734 quid
3487 4663 3702 4719 mirum

2007 4755 2056 4810 si
2085 4759 2140 4810 et
2162 4755 2224 4808 in
2254 4753 2446 4809 animo
2476 4758 2611 4808 sunt
2637 4755 2905 4824 quaedam
2931 4753 3105 4822 bona,
3141 4751 3349 4822 quibus
3380 4752 3556 4807 etiam
3584 4769 3701 4806 non

2007 4848 2157 4899 recte
2185 4843 2272 4897 uti
2294 4841 2599 4913 possimus,
2630 4841 2728 4895 sed
2758 4841 2894 4912 quia
2908 4841 3060 4894 bona
3080 4845 3231 4907 sunt,
3253 4857 3373 4895 non
3393 4830 3704 4912 potuerunt

2009 4933 2131 4988 dari
2170 4931 2283 4986 nisi
2304 4931 2371 4986 ab
2400 4932 2498 4986 illo
2528 4948 2562 4985 a
2607 4947 2722 5002 quo
2751 4934 2885 4985 sunt
2914 4930 3109 4984 omnia
3135 4928 3314 4984 bona?
3358 4929 3525 4985 Vides
3545 4928 3700 4982 enim

2009 5025 2287 5092 quantum
2316 5021 2453 5075 boni
2475 5019 2622 5074 desit
2649 5018 2875 5090 corpori
2901 5018 2994 5074 cui
3032 5019 3239 5074 desunt
3266 5033 3492 5087 manus,
3536 5021 3594 5069 et
3621 5021 3702 5070 ta-

2007 5125 2142 5163 men
2179 5108 2445 5162 manibus
2492 5106 2641 5161 male
2689 5105 2868 5162 utitur
2897 5107 2998 5178 qui
3036 5106 3117 5161 eis
3143 5109 3412 5177 operatur
3437 5104 3527 5159 vel
3554 5119 3702 5157 saeva

2006 5198 2096 5252 vel
2123 5197 2332 5266 turpia.
2359 5195 2492 5251 Sine
2515 5195 2757 5268 pedibus
2792 5196 3043 5268 aliquem
3091 5195 3138 5249 si
3163 5193 3461 5264 aspiceres,
3492 5192 3700 5246 fatere-

2008 5287 2086 5341 ris
2114 5287 2305 5341 deesse
2333 5285 2650 5356 integritati
2678 5285 2935 5356 corporis
2970 5284 3285 5356 plurimum
3338 5281 3556 5335 bonum
3589 5297 3603 5347 ;
3646 5285 3703 5335 et

2008 5380 2202 5430 tamen
2231 5390 2365 5430 eum
2411 5373 2513 5445 qui
2540 5375 2613 5429 ad
2641 5374 2966 5428 nocendum
2993 5372 3262 5443 cuipiam,
3313 5370 3402 5424 vel
3447 5368 3700 5439 seipsum

2009 5463 2502 5520 dehonestandum
2530 5462 2772 5534 pedibus
2809 5464 3084 5528 uteretur,
3132 5459 3280 5513 male
3326 5457 3411 5513 uti
3454 5457 3700 5530 pedibus

1990 5546 2002 5554 ’
2070 5558 2143 5621 (α)
2180 5558 2296 5609 Vid.
2332 5560 2556 5610 Retract.
2590 5559 2682 5609 lib.
2715 5563 2762 5620 1,
2787 5559 2970 5621 cap.9,
2999 5558 3124 5605 n.3.
