4074 6370
338 310 357 360 1
369 309 470 360 267

333 447 453 486 non
483 444 743 499 negares.
790 427 978 482 Oculis
1031 427 1177 481 hanc
1220 428 1405 481 lucem
1445 425 1726 494 videmus,
1781 426 2027 480 formas-

338 535 448 591 que
477 517 916 572 internoscimns
945 530 1290 585 corporum;
1345 515 1520 586 idque
1575 519 1633 569 et
1677 513 2028 585 speciosissi-

339 617 500 660 mum
529 605 699 659 estin
729 609 924 658 nostro
955 619 1213 674 corpore,
1245 604 1396 658 unde
1420 604 1480 657 in
1517 603 1744 674 fastigio
1775 603 2031 674 quodam

342 693 635 764 dignitatis
680 693 802 746 haec
856 691 1115 746 membra
1155 692 1339 746 locata
1377 696 1548 758 sunt;
1583 696 1639 746 et
1668 693 1740 746 ad
1788 693 2030 745 salutem

342 783 634 850 tuendam,
686 782 977 852 multaque
1008 781 1118 835 alia
1163 780 1292 834 vitae
1334 780 1633 834 commoda
1679 779 1852 834 refert
1897 795 2033 833 usus

345 873 666 927 oculorum:
693 871 868 924 oculis
896 875 1089 924 tamen
1117 869 1378 940 plerique
1407 869 1681 938 pleraque
1711 871 1888 938 agunt
1917 872 2036 921 tur-

341 960 509 1031 piter,
545 963 600 1012 et
628 974 725 1012 eos
761 957 1004 1012 militare
1051 960 1262 1028 cogunt
1291 956 1534 1010 libidini.
1577 956 1811 1011 Etvides
1850 971 2035 1026 quan-

346 1053 470 1102 tum
495 1048 713 1101 bonum
742 1045 885 1100 desit
917 1045 976 1099 in
1016 1045 1180 1114 facie,
1219 1044 1267 1098 si
1297 1044 1445 1098 oculi
1489 1045 1708 1099 desint:
1759 1061 1888 1099 cum
1935 1060 2038 1098 au-

347 1141 464 1190 tem
513 1136 738 1203 adsunt,
769 1133 898 1204 quis
943 1134 1046 1187 hos
1077 1132 1254 1202 dedit,
1286 1131 1398 1186 nisi
1443 1133 1730 1187 bonorum
1778 1129 2040 1187 omnium

349 1221 590 1292 largitor
639 1222 832 1275 Deus?
885 1211 1377 1286 Quemadmodum
1410 1237 1545 1292 ergo
1591 1221 1700 1275 ista
1735 1221 1943 1292 probas
1980 1221 2043 1274 in

351 1326 614 1381 corpore,
641 1313 696 1363 et
739 1325 854 1362 non
891 1309 1117 1363 intuens
1160 1325 1256 1362 eos
1301 1309 1400 1380 qui
1446 1309 1592 1363 male
1639 1309 1730 1363 his
1779 1312 2042 1375 utuntur,

352 1399 552 1453 laudas
589 1397 754 1450 illum
784 1396 883 1468 qui
913 1397 1032 1451 haec
1061 1397 1216 1451 dedit
1238 1397 1428 1452 bona:
1460 1396 1539 1451 sic
1568 1397 1808 1451 liberam
1838 1398 2045 1451 volun-

354 1491 529 1540 tatem
561 1485 681 1539 sine
712 1501 825 1556 qua
856 1501 1023 1539 nemo
1058 1489 1248 1556 potest
1277 1489 1426 1540 recte
1480 1486 1686 1554 vivere,
1729 1489 1955 1557 oportet
1993 1489 2049 1540 et

356 1575 594 1641 bonum,
627 1578 682 1627 et
709 1573 979 1628 divinitus
1007 1575 1223 1641 datum,
1255 1578 1310 1628 et
1335 1574 1526 1646 potius
1556 1591 1650 1628 eos
1695 1575 2049 1629 damnandos

361 1663 463 1733 qui
490 1663 596 1716 hoc
637 1663 787 1716 bono
830 1663 979 1716 male
1013 1667 1269 1730 utuntur,
1310 1661 1496 1734 quan!
1513 1679 1645 1718 eum
1676 1663 1775 1736 qui
1830 1663 2052 1718 dederit

362 1753 498 1806 dare
532 1767 644 1804 non
673 1751 936 1805 debuisse
970 1751 1216 1806 fatearis.

432 1841 520 1894 49.
553 1842 618 1893 Ε.
653 1839 814 1892 Prius
842 1855 977 1910 ergo
1020 1841 1224 1894 vellem
1255 1844 1318 1894 ut
1348 1839 1489 1893 mihi
1516 1841 1787 1911 probares
1820 1840 2053 1910 aliquod

362 1927 580 1982 bonum
605 1943 724 1981 esse
762 1927 1001 1982 liberam
1039 1929 1414 1995 voluntatem,
1448 1933 1506 1983 et
1536 1944 1642 2000 ego
1681 1929 2053 1984 concederem

365 2017 544 2069 Deum
575 2015 733 2068 illam
763 2016 983 2070 dedisse
1013 2016 1195 2083 nobis,
1241 2016 1378 2088 quia
1415 2017 1596 2070 fateor
1621 2033 1689 2070 ex
1719 2018 1832 2071 Deo
1861 2016 2055 2070 omnia

363 2105 516 2158 bona
536 2120 679 2158 esse.
713 2104 782 2158 Α.
815 2105 971 2158 Itane
993 2105 1224 2158 tandem
1248 2120 1364 2157 non
1387 2104 1620 2175 probavi
1640 2104 1746 2158 tibi
1768 2108 1922 2159 tanto
1939 2121 2056 2159 mo-

365 2191 562 2246 limine
592 2191 899 2263 superioris
927 2192 1344 2263 disputationis,
1386 2209 1516 2247 cum
1547 2209 1777 2248 omnem
1809 2194 2056 2264 speciem

364 2280 726 2350 formamque
756 2281 1008 2350 corporis
1039 2298 1070 2334 a
1098 2297 1322 2335 summa
1349 2281 1606 2336 omnium
1627 2298 1822 2336 rerum
1852 2283 2056 2349 forma,

366 2367 425 2421 id
468 2373 552 2421 est
597 2385 631 2422 a
658 2368 911 2438 veritate,
944 2369 1248 2424 subsistere
1292 2370 1570 2439 fatereris,
1601 2375 1657 2424 et
1688 2371 1902 2425 bonum
1936 2387 2057 2425 esse

369 2457 750 2510 concederes?
781 2458 920 2511 Nam
948 2462 1004 2511 et
1028 2459 1261 2528 capillos
1289 2463 1515 2514 nostros
1555 2464 1883 2514 numeratos
1914 2476 2054 2526 esse,

368 2541 493 2612 ipsa
523 2542 585 2595 in
615 2544 916 2614 Evangelio
957 2546 1208 2617 loquitur
1235 2547 1450 2602 Veritas
1483 2548 1701 2617 (Matth.
1730 2564 1784 2614 x,
1835 2548 1944 2619 30).
1978 2549 2058 2603 De

371 2630 596 2684 numeri
623 2635 814 2685 autem
849 2634 1196 2702 summitate,
1235 2638 1290 2689 et
1332 2651 1363 2688 a
1392 2635 1505 2689 line
1553 2652 1732 2706 usque
1773 2636 1844 2690 ad
1882 2636 2056 2690 ﬁnem

369 2719 740 2789 pertendente
759 2722 1033 2791 potentia,
1050 2739 1179 2794 quae
1200 2723 1371 2777 locuti
1387 2723 1591 2778 fuerim
1599 2740 1685 2794 us,
1699 2725 1907 2780 excidit
1923 2725 2058 2781 tibi?

370 2807 506 2871 Qum
535 2807 710 2878 igitur
735 2809 842 2864 ista
871 2815 956 2864 est
991 2816 1152 2866 tanta
1179 2813 1537 2883 perversitas,
1570 2814 1803 2885 capillos
1832 2819 2058 2870 nostros

368 2896 625 2966 quamvis
651 2897 799 2951 inter
828 2899 1033 2969 exigua
1065 2905 1121 2954 et
1151 2900 1389 2954 omnino
1435 2901 1834 2972 abjectissima,
1863 2907 2056 2958 tamen

365 2983 516 3038 inter
542 2985 692 3039 bona
720 3002 1046 3057 numerare,
1092 3005 1198 3042 nec
1251 2988 1508 3042 invenire
1561 2990 1670 3044 cui
1699 2991 1917 3045 auctori
1954 2991 2056 3046 tri-

365 3071 615 3127 buantur
639 3074 749 3127 nisi
769 3075 1054 3129 bonorum
1083 3076 1342 3130 omnium
1374 3078 1654 3132 conditori
1686 3080 1820 3147 Deo,
1846 3079 1981 3150 quia
2001 3083 2057 3134 et

365 3159 615 3214 maxima
640 3167 696 3215 et
723 3162 964 3216 minima
985 3164 1138 3217 bona
1167 3164 1234 3217 ab
1264 3164 1363 3218 illo
1393 3171 1545 3233 sunt,
1570 3184 1603 3220 a
1627 3183 1741 3238 quo
1772 3172 1856 3222 est
1885 3183 2057 3222 omne

365 3247 618 3317 bonum;
650 3255 705 3302 et
753 3250 1012 3304 dubitare
1070 3253 1138 3306 de
1181 3252 1361 3307 libera
1413 3255 1728 3322 voluntate,
1774 3256 1896 3310 sine
1944 3273 2057 3327 qua

365 3340 516 3389 recte
545 3337 657 3389 vivi
686 3353 800 3390 non
852 3353 1017 3408 posse
1064 3340 1401 3407 concedunt,
1452 3342 1624 3395 etiam
1663 3343 1763 3413 qui
1810 3344 2055 3413 pessime

363 3423 605 3476 vivunt?
628 3425 693 3477 Et
714 3429 863 3478 certe
894 3442 1048 3480 nunc
1077 3428 1376 3497 responde,
1410 3444 1624 3500 quaeso,
1657 3431 1797 3501 quid
1821 3431 2052 3487 tibime~

365 3512 476 3565 lius
497 3528 616 3566 esse
646 3513 903 3567 videatur
931 3514 1203 3588 in.nobis,
1226 3516 1348 3571 sine
1391 3533 1502 3588 quo
1533 3524 1682 3573 recte
1707 3520 1819 3574 vivi
1848 3526 2052 3592 potest,

366 3599 590 3654 an-sine
619 3618 732 3672 quo
772 3607 920 3656 recte
950 3602 1060 3657 vivi
1105 3620 1222 3658 non
1250 3609 1453 3675 potest.
1488 3609 1552 3662 E.
1589 3608 1833 3679 Jamjam
1861 3626 2052 3680 parce,

367 3705 558 3760 quaeso
584 3710 597 3756 ;
627 3691 802 3760 pudet
831 3691 1113 3747 caecitatis.
1165 3692 1301 3758 Quis
1333 3693 1486 3747 enim
1518 3696 1771 3767 ambigat
1797 3698 1854 3752 id
1884 3699 2054 3770 longe

367 3793 486 3830 esse
512 3778 896 3848 praestantius,
918 3778 1040 3832 sine
1067 3796 1179 3851 quo
1205 3785 1354 3834 recta
1374 3783 1486 3836 vita
1514 3784 1671 3838 nulla
1693 3788 1818 3839 est?
1836 3786 1902 3840 A.
1928 3789 2054 3841 Jam

364 3880 500 3934 ergo
529 3869 591 3919 tu
609 3866 840 3937 negabis
869 3867 1089 3921 luscum
1119 3869 1413 3923 hominem
1441 3876 1592 3925 recte
1626 3889 1791 3943 posse
1821 3873 2054 3930 vivere?

362 3955 433 4008 E.
463 3953 624 4008 Absit
651 3960 766 4008 tam
795 3955 1063 4010 immanis
1085 3958 1353 4012 amentia.
1383 3959 1452 4013 A.
1487 3958 1630 4014 Cum
1656 3977 1794 4032 ergo
1835 3961 1896 4016 in
1928 3979 2052 4016 cor-

361 4056 502 4111 pore
560 4043 788 4097 oculum
832 4044 1105 4098 concedas
1153 4062 1273 4099 esse
1324 4046 1561 4116 aliquod
1631 4044 1872 4119 bonum,
1937 4067 2052 4122 quo

365 4129 572 4182 amisso
598 4135 790 4184 tamen
816 4131 887 4185 ad
910 4135 1060 4185 recte
1100 4133 1405 4187 vivendum
1433 4150 1549 4188 non
1575 4134 1920 4206 impeditur;
1957 4155 2052 4194 vo-

362 4217 549 4271 luntas
577 4217 755 4271 libera
778 4219 882 4272 tibi
920 4219 1206 4274 videbitur
1232 4221 1456 4275 nullum
1483 4221 1719 4292 bonum,
1771 4223 1892 4279 sine
1941 4242 2053 4297 qua

360 4308 512 4358 recte
543 4321 712 4358 nemo
741 4305 926 4359 vivit?

327 4381 332 4387 ’
435 4394 522 4447 50.
555 4391 800 4446 Intueris
824 4376 976 4448 ehim
1002 4395 1304 4465 justitiam,
1336 4413 1447 4468 qua
1474 4413 1645 4452 nemo
1664 4400 1832 4454 -male
1855 4401 2050 4455 utitur.

362 4479 493 4532 Haec
519 4479 671 4533 inter
695 4496 917 4534 summa
944 4482 1094 4536 bona
1123 4500 1252 4555 quae.
1273 4485 1334 4538 in
1361 4486 1487 4556 ipso
1517 4491 1650 4542 sunt
1675 4487 1911 4542 homine
1941 4505 2052 4543 nu-

361 4571 635 4634 meratur,
682 4585 994 4642 omnesque
1018 4571 1253 4626 virtutes
1282 4573 1460 4629 animi
1490 4575 1697 4647 quibus
1736 4576 1860 4648 ipsa
1899 4581 2052 4632 recta

359 4655 476 4710 vita
505 4660 562 4710 et
588 4657 830 4712 honesta
849 4663 1086 4715 constat.
1111 4662 1252 4716 Nam
1281 4678 1468 4734 neque
1514 4664 1834 4735 prudentia,
1865 4681 2052 4738 neque

361 4743 711 4814 fortitudine,
741 4761 928 4818 neque
957 4750 1334 4818 temperantia
1362 4751 1508 4805 male
1560 4751 1688 4822 quis
1740 4753 1956 4808 utitur:
1989 4754 2050 4808 in

360 4831 448 4886 his
477 4833 630 4887 enim
655 4834 942 4905 omnibus,
974 4837 1120 4892 sicut
1163 4838 1224 4892 in
1244 4838 1368 4911 ipsa
1391 4840 1563 4895 etiam
1590 4857 1762 4912 quam
1804 4846 1865 4895 tu
1895 4858 2045 4898 com-

360 4920 689 4976 memorasti
704 4921 942 4992 justitia,
974 4929 1124 4979 recta
1145 4926 1290 4980 ratio
1320 4927 1494 4999 viget,
1524 4928 1646 4984 sine
1673 4945 1788 5000 qua
1810 4929 2048 4986 virtutes

360 5025 481 5064 esse
510 5025 626 5064 non
671 5014 926 5079 possunt.
965 5013 1129 5067 Recta
1151 5018 1340 5069 autem
1365 5016 1583 5071 ratione
1603 5018 1750 5072 male
1768 5017 1852 5072 uti
1876 5034 2046 5074 nemo

359 5101 566 5167 potest.

360 5186 586 5241 CAPUT
630 5187 759 5242 XIX.
812 5217 880 5228 —-
921 5190 1070 5244 Bona
1119 5205 1338 5260 magna,
1389 5196 1641 5264 minima,
1676 5199 1727 5250 et
1752 5196 1950 5251 media.
1984 5200 2048 5252 In

830 5277 1020 5332 mediis
1048 5283 1288 5333 censetur
1327 5281 1566 5337 libertas.

430 5363 541 5416 Ista
570 5379 704 5434 ergo
724 5379 936 5435 magna
950 5365 1102 5420 bona
1121 5371 1254 5421 sunt
1281 5383 1295 5421 :
1318 5369 1411 5423 sed
1442 5369 1769 5424 meminisse
1792 5375 1846 5426 te
1877 5389 2044 5444 opor-

357 5453 460 5519 tet,
488 5467 603 5506 non
633 5453 816 5507 solum
845 5471 1074 5526 magna,
1106 5456 1206 5511 sed
1245 5456 1416 5510 etiam
1463 5457 1701 5512 minima
1729 5459 1878 5514 bona
1930 5478 2046 5517 non

359 5553 480 5593 esse
510 5555 694 5608 posse,
717 5541 827 5595 nisi
849 5543 918 5597 ab
946 5543 1046 5598 illo
1075 5561 1108 5598 a
1127 5560 1242 5616 quo
1257 5549 1389 5599 sunt
1417 5545 1612 5600 omnia
1638 5546 1810 5612 bona,
1837 5549 1943 5604 hoc
1963 5556 2050 5605 est

1422 303 1518 357 DE
1560 301 1819 357 ΗΒΕΒο
1857 303 2213 370 ΑΒΒΙΤΡιΙΟ,
2257 303 2309 358 S.
2354 301 2737 359 AUGUSTINI

3709 306 3848 358 i268

2140 428 2276 482 Deo.
2305 427 2368 482 Id
2392 427 2547 481 enim
2579 425 2840 498 superior
2885 426 3197 498 disputatio
3227 425 3532 496 persuasit,
3556 425 3653 481 cui
3672 425 3852 480 toties

2135 520 2369 586 tamque
2397 516 2563 569 laetus
2591 531 2852 570 assensus
2881 532 2962 571 es.
2994 515 3242 570 Virtutes
3260 515 3662 586 igiturquibus
3693 519 3850 569 recte

2138 604 2365 670 vivitur,
2388 621 2598 674 magna
2626 606 2917 659 bonasunt
2948 619 2963 658 :
2997 604 3212 675 species
3226 609 3418 658 autem
3445 603 3855 675 quorumlibet

2139 707 2460 762 corporum,
2493 691 2612 744 sine
2647 691 2852 761 qvihus
2881 696 3031 746 recte
3061 691 3172 746 vivi
3192 695 3402 763 potest,
3431 691 3676 745 minima
3691 693 3854 745 bona

2141 783 2273 833 sunt
2303 792 2315 832 :
2350 779 2622 850 potentias
2651 796 2782 833 vero
2810 779 2988 833 animi
3009 779 3130 834 sine
3175 780 3386 850 quibus
3404 785 3557 834 recte
3590 780 3706 833 vivi
3727 795 3857 833 non

2141 867 2553 939 potest,media
2566 869 2714 923 bona
2728 873 2880 922 sunt.
2903 868 3218 924 Virtutibus
3243 884 3413 923 nemo
3448 868 3599 923 male
3626 867 3853 922 utitur:

2143 955 2360 1010 caeteris
2373 959 2562 1010 autem
2575 955 2757 1023 bonis,
2786 955 2846 1010 id
2871 959 2975 1022 est,
3005 955 3208 1009 mediis
3238 961 3295 1010 et
3319 955 3597 1023 minimis,
3622 971 3738 1009 non
3761 971 3859 1008 so-

2142 1045 2266 1100 lum
2294 1045 2460 1111 bene,
2491 1044 2591 1099 sed
2620 1045 2793 1099 etiam
2820 1045 2967 1098 male
2998 1044 3241 1116 quisque
3274 1044 3357 1098 uti
3380 1047 3586 1115 potest.
3622 1045 3690 1098 Et
3712 1042 3854 1097 ideo

2147 1133 2354 1187 virtute
2377 1149 2548 1188 nemo
2571 1135 2718 1188 male
2741 1133 2941 1202 utitur,
2966 1133 3103 1205 quia
3133 1150 3275 1205 opus
3295 1132 3518 1188 virtutis
3546 1137 3632 1186 est
3656 1131 3858 1185 bonus

2148 1238 2286 1278 usus
2314 1221 2576 1292 istorum,
2623 1222 2829 1294 quibus
2873 1222 3044 1276 etiam
3075 1239 3190 1277 non
3232 1223 3376 1279 bene
3405 1221 3491 1276 uti
3519 1236 3861 1291 possumus.

2153 1312 2331 1366 Nemo
2345 1315 2537 1365 autem
2548 1311 2693 1366 bene
2706 1311 2919 1367 utendo
2933 1313 3081 1366 male
3095 1311 3484 1376 utitur.Quare
3500 1309 3865 1364 abundantia

2154 1399 2553 1472 etmagnitudo
2565 1400 2836 1455 bonitatis
2851 1401 2948 1456 Dei
2965 1416 3080 1454 non
3100 1401 3288 1455 solum
3308 1389 3540 1471 magna,
3561 1399 3660 1454 sed
3679 1398 3864 1452 etiam

2154 1489 2342 1544 media
2371 1493 2426 1544 et
2454 1489 2692 1544 minima
2717 1490 2868 1544 bona
2897 1504 3015 1544 esse
3045 1489 3324 1561 praestitit.
3359 1489 3535 1559 Magis
3565 1487 3869 1542 laudanda

2157 1582 2241 1632 est
2267 1578 2488 1633 bonitas
2513 1578 2636 1649 ejus
2665 1578 2724 1632 in
2752 1579 2977 1648 magnis
3027 1594 3201 1649 quam
3238 1577 3299 1632 in
3328 1577 3554 1643 mediis,
3583 1580 3641 1630 et
3668 1575 3868 1645 magis

2157 1666 2219 1720 in
2246 1665 2451 1720 mediis
2481 1681 2655 1737 quam
2684 1666 2744 1720 in
2768 1666 3022 1720 minimis
3048 1667 3240 1722 bonis:
3267 1667 3367 1721 sed
3388 1665 3570 1736 magis
3592 1664 3654 1718 in
3675 1662 3871 1718 omni-

2157 1755 2262 1810 bus
2289 1771 2462 1826 quam
2489 1755 2535 1809 si
2565 1771 2679 1809 non
2713 1755 2908 1809 omnia
2937 1755 3248 1810 tribuisset.

2232 1840 2290 1891 5t
2311 1878 2326 1892 .
2364 1837 2437 1891 E.
2466 1837 2783 1906 Assentior.
2815 1837 2922 1892 Sed
2943 1837 3083 1892 illud
3114 1853 3207 1892 me
3235 1841 3446 1907 movet,
3478 1835 3755 1908 quoniam
3791 1833 3871 1888 de

2162 1925 2340 1980 libora
2383 1926 2673 1980 voluntate
2704 1927 2942 1997 qumstio
2968 1932 3069 1994 est,
3129 1931 3184 1979 et
3215 1926 3472 1981 videmus
3499 1925 3681 1996 ipsam
3714 1923 3871 1978 bene

2161 2015 2246 2069 uti
2283 2015 2498 2069 caeteris
2527 2015 2614 2070 vel
2648 2031 2761 2070 non
2791 2016 2957 2082 bene,
2990 2016 3281 2086 quomodo
3340 2020 3397 2069 et
3428 2015 3553 2086 ipsa
3580 2015 3733 2069 inter
3763 2013 3874 2067 illa

2163 2103 2368 2175 quibus
2389 2103 2608 2158 utimur
2618 2104 2976 2158 numeranda
2995 2105 3085 2160 sit.
3099 2105 3172 2158 A.
3197 2105 3494 2169 Quomodo
3519 2105 3716 2159 omnia
3730 2121 3872 2176 quas

2165 2193 2234 2246 ad
2281 2193 2577 2246 scientiam
2621 2193 3034 2263 cognoscimus,
3063 2193 3284 2247 ratione
3328 2192 3752 2263 cognoscimus,
3811 2196 3876 2246 et

2165 2285 2358 2335 tamen
2402 2281 2575 2334 etiam
2630 2282 2754 2352 ipsa
2808 2281 2952 2336 ratio
3005 2282 3105 2336 illa
3159 2287 3494 2336 numeratur
3566 2297 3696 2352 quae
3769 2297 3875 2335 ra-

2165 2369 2318 2423 tione
2348 2368 2760 2441 cognoscimus.
2791 2373 2879 2424 An
2911 2369 3118 2424 oblitus
3159 2387 3235 2437 es,
3278 2386 3406 2424 cum
3469 2386 3876 2441 quaereremus

2167 2475 2293 2529 quas
2320 2459 2542 2512 ratione
2569 2463 3002 2529 cognoscantur,
3036 2458 3359 2513 confessum
3396 2463 3451 2512 te
3481 2458 3656 2512 fuisse
3687 2458 3874 2512 etiam

2166 2547 2448 2600 rationem
2468 2546 2690 2601 ratione
2709 2547 3005 2616 cognosci?
3029 2546 3154 2601 Noli
3174 2563 3310 2618 ergo
3342 2546 3537 2605 mirari
3567 2546 3612 2600 si
3641 2547 3876 2602 cmteris

2165 2651 2268 2706 per
2295 2634 2532 2689 liberam
2562 2635 2913 2688 voluntatem
2942 2634 3180 2705 utimur,
3212 2637 3381 2689 etiam
3413 2635 3537 2706 ipsa
3561 2634 3746 2690 libera
3773 2651 3876 2690 vo-

2164 2725 2382 2780 luntate
2411 2739 2515 2794 per
2530 2739 2656 2777 eam
2685 2723 2868 2794 ipsam
2897 2725 2981 2778 uti
3007 2740 3113 2778 nos
3127 2729 3408 2794 posse;ut
3433 2724 3874 2796 quodammodo

2166 2812 2372 2882 seipse
2419 2816 2614 2866 utatur
2641 2812 2901 2866 voluntas
2940 2828 3069 2883 qua:
3108 2813 3288 2867 utitur
3318 2812 3558 2878 casteris,
3593 2811 3744 2866 sicut
3773 2829 3872 2867 se-

2164 2900 2348 2971 ipsam
2379 2899 2666 2970 cognoscit
2694 2900 2857 2967 ratio,
2891 2917 3019 2972 quas
3050 2901 3338 2972 cognoscit
3375 2904 3430 2955 et
3457 2906 3685 2955 caetera.
3721 2903 3874 2955 Nam

2166 2994 2220 3044 et
2246 2989 2525 3044 memoria
2555 3006 2669 3043 non
2700 2990 2886 3043 solum
2918 2995 3124 3044 caetera
3163 2989 3377 3057 omnia,
3421 3006 3549 3061 quin
3591 2989 3874 3044 memini-

2163 3094 2292 3131 mus
2321 3078 2751 3148 comprehendit
2776 3095 2789 3145 ;
2813 3079 2909 3132 sed
2923 3079 3095 3132 etiam
3123 3078 3277 3149 quod
3314 3094 3431 3132 non
3461 3077 3862 3132 obliviscimur

2164 3183 2267 3220 nos
2295 3166 2504 3221 habere
2525 3166 2885 3236 memoriam,
2909 3166 3034 3238 ipsa
3049 3183 3107 3221 se
3136 3167 3412 3221 memoria
3431 3167 3869 3238 quodammodo

2164 3258 2318 3308 tenet
2348 3254 2406 3308 in
2440 3255 2620 3322 nobis,
2654 3272 2781 3326 quae
2817 3272 2932 3310 non
2964 3256 3150 3310 solum
3205 3256 3468 3325 aliorum,
3527 3255 3624 3309 sed
3681 3256 3864 3310 etiam

2165 3343 2250 3398 sui
2280 3343 2560 3411 meminit,
2595 3345 2681 3398 vel
2718 3345 2909 3415 potius
2946 3361 3050 3400 nos
3102 3348 3157 3400 et
3185 3349 3389 3400 caetera
3417 3349 3474 3400 et
3517 3344 3704 3415 ipsam
3754 3361 3867 3416 per

2163 3432 2345 3504 ipsam
2369 3431 2754 3488 meminimus.

2235 3525 2321 3576 52.
2351 3521 2619 3576 Voluntas
2641 3538 2776 3592 ergo
2807 3538 2936 3594 quae
2975 3522 3229 3578 medium
3249 3523 3465 3577 bonum
3489 3527 3588 3588 est,
3623 3539 3758 3578 cum
3777 3524 3866 3578 in-

2162 3610 2344 3664 haeret
2367 3609 2822 3666 incommutabili
2851 3611 3022 3682 bono,
3052 3611 3218 3682 eique
3245 3599 3540 3666 communi
3577 3628 3693 3666 non
3719 3628 3862 3682 pro-

2161 3699 2305 3770 prio,
2342 3699 2503 3753 sicuti
2541 3705 2626 3754 est
2664 3700 2765 3755 illa
2804 3701 2874 3755 de
2906 3717 3019 3772 qua
3047 3700 3294 3755 multum
3335 3700 3513 3755 locuti
3544 3716 3768 3768 sumus,
3803 3709 3864 3756 et

2161 3787 2305 3841 nihil
2337 3787 2508 3858 digne
2541 3787 2806 3855 diximus,
2841 3789 3075 3856 veritas;
3108 3793 3262 3844 tenet
3289 3789 3465 3843 homo
3500 3789 3729 3843 beatam
3769 3790 3863 3844 vi-

2160 3879 2311 3930 tam:
2346 3891 2526 3946 eaque
2555 3875 2677 3947 ipsa
2703 3876 2816 3930 vita
2846 3877 3033 3945 beata,
3065 3877 3122 3931 id
3166 3880 3249 3931 est
3287 3876 3464 3930 animi
3502 3876 3723 3932 affectio
3764 3877 3860 3932 in-

2159 3964 2429 4018 haerentis
2459 3964 2909 4019 incommutabili
2939 3965 3113 4033 bono,
3164 3967 3462 4037 proprium
3497 3972 3554 4020 et
3600 3967 3862 4038 primum

2160 4057 2243 4107 est
2270 4053 2519 4108 hominis
2547 4054 2783 4108 bonum.
2820 4055 2883 4108 In
2901 4070 2966 4108 eo
2997 4060 3131 4110 sunt
3159 4055 3334 4110 etiam
3364 4055 3602 4110 virtutes
3630 4071 3858 4124 omnes,

2159 4141 2368 4213 quibus
2397 4143 2544 4196 male
2571 4141 2655 4196 uti
2681 4159 2849 4197 nemo
2878 4147 3079 4214 potest.
3115 4145 3256 4198 Nam
3275 4145 3400 4199 haec
3444 4145 3705 4216 quamvis
3731 4161 3860 4199 ma-

2158 4245 2272 4300 gna
2300 4229 2360 4284 in
2412 4230 2646 4284 homine
2693 4235 2749 4285 et
2802 4231 2989 4302 prima
3042 4232 3175 4300 sint,
3229 4232 3460 4303 propria
3508 4237 3702 4287 tamen
3732 4249 3860 4288 esse

2161 4310 2600 4382 uniuscujusque
2629 4311 2897 4378 hominis,
2943 4328 3057 4365 non
3097 4314 3444 4382 communia,
3476 4313 3608 4367 satis
3640 4313 3861 4369 intelli-

2159 4398 2332 4470 gitur.
2361 4399 2603 4454 Veritate
2633 4398 2787 4454 enim
2819 4404 2988 4472 atque
3019 4400 3318 4471 sapientia,
3361 4417 3489 4472 quae
3531 4402 3864 4457 communis

2159 4491 2243 4541 est
2293 4487 2580 4554 omnibus,
2633 4503 2832 4541 omnes
2873 4487 3154 4558 sapientes
3195 4491 3250 4543 et
3275 4488 3428 4542 beati
3464 4488 3628 4556 ﬁunt,
3667 4489 3860 4544 inhae-

2156 4576 2336 4630 rendo
2365 4575 2468 4630 illi.
2497 4577 2854 4632 Beatitudine
2883 4582 3074 4632 autem
3097 4578 3328 4632 alterius
3353 4578 3604 4632 hominis
3633 4595 3751 4633 non
3793 4581 3864 4636 tit

2156 4665 2298 4719 alter
2325 4664 2521 4719 beatus
2549 4681 2563 4732 ;
2596 4665 2731 4736 quia
2764 4670 2820 4721 et
2847 4682 2978 4721 cum
3024 4683 3157 4720 eum
3185 4667 3442 4721 imitatur
3473 4672 3536 4722 ut
3580 4667 3673 4734 sit,
3720 4667 3862 4724 inde

2157 4753 2376 4825 appetit
2404 4754 2604 4809 beatus
2635 4753 2758 4810 ﬁeri
2791 4755 2939 4810 unde
2966 4754 3131 4810 illum
3163 4755 3371 4810 factum
3409 4756 3585 4824 videt,
3617 4757 3714 4810 illa
3747 4757 3861 4812 sci-

2157 4842 2286 4897 licet
2333 4843 2788 4899 incommutabili
2843 4844 3251 4916 communique
3325 4845 3585 4900 veritate.
3651 4846 3857 4916 Neque

2155 4931 2459 5001 prudentia
2479 4932 2815 5004 cujusquam
2845 4932 2911 4986 ﬁt
2939 4933 3190 5002 prudens
3219 4932 3384 5000 alius,
3417 4938 3516 4988 aut
3543 4933 3708 4987 fortis
3737 4934 3862 4987 for-

2155 5018 2420 5087 titudine,
2441 5025 2538 5074 aut
2563 5025 2887 5090 temperans
2899 5022 3296 5092 temperantia,
3312 5026 3409 5076 aut
3413 5022 3605 5092 justus
3620 5022 3858 5093 justitia

2153 5107 2404 5162 hominis
2432 5108 2666 5163 alterius
2708 5107 3012 5178 quisquam
3049 5110 3329 5177 efficitur;
3382 5111 3480 5164 sed
3530 5112 3857 5181 coaptando

2153 5196 2410 5250 animum
2439 5195 2523 5250 illi
2552 5196 3114 5251 incommutabilibns
3156 5200 3368 5269 regulis
3419 5199 3856 5270 luminibusque

2152 5283 2449 5352 virtutum,
2472 5301 2601 5355 quas
2630 5283 3142 5355 incorruptibiliter
3170 5287 3366 5342 vivunt
3385 5287 3446 5342 in
3470 5288 3594 5359 ipsa
3612 5288 3856 5343 veritate

2155 5372 2545 5444 sapientiaque
2574 5372 2883 5437 communi,
2918 5373 3125 5444 quibus
3155 5383 3209 5430 et
3230 5376 3325 5431 ille
3347 5377 3627 5447 coaptavit
3649 5381 3706 5430 et
3725 5377 3857 5431 ﬁxit

2155 5462 2433 5527 animum,
2466 5477 2638 5532 quem
2660 5459 2782 5514 istis
2813 5461 3116 5517 virtutibus
3143 5465 3449 5534 praeditum
3481 5465 3588 5518 sibi
3617 5465 3686 5518 ad
3717 5465 3852 5519 imi-

2151 5550 2390 5604 tandum
2420 5549 2736 5621 proposuit.
