4074 6372
1551 181 1622 207 ενιι
1677 154 1697 182 β

1282 250 1406 294 1,.

142 327 282 378 1269

213 448 304 501 53.
339 444 614 499 Voluntas
635 457 772 512 ergo
801 441 1101 496 adhmrens
1118 440 1410 496 communi
1441 444 1612 514 atque
1632 441 1836 495 incom-

141 532 415 588 mutabili
468 532 640 594 bono,
687 531 957 602 impetrat
985 529 1173 601 prima
1216 535 1274 584 et
1320 546 1530 601 magna
1587 529 1836 584 hominis

133 621 311 688 bona,
341 637 472 675 cum
504 619 628 690 ipsa
648 618 721 673 sit
751 618 1003 673 medium
1025 619 1310 690 quoddam
1348 619 1586 672 bonum.
1621 619 1834 672 Volun-

130 714 220 764 tas
242 715 438 764 autem
471 725 668 763 aversa
703 709 774 763 ab
797 707 1249 762 incommutabili
1273 712 1326 762 et
1350 707 1642 762 communi
1663 707 1832 774 bono,

129 803 188 853 et
217 815 490 870 conversa
519 799 587 854 ad
601 797 900 869 proprium
929 797 1166 862 bonum,
1191 799 1290 850 aut
1331 795 1404 850 ad
1437 795 1705 863 exterius,
1737 800 1836 850 aut

131 887 204 942 ad
250 887 514 952 inferius,
559 890 774 956 peccat.
808 886 894 942 Ad
940 884 1242 956 proprium
1291 883 1660 949 convertitur,
1702 899 1834 938 cum

131 992 255 1030 sua:
285 974 585 1046 potestatis
629 975 752 1029 vult
796 991 956 1042 esse;
1005 975 1074 1028 ad
1105 972 1372 1038 exterius,
1407 988 1539 1027 cum
1586 973 1833 1028 aliorum

127 1063 388 1136 propria,
420 1065 509 1118 vel
547 1079 923 1135 quascumque
953 1063 1024 1117 ad
1069 1079 1127 1116 se
1175 1078 1290 1116 non
1319 1061 1630 1133 pertinent,
1655 1077 1830 1136 cogo-
1849 1068 1887 1104 τί(

117 1152 530 1233 wstudet;
589 1153 660 1207 ad
710 1151 972 1218 inferius,
1022 1167 1151 1206 cum
1177 1151 1531 1221 voluptatem
1572 1150 1831 1224 corporis

127 1243 343 1314 diligit:
387 1247 560 1314 atque
599 1241 681 1296 ita
708 1242 882 1296 homo
912 1240 1212 1311 superbus,
1246 1243 1300 1294 et
1329 1239 1602 1319 curiosus,
1659 1247 1716 1293 et
1743 1239 1828 1293 la-

125 1332 315 1386 scivus
343 1331 598 1394 effectus,
631 1329 911 1402 excipitur
940 1329 1008 1384 ab
1045 1328 1158 1382 alia
1189 1328 1324 1396 vita,
1353 1344 1482 1398 quae
1511 1327 1572 1381 in
1593 1343 1829 1398 compa-

125 1421 348 1476 ratione
390 1419 699 1492 superioris
731 1419 861 1473 vita}
889 1434 1045 1472 mors
1074 1421 1192 1484 est;
1234 1433 1364 1488 quae
1392 1421 1584 1471 tamen
1612 1416 1832 1488 regitur

125 1508 624 1564 administratione
651 1507 859 1562 divinae
880 1505 1269 1578 providentiae,
1312 1521 1439 1576 quae
1459 1505 1726 1574 congruis
1746 1520 1828 1558 se-

122 1598 293 1652 dibus
342 1597 575 1652 ordinat
604 1595 812 1658 omnia,
852 1601 908 1649 et
937 1611 1040 1664 pro
1072 1593 1290 1648 meritis
1337 1609 1438 1647 sua
1473 1592 1679 1663 cuique
1709 1592 1824 1646 dis-

123 1686 346 1742 tribuit.
373 1688 454 1740 Ita
483 1685 548 1740 ﬁt
575 1689 641 1738 ut
667 1699 855 1755 neque
902 1683 1000 1737 illa
1021 1682 1185 1736 'bona
1214 1696 1343 1752 quae
1391 1697 1422 1735 a
1464 1679 1826 1750 peccantibus

121 1777 500 1842 appetuntur,
529 1772 648 1825 ullo
674 1771 848 1825 modo
869 1771 1020 1824 mala
1043 1770 1176 1836 sint,
1208 1785 1394 1840 neque
1419 1769 1542 1840 ipsa
1558 1769 1823 1822 voluntas

122 1861 324 1926 libera,
353 1874 526 1931 quam
545 1859 607 1913 in
627 1858 794 1914 bonis
813 1858 1155 1929 quibusdam
1177 1857 1381 1912 mediis
1403 1857 1823 1912 numerandam

121 1966 245 2004 esse
277 1948 697 2019 comperimus;
727 1948 824 2002 sed
855 1947 1074 2001 malum
1111 1946 1184 2000 sit
1223 1945 1438 2000 aversio
1471 1945 1592 2015 ejus
1622 1945 1694 2000 ab
1738 1945 1823 1999 in-

119 2037 516 2093 commutabili
543 2036 716 2102 bono,
761 2040 816 2090 et
859 2034 1152 2089 conversio
1180 2035 1251 2088 ad
1294 2034 1595 2088 mutabilia
1627 2034 1818 2088 bona:

119 2144 249 2199 quae
276 2131 468 2181 tamen
498 2125 714 2179 aversio
746 2118 1257 2195 atque‘conversio,
1281 2123 1553 2194 quoniam
1584 2139 1700 2176 non
1731 2139 1821 2177 co-

116 2216 292 2286 gitur,
317 2215 419 2270 sed
448 2219 534 2267 est
561 2213 902 2280 voluntaria,
937 2212 1114 2282 digna
1145 2216 1202 2266 et
1227 2211 1384 2282 justa
1413 2227 1540 2266 eam
1572 2211 1820 2267 miserias

116 2321 288 2374 poena
316 2302 708 2372 subsequitur.

187 2392 417 2447 CAPUT
449 2393 554 2446 XX.
579 2420 648 2431 —
677 2393 764 2446 Ea:
793 2391 907 2446 Deo
935 2405 1042 2444 non
1070 2394 1148 2445 est
1176 2394 1350 2445 motus
1378 2391 1489 2458 ille,
1517 2405 1620 2461 quo
1647 2405 1744 2445 vo-

325 2482 510 2535 luntas
549 2480 617 2533 ab
653 2479 1086 2534 incommutabili
1133 2479 1264 2533 bono
1311 2481 1597 2532 avertitur.

183 2571 270 2623 54.
305 2568 415 2623 Sed
443 2571 506 2621 tu
527 2568 765 2621 fortasse
787 2566 1131 2638 quaesiturus
1153 2582 1234 2636 es,
1255 2566 1530 2638 quoniam
1552 2569 1818 2622 movetur

110 2657 374 2711 voluntas
420 2662 551 2710 cum
582 2671 640 2710 se
678 2654 882 2710 avertit
925 2655 995 2710 ab
1024 2655 1486 2710 incommutabili
1535 2655 1686 2710 bono
1743 2656 1814 2711 ad

109 2744 389 2801 mutabile
415 2744 654 2808 bonum,
688 2744 840 2797 unde
861 2742 914 2797 ei
936 2742 1042 2797 iste
1071 2747 1263 2797 motus
1283 2742 1483 2796 existat
1510 2764 1525 2810 -,
1553 2744 1655 2814 qui
1685 2760 1816 2814 pro-

108 2835 257 2890 fecto
291 2833 478 2887 malus
507 2837 612 2900 est,
643 2830 1144 2886 tametsivoluntas
1174 2831 1372 2899 libera,
1401 2831 1538 2902 quia
1558 2831 1684 2886 sine
1715 2832 1814 2886 illa

112 2939 218 2977 nec
275 2926 427 2976 recte
482 2919 596 2975 vivi
650 2923 859 2990 potest,
919 2918 980 2972 in
1026 2918 1192 2974 bonis
1232 2920 1594 2975 numeranda
1631 2919 1723 2974 sit.
1754 2920 1812 2976 Si

113 3011 270 3067 enim
297 3014 486 3065 motus
512 3009 639 3075 iste,
688 3008 747 3063 id
779 3012 866 3063 est
900 3007 1115 3062 aversio
1156 3008 1464 3062 voluntatis
1503 3025 1537 3062 a
1568 3008 1810 3063 Domino

109 3102 246 3168 Deo,
276 3099 398 3152 sine
429 3097 787 3153 dubitatione
831 3100 1126 3168 peccatum
1171 3100 1274 3163 est,
1321 3112 1462 3150 num
1508 3113 1810 3167 possumus

108 3194 402 3244 auctorem
439 3186 655 3257 peccati
706 3187 888 3240 Deum
938 3184 1172 3240 dicere?
1213 3185 1336 3240 Non
1383 3185 1493 3240 erit
1537 3201 1672 3256 ergo
1702 3186 1808 3241 iste

108 3281 299 3332 motus
330 3292 398 3330 ex
428 3276 562 3330 Deo.
600 3274 758 3329 Unde
787 3273 963 3345 igitur
990 3273 1144 3328 erit?
1173 3274 1257 3328 Ita
1285 3273 1565 3344 quaerenti
1593 3274 1719 3344 tibi,
1760 3275 1807 3329 si

103 3364 484 3437 respondeam
513 3362 730 3418 nescire
763 3377 877 3429 me,
906 3362 1142 3417 fortasse
1172 3361 1284 3416 eris
1313 3361 1567 3417 tristior:
1600 3363 1698 3418 sed
1729 3369 1808 3418 ta-

105 3470 240 3508 men
279 3468 411 3508 vera
457 3449 877 3522 responderim.
929 3450 1069 3505 Sciri
1098 3449 1253 3506 enim
1285 3467 1401 3504 non
1431 3455 1621 3522 potest
1650 3453 1806 3523 quod

103 3543 249 3598 nihil
297 3545 403 3597 est.
451 3541 536 3594 Tu
563 3539 1091 3610 tantum'pietatem
1120 3539 1515 3594 inconcussam
1545 3545 1697 3607 tene,
1740 3545 1805 3595 ut

101 3631 328 3686 nullum
370 3628 474 3683 tibi
509 3629 726 3683 bonum
755 3629 843 3682 vel
870 3627 1162 3697 sentienti,
1201 3628 1290 3681 vel
1321 3628 1685 3698 intelligenti,
1715 3631 1802 3683 vel

102 3735 337 3792 quoquo
369 3717 538 3772 modo
569 3717 844 3788 cogitanti
868 3720 1126 3772 occurrat
1145 3717 1302 3787 quod
1325 3732 1440 3770 non
1470 3716 1541 3770 sit
1570 3733 1635 3770 ex
1661 3718 1797 3772 Deo.

105 3810 188 3863 Ita
217 3807 376 3862 enim
413 3806 574 3861 nulla
602 3810 810 3860 natura
837 3805 1082 3860 occurrit
1125 3820 1256 3876 quas
1285 3820 1404 3859 non
1435 3805 1509 3858 sit
1549 3820 1614 3860 ex
1661 3806 1794 3860 Deo.

1603 317 1816 374 LIBER
1855 316 2180 374 TERTIUS.

3514 316 3650 369 i270

1947 441 2188 496 Omnem
2231 439 2443 511 quippe
2474 453 2597 493 rem
2638 437 2739 492 ubi
2778 451 3107 491 mensuram
3152 441 3208 492 et
3249 453 3558 494 numerum
3585 444 3643 494 et

1944 529 2208 584 ordinem
2237 527 2464 594 videris,
2497 529 2613 582 Deo
2645 525 2845 581 artiﬁci
2894 525 3147 580 tribuere
3206 541 3278 581 ne
3328 529 3629 583 cunctaris.

1945 618 2103 673 Unde
2130 621 2324 672 autem
2345 616 2452 670 ista
2481 616 2705 687 penitus
2731 615 3063 682 detraxeris,
3097 614 3242 669 nihil
3277 615 3513 670 omnino
3548 633 3638 670 re-

1940 705 2197 762 manebit
2223 721 2237 759 :
2270 704 2407 775 quia
2436 704 2538 758 etsi
2566 705 2903 758 remanserit
2932 705 3125 776 aliqua
3167 703 3370 759 formas
3401 705 3639 774 alicujus

1939 794 2250 860 inchoatio,
2274 792 2374 848 ubi
2403 808 2588 863 neque
2620 809 2950 847 mensuram
2983 809 3169 864 neque
3201 809 3512 848 numerum
3544 811 3640 848 ne-

1942 899 2054 954 que
2087 883 2349 936 ordinem
2401 880 2677 946 invenias,
2735 882 2868 951 quia
2923 882 3273 954 ubicumque
3315 883 3424 938 ista
3480 888 3635 946 sunt,

1936 971 2121 1026 forma
2153 970 2401 1042 perfecta
2449 973 2562 1036 est;
2599 973 2824 1039 oportet
2867 970 3090 1024 auferas
3133 972 3307 1026 etiam
3336 972 3520 1044 ipsam
3549 973 3642 1026 in-

1937 1061 2301 1115 choationem
2332 1059 2548 1125 formas,
2577 1073 2706 1128 qua:
2738 1062 3013 1125 tanquam
3059 1060 3321 1114 materies
3369 1061 3439 1116 ad
3469 1061 3638 1132 perﬁ-

1936 1149 2201 1204 ciendum
2248 1148 2540 1218 subjacere
2588 1145 2814 1201 videtur
2843 1146 3066 1201 artifici.
3126 1147 3183 1202 Si
3230 1149 3385 1204 enim
3431 1149 3634 1204 formae

1933 1238 2205 1310 perfectio
2234 1238 2449 1292 bonum
2481 1241 2584 1302 est,
2633 1235 2979 1290 nonnullum
3025 1235 3148 1306 jam
3180 1237 3396 1292 bonum
3442 1243 3530 1293 est
3581 1243 3638 1293 et

1931 1329 2132 1384 formae
2155 1327 2463 1384 inchoatio.
2509 1328 2613 1395 Ita,
2660 1327 2914 1382 detracto
2971 1326 3200 1398 penitus
3247 1328 3404 1382 omni
3455 1329 3628 1397 bono,

1934 1434 2051 1471 non
2080 1417 2314 1488 quidem
2346 1415 2632 1482 nonnihil,
2669 1416 2768 1470 sed
2799 1415 3037 1470 omnino
3067 1415 3211 1470 nihil
3237 1418 3559 1472 remanebit
3587 1420 3628 1472 ί.

1933 1506 2114 1562 Omne
2157 1509 2351 1560 autem
2380 1506 2598 1560 bonum
2637 1520 2705 1558 ex
2739 1505 2852 1559 Deo
2879 1521 2890 1558 :
2951 1505 3111 1559 nulla
3141 1521 3279 1576 ergo
3309 1509 3515 1560 natura
3545 1511 3631 1562 est

1932 1611 2062 1665 quae
2090 1610 2210 1649 non
2240 1594 2312 1648 sit
2341 1610 2403 1648 ex
2437 1595 2578 1649 Deo.
2617 1595 2799 1648 Motus
2827 1609 2961 1664 ergo
2985 1593 3079 1647 ille
3111 1593 3443 1661 eversionis,
3476 1595 3630 1666 quod

1929 1683 2181 1738 fatemur
2210 1698 2331 1737 esse
2348 1687 2667 1752 peccatum,
2690 1680 2962 1753 quoniam
2981 1681 3290 1736 defectivus
3312 1687 3502 1737 motus
3523 1687 3626 1750 est,

1931 1772 2118 1826 omnis
2145 1776 2336 1826 autem
2367 1771 2618 1826 defectus
2669 1787 2735 1825 ex
2775 1769 2954 1824 nihilo
3005 1774 3111 1835 est,
3145 1770 3269 1824 vide
3300 1787 3414 1841 quo
3458 1771 3633 1840 perti-

1928 1866 2082 1928 neat,
2112 1866 2167 1914 et
2197 1861 2267 1914 ad
2293 1862 2471 1915 Deum
2495 1875 2617 1913 non
2647 1859 2936 1930 pertinere
2965 1874 3038 1912 ne
3067 1858 3291 1913 dubites
3318 1858 3360 1913 ³.
3401 1858 3509 1923 Qui
3540 1866 3627 1914 ta-

1927 1965 2062 2004 men
2091 1949 2342 2004 defectus
2371 1947 2646 2018 quoniam
2677 1951 2762 2001 est
2807 1947 3181 2010 voluntarius,
3229 1947 3289 2000 in
3319 1953 3514 2002 nostra
3542 1954 3629 2004 est

1925 2037 2146 2108 positus
2170 2041 2470 2108 potestate.
2495 2036 2553 2091 Si
2583 2037 2739 2090 enim
2769 2038 2939 2090 times
2969 2036 3152 2102 illum,
3179 2041 3404 2107 oportet
3434 2041 3498 2091 ut
3525 2054 3628 2092 no-

1926 2126 2024 2195 lis;
2050 2127 2096 2181 si
2120 2131 2311 2181 autem
2337 2126 2502 2193 nolis,
2544 2142 2662 2180 non
2692 2126 2814 2180 erit.
2836 2125 2981 2190 Quid
3011 2141 3148 2196 ergo
3171 2126 3424 2181 securius
3450 2143 3626 2198 quam

1928 2232 2050 2272 esse
2075 2215 2136 2269 in
2166 2231 2233 2268 ea
2256 2214 2390 2280 vita,
2425 2214 2524 2268 ubi
2556 2230 2670 2268 non
2701 2213 2881 2284 possit
2897 2213 3004 2268 tibi
3035 2213 3292 2268 invenire
3321 2215 3474 2285 quod
3511 2232 3629 2270 non

1923 2305 2053 2360 vis?
2077 2304 2188 2360 Sed
2212 2303 2489 2375 quoniam
2519 2318 2634 2357 non
2665 2302 2810 2357 sicut
2845 2302 3020 2357 homo
3063 2307 3263 2374 sponte
3291 2303 3513 2370 cecidit,
3546 2305 3626 2359 ita

1923 2394 2095 2451 etiam
2118 2394 2333 2464 [sponte
2359 2407 2590 2462 surgere
2625 2396 2846 2463 potest;
2882 2396 3204 2462 porrectam
3249 2391 3414 2446 nobis
3452 2393 3621 2447 desu-

1925 2499 2031 2554 per
2059 2483 2354 2537 dexteram
2389 2479 2509 2547 Dei,
2552 2480 2610 2534 id
2641 2489 2724 2534 est
2771 2479 3080 2534 Dominum
3121 2483 3384 2534 nostrum
3431 2481 3625 2535 Jesum

1934 2571 2243 2637 Christum,
2286 2569 2399 2624 ﬁde
2438 2568 2606 2623 ﬁrma
2654 2572 2950 2622 teneamus
2982 2568 3074 2637 (a),
3128 2573 3186 2622 et
3236 2572 3624 2640 exspectemus

1922 2663 2078 2713 certa
2107 2674 2229 2728 spe,
2259 2661 2316 2712 et
2348 2656 2624 2712 charitate
2660 2657 2886 2712 ardenti
2936 2656 3344 2711 desideremus.
3378 2657 3436 2712 Si
3484 2657 3624 2728 quid

1919 2752 2114 2801 autem
2125 2747 2194 2800 de
2205 2745 2427 2817 origine
2439 2745 2655 2817 peccati
2679 2746 3010 2816 diligentius
3040 2748 3414 2818 quaerendum
3435 2749 3622 2804 adhuc

1921 2840 2090 2905 putas
2117 2838 2270 2902 (nam
2302 2837 2539 2888 omnino
2566 2850 2672 2903 ego
2694 2833 2815 2904 jam
2845 2851 2990 2905 opus
3018 2850 3138 2889 esse
3168 2852 3283 2890 non
3321 2836 3616 2908 arbitror):

1920 2924 1967 2977 si
1993 2922 2132 2994 quid
2167 2927 2361 2978 tamen
2386 2927 2574 2994 putas,
2606 2921 2666 2976 in
2697 2923 2867 2976 aliam
2895 2922 3338 2994 disputationem
3360 2924 3621 2979 differen-

1921 3012 2060 3067 dum
2091 3016 2194 3066 est.
2213 3015 2280 3067 Ε.
2314 3012 2533 3082 Sequor
2561 3027 2697 3065 sane
2721 3012 3072 3066 voluntatem
3101 3016 3280 3080 tuam,
3305 3014 3445 3066 utin
3470 3018 3616 3068 tem-

1917 3117 2027 3172 pus
2055 3099 2233 3167 aliud,
2266 3101 2421 3172 quod
2452 3100 2582 3154 hinc
2611 3099 2875 3164 moverit,
2907 3100 3260 3156 differamus.
3303 3103 3445 3156 Nam
3471 3102 3616 3157 illud

1917 3189 2024 3244 tibi
2069 3205 2183 3244 non
2227 3189 2626 3256 concesserim,
2675 3192 2742 3243 ut
2782 3189 2918 3243 satis
2961 3189 3083 3260 jam
3134 3189 3269 3246 inde
3292 3190 3613 3262 quaesitum

1914 3282 2102 3348 putes.

1981 3457 1994 3489 ¹
2023 3454 2146 3504 Mss.
2161 3455 2407 3519 plerique
2423 3459 2485 3519 et_
2494 3455 2816 3519 antiquiores
2840 3455 3096 3519 editiones
3116 3460 3296 3506 carent
3313 3457 3394 3506 his
3416 3459 3606 3519 verbis,

1910 3529 2021 3566 non
2043 3517 2259 3579 quidem
2291 3517 2564 3577 nonnihil,
2595 3517 2704 3576 sed,
2740 3533 2859 3581 quae
2889 3518 2974 3567 hic
2995 3533 3267 3569 servamus
3295 3533 3358 3569 ex
3387 3519 3514 3568 Lov.

1974 3598 1996 3632 3
2016 3597 2141 3662 Bad.
2161 3601 2212 3662 et
2228 3597 2313 3662 Er:
2332 3598 2528 3662 omissa
2552 3597 2833 3662 negatione
2848 3597 3062 3662 habent,
3083 3598 3608 3662 aereumperIinere

1909 3670 2018 3707 non
2039 3659 2506 3724 dubites._l_’_i_nguis
2526 3673 2688 3718 error,
2715 3659 2805 3722 qui
2834 3673 2897 3708 ex
2927 3660 3048 3708 Mss.
3075 3664 3126 3710 et
3153 3661 3266 3724 ipso
3283 3659 3608 3711 ex‘contextu

1909 3722 2166 3770 sermonis
2194 3721 2466 3770 refellitur.

1970 3817 2050 3881 (a)
2073 3819 2190 3874 Vid.
2222 3819 2448 3868 Retract.
2474 3817 2565 3867 lib.
2588 3821 2635 3878 1,
2661 3830 2774 3880 cap.
2802 3821 2849 3876 9,
2883 3831 2936 3866 n.
2969 3820 3015 3867 4.

1169 4078 1683 4202 LIBER
1774 4079 2532 4205 TERTIUS.

168 4312 227 4358 ln
258 4307 642 4380 quoquaaritur
666 4308 807 4380 unde
829 4307 917 4356 ille
939 4310 1114 4380 motus
1133 4307 1326 4380 existat
1346 4321 1450 4379 quo
1480 4307 1726 4379 voluntas
1747 4308 2249 4380 aboincommutabili
2269 4310 2409 4380 bono
2434 4309 2686 4380 deﬂectit;
2705 4322 2976 4380 an_s_ecum
3005 4309 3227 4357 invicem
3257 4311 3496 4380 pugnent
3511 4309 3606 4380 _l)ei

107 4369 439 4434 prescientia
465 4370 528 4420 de
557 4369 832 4434 hominum
864 4369 1108 4434 peccatis,
1131 4374 1192 4434 et
1219 4369 1498 4434 hominum
1543 4370 1862 4434 ipsorumin
1897 4373 2163 4433 peccando
2188 4372 2420 4421 libertas.
2451 4374 2574 4421 Mox
2603 4371 2898 4420 ostenditur
2933 4369 3274 4433 nequaquam
3295 4369 3354 4419 id
3377 4370 3606 4418 Creatori

105 4432 472 4496 deputandum
499 4432 640 4496 quod
671 4432 725 4496 in
757 4435 997 4480 creatura
1022 4432 1107 4496 ita
1122 4432 1239 4496 fieri
1262 4445 1472 4496 necesse
1497 4432 1592 4492 est,
1626 4437 1683 4481 ut
1713 4432 1984 4496 voluntate

2017 4434 2493 4506 peccantiumﬁat;
2523 4438 2593 4506 et.
2616 4448 2829 4506 prorsys
2850 4434 2914 4506 de
2948 4437 3218 4506 creaturae,
3248 4446 3366 4506 quae
3396 4436 3608 4506 peccato

104 4493 335 4558 obnoxia
365 4495 455 4558 sit,
476 4493 822 4558 productione
848 4507 919 4558 ac
939 4493 1555 4558 suppliciolaudandum
1594 4507 1714 4558 esse
1756 4495 1940 4544 Deum.
1975 4493 2107 4544 Hinc
2145 4497 2208 4544 ad
2242 4496 2460 4558 originis
2485 4493 2644 4558 'vitia'r
2660 4496 2910 4558 perducta
2937 4493 3291 4558 disputatione
3317 4495 3610 4558 declaretur

106 4554 555 4621 quemadmodum
587 4569 649 4604 ea
673 4555 812 4604 haud
846 4554 1125 4621 injust—ein
1151 4555 1278 4605 Adae
1307 4557 1889 4621 poste_ros_demanent;
1917 4561 2078 4620 utque
2108 4554 2461 4621 propter—hinc
2488 4558 2601 4620 ipsa
2633 4554 2893 4607 immerito
2913 4554 3190 4620 peccantes
3215 4556 3609 4606 excusationem

107 4616 436 4669 obtendant:
469 4617 716 4681 deinceps
745 4631 871 4666 vero
897 4616 1233 4667 difﬁcultates
1262 4616 1536 4668 nonnullas
1561 4618 1666 4668 huc
1696 4616 2015 4682 pertinentes
2043 4616 2357 4669 enodantur.

102 4865 328 4922 CAPUT
359 4865 654 4921 PRIMUM.
689 4895 757 4907 —
792 4866 940 4922 Unde
967 4868 1043 4921 sit
1079 4871 1253 4921 motus
1299 4867 1391 4922 ille
1420 4881 1523 4935 quo
1553 4867 1804 4923 voluntas

463 4955 696 5023 deﬂectit
724 4955 791 5009 ab
825 4956 1254 5011 incommutabili
1297 4956 1450 5010 bono.

178 5047 226 5098 1.
256 5044 319 5100 Ε.
361 5042 645 5108 Quoniam
697 5043 834 5098 satis
891 5043 1034 5099 mihi
1081 5044 1452 5098 manifestum
1504 5047 1606 5111 est,
1655 5044 1806 5098 inter

101 5133 274 5195 bona,
304 5136 362 5186 et
389 5147 457 5186 ea
501 5130 739 5203 quidem
769 5147 885 5186 non
917 5131 1178 5200 minima,
1226 5132 1644 5187 numerandam
1686 5149 1805 5187 esse

112 5219 353 5274 liberam
381 5219 755 5286 voluntatem,
773 5234 840 5272 ex
861 5235 974 5289 quo
992 5219 1164 5274 etiam
1193 5220 1359 5275 fateri
1389 5221 1652 5292 cogimur
1681 5237 1808 5275 eam

107 5307 382 5363 divinitus
414 5309 607 5362 datam
633 5323 774 5375 esse,
803 5307 1042 5378 darique
1072 5309 1419 5379 oportuisse:
1445 5311 1566 5381 jam
1613 5309 1660 5364 si
1704 5327 1805 5380 op-

105 5402 420 5469 portunum
449 5396 756 5465 existimas,
789 5396 956 5467 cupio
1006 5412 1110 5467 per
1161 5403 1214 5452 te
1270 5415 1609 5470 cognoscere
1657 5400 1806 5454 unde

106 5485 201 5541 ille
247 5490 439 5540 motus
493 5485 714 5553 existat,
779 5501 894 5557 quo
949 5485 1078 5556 ipsa
1130 5486 1390 5541 voluntas
1447 5487 1721 5542 avertitur
1774 5504 1806 5541 a

106 5572 403 5630 communi
425 5577 602 5645 atque
623 5572 1082 5630 incommutabili
1101 5573 1273 5643 bono,
1293 5579 1350 5631 et
1378 5576 1448 5632 ad
1460 5575 1692 5649 propria
1718 5577 1805 5632 vel

1917 4868 2106 4923 aliena
2132 4867 2220 4922 vel
2249 4867 2470 4936 inﬁma,
2502 4871 2672 4938 atque
2693 4865 2885 4920 omnia
2915 4865 3347 4920 commutabilis
3372 4881 3608 4921 conver-

1916 4956 2056 5011 titur
2083 4955 2289 5012 bona‘.
2313 4959 2388 5012 Α.
2414 4955 2562 5021 Quid
2579 4955 2735 5010 enim
2755 4971 2895 5026 opus
2921 4959 3008 5008 est
3035 4954 3144 5009 hoc
3168 4954 3309 5008 scire
3328 4957 3357 5009 ‘?
3384 4957 3449 5009 E.
3469 4955 3611 5019 Quia

1916 5045 1963 5100 si
1992 5045 2074 5099 ita
2101 5045 2234 5100 data
2253 5050 2356 5111 est,
2389 5049 2448 5100 ut
2468 5046 2791 5098 naturalem
2822 5044 3028 5099 habeat
3044 5043 3215 5098 istum
3233 5047 3474 5108 motum,
3487 5043 3610 5112 jam

1872 5155 1880 5166 ι
1915 5133 2250 5188 necessitate
2281 5134 2352 5188 ad
2392 5134 2514 5188 haec
2547 5132 2932 5200 convertitur;
2967 5148 3152 5204 neque
3177 5132 3290 5186 ulla
3312 5130 3478 5199 culpa
3514 5129 3609 5183 de-

1913 5221 2192 5292 prehendi
2213 5226 2418 5292 potest,
2447 5221 2543 5276 ubi
2563 5226 2769 5275 natura
2801 5219 3224 5290 necessitasque
3254 5216 3604 5272 dominatur.

1914 5313 1991 5364 A.
2023 5311 2284 5365 Placetne
2305 5310 2409 5365 tibi
2432 5309 2537 5366 iste
2558 5315 2766 5374 motus,
2791 5327 2863 5364 an
2883 5309 3189 5380 displicet?
3217 5310 3282 5362 Ε.
3316 5304 3601 5376 Displicet.

1915 5402 1991 5454 Α.
2047 5399 2434 5470 Reprehendis
2463 5416 2600 5471 ergo
2649 5416 2800 5454 eum.
2865 5402 2929 5454 E.
2984 5397 3184 5467 Utique
3224 5393 3603 5464 reprehendo.

1981 5523 1994 5556 1
2018 5521 2286 5633 'II‘JrestMss.
2301 5557 2314 5581 ,
2337 5524 2503 5587 atque
2521 5524 2738 5573 omnino
2762 5516 3159 5571 commutabilia
3177 5517 3511 5568 convertitur
3525 5515 3604 5566 bo-

1981 5599 2003 5632 :.
2077 5597 2137 5633 ec
2161 5597 2205 5633 e.

1915 5596 2003 5633 Μ.
2032 5596 2205 5634 necte.
