4074 6362
458 283 584 334 1271

455 403 534 457 Λ.
581 396 970 470 Reprehendis
1015 395 1194 466 igitur
1234 394 1412 449 animi
1450 398 1672 448 motum
1716 393 2144 464 inculpabilem.

456 491 521 544 E.
559 485 969 556 Inculpabilem
1020 483 1196 539 animi
1242 487 1466 538 motum
1494 498 1612 536 non
1639 481 2020 553 reprehendo,
2051 481 2148 536 sed

461 575 649 631 nescio
679 591 752 628 an
781 575 898 628 ulla
945 573 1111 642 culpa
1149 570 1240 637 sit,
1272 571 1468 625 relicto
1497 570 1951 624 incommutabili
1999 571 2148 624 bono

459 666 531 718 ad
561 661 985 717 commutabilia
1016 658 1284 714 converti.
1315 660 1388 714 A.
1422 658 1810 730 Reprehendis
1840 674 1976 729 ergo
1999 657 2149 729 quod

460 747 663 800 nescis.
687 751 751 801 E.
792 747 920 802 Noli
950 747 1120 801 verbo
1156 763 1448 817 premere:
1481 747 1561 801 ita
1599 747 1754 801 enim
1786 746 1917 802 dixi.
1955 747 2152 800 Nescio

461 852 535 889 an
566 836 682 889 ulla
709 837 874 906 culpa
897 835 988 901 sit,
1021 840 1086 890 ut
1115 835 1359 907 intelligi
1386 835 1667 890 voluerim
1689 835 1809 889 sine
1838 835 2012 890 dubio
2033 835 2151 889 cul-

461 941 595 995 pam
623 941 766 979 esse.
809 925 949 978 Nam
977 925 1087 978 hoc
1117 915 1290 978 verbo
1339 924 1494 994 quod
1549 923 1686 993 dixi,
1739 923 1956 990 Nescio,
2019 923 2152 976 satis

462 1015 712 1084 profecto
741 1012 893 1068 irrisi
923 1011 1342 1067 dubitationem
1371 1012 1440 1066 de
1469 1028 1532 1065 re
1563 1011 1872 1066 manifesta.
1916 1012 1987 1066 A.
2016 1011 2152 1064 Vide

463 1103 603 1174 quid
634 1103 705 1156 sit
737 1101 1049 1156 certissima
1095 1099 1320 1166 veritas,
1371 1117 1500 1170 quae
1549 1105 1603 1154 te
1648 1100 1833 1170 coegit
1871 1105 1991 1156 tam
2041 1099 2150 1154 cito

464 1191 715 1245 oblivisci
767 1190 921 1261 quod
950 1191 1118 1259 paulo
1148 1193 1277 1243 ante
1306 1188 1515 1243 dixisti.
1565 1188 1622 1242 Si
1651 1189 1803 1242 enim
1832 1194 2039 1242 natura
2065 1189 2152 1241 vel

464 1279 794 1334 necessitate
835 1279 939 1332 iste
992 1281 1180 1332 motus
1236 1276 1442 1346 existit,
1496 1276 1794 1346 culpabilis
1847 1293 1968 1330 esse
1997 1277 2154 1331 nullo

464 1373 628 1439 pacto
659 1371 886 1438 potest:
933 1371 996 1420 tu
1027 1381 1158 1419 vero
1191 1381 1310 1419 esse
1335 1365 1680 1436 culpabilem
1724 1364 1804 1419 ita
1828 1365 2155 1419 ﬁrmissime

465 1463 646 1523 tenes,
677 1461 741 1510 ut
771 1455 1182 1511 dubitationem
1211 1455 1280 1509 de
1319 1455 1423 1508 hac
1447 1470 1508 1509 re
1537 1459 1656 1508 tam
1684 1459 1837 1508 certa
1864 1455 2039 1508 etiam
2077 1454 2154 1508 ir-

468 1545 767 1600 ridendam
797 1543 1102 1614 putaveris.
1135 1543 1247 1597 Cur
1284 1559 1418 1614 ergo
1448 1542 1552 1597 tibi
1598 1544 1685 1597 vel
1732 1541 2154 1610 affirmandum,

471 1634 559 1688 vel
585 1637 735 1686 certe
769 1648 896 1686 cum
922 1632 1115 1702 aliqua
1137 1631 1489 1686 dubitatione
1519 1630 1823 1685 dicendum
1843 1631 2027 1686 visum
2049 1635 2156 1700 est,

469 1722 622 1793 quod
673 1721 966 1790 perspicue
1007 1721 1213 1774 falsum
1257 1736 1377 1774 esse
1425 1719 1546 1790 ipse
1595 1719 1927 1774 convincis?
1957 1719 2159 1774 Dixisti

471 1811 660 1865 enim:
693 1809 752 1864 Si
787 1809 866 1862 ita
905 1809 1036 1863 data
1069 1813 1150 1862 est
1181 1808 1442 1862 voluntas
1470 1807 1672 1874 libera,
1734 1813 1796 1862 ut
1837 1809 2158 1862 naturalem

469 1898 676 1952 habeat
705 1896 880 1951 istum
899 1901 1139 1961 motum,
1170 1896 1292 1967 jam
1319 1895 1650 1950 necessitate
1698 1896 1767 1950 ad
1795 1898 1918 1951 haec
1933 1898 2161 1950 conver-

468 1983 607 2038 titur
630 2001 643 2052 ;
673 2000 860 2054 neque
881 1985 999 2038 ulla
1023 1985 1192 2054 culpa
1213 1984 1568 2054 deprehendi
1586 1988 1792 2056 potest,
1827 1985 1930 2040 ubi
1955 1990 2161 2039 natura

472 2071 887 2143 necessitasque
916 2073 1261 2128 dominatur.
1294 2073 1460 2127 Nullo
1479 2073 1647 2128 modo
1679 2079 1870 2128 autem
1901 2073 2162 2128 dubitare

471 2161 716 2216 debuisti
749 2177 864 2215 non
911 2177 1032 2215 esse
1062 2161 1141 2215 ita
1180 2162 1389 2228 datam,
1443 2163 1672 2232 quando
1710 2161 1885 2216 istum
1943 2166 2161 2217 motum

473 2249 817 2319 culpabilem
845 2266 964 2304 esse
993 2266 1109 2304 non
1141 2249 1393 2306 dubitas.
1429 2253 1496 2305 E.
1534 2251 1646 2321 Ego
1694 2250 1882 2321 ipsum
1941 2256 2164 2306 motum

473 2338 816 2408 culpabilem
848 2338 984 2405 dixi,
1007 2343 1064 2392 et
1092 2338 1221 2392 ideo
1251 2338 1396 2392 mihi
1421 2339 1738 2410 displicere,
1770 2344 1826 2393 et
1854 2341 2164 2410 reprehen-

476 2425 728 2479 dendum
749 2443 868 2479 esse
889 2426 1149 2481 dubitare
1170 2443 1284 2480 non
1302 2443 1536 2496 possum
1562 2427 1844 2481 :animam
1877 2445 2010 2482 vero
2034 2445 2164 2499 quae

476 2514 583 2568 isto
612 2519 772 2568 motu
813 2515 882 2568 ab
925 2515 1382 2569 incommutabili
1412 2515 1564 2570 bono
1615 2516 1682 2570 ad
1741 2517 2167 2571 commutabilia

477 2602 816 2666 detrahitur,
845 2619 990 2673 nego
1018 2619 1139 2657 esse
1167 2603 1532 2674 culpandam,
1563 2603 1612 2658 si
1643 2604 1765 2675 ejus
1803 2609 2007 2659 natura
2037 2605 2166 2660 talis

479 2695 582 2757 est,
613 2696 675 2745 ut
703 2708 769 2745 eo
801 2692 1116 2746 necessario
1141 2697 1458 2747 moveatur.

548 2782 602 2834 2.
629 2780 701 2834 A.
733 2780 901 2850 Cujus
932 2785 1017 2834 est
1051 2780 1155 2834 iste
1187 2785 1396 2848 motus,
1445 2796 1619 2851 quem
1648 2779 1900 2851 profecto
1932 2781 2166 2852 culpan-

479 2867 617 2921 dum
639 2883 759 2921 esse
791 2866 1094 2921 concedis?
1114 2870 1177 2922 E.
1200 2869 1262 2920 ln
1286 2867 1478 2922 animo
1511 2884 1644 2922 eum
1661 2869 1846 2937 video,
1881 2871 1978 2925 sed
2004 2872 2167 2942 cujus

479 2955 552 3009 sit
576 2955 781 3009 nescio.
810 2957 888 3010 A.
923 2955 1209 3026 Numquid
1241 2971 1415 3026 negas
1461 2971 1528 3010 eo
1559 2960 1717 3010 motu
1753 2957 2011 3012 animum
2043 2975 2164 3012 mo-

476 3043 646 3097 veri?
678 3047 740 3098 E.
777 3045 902 3098 Non
926 3047 1190 3114 nego.A.
1215 3044 1395 3115 Negas
1427 3060 1562 3115 ergo
1593 3050 1816 3100 motum
1847 3062 1960 3117 quo
1982 3063 2170 3102 move-

478 3131 753 3202 turlapis,
784 3136 1005 3185 motum
1037 3148 1156 3186 esse
1175 3130 1429 3202 lapidis?
1458 3133 1652 3204 Neque
1684 3133 1838 3188 enim
1861 3134 2022 3189 illum
2043 3135 2167 3190 dico

481 3225 726 3288 motum,
765 3236 877 3290 quo
916 3237 1044 3273 eum
1085 3236 1185 3273 nos
1210 3235 1526 3285 movemus,
1564 3222 1648 3274 vel
1673 3222 1864 3292 aliqua
1900 3223 1955 3275 vi
1981 3223 2170 3278 aliena

481 3313 762 3373 movetur,
784 3308 958 3361 veluti
987 3323 1118 3361 cum
1160 3307 1222 3360 in
1251 3309 1457 3361 coelum
1478 3309 1705 3379 jacitur,
1739 3311 1837 3365 sed
1881 3327 2013 3366 eum
2054 3329 2168 3383 quo

481 3395 552 3449 ad
577 3400 788 3449 terram
811 3400 952 3449 nutu
979 3411 1080 3449 suo
1106 3395 1288 3465 vergit
1315 3400 1372 3449 et
1406 3396 1575 3452 cadit.
1608 3399 1674 3452 E.
1729 3398 1854 3452 Non
1897 3399 2165 3470 equidem

481 3497 630 3552 nego
660 3487 878 3537 motum
908 3499 1021 3554 quo
1050 3483 1130 3536 ita
1158 3487 1221 3538 ut
1241 3483 1378 3536 dicis
1407 3483 1732 3551 inclinatur,
1785 3491 1842 3541 et
1879 3487 1996 3542 ima
2023 3489 2172 3559 petit

482 3576 725 3631 motum,
781 3588 900 3625 esse
926 3572 1145 3642 lapidis,
1205 3572 1299 3625 sed
1349 3575 1687 3628 naturalem.
1723 3574 1780 3629 Si
1831 3581 2026 3630 autem
2063 3578 2171 3632 hoc

483 3658 653 3712 modo
685 3658 857 3712 etiam
879 3658 1041 3712 illum
1060 3662 1276 3712 motum
1298 3659 1468 3714 habet
1483 3660 1692 3727 anima,
1721 3663 1973 3732 profecto
1996 3664 2170 3720 etiam

481 3746 602 3816 ipse
635 3746 909 3801 naturalis
939 3752 1053 3816 est;
1080 3764 1184 3802 nec
1212 3765 1277 3802 ex
1324 3765 1389 3802 eo
1431 3751 1584 3820 quod
1612 3751 1946 3806 naturaliter
1973 3769 2172 3808 move-

482 3839 595 3903 tur,
618 3841 767 3890 recte
784 3836 1095 3906 vituperari
1119 3842 1338 3908 potest:
1363 3839 1495 3909 quia
1515 3839 1739 3894 etiamsi
1763 3841 1833 3895 ad
1855 3843 2169 3912 perniciem

483 3929 762 3991 movetur,
802 3931 1021 3980 natura:
1050 3931 1241 3980 tamen
1277 3943 1394 3980 suae
1424 3928 1756 3982 necessitate
1785 3931 2168 4000 compellitur.

482 4016 656 4067 Porro
676 4013 810 4084 quia
838 4013 1010 4068 istum
1040 4020 1260 4068 motum
1287 4032 1402 4070 non
1431 4016 1758 4071 dubitamus
1780 4034 1900 4072 esse
1921 4019 2172 4090 culpabi-

481 4101 616 4168 lem,
651 4101 984 4156 omnimodo
1040 4103 1369 4173 negandum
1416 4109 1501 4158 est
1547 4121 1667 4159 esse
1716 4107 2071 4174 naturalem;
2115 4113 2170 4163 et

481 4190 609 4243 ideo
639 4206 754 4243 non
783 4195 869 4244 est
897 4189 1097 4244 similis
1143 4190 1228 4244 illi
1255 4193 1435 4246 motui
1465 4209 1578 4263 quo
1608 4195 1944 4249 naturaliter
1974 4213 2168 4252 move-

482 4283 576 4330 tur
615 4278 779 4346 lapis.
826 4280 904 4332 A.
945 4279 1251 4347 Egimusne
1281 4280 1498 4349 aliquid
1529 4282 1918 4351 superioribus
1947 4284 2170 4340 duabus

483 4363 1002 4433 disputationibus?
1028 4367 1095 4418 E.
1125 4365 1354 4434 Egimus
1379 4381 1532 4420 sane.
1565 4370 1641 4421 Α.
1677 4369 1852 4423 Credo
1879 4386 2015 4441 ergo
2044 4388 2168 4426 me-

483 4451 715 4506 minisse
746 4457 822 4519 te,
856 4450 918 4504 in
954 4452 1142 4521 prima
1180 4452 1559 4522 disputatione
1589 4455 1723 4508 satis
1753 4472 1872 4511 esse
1903 4474 2165 4529 comper-

482 4544 626 4606 tum,
667 4541 827 4595 nulla
871 4557 931 4602 re
977 4540 1103 4594 ﬁeri
1153 4546 1406 4596 mentem
1462 4559 1681 4597 servam
1725 4543 1994 4614 libidinis,
2057 4547 2167 4601 nisi

480 4628 713 4700 propria
742 4631 1030 4684 voluntate
1065 4631 1269 4701 (supra,
1302 4630 1396 4685 tib.
1435 4634 1480 4698 l,
1513 4647 1632 4701 cap.
1671 4636 1756 4700 ll,
1788 4650 1843 4688 η.
1869 4634 1997 4707 2t):
2029 4652 2164 4692 nam

481 4732 667 4785 neque
696 4734 729 4770 a
753 4718 1063 4789 superiore,
1087 4735 1275 4790 neque
1301 4718 1369 4772 ab
1390 4719 1598 4790 mquali
1619 4736 1745 4773 eam
1765 4736 1928 4791 posse
1959 4723 2031 4778 ad
2058 4724 2164 4780 hoc

480 4805 724 4860 dedecus
751 4806 899 4876 cogi,
930 4807 1065 4877 quia
1093 4807 1369 4878 injustam
1401 4813 1515 4876 est;
1551 4823 1738 4880 neque
1771 4809 1842 4864 ab
1870 4810 2162 4880 inferiore,

481 4893 617 4965 quia
644 4911 761 4948 non
784 4899 989 4964 potest.
1015 4897 1204 4950 Restat
1232 4896 1488 4968 igiturzut
1514 4897 1636 4967 ejus
1667 4897 1739 4952 sit
1761 4899 2032 4970 proprius
2060 4901 2165 4956 iste

478 4988 685 5046 motus,
709 4999 822 5054 quo
846 4984 1072 5038 fruendi
1100 4986 1448 5040 voluntatem
1473 4986 1544 5040 ad
1572 4991 1893 5042 creaturam
1923 5005 1957 5042 a
1993 4989 2164 5044 Crea-

479 5078 599 5127 tore
631 5073 946 5127 convertit:
988 5073 1086 5143 qui
1125 5079 1313 5128 motus
1344 5075 1391 5128 si
1420 5075 1602 5145 culpa:
1644 5076 1951 5146 deputatur
1996 5079 2164 5148 (unde

479 5160 577 5232 qui
605 5161 841 5227 dubitat,
884 5159 1145 5214 irrisione
1179 5161 1385 5231 dignus
1422 5162 1526 5217 tibi
1557 5163 1708 5217 visus
1739 5167 1866 5232 est),
1915 5182 2034 5220 non
2081 5172 2166 5222 est

478 5248 676 5320 utique
699 5248 992 5314 naturalis,
1026 5248 1123 5302 sed
1151 5250 1532 5321 voluntarius;
1564 5251 1624 5305 in
1654 5269 1834 5324 eoque
1857 5253 2060 5308 similis
2080 5261 2164 5310 est

475 5337 561 5391 illi
586 5338 772 5394 motui
801 5355 915 5410 quo
947 5339 1214 5392 deorsum
1236 5354 1428 5392 versus
1449 5339 1591 5409 lapis
1611 5341 1811 5408 fertur,
1844 5343 1994 5413 quod
2019 5343 2164 5398 sicut

477 5426 581 5479 iste
610 5428 874 5498 proprius
903 5427 1010 5484 est?
1026 5427 1250 5498 lapidis,
1283 5426 1361 5481 sic
1388 5427 1484 5481 ille
1511 5427 1687 5482 animi
1710 5447 1726 5483 :
1749 5437 2163 5486 verumtamem

475 5514 536 5569 in
566 5531 633 5570 eo
662 5515 972 5585 dissimilis,
1012 5517 1168 5588 quod
1206 5517 1266 5570 in
1319 5521 1600 5587 potestate
1647 5533 1764 5572 non
1803 5520 1975 5574 habet
2016 5520 2162 5590 lapis

1542 273 1636 328 DE
1676 272 1936 328 LIBERO
1974 271 2333 337 ARBITRIO,
2373 270 2429 327 S.
2471 269 2856 327 AUGUSTINI

3826 271 3976 323 i272

2252 393 2516 448 cohibere
2545 395 2765 446 motum
2777 407 2891 464 quo
2913 391 3093 447 fertur
3111 391 3379 459 inferius;
3411 392 3645 447 animus
3659 409 3803 449 vero
3822 395 3975 449 dum

2254 498 2373 536 non
2400 482 2540 548 vult,
2582 497 2700 536 non
2729 480 2808 535 ita
2855 485 3138 548 movetur,
3171 485 3238 534 ut
3276 480 3672 552 superioribus
3718 482 3978 537 desertis

2253 569 2526 624 inferiora
2572 568 2868 640 deligat‘;
2921 573 2978 624 et
3021 568 3152 622 ideo
3197 567 3375 640 lapidi
3418 570 3704 624 naturalis
3747 575 3836 625 est.
3869 571 3978 625 ille

2255 662 2466 725 motus,
2488 658 2681 712 animo
2701 674 2832 711 vero
2860 658 2960 710 istc
2993 657 3375 714 voluntarius.
3415 658 3560 712 Hinc
3587 663 3675 712 est
3700 660 3868 731 quod
3897 660 3982 714 la-

2255 746 2449 818 pidem
2479 746 2524 799 si
2551 745 2679 818 quis
2703 746 2850 800 dicat
2878 762 3132 816 peccare,
3168 745 3322 817 quod
3342 747 3601 818 pondere
3634 763 3742 802 suo
3777 748 3983 802 tendit

2255 833 2315 888 in
2346 832 2566 900 inﬁma,
2598 847 2714 886 non
2747 831 2932 887 dicam
2971 831 3095 904 ipso
3133 832 3321 904 lapide
3372 833 3661 904 stolidior,
3694 835 3801 889 sed
3830 851 3980 906 pro-

2253 922 2400 977 fecto
2433 921 2667 976 demens
2689 920 3014 992 judicatur:
3054 919 3312 974 animum
3340 937 3475 975 vero
3506 923 3728 993 peccati
3761 923 3977 994 argui-

2257 1026 2404 1076 mus,
2437 1025 2568 1064 cum
2605 1025 2739 1063 eum
2771 1008 3162 1063 convincimus
3193 1009 3588 1080 superioribus
3619 1011 3872 1066 desertis
3907 1013 3980 1064 ad

2256 1098 2574 1168 fruendum,
2590 1097 2858 1152 inferiora
2885 1113 3242 1168 praeponere.
3277 1099 3608 1168 Propterea,
3633 1099 3781 1170 quid
3814 1117 3978 1171 opus

2258 1191 2344 1240 est
2384 1201 2642 1256 quaerere
2683 1186 2832 1240 unde
2873 1185 2977 1240 iste
3017 1189 3206 1239 motus
3250 1185 3476 1252 existat,
3535 1202 3651 1257 quo
3693 1188 3985 1242 voluntas

2260 1273 2531 1328 avertitur
2553 1273 2622 1327 ab
2652 1271 3109 1327 incommutabili
3139 1273 3289 1326 bono
3321 1273 3395 1327 ad
3425 1275 3847 1330 commutabile
3881 1276 3987 1330 bo-

2261 1378 2421 1430 num,
2456 1377 2587 1416 cum
2615 1378 2747 1416 eum
2773 1362 3000 1416 nonnisi
3031 1360 3228 1428 animi,
3262 1365 3318 1415 et
3355 1363 3779 1429 voluntarium,
3813 1370 3876 1418 et
3908 1365 3984 1418 ob

2259 1451 2368 1506 hoc
2413 1451 2756 1522 culpabilem
2806 1467 2928 1506 esse
2963 1452 3278 1519 fateamur;
3317 1452 3624 1526 omnisque
3655 1454 3725 1509 de
3769 1455 3888 1509 hac
3921 1472 3985 1509 re

2262 1539 2561 1610 disciplina
2586 1540 2744 1594 utilis
2773 1540 2930 1595 adid
2957 1540 3160 1608 valeat,
3198 1544 3259 1593 ut
3307 1557 3374 1595 eo
3422 1547 3584 1596 motu
3633 1542 3984 1613 improbato

2261 1634 2433 1700 atque
2488 1629 2758 1696 cohibito,
2814 1630 3168 1684 voluntatem
3223 1633 3476 1684 nostram
3532 1631 3604 1686 ad
3657 1632 3986 1686 fruendum

2265 1717 2612 1788 sempiterno
2669 1719 2841 1786 bono,
2889 1735 2924 1772 a
2979 1719 3146 1790 lapsu
3191 1719 3606 1790 temporalium
3673 1726 3989 1776 converta-

2266 1823 2396 1862 mus
2429 1809 2509 1878 (α)
2529 1809 2558 1862 ‘P

2339 1899 2388 1951 3.
2417 1897 2494 1951 E.
2527 1895 2722 1964 Video,
2745 1897 2801 1950 et
2827 1895 3274 1966 quodammodo,
3301 1895 3504 1967 'tango,
3547 1900 3605 1951 et
3633 1900 3810 1952 teneo
3845 1914 3988 1953 vera

2269 2000 2390 2038 esse
2420 2000 2547 2055 qua:
2577 1983 2714 2038 dicis
2739 2000 2752 2038 :
2777 1999 2892 2037 non
2915 1983 3068 2038 enim
3104 1984 3421 2056 quidquam
3452 1989 3570 2039 tam
3597 1984 3768 2040 ﬁrme
3801 1991 3985 2058 atque

2268 2071 2467 2126 intime
2499 2073 2698 2140 sentio,
2719 2089 2892 2144 quam
2922 2089 3014 2127 me
3035 2073 3246 2127 habere
3272 2074 3647 2142 voluntatem,
3671 2091 3866 2147 eaque
3888 2092 3984 2130 me

2269 2161 2484 2215 moveri
2510 2162 2582 2216 ad
2620 2161 2836 2233 aliquid
2873 2162 3217 2231 fruendum;
3253 2161 3390 2233 quid
3431 2168 3624 2217 autem
3654 2180 3863 2220 meum
3895 2166 3983 2219 di-

2270 2266 2415 2317 cam,
2433 2266 2665 2320 prorsus
2686 2249 3066 2318 noninvenio,
3092 2251 3137 2304 si
3168 2251 3428 2305 voluntas
3449 2268 3564 2323 qua
3592 2255 3724 2307 volo
3759 2259 3820 2308 et
3843 2257 3984 2308 nolo

2271 2353 2388 2392 non
2419 2343 2501 2392 est
2530 2353 2688 2393 mea:
2723 2344 3070 2410 quaprOpter
3096 2339 3187 2392 cui
3217 2339 3586 2394 tribuendum
3610 2346 3714 2406 est,
3752 2341 3804 2394 si
3837 2342 3983 2412 quid

2270 2442 2375 2496 per
2398 2425 2554 2480 illam
2572 2427 2718 2480 male
2749 2427 2912 2494 facio,
2948 2427 3060 2481 nisi
3087 2427 3232 2481 mihi
3252 2430 3280 2481 ‘P
3293 2429 3432 2482 Cum
3451 2427 3605 2498 enim
3619 2429 3813 2482 bonus
3828 2431 3987 2483 Deus

2274 2531 2366 2568 me
2403 2514 2621 2581 fecerit,
2653 2531 2758 2569 nec
2781 2515 2927 2569 bene
2959 2515 3174 2586 aliquid
3201 2517 3406 2570 faciam
3440 2515 3551 2570 nisi
3575 2533 3680 2586 per
3705 2518 3984 2572 volunta-

2272 2607 2413 2672 tem,
2447 2602 2513 2656 ad
2542 2602 2649 2656 hoc
2676 2602 2868 2674 potius
2895 2604 3084 2658 datam
3117 2620 3240 2660 esse
3272 2622 3304 2658 a
3342 2605 3491 2660 bono
3518 2607 3654 2673 Deo,
3688 2607 3832 2661 satis
3875 2624 3984 2678 ap-

2275 2695 2452 2762 paret.
2500 2691 2679 2745 Motus
2708 2695 2900 2746 autem
2930 2709 3043 2763 quo
3078 2692 3189 2747 huc
3219 2697 3314 2748 aut
3350 2693 3487 2748 illuc
3527 2695 3792 2748 voluntas
3838 2711 3985 2750 con-

2273 2780 2530 2849 vertitur,
2561 2779 2669 2834 nisi
2698 2781 3229 2850 essetvoluntarius,
3261 2786 3430 2854 atque
3452 2783 3512 2836 in
3531 2787 3726 2837 nostra
3747 2784 3986 2854 positus

2274 2873 2575 2940 potestate,
2603 2884 2790 2940 neque
2818 2869 3137 2924 laudandus
3168 2886 3300 2924 cum
3322 2871 3390 2924 ad
3424 2871 3744 2941 superiora,
3778 2887 3982 2944 neque

2276 2956 2587 3027 culpandus
2632 2957 2807 3012 homo
2858 2961 3004 3012 esset
3045 2973 3178 3013 cum
3225 2959 3297 3012 ad
3348 2959 3623 3014 inferiora
3667 2960 3988 3032 detorquet

2277 3045 2439 3117 quasi
2469 3045 2772 3116 quemdam
2799 3046 3090 3101 cardinem
3121 3047 3466 3115 voluntatis;
3509 3065 3697 3120 neque
3729 3051 3983 3104 omnino

2276 3135 2597 3189 monendus
2653 3138 2798 3189 esset
2833 3140 2898 3190 ut
2943 3135 3063 3189 istis
3093 3137 3362 3207 neglectis
3400 3141 3614 3192 aeterna
3653 3139 3830 3193 vellet
3861 3139 3987 3194 adi-

2277 3222 2438 3294 pisci,
2471 3228 2640 3294 atque
2669 3227 2729 3277 ut
2752 3223 2900 3278 male
2923 3224 3100 3278 nollet
3127 3225 3338 3296 vivere,
3369 3227 3536 3280 vellet
3565 3231 3757 3282 autem
3800 3227 3980 3282 bene.

2278 3313 2392 3364 Hoc
2415 3314 2609 3364 autem
2638 3311 2992 3365 monendum
3025 3327 3139 3366 non
3169 3327 3289 3367 esse
3341 3313 3652 3380 hominem,
3705 3313 3984 3385 quisquis

2279 3398 2581 3461 existimat,
2610 3399 2678 3453 de
2706 3399 3009 3455 hominum
3032 3417 3270 3455 numero
3301 3401 3768 3457 exterminandas
3789 3408 3904 3458 est.

2279 3486 2503 3542 CAPUT
2531 3487 2601 3541 II.
2632 3516 2702 3529 —
2727 3487 2833 3542 Dei
2855 3492 3197 3559 praescientia
3226 3490 3486 3558 quomodo
3517 3492 3743 3545 liberam
3772 3493 3983 3546 volun-

2349 3580 2512 3629 tatem
2557 3577 2900 3645 peccantibus
2964 3593 3071 3634 non
3131 3581 3368 3648 auferat,
3417 3582 3651 3650 Qquwstio
3700 3582 3984 3650 plurimos

2348 3670 2622 3734 torquens.

2346 3755 2400 3808 4.
2433 3753 2568 3817 Quae
2599 3769 2728 3807 cum
2757 3752 2837 3808 ita
2879 3753 3012 3822 sint,
3058 3754 3420 3812 ineffabiliter
3460 3772 3552 3811 me
3583 3761 3792 3824 movet,
3833 3774 3985 3830 quo-

2278 3842 2450 3896 modo
2481 3841 2608 3896 ﬁeri
2638 3842 2818 3912 possit
2839 3847 2902 3898 ut
2921 3848 2975 3898 et
3007 3845 3153 3898 Deus
3182 3845 3452 3915 praescius
3490 3846 3563 3900 sit
3589 3847 3857 3902 omnium
3891 3850 3983 3902 fu-

2276 3936 2558 3998 turorum,
2591 3935 2646 3985 et
2672 3947 2777 3985 nos
2800 3931 2956 4000 nulla
2987 3933 3317 3988 necessitate
3346 3950 3666 4004 peccemus.
3701 3935 3984 4007 Quisquis

2279 4018 2435 4072 enim
2464 4018 2671 4073 dixerit
2698 4019 2864 4074 aliter
2894 4021 3120 4074 evenire
3145 4037 3312 4092 posse
3340 4022 3562 4094 aliquid
3605 4040 3781 4095 quam
3824 4025 3985 4079 Deus

2277 4111 2409 4161 ante
2424 4106 2726 4178 prmscivit,
2741 4107 3158 4178 praescientiam
3181 4110 3281 4164 Dei
3294 4110 3582 4166 destruere
3605 4112 3985 4168 insanissima

2277 4195 2566 4266 impietate
2596 4197 2849 4251 molitur.
2882 4198 3260 4268 Quapropter,
3293 4199 3340 4253 si
3369 4199 3654 4271 praescivit
3680 4202 3833 4255 Deus
3858 4219 3985 4273 pec-

2276 4288 2532 4338 caturum
2573 4300 2693 4338 esse
2747 4284 3003 4355 primum
3059 4287 3371 4358 hominem,
3421 4289 3574 4360 quod
3628 4305 3862 4344 necesse
3893 4297 3983 4344 est

2277 4372 2548 4426 concedat
2574 4372 2717 4426 mihi
2772 4373 3029 4444 quisquis
3067 4391 3294 4431 mecum
3327 4378 3587 4432 omnium
3627 4379 3976 4434 futurorum

2275 4460 2579 4531 praescium
2598 4461 2806 4516 fatetur
2821 4463 3005 4517 Deum
3031 4479 3044 4530 ;
3073 4463 3122 4517 si
3153 4480 3288 4535 ergo
3315 4466 3396 4520 ita
3415 4470 3519 4536 est,
3547 4483 3664 4520 non
3692 4467 3819 4520 dico
3858 4485 3983 4522 non

2281 4565 2413 4604 eum
2431 4548 2659 4616 faceret,
2688 4550 2904 4605 bonum
2933 4551 3083 4606 enim
3113 4552 3265 4620 fecit,
3297 4569 3400 4608 nec
3429 4555 3626 4609 obesse
3652 4555 3982 4626 quidquam

2281 4639 2394 4692 Deo
2441 4641 2629 4708 posset
2665 4644 2961 4710 peccatum
2998 4641 3121 4711 ejus
3168 4657 3340 4712 quem
3375 4642 3593 4697 bonum
3625 4643 3747 4714 ipse
3796 4645 3980 4700 fecit:

2275 4726 2392 4781 imo
2441 4725 2504 4780 in
2553 4742 2666 4797 quo
2723 4726 2982 4782 faciendo
3037 4728 3351 4785 bonitatem
3397 4747 3561 4785 suam
3612 4733 3972 4799 ostenderat,

2275 4815 2520 4870 ostendit
2547 4815 2718 4870 etiam
2739 4816 2800 4870 in
2827 4817 3120 4889 puniendo
3143 4818 3452 4890 justitiam,
3480 4825 3537 4876 et
3577 4821 3638 4875 in
3676 4822 3978 4876 liberanda

2274 4904 2767 4960 misericordiam:
2818 4922 2936 4961 non
2982 4907 3174 4979 itaque
3215 4909 3362 4976 dico,
3397 4926 3512 4965 non
3541 4926 3674 4966 eum
3722 4911 3969 4978 faceret;

2274 4994 2374 5049 sed
2409 4993 2520 5048 hoc
2547 4993 2692 5059 dico,
2726 4994 2999 5064 quoniam
3023 5002 3394 5066 peccaturum
3430 5016 3551 5054 esse
3581 4999 3969 5071 praesciverat,

2273 5097 2502 5136 necesse
2545 5085 2666 5136 erat
2710 5081 2768 5136 id
2803 5081 2946 5144 ﬁeri,
2998 5085 3149 5154 quod
3192 5086 3452 5142 futurum
3485 5104 3607 5142 esse
3632 5088 3977 5159 prmsciebat

2275 5171 2441 5225 Deus.
2462 5170 2754 5234 Quomodo
2771 5175 2856 5224 est
2877 5169 3054 5241 igitur
3081 5174 3342 5230 voluntas
3362 5175 3540 5232 libera
3569 5176 3670 5231 ubi
3699 5179 3974 5242 tamine-

2271 5257 2518 5312 vitabilis
2543 5263 2775 5329 apparet
2805 5261 3114 5316 necessitas
3135 5263 3165 5317 ?

2342 5349 2394 5399 5.
2424 5347 2503 5402 Α.
2535 5345 2776 5400 Pulsasti
2805 5348 3207 5404 vehementer:
3240 5350 3629 5406 misericordia
3656 5353 3760 5408 Dei
3798 5354 3970 5423 adsit,

2336 5452 2349 5485 ¹
2376 5451 2436 5499 In
2467 5455 2583 5499 octo
2611 5450 2755 5510 Mss,
2782 5452 3042 5516 inferiora
3074 5455 3288 5518 diligat.
3319 5458 3397 5507 Ita
3424 5459 3581 5508 etiam
3612 5459 3740 5509 Bad.

2332 5529 2406 5593 (α)
2433 5531 2550 5579 Vid.
2573 5531 2797 5582 Retract.
2834 5533 2923 5584 lib.
2949 5537 2994 5591 l.
3024 5549 3138 5599 cap.
3159 5538 3206 5597 9,
3242 5551 3297 5586 n.
3323 5539 3370 5586 3.
