4074 6394
158 323 300 376 1273

153 441 490 514 aperiatque
519 434 922 512 pulsantibus'.
948 439 1361 493 Verumtamen
1389 439 1699 494 maximam
1732 455 1861 510 par-

153 535 276 587 tem
305 529 608 586 hominum
637 529 742 583 ista
773 528 1088 600 quastione
1126 529 1384 600 torqueri
1437 545 1553 584 non
1601 529 1672 584 ob
1703 528 1860 583 aliud

157 618 520 688 crediderim,
550 617 662 672 nisi
694 618 827 690 quia
851 633 968 672 non
997 617 1088 688 pie
1118 622 1402 689 quarunt,
1436 617 1858 689 velocioresque

158 710 296 761 sunt
322 706 394 760 ad
426 705 868 772 excusationem,
902 721 1078 776 quam
1108 705 1179 759 ad
1209 706 1626 760 confessionem
1669 721 1860 776 pecca-

155 797 351 849 torum
384 811 638 850 suorum.
670 793 781 848 Alii
813 794 967 848 enim
996 795 1216 848 nullam
1267 794 1521 849 divinam
1546 794 1857 865 providen-

158 883 303 938 tiam
329 900 573 954 praesse
601 884 772 937 rebus
798 882 1658 954 humanislibenteropinantur,
1691 883 1858 937 dum-

158 988 276 1042 que
307 972 557 1026 fortuitis
587 971 1187 1026 committuntcasibus
1216 975 1274 1026 et
1297 971 1520 1026 animos
1547 977 1603 1026 et
1623 987 1860 1040 corpora

160 1076 286 1127 sua,
322 1060 555 1114 tradunt
602 1076 660 1115 se
700 1059 987 1114 feriendos
1035 1064 1093 1114 et
1121 1058 1478 1114 dilaniandos
1507 1059 1858 1126 libidinibus,

161 1148 358 1203 divina
379 1148 598 1220 judicia
634 1152 925 1219 negantes,
959 1149 1213 1202 humana
1242 1148 1523 1216 fallentes,
1557 1165 1651 1202 eos
1672 1165 1704 1202 a
1733 1147 1859 1219 qui-

159 1239 270 1293 bus
298 1242 654 1304 accusantur,
683 1238 931 1291 fortuna
956 1236 1277 1308 patrocinio
1305 1238 1643 1308 propulsare
1672 1254 1730 1291 se
1759 1254 1862 1308 pu-

159 1330 288 1380 tant
313 1343 328 1395 ;
361 1343 535 1397 quam
559 1330 754 1382 tamen
785 1344 994 1382 eaeam
1025 1327 1296 1398 efﬁngere
1348 1344 1411 1382 ac
1449 1327 1688 1399 pingere
1719 1342 1861 1380 con—

161 1422 492 1484 sueverunt,
536 1422 600 1470 ut
645 1422 744 1471 aut
775 1417 1041 1471 meliores
1089 1433 1156 1471 ea
1202 1415 1316 1471 sint
1372 1433 1405 1470 a
1460 1433 1572 1488 qua
1632 1431 1690 1470 se
1739 1415 1864 1486 regi

160 1503 532 1573 arbitrantur,
565 1510 666 1559 aut
693 1521 753 1559 se
783 1521 1012 1577 quoque
1063 1521 1194 1559 cum
1249 1505 1450 1560 eadem
1507 1505 1760 1560 cacitate
1809 1509 1864 1559 et

161 1593 374 1647 sentire
414 1593 525 1648 ista
577 1594 866 1648 fateantur
899 1599 955 1648 et
1007 1593 1215 1649 dicere.
1272 1595 1386 1648 Nec
1440 1593 1596 1649 enim
1652 1593 1863 1648 talibus

160 1682 406 1736 absurde
433 1681 606 1736 etiam
644 1683 974 1738 conceditur
1031 1683 1252 1737 casibus
1281 1699 1377 1737 eos
1432 1699 1602 1754 agere
1646 1682 1858 1749 omnia,

161 1771 394 1842 quando
426 1771 648 1842 agendo
673 1772 906 1826 cadunt.
940 1771 1048 1826 Sed
1073 1773 1343 1826 adversus
1363 1771 1510 1826 hanc
1532 1771 1863 1842 opinionem

159 1861 395 1930 plenam
420 1859 740 1914 stultissimi
769 1877 833 1914 ac
861 1859 1273 1915 dementissimi
1301 1860 1534 1926 erroris,
1595 1860 1750 1927 satis,
1798 1865 1862 1914 ut

161 1948 434 2015 arbitror,
482 1949 732 2004 secunda
773 1954 970 2003 nostra
1027 1949 1501 2004 sermocinatione
1557 1949 1862 2004 dissertum

164 2041 271 2093 est.
302 2037 414 2092 Alii
442 2054 575 2092 vero
609 2055 941 2110 quanquam
991 2054 1203 2109 negare
1232 2054 1348 2092 non
1378 2038 1628 2093 audeant
1671 2038 1864 2108 prasi-

165 2127 304 2180 dere
333 2127 602 2181 humana
631 2125 762 2181 vita
791 2127 1217 2197 providentiam
1246 2127 1370 2197 Dei,
1420 2128 1643 2181 malunt
1671 2132 1864 2181 tamen

165 2232 296 2271 eam
325 2217 414 2271 vel
442 2215 755 2286 inﬁrmam,
786 2218 874 2271 vel
922 2217 1220 2288 injustam,
1260 2218 1350 2272 vel
1404 2218 1616 2271 malam
1647 2216 1864 2271 nefario

163 2322 359 2361 errore
396 2307 646 2373 credere,
703 2322 878 2377 quam
935 2322 1038 2359 sua
1091 2309 1322 2376 peccata
1357 2305 1570 2376 pietate
1622 2305 1867 2376 supplici

165 2394 456 2450 conﬁteri.
495 2394 603 2458 Qui
631 2410 828 2448 omnes
860 2395 906 2447 si
926 2394 1263 2465 persuaderi
1287 2393 1395 2448 sibi
1424 2399 1776 2464 paterentur,
1807 2398 1869 2448 ut

163 2500 301 2538 cum
333 2484 400 2538 de
429 2483 642 2556 optimo
664 2488 721 2538 et
742 2482 1060 2554 justissimo
1092 2487 1148 2537 et
1173 2483 1566 2554 potentissimo
1594 2484 1867 2553 cogitant,

162 2571 484 2628 bonitatem
519 2579 575 2626 et
596 2571 879 2642 justitiam
905 2576 960 2626 et
988 2575 1306 2642 potentiam
1336 2572 1438 2627 Dei
1468 2573 1638 2644 longe
1685 2573 1866 2643 majo-

164 2677 294 2716 rem
326 2660 794 2732 superioremqne
826 2667 946 2716 esse
993 2661 1306 2727 crederent,
1361 2677 1536 2732 quam
1589 2660 1870 2732 quidquid

165 2748 516 2820 cogitatione
543 2749 904 2819 concipiunt;
939 2749 1480 2820 considerantesque
1510 2749 1866 2820 semetipsos,

167 2837 385 2909 gratias
411 2839 525 2891 Deo
566 2854 623 2891 se
656 2838 862 2892 debere
909 2838 1321 2908 intelligerent,
1381 2839 1605 2893 etiamsi
1653 2837 1870 2908 aliquid

167 2927 412 2983 inferius
442 2943 536 2981 eos
575 2925 848 2981 voluisset
905 2943 1025 2981 esse
1057 2943 1228 2998 quam
1283 2931 1432 2992 sunt,
1489 2925 1870 2997 omnibusque

168 3014 393 3070 ossibus
428 3019 486 3069 et
507 3013 772 3068 medullis
797 3014 1159 3068 conscientia
1190 3030 1309 3069 sua
1352 3015 1669 3069 clamarent
1700 3030 1713 3068 :
1757 3017 1870 3081 Ego

168 3104 313 3172 dimi,
342 3105 579 3170 Domine,
613 3105 868 3158 miserere
892 3105 1015 3170 mei,
1047 3119 1180 3158 cura
1227 3106 1468 3158 animam
1514 3119 1705 3168 meam,
1742 3105 1873 3172 quia

162 3193 393 3263 peccavi
421 3191 523 3244 tibi
542 3191 709 3260 (Psal.
743 3206 832 3259 Lx,
865 3191 920 3258 5)
953 3207 968 3244 :
999 3191 1078 3245 ita
1107 3191 1273 3246 certis
1313 3191 1614 3246 itineribus
1665 3191 1872 3246 divinae

170 3279 578 3335 misericordia
607 3277 667 3332 in
692 3278 1032 3349 sapientiam
1058 3279 1420 3348 ducerentur,
1451 3285 1518 3334 ut
1545 3296 1733 3351 neque
1784 3279 1875 3333 in-

169 3369 356 3424 ventis
385 3369 555 3423 rebus
582 3367 786 3436 inﬂati,
819 3384 1006 3439 neque
1040 3385 1155 3423 non
1172 3368 1418 3424 inventis
1447 3369 1783 3434 turbulenti,
1819 3374 1875 3423 et

170 3457 571 3529 cognoscendo
599 3456 991 3511 instructiores
1036 3457 1244 3513 ﬁerent
1296 3458 1368 3512 ad
1418 3458 1727 3513 videndum
1743 3462 1784 3526 ³,
1820 3462 1877 3513 et

171 3549 247 3603 ad
278 3546 997 3619 quarendumignorando
1022 3547 1298 3602 mitiores.
1332 3547 1458 3602 Tibi
1477 3564 1608 3602 vero
1639 3548 1729 3602 cui
1754 3549 1875 3620 jam

169 3639 282 3693 hoc
305 3651 643 3708 persuasum
672 3652 792 3690 esse
824 3652 940 3690 non
971 3636 1191 3704 dubito,
1224 3637 1350 3692 vide
1382 3653 1557 3707 quam
1588 3637 1752 3692 facile
1799 3637 1868 3692 de

166 3730 297 3780 tam
321 3741 530 3794 magna
559 3723 874 3796 quastione
932 3725 1334 3796 respondeam,
1376 3742 1504 3780 cum
1539 3725 1683 3780 mihi
1710 3725 1874 3796 prior

169 3814 556 3884 interroganti
583 3830 764 3885 pauca
787 3814 1170 3884 responderis.

171 3922 402 3977 CAPUT
426 3921 522 3976 III.
552 3949 624 3960 —
651 3923 748 3975 Dei
778 3922 1125 3990 prascientia
1174 3936 1279 3975 non
1311 3921 1480 3990 efﬁcit
1533 3925 1594 3976 ut
1638 3936 1747 3976 non
1803 3921 1872 3976 li-

639 4010 765 4064 bera
809 4011 1082 4064 voluntate
1117 4025 1414 4080 peccemus.

246 4120 279 4172 6
294 4157 307 4171 .
347 4115 510 4171 Certe
526 4115 681 4172 enim
692 4116 798 4171 hoc
815 4120 867 4171 te
879 4121 1087 4184 movet,
1111 4121 1166 4171 et
1184 4117 1292 4172 hoc
1313 4116 1558 4185 miraris,
1584 4117 1873 4188 quomodo

170 4223 294 4262 non
324 4206 438 4260 sint
465 4205 748 4260 contraria
774 4210 830 4260 et
856 4206 1261 4277 repugnantia,
1283 4209 1415 4260 utet
1435 4207 1583 4260 Deus
1604 4206 1875 4278 prascius

170 4295 251 4349 sit
285 4294 543 4349 omnium
571 4295 914 4361 futurorum,
971 4300 1029 4349 et
1073 4311 1178 4349 nos
1224 4311 1341 4350 non
1391 4295 1745 4362 necessitate,
1776 4295 1874 4350 sed

168 4384 470 4438 voluntate
495 4399 812 4454 peccemus.
850 4383 909 4438 Si
939 4383 1093 4437 enim
1120 4383 1391 4455 prascius
1445 4389 1532 4438 est
1583 4386 1752 4452 Deus,
1785 4384 1875 4438 in-

170 4472 326 4544 quis,
355 4476 722 4544 peccaturum
752 4488 873 4527 esse
905 4472 1219 4540 hominem,
1252 4489 1478 4527 necesse
1519 4477 1605 4527 est
1633 4478 1696 4528 ut
1736 4490 1874 4544 pec-

169 4565 268 4616 cet
299 4577 313 4615 :
347 4561 394 4615 si
421 4566 611 4616 autem
642 4577 871 4615 necesse
897 4566 1002 4631 est,
1034 4577 1154 4615 non
1199 4577 1337 4632 ergo
1386 4566 1473 4616 est
1500 4561 1560 4616 in
1589 4563 1874 4632 peccando

168 4650 488 4705 voluntatis
517 4650 841 4716 arbitrium,
874 4650 970 4704 sed
993 4650 1183 4720 potius
1213 4650 1555 4705 inevitabilis
1576 4656 1634 4706 et
1652 4652 1766 4706 ﬁxa
1777 4668 1876 4707 ne-

167 4739 424 4794 cessitas.
457 4739 579 4805 Qua
606 4739 1042 4794 ratiocinatione
1070 4739 1176 4793 hoc
1201 4739 1462 4794 videlicet
1506 4755 1577 4794 ne
1608 4739 1871 4794 conﬁcia-

164 4835 269 4884 tur
298 4829 484 4896 times,
515 4833 581 4884 ut
609 4833 708 4884 aut
737 4831 886 4884 Deus
915 4829 1241 4883 futurorum
1287 4828 1552 4883 omnium
1603 4829 1873 4900 praescius

166 4918 352 4989 impie
380 4922 643 4989 negetur,
676 4923 776 4973 aut
799 4918 847 4972 si
875 4919 984 4973 hoc
1012 4933 1224 4988 negare
1277 4933 1392 4971 non
1421 4934 1743 4989 possumus,
1795 4920 1867 4973 fa-

165 5012 402 5062 teamur
427 5023 543 5061 non
591 5007 903 5073 voluntate,
959 5007 1059 5062 sed
1108 5006 1440 5061 necessitate
1497 5006 1718 5077 peccari
1751 5023 1764 5061 :
1797 5023 1872 5061 an

167 5096 393 5168 aliquid
413 5095 571 5150 aliud
594 5099 650 5150 te
679 5097 913 5149 movet?
938 5099 1005 5151 E.
1038 5094 1190 5151 Nihil
1219 5095 1448 5150 interim
1461 5095 1635 5150 aliud.
1666 5097 1738 5150 A.
1763 5096 1871 5150 Res

165 5201 313 5257 ergo
342 5184 634 5240 universas
647 5199 893 5255 quarum
921 5185 1070 5239 Deus
1099 5189 1183 5240 est
1201 5185 1493 5256 prascius,
1526 5201 1644 5240 non
1673 5185 1870 5239 volun-

164 5278 292 5329 tate
321 5273 423 5329 sed
459 5271 796 5328 necessitate
827 5271 952 5325 ﬁeri
980 5276 1162 5342 putas.
1210 5276 1275 5330 E.
1311 5273 1556 5330 Omnino
1596 5273 1677 5328 ita
1704 5277 1866 5344 puto.

236 5418 254 5450 1
290 5413 915 5484 In_M_ss._s_eptemdecim,
941 5411 1189 5464 Pulsanti
1206 5413 1551 5467 vehementer
1577 5416 1870 5466 misericor-

165 5477 322 5527 diam
350 5479 461 5526 Dei.
485 5476 652 5534 Adsil,
678 5481 778 5524 etc.

237 5542 260 5576 2
291 5540 384 5604 Sic;
397 5540 451 5587 in
481 5539 600 5604 Mss,
633 5537 1024 5604 novem._Porro
1050 5537 1104 5604 in
1129 5537 1329 5602 aliquot
1345 5540 1483 5599 aliis,
1510 5543 1564 5591 et
1581 5539 1720 5604 apud
1743 5540 1866 5589 Bad.

169 5603 262 5652 Er.
295 5607 348 5652 et
367 5602 491 5651 Lov.
518 5601 757 5661 habetur,
783 5599 855 5651 ad
874 5601 1179 5650 vivendum.

1624 315 1835 372 LIBER
1891 281 2213 370 TERTIUS.

2070 111 2100 138 κ

3527 312 3664 366 1274

1973 441 2045 495 Α.
2083 440 2480 512 Expergiscere
2539 440 2792 508 tandem,
2825 444 2998 511 teque
3027 438 3216 509 ipsum
3242 438 3544 510 paululum
3572 439 3661 492 in-

1972 534 2154 598 tuere,
2187 534 2245 584 et
2273 529 2363 585 dic
2388 531 2550 600 mihi,
2579 531 2626 585 si
2652 535 2829 603 potes,
2862 531 3092 602 qualem
3121 529 3197 584 sis
3225 529 3521 584 habiturus
3541 545 3664 584 cras

1969 619 2340 685 voluntatem,
2372 623 2565 673 utrum
2577 619 2868 690 peccandi,
2893 635 2966 674 an
2995 622 3144 673 recte
3174 617 3436 672 faciendi.
3463 618 3537 671 E.
3557 618 3664 671 Ne-

1971 707 2102 762 scio.
2153 708 2231 763 Α.
2282 707 2476 772 Quid?
2520 710 2698 762 Deum
2763 708 2966 762 itidem
3015 707 3232 762 nescire
3288 707 3396 761 hoc
3447 707 3663 776 putas?

1969 797 2045 852 E.
2079 797 2246 850 Nullo
2278 797 2450 851 modo
2481 797 2541 851 id
2571 797 2908 868 putaverim.
2939 798 3011 852 A.
3044 796 3102 852 Si
3131 812 3268 867 ergo
3313 796 3663 850 voluntatem

1969 889 2128 939 tuam
2161 885 2463 939 crastinam
2492 886 2671 952 novit,
2700 891 2754 940 et
2781 885 3040 941 omnium
3064 884 3389 950 hominum,
3424 882 3538 936 sive
3565 880 3666 953 qui

1972 978 2124 1040 sunt,
2147 974 2261 1027 sive
2283 974 2381 1045 qui
2411 973 2590 1028 futuri
2605 978 2755 1040 sunt,
2782 975 3000 1028 futuras
3021 974 3297 1045 pravidet
3325 972 3664 1037 voluntates,

1970 1061 2152 1115 multo
2186 1061 2366 1132 magis
2394 1061 2671 1132 pravidet
2699 1060 2838 1134 quid
2868 1061 2936 1115 de
2962 1061 3128 1131 justis
3156 1060 3462 1132 impiisque
3493 1059 3666 1113 factu-

1970 1166 2067 1203 rus
2095 1150 2184 1205 sit.
2201 1152 2276 1205 E.
2297 1153 2530 1204 Prorsus
2556 1150 2601 1204 si
2619 1166 2882 1204 meorum
2896 1166 3136 1220 eperum
3157 1149 3459 1220 prascium
3482 1149 3663 1202 Deum

1972 1238 2118 1306 dico,
2150 1240 2330 1293 multo
2370 1239 2638 1294 fidentius
2696 1256 2831 1294 eum
2888 1239 3129 1294 dixerim
3185 1238 3448 1308 prascire
3489 1252 3665 1307 opera

1973 1345 2094 1395 sua,
2111 1333 2164 1382 et
2183 1328 2320 1399 quid
2338 1329 2410 1382 sit
2425 1329 2676 1383 facturus
2691 1328 3002 1383 certissime
3019 1327 3353 1398 pravidere.
3371 1327 3441 1382 A.
3466 1328 3666 1380 Nonne

1971 1416 2151 1489 igitur
2179 1433 2339 1472 caves
2368 1434 2440 1472 ne
2471 1417 2575 1472 tibi
2603 1417 2842 1486 dicatur,
2874 1418 3047 1473 etiam
3073 1416 3264 1488 ipsum
3291 1431 3666 1488 quacumque

1971 1507 2221 1561 facturus
2251 1511 2352 1574 est,
2385 1524 2499 1562 non
2519 1508 2812 1562 voluntate
2843 1507 2942 1562 sed
2991 1506 3325 1561 necessitate
3361 1505 3666 1570 facturum,

1973 1594 2021 1648 si
2045 1595 2238 1649 omnia
2267 1612 2511 1667 quorum
2533 1597 2682 1651 Deus
2707 1595 2976 1667 prascius
3007 1599 3106 1662 est,
3138 1593 3471 1650 necessitate
3501 1592 3666 1655 ﬁunt,

1973 1699 2091 1738 non
2122 1685 2459 1739 voluntate?
2489 1686 2570 1742 E.
2605 1687 2721 1756 Ego
2753 1702 2882 1740 cum
2911 1682 3513 1754 diceremInecessitate
3540 1681 3672 1735 uni-

1971 1789 2132 1827 versa
2161 1773 2289 1826 ﬁeri
2315 1790 2444 1844 qua
2475 1776 2623 1828 Deus
2651 1775 2844 1828 futura
2862 1773 3161 1844 prascivit,
3183 1789 3249 1827 ea
3275 1770 3671 1826 solaintuehar

1974 1877 2102 1932 qua
2131 1861 2191 1914 in
2221 1866 2478 1916 creatura
2509 1863 2630 1932 ejus
2657 1863 2821 1929 fiunt,
2863 1878 2979 1915 non
3016 1866 3208 1915 autem
3239 1876 3369 1932 qua
3412 1859 3474 1912 in
3501 1859 3624 1930 ipso
3653 1875 3666 1913 :

1973 1966 2088 2007 non
2119 1950 2273 2003 enim
2303 1967 2369 2004 ea
2389 1952 2555 2018 ﬁunt,
2587 1951 2687 2004 sed
2717 1955 2849 2005 sunt
2868 1950 3234 2021 sempiterna.
3258 1950 3330 2004 A.
3361 1948 3512 2002 Nihil
3532 1963 3669 2017 ergo

1972 2037 2034 2091 in
2063 2054 2164 2091 sua
2192 2042 2454 2092 creatura
2481 2043 2753 2108 operatur
2785 2040 2954 2092 Deus.
2996 2038 3072 2094 E.
3105 2038 3230 2092 Jam
3256 2037 3431 2090 semel
3469 2034 3668 2089 statuit

1929 2121 1932 2124 ’
1975 2127 2465 2197 quemadmodum
2493 2127 2709 2182 feratur
2738 2126 2877 2180 ordo
2909 2127 3033 2198 ejus
3079 2124 3465 2180 universitatis
3495 2139 3670 2195 quam

1975 2215 2271 2283 condidit;
2298 2232 2481 2286 neque
2511 2216 2669 2270 enim
2698 2215 2915 2286 aliquid
2953 2231 3101 2269 nova
3154 2214 3443 2268 voluntate
3483 2212 3671 2267 admi-

1975 2304 2194 2358 nistrat.
2217 2305 2290 2358 A.
2325 2306 2617 2377 Numquid
2646 2304 2938 2360 neminem
2954 2304 3186 2358 beatum
3210 2302 3390 2357 facit?
3421 2304 3490 2358 E.
3519 2301 3674 2356 Facit

1976 2411 2127 2451 vero.
2160 2397 2234 2450 A.
2267 2397 2422 2450 Tunc
2449 2397 2645 2467 utique
2674 2397 2827 2466 facit,
2861 2395 3091 2467 quando
3123 2394 3220 2449 ille
3249 2394 3329 2448 ﬁt.
3352 2394 3428 2447 E.
3463 2394 3546 2447 Ita
3567 2395 3670 2446 est.

1977 2485 2048 2540 A.
2081 2485 2140 2539 Si
2167 2484 2363 2555 igitur,
2393 2485 2552 2539 verbi
2582 2486 2781 2555 gratia,
2828 2489 2957 2555 post
3007 2499 3225 2538 annum
3279 2483 3478 2536 beatus
3516 2481 3670 2535 futu-

1978 2589 2076 2627 rus
2107 2589 2186 2640 es,
2207 2579 2336 2643 post
2352 2590 2568 2628 annum
2599 2581 2650 2628 te
2679 2575 2912 2628 beatum
2956 2573 3209 2627 facturus
3235 2575 3337 2626 est.
3367 2570 3444 2625 E.
3470 2569 3672 2623 Etiam.

1977 2664 2049 2716 A.
2083 2663 2206 2717 Jam
2234 2679 2369 2733 ergo
2399 2662 2627 2732 prascit
2654 2661 2822 2718 hodie
2855 2663 3008 2733 quod
3037 2665 3163 2732 post
3191 2675 3405 2715 annum
3425 2659 3675 2713 facturus

1981 2755 2082 2805 est.
2115 2753 2183 2805 E.
2214 2751 2450 2821 Semper
2480 2752 2588 2805 hoc
2614 2751 2896 2821 prascivit
2921 2768 2934 2805 :
2960 2767 3112 2805 nunc
3140 2765 3369 2822 quoque
3405 2748 3513 2803 hoc
3543 2762 3676 2802 eum

1979 2839 2242 2910 praescire
2274 2839 2589 2906 consentio,
2619 2841 2666 2893 si
2688 2840 2870 2894 estita
2899 2840 3178 2893 futurum.

2049 2931 2104 2981 7.
2135 2929 2204 2982 Α.
2244 2928 2359 2994 Dic,
2396 2944 2612 2998 quaso,
2644 2944 2785 2982 num
2815 2933 2879 2996 tu
2901 2931 3160 2982 creatura
3173 2927 3296 2998 ejus
3323 2943 3440 2980 non
3469 2941 3547 2993 es,
3579 2928 3679 2980 aut

1979 3020 2080 3071 tua
2109 3017 2402 3072 beatitudo
2426 3033 2542 3071 non
2571 3017 2632 3072 in
2662 3022 2716 3072 te
2747 3017 2881 3072 ﬁet?
2911 3019 2992 3072 E.
3031 3019 3153 3072 Imo
3183 3021 3239 3071 et
3266 3021 3526 3071 creatura
3555 3016 3678 3086 ejus

1983 3122 2132 3176 sum,
2168 3110 2224 3160 et
2251 3101 2311 3159 in
2341 3122 2432 3161 me
2463 3105 2563 3160 ﬁet
2592 3107 2746 3177 quod
2773 3106 2971 3160 beatus
3003 3122 3116 3160 ero.
3153 3106 3223 3160 A.
3256 3107 3380 3159 Non
3409 3120 3544 3175 ergo
3575 3120 3675 3158 vo-

1982 3194 2201 3249 luntate
2233 3195 2328 3248 sed
2355 3194 2688 3249 necessitate
2718 3194 2780 3248 in
2810 3199 2867 3249 te
2895 3195 2998 3248 fiet
3023 3193 3315 3248 beatitudo
3335 3199 3431 3248 tua
3460 3195 3575 3248 Deo
3607 3193 3680 3247 fa-

1982 3283 2183 3338 ciente.
2215 3285 2292 3338 E.
2323 3284 2593 3338 Voluntas
2621 3284 2777 3339 illius
2833 3283 2975 3338 mihi
3004 3288 3087 3338 est
3139 3282 3462 3338 necessitas.
3492 3283 3563 3337 A.
3595 3283 3679 3336 Tu

1981 3373 2176 3444 itaque
2209 3372 2418 3427 invitus
2435 3373 2634 3428 beatus
2660 3373 2791 3427 eris.
2822 3374 2896 3428 E.
2931 3373 3067 3428 Mihi
3091 3372 3138 3426 si
3166 3377 3312 3426 esset
3338 3376 3586 3443 potestas
3615 3375 3681 3426 ut

1983 3477 2163 3516 essem
2194 3462 2436 3532 beatust,
2473 3461 2594 3533 jam
2624 3462 2877 3534 profecto
2907 3478 3091 3517 essem
3124 3477 3139 3516 :
3170 3462 3297 3516 volo
3328 3461 3483 3516 enim
3507 3461 3678 3514 etiam

1982 3565 2155 3620 nunc,
2179 3555 2236 3606 et
2263 3567 2380 3606 non
2408 3567 2557 3618 sum,
2585 3551 2721 3623 quia
2749 3568 2865 3606 non
2893 3568 3021 3623 ego,
3069 3551 3169 3606 sed
3197 3551 3295 3606 ille
3325 3567 3415 3606 me
3445 3551 3680 3605 beatum

1981 3639 2134 3694 facit.
2165 3642 2237 3694 A.
2271 3639 2496 3710 Optime
2529 3639 2598 3693 de
2631 3645 2686 3694 te
2715 3640 2926 3695 veritas
2956 3641 3179 3694 clamat.
3217 3641 3342 3694 Non
3372 3640 3525 3694 enim
3555 3655 3681 3709 pos-

1983 3744 2072 3781 ses
2099 3727 2254 3782 aliud
2294 3728 2502 3782 sentire
2533 3744 2652 3782 esse
2698 3728 2762 3782 in
2807 3732 3085 3798 potestate
3130 3733 3342 3795 nostra,
3375 3727 3488 3782 nisi
3526 3728 3682 3798 quod

1983 3833 2114 3870 cum
2141 3817 2426 3882 volumus,
2458 3816 2716 3872 facimus.
2746 3817 3104 3888 Quapropter
3133 3815 3277 3870 nihil
3302 3821 3420 3871 tam
3449 3817 3508 3870 in
3564 3833 3673 3871 no-

1983 3909 2099 3959 stra
2123 3909 2427 3976 potestate,
2452 3921 2626 3976 quam
2650 3904 2776 3975 ipsa
2799 3906 3063 3960 voluntas
3088 3909 3190 3960 est.
3225 3906 3300 3959 Ea
3326 3905 3483 3958 enim
3513 3921 3677 3976 pror-

1984 4011 2078 4049 sus
2102 3995 2260 4049 nullo
2299 3995 2614 4062 intervallo,
2647 4011 2782 4049 mox
2839 3999 2906 4049 ut
2931 3995 3195 4049 volumus
3225 3999 3434 4065 prasto
3465 3999 3550 4048 est
3580 3994 3674 4066 (α).

1984 4084 2050 4137 Et
2074 4083 2201 4138 ideo
2228 4087 2376 4138 recte
2402 4098 2704 4154 possumus
2726 4082 2935 4150 dicere,
2969 4083 3092 4137 Non
3121 4083 3415 4137 voluntate
3433 4083 3675 4150 senesci-

1982 4166 2160 4237 mus’,
2193 4168 2289 4222 sed
2317 4167 2649 4222 necessitate
2676 4187 2690 4233 ;
2717 4171 2831 4233 aut,
2884 4182 3001 4220 non
3033 4167 3327 4220 voluntate
3375 4166 3676 4234 morimur,

1983 4257 2084 4312 sed
2113 4257 2447 4311 necessitate
2474 4277 2489 4324 ;
2517 4260 2572 4311 et
2597 4256 2646 4310 si
2677 4255 2815 4328 quid
2844 4255 2999 4311 aliud
3021 4255 3119 4326 huj
3131 4255 3356 4310 usmodi
3383 4272 3396 4310 :
3427 4273 3541 4311 non
3577 4273 3678 4311 vo-
3747 4315 3752 4330 ,

1982 4347 2196 4402 luntate
2227 4350 2419 4400 autem
2443 4347 2727 4416 volumus,
2751 4345 2878 4416 quis
2903 4345 2991 4399 vel
3008 4344 3220 4399 delirus
3242 4345 3451 4400 audeat
3463 4345 3680 4400 dicere?

1984 4435 2389 4502 Quamobrem,
2420 4435 2679 4506 quamvis
2723 4433 2989 4506 prasciat
3011 4435 3156 4488 Deus
3181 4439 3404 4489 nostras
3423 4434 3680 4488 volunta-
3745 4429 3748 4444 ¹

1981 4528 2067 4578 tes
2095 4524 2334 4592 futuras,
2368 4540 2484 4578 non
2514 4540 2579 4577 ex
2605 4539 2671 4578 eo
2700 4527 2896 4578 tamen
2913 4522 3212 4576 conﬁcitur
3240 4527 3305 4576 ut
3332 4539 3448 4577 non
3476 4523 3678 4577 volun-

1982 4618 2098 4669 tate
2117 4613 2333 4685 aliquid
2357 4614 2614 4668 velimus.
2639 4613 2781 4667 Nam
2798 4617 2853 4667 et
2881 4612 2952 4666 de
2979 4611 3328 4666 beatitudine
3359 4613 3510 4683 quod
3540 4612 3680 4667 dixi-

1982 4703 2076 4772 sti,
2109 4719 2226 4757 non
2250 4703 2347 4779 abs
2376 4702 2557 4772 teipso
2580 4703 2811 4756 beatum
2839 4699 2987 4767 ﬁeri,
3016 4700 3097 4755 ita
3128 4699 3340 4769 dixisti,
3373 4701 3539 4773 quasi
3569 4702 3681 4756 hoc

1982 4809 2088 4863 ego
2121 4791 2484 4862 negaverim:
2516 4791 2614 4846 sed
2640 4790 2787 4858 dico,
2819 4805 2948 4844 cum
2970 4789 3196 4844 futurus
3224 4806 3284 4843 es
3309 4789 3528 4857 beatus,
3561 4807 3677 4844 non

1981 4886 2038 4936 te
2069 4880 2330 4948 invitum,
2363 4881 2461 4936 sed
2489 4881 2775 4934 volentem
2803 4878 3080 4934 futurum.
3115 4879 3256 4934 Cum
3302 4879 3482 4950 igitur
3531 4896 3676 4950 pra-

1982 4970 2131 5024 scius
2165 4971 2310 5024 Deus
2337 4969 2408 5024 sit
2434 4970 2642 5023 futura
2669 4967 3038 5023 beatitudinis
3066 4972 3201 5036 tua,
3235 4985 3341 5023 nec
3371 4968 3534 5023 aliter
3571 4969 3675 5022 ali-

1981 5058 2121 5130 quid
2149 5057 2273 5112 ﬁeri
2299 5058 2478 5129 possit
2507 5073 2680 5129 quam
2709 5057 2806 5112 ille
2861 5056 3164 5129 prascivit,
3228 5057 3481 5129 alioquin
3518 5057 3678 5110 nulla

1979 5146 2340 5218 prascientia
2368 5151 2484 5213 est;
2520 5162 2637 5201 non
2667 5150 2860 5200 tamen
2899 5162 2968 5201 ex
3016 5162 3082 5202 eo
3130 5145 3390 5218 cogimur
3442 5144 3673 5212 sentire,

2047 5275 2061 5307 ι
2093 5272 2260 5320 Locus
2289 5272 2344 5319 in
2367 5270 2604 5320 editione
2655 5271 2969 5320 Lovaniensi
3017 5271 3396 5320 interturbatus
3439 5268 3584 5317 hunc
3617 5268 3669 5318 in

1977 5335 2195 5383 modum
2231 5337 2297 5384 In
2319 5336 2369 5384 te
2397 5331 2484 5394 ﬁet
2507 5332 2781 5383 beatitudo
2813 5337 2907 5383 tua
2937 5337 3044 5382 Deo
3075 5331 3323 5395 faciente.
3349 5333 3410 5379 Ε.
3443 5332 3516 5380 Tu
3546 5344 3672 5395 ergo

1977 5397 2183 5447 invitus
2215 5397 2406 5446 beatus
2435 5408 2489 5446 es
2509 5399 2531 5444 ?
2567 5395 2813 5446 Voluntas
2837 5396 2990 5447 illius
3018 5393 3152 5442 mihi
3180 5395 3250 5442 est
3277 5396 3568 5443 necessitas.
3607 5393 3678 5446 ‘Si

1978 5460 2119 5510 enim
2150 5460 2274 5508 mihi
2305 5462 2431 5508 esset
2455 5461 2712 5520 potestas,
2744 5463 2844 5507 etc.

2039 5523 2060 5558 9
2080 5522 2168 5570 Er.
2192 5521 2354 5585 Lugd.
2376 5515 2504 5571 Ven.
2529 5525 2581 5570 et
2601 5515 2754 5579 Lov.,
2776 5533 2882 5568 non
2904 5519 3186 5569 voluntate
3213 5515 3452 5568 vivimus.
3488 5518 3564 5572 M,

2041 5602 2114 5664 (α)
2141 5603 2257 5652 Vid.
2289 5603 2514 5652 Retract.
2547 5601 2662 5651 Lib.
2703 5604 2746 5657 1,
2769 5614 2880 5662 cap.
2916 5601 2964 5657 9,
2995 5611 3047 5647 ιι.
3073 5599 3120 5646 3,.
