4074 6382
377 351 509 403 1275

373 471 529 544 quod
561 468 1038 525 absurdissimum
1071 470 1155 520 est
1176 470 1234 521 et
1252 467 1423 538 longe
1451 481 1483 520 a
1509 465 1742 521 veritate
1771 465 2074 530 seclusum,

372 577 490 615 non
520 565 576 615 te
605 559 891 612 volentem
920 557 1154 612 beatum
1209 555 1486 610 futurum.
1520 554 1678 610 Sicut
1722 562 1819 609 aut
1863 554 2066 608 volun-

373 653 548 704 tatem
578 645 970 715 beatitudinis,
996 661 1126 698 cum
1153 661 1274 698 esse
1305 643 1544 714 coeperis
1572 643 1792 712 beatus,
1822 659 1934 697 non
1969 641 2074 697 tibi

374 737 560 791 aufert
586 735 943 808 praescientia
972 734 1092 802 Dei,
1119 749 1248 805 quae
1278 733 1564 802 hodieque
1609 732 1680 786 de
1732 737 1832 786 tua
1883 731 2075 786 futura

372 825 730 880 beatitudine
760 828 914 878 certa
944 827 1058 877 est:
1088 822 1167 876 sic
1193 821 1364 876 etiam
1393 821 1654 874 voluntas
1672 819 1988 890 culpabilis,
2025 817 2072 872 si

378 930 493 985 qua
524 913 585 967 in
613 918 667 967 te
699 912 891 966 futura
920 915 1023 978 est,
1045 926 1161 964 non
1181 913 1486 980 propterea
1509 908 1767 962 voluntas
1793 923 1911 962 non
1943 905 2070 974 erit,

379 1001 656 1074 quoniam
687 1003 836 1056 Deus
875 1016 1001 1054 eam
1030 1000 1280 1054 futuram
1309 1012 1430 1051 esse
1454 996 1754 1068 praascivit.

447 1093 498 1145 8.
525 1089 770 1144 Attende
801 1089 972 1154 enim,
1005 1103 1220 1158 quaeso,
1268 1089 1482 1157 quanta
1538 1084 1786 1139 caicitate
1827 1083 2069 1149 dicatur,

371 1177 428 1233 Si
445 1179 887 1249 praescivitDeus
905 1177 1156 1230 futuram
1178 1175 1532 1228 voluntatem
1563 1189 1772 1238 meam,
1797 1172 2072 1243 quoniam

375 1267 518 1322 nihil
549 1266 713 1320 aliter
739 1269 930 1336 potest
955 1264 1079 1318 ﬁeri
1101 1279 1276 1335 quam
1296 1261 1598 1332 praescivit,
1641 1277 1868 1315 necesse
1899 1264 1984 1316 est
2008 1264 2074 1315 ut

373 1357 546 1410 velim
577 1354 729 1425 quod
755 1353 848 1408 ille
878 1352 1196 1424 praescivit;
1231 1351 1278 1405 si
1303 1355 1492 1404 autem
1536 1366 1762 1404 necesse
1796 1356 1900 1416 est,
1951 1365 2072 1404 non

371 1443 491 1513 jam
520 1443 830 1508 voluntate,
860 1441 958 1496 sed
988 1441 1319 1495 necessitate
1348 1439 1406 1494 id
1461 1455 1551 1493 me
1588 1439 1731 1493 velle
1775 1438 2072 1493 fatendum

378 1535 479 1586 est.
514 1531 558 1585 Ο
591 1530 888 1584 stultitiam
922 1529 1300 1600 singularem!
1328 1528 1624 1592 Quomodo
1655 1543 1790 1598 ergo
1822 1543 1940 1581 non
1968 1543 2072 1598 po-

374 1623 487 1673 test
512 1617 668 1674 aliud
702 1617 825 1671 ﬁeri
854 1633 1028 1688 quam
1056 1616 1337 1687 praescivit
1364 1618 1532 1682 Deus,
1584 1615 1631 1669 si
1660 1616 1918 1670 voluntas
1955 1631 2074 1668 non

375 1707 505 1773 erit,
529 1722 702 1777 quam
727 1706 1078 1758 voluntatem
1100 1705 1350 1758 futuram
1377 1703 1472 1758 ille
1489 1703 1872 1774 prazsciverit?
1901 1703 2076 1758 Omit-

375 1799 433 1850 to
473 1795 615 1849 illud
647 1810 810 1866 atque
866 1798 1311 1859 monstruosum,
1367 1794 1520 1864 quod
1573 1794 1743 1864 paulo
1794 1797 1922 1846 ante
1954 1791 2072 1847 dixi

378 1884 647 1938 eumdem
677 1881 972 1936 hominem
1003 1882 1214 1951 dicere,
1266 1882 1499 1935 Necesse
1548 1885 1632 1935 est
1680 1885 1741 1935 ut
1768 1881 1848 1935 ita
1877 1881 2068 1946 velim,

379 1971 478 2042 qui
509 1970 848 2025 necessitate
879 1970 1170 2040 supposita
1197 1971 1418 2023 auferre
1449 1969 1650 2023 nititur
1675 1970 2088 2023 voluntatem‘.‘

378 2059 435 2113 Si
463 2059 615 2113 enim
648 2075 873 2112 necesse
904 2063 987 2112 est
1020 2063 1080 2112 ut
1107 2057 1259 2125 velit,
1287 2058 1435 2112 unde
1467 2058 1617 2111 volet
1647 2074 1776 2111 cum
1815 2058 2075 2111 voluntas

375 2163 491 2202 non
513 2145 841 2217 erit‘KQuod
872 2147 919 2200 si
949 2162 1064 2201 non
1084 2147 1190 2201 hoc
1202 2147 1372 2200 modo
1394 2146 1621 2213 dixerit,
1644 2146 1741 2200 sed
1765 2145 1971 2201 dixerit
1993 2162 2072 2214 se,

379 2236 516 2308 quia
542 2251 773 2290 necesse
803 2234 886 2288 est
934 2240 998 2290 ut
1021 2235 1177 2302 velit,
1227 2235 1408 2305 ipsam
1457 2236 1803 2290 voluntatem
1833 2235 1894 2288 in
1924 2240 2078 2306 pote-

377 2329 520 2379 state
550 2340 665 2378 non
697 2324 946 2378 habere:
981 2328 1311 2378 occurretur
1338 2340 1403 2378 ex
1435 2340 1500 2378 eo
1534 2323 1686 2394 quod
1709 2324 1828 2395 ipse
1859 2323 2074 2391 dixisti,

379 2427 511 2465 cum
541 2427 864 2481 quaererem
896 2415 1092 2466 utrum
1120 2411 1329 2465 invitus
1357 2411 1556 2466 beatus
1589 2413 1814 2467 futurus
1857 2411 1959 2466 sis:
1979 2427 2076 2466 re-

380 2496 666 2566 spondisti
697 2497 853 2550 enim
885 2496 1036 2567 quod
1062 2497 1181 2567 jam
1213 2513 1360 2550 esses
1385 2497 1607 2566 beatus,
1632 2497 1677 2551 si
1709 2501 1960 2569 potestas
1985 2513 2077 2551 es-

381 2590 468 2640 set
495 2585 554 2638 in
586 2591 639 2639 te
663 2602 677 2653 ;
709 2587 851 2640 velle
868 2586 1021 2640 enim
1038 2591 1112 2653 te,
1142 2587 1237 2640 sed
1269 2587 1523 2641 nondum
1547 2603 1712 2658 posse
1740 2587 1942 2641 dixisti.
1976 2585 2080 2641 Ubi

381 2689 492 2745 ego
525 2673 740 2743 subjeCi
767 2674 836 2728 de
865 2678 919 2728 te
967 2675 1238 2728 clamasse
1277 2674 1602 2730 veritatem:
1645 2691 1761 2729 non
1789 2675 1944 2729 enim
1985 2690 2081 2729 ne-

383 2778 520 2833 gare
549 2777 855 2832 possumus
884 2761 1093 2816 habere
1115 2767 1586 2833 nospotestatem,
1621 2762 1729 2816 nisi
1759 2762 1895 2816 dum
1918 2761 2082 2817 nobis

381 2866 497 2904 non
521 2850 677 2905 adest
713 2850 867 2921 quod
898 2851 1158 2904 volumus
1181 2867 1194 2917 ;
1219 2850 1355 2904 dum
1387 2855 1579 2905 autem
1624 2851 1886 2904 volumus
1910 2851 1956 2904 si
1985 2867 2078 2905 vo-

381 2939 567 2992 luntas
597 2937 724 3009 ipsa
762 2938 922 2991 deest
948 2937 1126 3005 nobis,
1153 2954 1269 2992 non
1307 2937 1505 3009 utique
1523 2940 1812 2994 volumus.
1843 2939 2002 3003 Quod
2034 2939 2082 2992 si

382 3025 508 3081 ﬁeri
530 3042 644 3079 non
677 3029 866 3096 potest
895 3030 958 3080 ut
990 3025 1127 3080 dum
1159 3027 1422 3080 volumus
1456 3043 1574 3081 non
1603 3027 1863 3094 velimus,
1923 3027 2083 3082 adest

283 3191 288 3196 ε
382 3115 579 3186 utique
608 3107 874 3168 voluntas
919 3115 1280 3182 volentibus;
1336 3131 1438 3168 nec
1467 3115 1621 3170 aliud
1652 3116 1967 3186 quidquam
1998 3119 2083 3170 est

381 3204 443 3257 in
473 3207 770 3274 potestate,
800 3201 911 3256 nisi
938 3203 1088 3274 quod
1121 3203 1444 3258 volentibus
1475 3204 1649 3258 adest.
1675 3206 1947 3259 Voluntas
1980 3205 2084 3276 igi-

383 3295 479 3346 tur
504 3295 699 3345 nostra
727 3307 830 3344 nec
859 3291 1120 3345 voluntas
1151 3296 1316 3361 esset,
1352 3291 1458 3346 nisi
1491 3298 1637 3347 esset
1666 3293 1724 3346 in
1755 3299 1949 3347 nostra
1975 3310 2080 3364 po-

383 3383 606 3434 testate.
641 3381 838 3444 Porro,
872 3379 1008 3449 quia
1041 3384 1125 3432 est
1153 3379 1210 3432 in
1240 3385 1539 3450 potestate,
1572 3381 1751 3435 libera
1780 3386 1866 3434 est
1893 3381 2078 3435 nobis.

387 3469 512 3522 Non
542 3467 695 3521 enim
710 3472 796 3521 est
821 3467 986 3521 nobis
1011 3467 1276 3535 liberum,
1307 3468 1456 3539 quod
1478 3467 1535 3521 in
1547 3472 1825 3538 potestate
1846 3485 1963 3522 non
1984 3469 2083 3523 ha-

383 3557 608 3624 bemus,
641 3560 738 3610 aut
763 3560 953 3626 potest
983 3572 1097 3610 non
1129 3572 1250 3610 esse
1284 3556 1436 3627 quod
1487 3557 1784 3610 habemus.
1817 3558 1900 3611 Ita
1926 3556 1990 3610 ﬁt
2018 3560 2083 3610 ut

386 3649 442 3703 et
474 3645 652 3698 Deum
685 3660 798 3699 non
829 3661 1101 3716 negemus
1115 3661 1236 3700 esse
1257 3644 1559 3716 praescium
1588 3644 1847 3700 omnium
1861 3645 2082 3700 futuro-

387 3749 540 3802 rum,
570 3737 627 3787 et
655 3749 758 3787 nos
788 3737 981 3788 tamen
1007 3734 1246 3789 velimus
1277 3735 1430 3805 quod
1464 3735 1741 3789 volumus.
1767 3734 1906 3788 Cum
1928 3733 2084 3787 enim

388 3821 464 3875 sit
517 3822 789 3893 prazscius
842 3823 1148 3877 voluntatis
1197 3828 1423 3887 nostrae,
1488 3823 1648 3894 cujus
1678 3827 1764 3876 est
1812 3823 2082 3893 praascius

389 3909 514 3981 ipsa
542 3910 672 3966 erit.
706 3910 977 3965 Voluntas
1007 3927 1144 3982 ergo
1170 3911 1298 3977 erit,
1331 3911 1468 3982 quia
1497 3911 1799 3966 voluntatis
1829 3917 1912 3966 est
1935 3926 2082 3982 pra:-

389 3998 556 4054 scius.
603 4000 715 4054 Nec
752 3999 1014 4054 voluntas
1053 4015 1173 4054 esse
1201 3999 1433 4071 poterit,
1467 3999 1514 4053 si
1553 3999 1614 4053 in
1643 4004 1919 4070 potestate
1966 4015 2085 4053 non

390 4087 516 4141 erit.
553 4089 698 4158 Ergo
732 4093 789 4142 et
815 4089 1110 4159 potestatis
1139 4092 1223 4142 est
1265 4087 1555 4158 praescius.
1617 4089 1740 4142 Non
1771 4087 1946 4158 igitur
1982 4103 2087 4158 per

391 4175 514 4246 ejus
542 4176 963 4246 prmscientiam
996 4176 1138 4230 mihi
1168 4180 1414 4247 potestas
1467 4175 1760 4243 adimitur,
1794 4192 1924 4246 quae
1954 4191 2085 4246 pro-

389 4268 588 4334 pterea
613 4263 756 4317 mihi
783 4263 994 4318 certior
1022 4263 1222 4329 aderit,
1255 4263 1392 4334 quia
1416 4263 1510 4317 ille
1532 4263 1694 4333 cujus
1724 4263 2088 4334 prazscientia

391 4367 509 4405 non
539 4350 782 4414 fallitur,
813 4351 1142 4405 adfuturam
1169 4350 1312 4404 mihi
1361 4367 1480 4404 esse
1510 4349 1808 4421 praescivit.
1841 4352 1916 4405 E.
1952 4352 2087 4405 Ecce

387 4439 508 4511 jam
542 4455 657 4492 non
688 4455 835 4509 nego
867 4439 946 4492 ita
975 4455 1203 4492 necesse
1229 4455 1348 4492 esse
1380 4439 1504 4493 ﬁeri
1533 4454 1910 4510 quaecumque
1940 4455 2086 4510 prae-

393 4527 557 4582 scivit
581 4529 754 4594 Deus,
777 4532 831 4582 et
860 4528 939 4581 ita
973 4543 1103 4581 eum
1156 4533 1387 4598 peccata
1441 4531 1632 4581 nostra
1683 4527 1967 4598 praescire,
2026 4531 2089 4582 ut

394 4621 624 4670 maneat
662 4622 856 4670 tamen
895 4617 1060 4671 nobis
1087 4617 1345 4672 voluntas
1375 4617 1575 4688 libera,
1605 4621 1774 4688 atque
1803 4616 1864 4671 in
1893 4621 2088 4671 nostra

392 4705 580 4778 posita
608 4710 904 4776 potestate.
1913 4706 1920 4715 ’

397 4813 620 4868 CAPUT
650 4813 736 4867 IV.
768 4841 836 4853 —
874 4815 1010 4866 Deus
1035 4827 1368 4882 prwnoscens
1414 4828 1520 4867 non
1566 4815 1704 4878 cogit
1751 4811 1825 4866 ad
1869 4827 2090 4882 peccan-

679 4901 828 4968 dum,
852 4907 1015 4971 atque
1052 4902 1183 4956 adeo
1208 4907 1431 4972 peccata
1448 4903 1596 4971 juste
1621 4904 1802 4971 punit.

467 5011 520 5063 9.
551 5009 621 5062 A.
659 5007 804 5073 Quid
843 5025 978 5080 ergo
1013 5013 1065 5062 te
1092 5010 1330 5065 movet?
1362 5026 1435 5064 an
1461 5009 1607 5064 forte
1661 5009 1872 5064 oblitus
1917 5006 2090 5079 quid-

393 5097 582 5169 prima
603 5097 1129 5168 nostra-disputatio
1175 5099 1461 5170 peregerit
1512 5098 1749 5170 negabis
1806 5097 1964 5151 nullo
1994 5112 2089 5150 co-

397 5189 587 5255 gente,
615 5189 713 5238 aut
742 5185 1060 5255 superiore,
1084 5190 1184 5238 aut
1211 5185 1499 5252 inferiore,
1532 5189 1630 5238 aut
1659 5183 1885 5254 aequali,
1915 5182 2093 5236 sedea

397 5288 500 5326 nos
532 5273 820 5328 voluntate
843 5273 1210 5344 peccare?E.
1241 5273 1392 5328 Nihil
1417 5275 1624 5328 horum
1651 5288 1882 5343 prorsus
1912 5271 2092 5324 audeo

396 5377 608 5429 negare
642 5378 654 5416 :
688 5362 785 5416 sed
817 5367 1029 5429 tamen,
1058 5363 1262 5430 fateor,
1298 5362 1558 5414 nondum
1604 5360 1766 5413 video
1798 5359 2090 5429 quomodo

398 5448 506 5504 sibi
527 5465 645 5503 non
666 5449 1032 5505 adversentur
1062 5453 1184 5505 haec
1209 5451 1344 5518 duo,
1375 5448 1728 5519 praascientia
1758 5446 1856 5500 Dei
1876 5447 1944 5500 de
1969 5462 2095 5518 pec-

464 5573 478 5604 ι
515 5570 651 5618 Editi
675 5585 686 5617 :
723 5575 819 5628 Qui
849 5576 1162 5624 necessitate
1188 5573 1526 5634 superposita
1543 5568 1767 5633 auferre
1784 5572 1983 5620 nititur
2011 5583 2092 5620 vo-

405 5632 692 5682 luntatem.
725 5635 852 5682 Octo
874 5635 1018 5691 Mss.,
1053 5638 1143 5696 qui
1170 5632 1479 5686 necessitate
1499 5632 1796 5696 supposita.

1467 343 1561 397 DE
1602 341 1862 398 LIBERO
1897 340 2258 409 ARBITRIO,
2303 339 2356 395 S.
2402 341 2783 398 AUGUSTINI

3743 345 3892 398 1276

2187 463 2325 518 catis
2353 463 2580 532 nostris,
2614 468 2670 520 et
2697 467 2959 520 nostrum
2998 465 3059 519 in
3103 464 3393 536 peccando
3445 465 3694 522 liberum
3731 467 3895 522 arbi—

2176 553 2372 608 trium.
2412 554 2552 608 Nam
2589 559 2645 608 et
2671 554 2890 625 justum
2915 555 3094 608 Deum
3124 544 3351 608 necesse
3381 559 3466 609 est
3494 555 3803 624 fateamur,
3826 559 3894 609 et

2181 641 2505 713 praescium.
2539 641 2644 696 Sed
2675 641 3032 696 scirevellem
3047 659 3160 714 qua
3183 641 3404 712 justitia
3424 642 3627 712 puniat
3645 648 3895 713 peccata

2183 745 2311 800 quae
2342 745 2570 784 necesse
2603 732 2686 784 est
2715 729 2841 783 ﬁeri
2869 746 2881 796 ;
2919 735 3019 784 aut
3047 730 3337 801 quomodo
3369 746 3484 784 non
3535 729 3608 784 sit
3649 747 3892 785 necesse

2181 817 2305 872 ﬁeri
2319 835 2446 889 quas
2473 818 2664 872 futura
2677 834 2798 872 esse
2814 818 3124 888 prasscivit;
3150 822 3246 872 aut
3265 819 3554 889 quomodo
3575 836 3690 873 non
3704 821 3888 875 Crea-

2181 907 2294 961 tori
2323 906 2718 977 deputandum
2751 913 2854 976 est,
2888 906 3168 980 quidquid
3195 907 3256 962 in
3290 908 3414 978 ejus
3466 913 3727 963 creatura
3753 908 3892 963 fieri

2182 1011 2410 1050 necesse
2440 1001 2542 1050 est.

2257 1086 2342 1140 10.
2374 1084 2444 1138 Α.
2479 1083 2638 1139 Unde
2678 1083 2784 1138 tibi
2835 1084 3057 1140 videtur
3107 1086 3405 1140 adversum
3459 1101 3580 1141 esse
3629 1086 3892 1141 liberum

2183 1173 2482 1227 arbitrium
2513 1172 3158 1244 no:trumpraescientiaz
3187 1173 3337 1229 Dei?
3360 1173 3497 1245 quia
3522 1175 3896 1245 praescientia

2183 1266 2286 1329 est,
2319 1277 2390 1314 an
2421 1260 2557 1331 quia
2587 1260 2688 1315 Dei
2718 1261 3076 1332 praescientia
3108 1267 3191 1318 est
3210 1264 3239 1317 ?
3263 1263 3337 1317 E.
3359 1262 3502 1327 Quia
3533 1264 3634 1318 Dei
3662 1263 3889 1334 potius.

2181 1352 2248 1406 A.
2265 1350 2407 1415 Quid
2424 1366 2559 1422 ergo
2579 1350 2607 1404 7
2629 1349 2676 1403 si
2694 1354 2755 1404 tu
2777 1350 3443 1421 prmscirespeccaturum
3471 1353 3889 1424 essealiquem,

2182 1455 2299 1494 non
2333 1443 2477 1494 esset
2504 1454 2732 1494 necesse
2761 1444 2824 1493 ut
2849 1442 3154 1510 peccaret?
3181 1442 3256 1496 E.
3315 1441 3435 1495 Imo
3477 1457 3704 1495 necesse
3737 1446 3896 1496 esset

2183 1534 2245 1583 ut
2272 1532 2530 1600 peccaret
2547 1545 2559 1582 :
2585 1528 2868 1599 non_enim
2885 1528 3047 1582 aliter
3063 1533 3210 1584 esset
3234 1529 3594 1600 praescientia
3606 1546 3756 1598 mea,
3773 1529 3895 1584 nisi

2183 1623 2334 1673 certa
2362 1617 2706 1689 prmscirem.
2739 1619 2810 1673 Λ.
2844 1619 2969 1672 Non
3001 1618 3178 1688 igitur
3206 1619 3340 1690 quia
3388 1621 3488 1674 Dei
3524 1620 3896 1690 praescientia

2183 1711 2286 1773 est,
2320 1723 2543 1760 necesse
2585 1712 2670 1760 est
2725 1706 2848 1760 ﬁeri
2908 1722 3035 1777 qua:
3085 1706 3418 1777 praescierit,
3470 1708 3566 1762 sed
3626 1713 3894 1762 tantum-

2182 1796 2351 1850 modo
2381 1795 2517 1867 quia
2544 1795 2903 1866 praescientia
2933 1800 3016 1849 est
3041 1813 3054 1863 ;
3083 1811 3212 1867 quas
3255 1797 3301 1849 si
3333 1811 3450 1850 non
3479 1801 3631 1851 certa
3660 1813 3897 1868 praeno-

2185 1884 2304 1950 scit,
2332 1883 2528 1956 utique
2546 1885 2700 1937 nulla
2731 1888 2816 1937 est
2831 1885 2902 1938 E.
2931 1883 3230 1937 Consentio
3260 1885 3394 1940 :sed
3425 1901 3702 1955 quorsum
3729 1885 3843 1940 ista
3863 1887 3898 1940 ?

2184 1975 2254 2029 A.
2288 1973 2450 2040 Quia,
2483 1972 2592 2026 nisi
2613 1973 2798 2040 fallor,
2829 1988 2943 2026 non
2969 1972 3242 2026 continuo
3272 1977 3336 2026 tu
3363 1989 3596 2043 peccare
3625 1990 3896 2044 cogeres,

2186 2079 2356 2134 quem
2395 2067 2761 2133 peccaturum
2813 2078 2934 2116 esse
2993 2061 3284 2131 przescires
3314 2077 3327 2129 ;
3361 2078 3547 2133 neque
3577 2063 3700 2133 ipsa
3734 2079 3895 2134 pra:-

2187 2152 2420 2207 scientia
2449 2157 2549 2206 tua
2575 2166 2810 2222 peccare
2839 2166 2972 2205 eum
2993 2155 3236 2221 cogeret,
3268 2150 3528 2222 quamvis
3553 2150 3675 2205 sine
3706 2151 3895 2206 dubio

2185 2245 2520 2312 peccaturus
2554 2245 2701 2294 esset
2733 2255 2886 2294 :non
2916 2240 3071 2294 enim
3131 2238 3297 2294 aliter
3340 2239 3398 2293 id
3453 2239 3712 2294 futurum
3761 2255 3896 2294 esse

2187 2330 2500 2402 prtescires.
2533 2329 2688 2384 Sicut
2716 2328 2908 2400 itaque
2937 2344 3050 2382 non
3083 2327 3192 2382 sibi
3210 2327 3580 2382 adversantur
3598 2329 3720 2382 hagc
3749 2329 3894 2396 duo,

2188 2423 2252 2473 ut
2282 2423 2345 2473 tu
2372 2417 2733 2490 prazscientia
2759 2422 2856 2472 tua
2880 2417 3105 2472 noveris
3127 2417 3281 2488 quod
3311 2417 3455 2471 alius
3473 2433 3576 2472 sua
3595 2418 3898 2472 voluntate

2188 2508 2438 2563 facturus
2469 2513 2552 2561 est
2575 2527 2589 2576 ;
2621 2505 2699 2560 ita
2717 2508 2864 2561 Deus
2887 2506 3178 2560 neminem
3193 2505 3259 2560 ad
3275 2506 3627 2576 peccandum
3648 2522 3894 2576 cogens,

2189 2597 2461 2668 praevidet
2489 2601 2682 2650 tamen
2709 2612 2804 2649 eos
2833 2595 2931 2666 qui
2960 2593 3195 2666 propria
3224 2594 3513 2649 voluntate
3543 2595 3891 2664 peccabunt.

2265 2689 2347 2740 ll.
2385 2686 2496 2740 Cur
2524 2701 2658 2755 ergo
2689 2700 2804 2739 non
2830 2683 3075 2738 vindicet
3097 2683 3311 2753 justus,
3349 2699 3478 2754 quas
3499 2683 3625 2738 ﬁeri
3654 2700 3770 2738 non
3797 2701 3898 2739 co-

2191 2775 2274 2846 git
2300 2773 2570 2845 praescius
2589 2776 2618 2827 ?
2645 2772 2799 2827 Sicut
2829 2773 2989 2827 enim
3021 2778 3083 2827 tu
3111 2773 3388 2826 memoria
3415 2777 3514 2827 tua
3553 2789 3669 2826 non
3726 2773 3896 2843 cogis

2190 2865 2336 2920 facta
2384 2879 2503 2917 esse
2553 2880 2682 2935 quae
2729 2861 3161 2933 praeterierunt;
3194 2861 3274 2916 sic
3331 2863 3479 2916 Deus
3523 2861 3898 2932 praescientia

2191 2969 2293 3006 sua
2327 2968 2442 3006 non
2471 2952 2622 3021 cogit
2663 2951 2918 3005 facienda
2948 2965 3077 3021 quin
3105 2949 3297 3004 futura
3346 2955 3496 3004 sunt.
3545 2952 3608 3005 Et
3644 2949 3794 3005 sicut
3825 2956 3899 3005 tu

2191 3039 2455 3110 quasdam
2486 3055 2613 3110 quae
2643 3038 2825 3092 fecisti
2853 3037 3186 3102 meministi,
3219 3053 3323 3090 nec
3353 3042 3546 3091 tamen
3571 3053 3700 3108 qua:
3753 3053 3896 3092 me-

2190 3126 2408 3181 ministi
2431 3125 2624 3180 omnia
2659 3125 2871 3180 fecisti:
2929 3125 3008 3178 ita
3039 3125 3186 3178 Deus
3226 3123 3422 3178 omnia
3472 3141 3719 3196 quorum
3758 3125 3897 3195 ipse

2189 3221 2387 3270 auctor
2416 3219 2501 3269 est
2526 3216 2772 3286 praescii,
2801 3230 2905 3269 nec
2934 3218 3125 3268 tamen
3151 3214 3410 3268 omnium
3455 3230 3584 3285 quae
3631 3213 3888 3284 prmscit,

2189 3307 2310 3378 ipse
2337 3309 2534 3360 auctor
2561 3309 2662 3359 est.
2695 3304 2949 3368 Quorum
2975 3307 3168 3356 autem
3196 3318 3313 3356 non
3334 3305 3416 3356 est
3438 3303 3622 3356 malus
3635 3304 3895 3371 auctor‘,

2182 3396 2372 3467 justus
2405 3401 2489 3448 est
2510 3393 2680 3447 ultor.
2717 3391 2857 3446 Hinc
2908 3407 3044 3462 ergo
3070 3390 3193 3461 jam
3223 3389 3478 3461 intelligo
3523 3405 3636 3461 qua
3654 3390 3898 3460 justitia

2191 3485 2339 3538 Deus
2370 3487 2599 3553 peccata
2629 3481 2852 3553 puniat,
2884 3480 3021 3552 quia
3049 3495 3179 3551 quae
3211 3478 3367 3534 novit
3400 3479 3614 3548 futura,
3647 3494 3766 3532 non
3799 3479 3896 3533 fa-

2191 3573 2300 3627 cit:
2334 3587 2468 3626 nam
2495 3571 2542 3624 si
2572 3574 2872 3642 propterea
2902 3585 3022 3623 non
3073 3568 3242 3640 debet
3294 3554 3612 3622 retribuere
3669 3569 3902 3638 suppli-

2192 3661 2345 3716 cium
2375 3659 2759 3730 peccantibus,
2795 3658 2928 3729 quia
2957 3657 3227 3728 pravidet
3251 3662 3599 3727 peccaturos,
3619 3671 3721 3710 nec
3733 3661 3898 3712 recte

2191 3748 2528 3805 facientibus
2548 3747 2716 3802 debet
2746 3745 2982 3817 praemia
3010 3745 3345 3810 retribuere,
3373 3744 3508 3815 quia
3536 3749 3595 3799 et
3627 3749 3779 3798 recte
3814 3745 3901 3798 fa-

2193 3845 2382 3893 cturos
2411 3836 2785 3891 nihilominus
2805 3833 3099 3906 praevidet.
3131 3834 3250 3887 Imo
3267 3849 3399 3887 vero
3425 3832 3706 3887 fateamur
3731 3838 3790 3887 et.
3821 3834 3900 3887 ad

2193 3926 2610 4000 praescientiam
2636 3927 2759 3998 ejus
2787 3925 3073 3995 pertinere
3103 3939 3173 3977 ne
3205 3922 3345 3995 quid
3396 3938 3529 3976 eum
3595 3922 3768 3976 lateat
3798 3921 3897 3975 fu-

2194 4022 2478 4084 turorum,
2509 4021 2566 4070 et
2594 4015 2664 4069 ad
2714 4013 3020 4085 justitiam,
3052 4017 3116 4067 ut
3137 4016 3452 4084 peccatum,
3491 4011 3629 4082 quia
3680 4011 3897 4065 volun-

2195 4110 2309 4160 tate
2357 4103 2754 4169 committitur,
2793 4103 2872 4156 ita
2907 4101 3123 4172 judicio
3156 4101 3278 4171 ejus
3332 4099 3571 4171 impune
3619 4115 3731 4153 non
3764 4099 3896 4166 ﬁat,

2196 4194 2342 4248 sicut
2368 4188 2727 4266 praescieﬁtia
2753 4205 2872 4244 non
2901 4189 3127 4260 cogitur
3155 4187 3302 4244 ﬁeri.

2197 4277 2558 4344 CAPUT'XV.
2609 4287 2680 4318 -έ-
2732 4281 2869 4334 Deus
2911 4278 2978 4332 de
3015 4281 3273 4332 creaturae
3316 4278 3478 4331 etiam
3533 4291 3652 4345 qua
3700 4282 3899 4346 peccat

2337 4371 2672 4437 miseriaeque
2697 4369 2929 4423 obnoxia
2957 4372 3007 4421 et
3030 4367 3382 4436 productione
3409 4365 3745 4420 laudandus.

2276 4461 2362 4514 t2.
2396 4459 2519 4512 Jam
2552 4456 2692 4511 illud
2717 4456 2873 4527 quod
2902 4456 3071 4510 tertio
3101 4455 3226 4508 loco
3279 4453 3538 4524 posuisti,
3597 4453 3900 4524 quomodo

2197 4565 2314 4604 non
2343 4546 2594 4602 Creatori
2623 4544 3020 4616 deputandum
3050 4543 3122 4598 sit
3155 4543 3436 4614 quidquid
3488 4542 3549 4596 in
3581 4543 3704 4614 ejus
3733 4560 3901 4597 crea-

2197 4644 2328 4692 tura
2351 4635 2476 4690 ﬁeri
2507 4650 2732 4689 necesse
2761 4638 2880 4701 est;
2911 4633 3111 4703 regula
3139 4631 3236 4686 illa
3266 4630 3492 4702 pietatis
3521 4630 3683 4686 facile
3741 4647 3902 4686 eom-

2199 4725 2498 4791 monebit’,
2527 4739 2699 4795 quam
2729 4721 3058 4777 meminisse
3090 4736 3193 4774 nos
3243 4719 3527 4788 Convenit,
3576 4718 3904 4790 gratiarum

2199 4815 2478 4869 actionem
2510 4829 2609 4867 nos
2636 4812 2840 4867 debere
2873 4809 3125 4866 Creatori
3161 4813 3378 4862 nostro.
3437 4808 3610 4878 Cujus
3638 4808 3904 4878 profecto

2200 4903 2519 4975 largissima
2548 4901 2772 4956 bonitas
2799 4897 3111 4971 justissime
3137 4896 3485 4965 laudaretur,
3531 4895 3757 4949 etiamsi
3786 4897 3902 4950 ali-

2201 5009 2314 5064 quo
2343 4991 2613 5046 inferiore
2643 4993 2916 5044 creaturae
2949 4986 3129 5055 gradu
3154 5001 3260 5039 nos
3289 4983 3655 5038 condidisset.
3682 4983 3904 5048 Quam-

2202 5082 2282 5135 vis
2309 5082 2461 5135 enim
2493 5079 2683 5133 anima
2711 5081 2904 5132 nostra
2960 5073 3203 5144 peccatis
3253 5073 3532 5127 tabefacta
3588 5071 3683 5140 sit,
3717 5072 3904 5127 subli-

2201 5169 2352 5224 mior
2381 5174 2465 5221 est
2485 5173 2675 5221 tamen
2705 5170 2762 5219 et
2790 5163 3012 5229 melior,
3042 5177 3215 5233 quam
3253 5160 3300 5214 si
3329 5161 3389 5214 in
3417 5160 3562 5214 hanc
3591 5160 3781 5214 lucem
3817 5162 3906 5214 vi-

2268 5260 2282 5290 ¹
2314 5257 2466 5304 Deest
2489 5253 2666 5303 matus
2695 5253 2748 5299 in
2779 5250 3007 5299 editione
3040 5251 3183 5307 Lov.;
3233 5248 3325 5297 sed
3346 5248 3494 5296 adest
3535 5247 3590 5295 in
3633 5247 3908 5309 antiquio-

2204 5317 2678 5368 ribnsetlitionibus
2700 5313 2802 5362 Bad
2818 5348 2830 5360 .
2864 5317 2916 5360 et
2935 5313 3040 5367 Er.,
3063 5324 3267 5360 necnon
3283 5311 3333 5358 in
3349 5311 3470 5358 Mss.
3502 5310 3909 5372 septemdecim.

2265 5384 2285 5416 ²
2317 5380 2398 5428 Sic
2411 5379 2493 5426 Er.
2508 5383 2559 5426 et
2577 5378 2698 5425 Lov.
2714 5378 2778 5424 At
2789 5375 2891 5423 Bad
2901 5415 2912 5426 .
2933 5375 3005 5423 sic
3017 5374 3396 5435 habetzReguta
3409 5373 3486 5421 est
3497 5371 3912 5435 pietatisfacite

2201 5443 2347 5493 nobis
2375 5440 2619 5504 monebit.
2647 5439 2768 5486 Mss.
2795 5436 3251 5504 quinquezl‘tegula
3271 5432 3676 5504 'pietatisfacite
3697 5432 3912 5504 nonre-

2204 5505 2518 5560 movebitur;
2534 5501 2622 5548 alii
2647 5495 2872 5558 tresmon
2899 5495 3221 5560 "invehitur;
3239 5495 3436 5560 septem
3457 5495 3565 5552 alii,
3587 5497 3784 5560 regula
3807 5498 3910 5548 illa

2202 5558 2589 5628 pietatis/acac
2603 5559 2968 5628 nongmqvtht;
2988 5559 3314 5628 Corbeiensis
3333 5558 3914 5620 demumcodex,regu-

2208 5620 2324 5679 tam
2352 5627 2504 5678 tuam
2530 5625 2744 5688 pietatis
2771 5623 2930 5687 facile
2954 5634 3061 5672 non
3080 5620 3322 5670 movebit.
