4074 6352
86 311 220 363 1277⁸

79 431 310 486 sibilem
354 433 693 485 verteretur.
739 430 805 485 Et
850 430 1010 486 vides
1057 432 1312 502 profecto
1348 433 1417 487 de
1446 433 1617 505 hujus
1647 435 1791 490 lucis

80 520 420 586 eminentia,
450 525 733 592 quantum
763 521 996 576 laudent
1021 521 1228 576 anima:
1261 523 1441 577 Deum
1468 523 1642 578 etiam
1671 541 1792 579 cor-

73 610 235 681 poris
257 609 520 663 sensibus
543 608 772 663 deditze.
801 609 1161 680 Quapropter
1182 627 1300 665 non
1320 616 1375 666 te
1391 613 1512 683 jam
1541 618 1786 679 moveat,

77 700 239 772 quod
290 698 689 768 vituperantur
735 697 944 752 animae
1002 699 1364 770 peccatrices,
1422 705 1484 755 ut
1532 702 1683 756 dicas
1730 703 1791 758 in

79 787 255 842 corde
278 792 377 841 tuo
406 787 611 842 melius
631 786 805 840 fuisse
827 787 875 840 si
898 804 1011 841 non
1037 795 1244 843 essent.
1273 791 1337 843 In
1359 791 1447 844 sui
1469 791 1622 846 enim
1645 807 1793 846 com-

74 876 382 948 paratione
417 875 836 945 vituperantur,
869 876 1007 930 dum
1037 877 1320 948 cogitatur
1349 880 1548 950 quales
1579 884 1787 948 essent,

78 965 128 1019 si
171 981 410 1036 peccare
459 964 795 1019 noluissent.
847 965 1147 1021 Institutor
1184 971 1378 1021 tamen
1408 985 1605 1023 earum
1637 971 1786 1024 Deus

74 1053 521 1125 praeclarissime
567 1069 672 1124 pro
721 1053 974 1108 humana
1020 1055 1286 1110 facultate
1330 1056 1652 1113 laudandus
1683 1063 1785 1124 est,

73 1160 199 1198 non
229 1144 420 1197 solum
468 1141 741 1208 quoniam
791 1148 1090 1213 peccantes
1118 1161 1210 1198 eas
1234 1145 1384 1216 juste
1410 1145 1658 1214 ordinat,
1693 1147 1792 1202 sed

73 1233 255 1287 etiam
283 1231 420 1304 quia
441 1231 586 1286 tales
609 1230 876 1298 instituit,
904 1237 968 1286 ut
992 1231 1164 1286 etiam
1193 1233 1437 1304 peccatis
1461 1234 1786 1303 sordidata,
1823 1296 1829 1302 _

73 1321 236 1376 nullo
267 1320 442 1374 modo
492 1319 634 1373 lucis
677 1320 989 1390 corporalis
1017 1320 1295 1392 dignitate
1321 1329 1682 1392 superentur,
1719 1324 1788 1378 de

72 1425 193 1480 qua
221 1413 420 1462 tamen
443 1407 586 1478 jure
619 1407 905 1462 laudatur.

156 1501 242 1552 t3.
278 1497 426 1554 lllud
460 1512 690 1568 quoque
720 1512 926 1551 moneo
957 1511 1174 1565 caveas,
1205 1513 1277 1552 ne
1305 1497 1453 1553 forte
1497 1515 1614 1553 non
1637 1499 1790 1554 dicas

73 1587 319 1658 quidem
369 1585 577 1640 melius
602 1585 776 1638 fuisse
821 1589 887 1639 ut
916 1601 1028 1638 non
1068 1591 1274 1653 essent,
1311 1587 1410 1640 sed
1440 1587 1591 1642 dicas
1625 1588 1790 1642 aliter

72 1676 205 1730 ﬁeri
228 1691 327 1730 eas
349 1673 633 1728 debuisse.
661 1673 953 1744 Quidquid
976 1673 1130 1728 enim
1151 1675 1256 1728 tibi
1280 1692 1411 1729 vera
1432 1676 1652 1731 ratione
1675 1693 1790 1732 me-

70 1764 189 1818 lius
221 1763 554 1830 occurrerit,
591 1762 730 1815 scias
760 1762 958 1816 fecisse
992 1764 1170 1817 Deum
1200 1769 1474 1836 tanquam
1503 1765 1788 1822 bonorum

70 1851 348 1906 omnium
393 1851 766 1905 conditorem.
816 1852 939 1905 Non
973 1855 1055 1905 est
1089 1857 1281 1906 autem
1329 1870 1464 1907 vera
1492 1855 1659 1924 ratio,
1691 1856 1788 1910 sed

68 1941 277 1995 invida
293 1939 621 2006 inﬁrmitas,
646 1956 773 1994 cum
801 1939 1012 2010 aliquid
1041 1940 1244 1994 melius
1269 1942 1595 1996 faciendum
1614 1943 1786 1998 fuisse

68 2029 446 2100 cogitaveris,
478 2029 600 2099 jam
647 2028 791 2083 nihil
837 2029 993 2083 aliud
1038 2029 1278 2084 inferius
1309 2032 1450 2086 velle
1480 2032 1625 2100 ﬁeri,
1658 2038 1785 2086 tan-

70 2133 255 2189 quam
289 2116 332 2170 si
376 2121 674 2188 perspecto
706 2118 868 2184 cmlo,
903 2118 1080 2172 nolles
1120 2123 1331 2173 terram
1378 2122 1584 2175 factam
1633 2137 1786 2190 esse;

71 2205 282 2277 inique
311 2205 568 2260 omnino.
606 2206 778 2260 Recte
801 2205 954 2260 enim
977 2207 1444 2277 reprehenderes,
1478 2209 1524 2262 si
1554 2215 1788 2279 praeter-

72 2294 258 2348 misso
301 2295 442 2349 ccelo
489 2297 701 2348 terram
751 2294 957 2350 factam
995 2295 1236 2363 videres,
1268 2297 1543 2366 quoniam
1573 2297 1786 2352 diceres

69 2381 159 2436 ita
209 2398 338 2436 eam
387 2382 512 2436 ﬁeri
551 2382 832 2451 debuisse,
864 2382 1028 2437 sicuti
1058 2401 1250 2455 posses
1280 2386 1528 2457 cogitare
1556 2388 1781 2442 coelum.

19 2478 24 2486 '
73 2472 228 2526 Cum
279 2487 414 2543 ergo
461 2470 632 2526 etiam
659 2472 799 2526 illud
833 2472 905 2527 ad
934 2473 1095 2543 cujus
1125 2473 1370 2543 speciem
1413 2474 1640 2529 volebas
1670 2480 1784 2530 ter-

72 2577 209 2614 ram
255 2560 589 2631 perducere,
640 2560 852 2615 factum
897 2577 1016 2615 esse
1046 2562 1420 2633 perspiceres,
1448 2579 1562 2618 non
1594 2567 1783 2618 autem

73 2651 191 2704 hoc
240 2655 470 2712 terram,
512 2651 610 2704 sed
658 2651 864 2704 coelum
902 2650 1120 2718 vocari;
1168 2652 1336 2706 credo
1377 2652 1530 2723 quod
1577 2669 1635 2706 re
1663 2669 1783 2708 me-

75 2739 224 2793 liore
270 2755 388 2793 non
435 2739 749 2806 fraudatus,
782 2743 843 2794 ut
873 2739 1108 2794 inferior
1133 2757 1363 2812 quoque
1405 2741 1596 2813 aliqua
1625 2743 1786 2796 ﬁeret

74 2833 136 2882 et
168 2833 324 2882 terra
367 2833 532 2893 esset,
579 2843 947 2898 nequaquam
994 2828 1247 2882 invidere
1278 2829 1530 2883 deberes.
1579 2831 1640 2883 In
1670 2847 1784 2901 qua

70 2922 230 2972 terra
258 2933 459 2971 rursus
496 2917 811 2970 secundum
846 2921 1039 2986 partes
1069 2916 1188 2988 ejus
1219 2922 1377 2971 tanta
1406 2925 1491 2973 est
1519 2919 1779 2987 varietas,

69 3012 140 3060 ut
172 3005 317 3060 nihil
348 3004 500 3075 quod
533 3005 603 3059 ad
636 3009 800 3058 terrae
834 3005 1083 3075 pertinet
1114 3005 1357 3076 speciem
1386 3007 1656 3078 cogitanti
1686 3025 1780 3062 oc-

68 3100 290 3160 currat,
322 3095 480 3166 quod
508 3111 623 3148 non
645 3094 706 3148 in
727 3099 848 3149 tota
875 3095 996 3164 ejus
1021 3095 1171 3148 mole
1195 3096 1342 3150 Deus
1367 3097 1623 3152 omnium
1647 3114 1782 3152 con-

66 3185 226 3239 ditor
251 3183 468 3238 fecerit.
505 3185 761 3255 Namque
803 3199 836 3237 a
864 3187 1017 3238 terra
1047 3183 1392 3238 feracissima
1423 3191 1480 3240 et
1506 3187 1778 3242 amoenis-

67 3274 220 3327 sima
263 3289 442 3345 usque
483 3273 553 3327 ad
599 3271 967 3327 salsissimam
1015 3277 1072 3326 et
1118 3272 1667 3344 infecundissimam,
1698 3275 1778 3329 ita

66 3361 356 3434 gradatim
373 3378 476 3433 per
499 3361 712 3416 medias
741 3361 1095 3431 pervenitur,
1128 3365 1192 3415 ut
1217 3362 1432 3416 nullam
1466 3364 1775 3434 reprehen-

66 3453 209 3506 dere
239 3449 467 3518 audeas,
497 3451 608 3504 nisi
641 3450 700 3504 in
731 3449 1161 3520 comparatione
1193 3450 1478 3516 melioris;
1508 3455 1676 3521 atque
1698 3451 1777 3506 ita

64 3557 176 3613 per
204 3556 403 3594 omnes
431 3540 642 3611 gradus
674 3539 857 3595 laudis
884 3539 1173 3604 ascendas,
1209 3544 1273 3594 ut
1299 3540 1454 3610 quod
1486 3555 1776 3594 summum

63 3646 256 3701 genus
287 3633 455 3684 terra:
489 3629 789 3692 inveneris,
823 3629 1009 3684 solum
1047 3634 1240 3683 tamen
1261 3645 1382 3682 esse
1414 3629 1557 3682 nolis
1580 3630 1618 3682 ί.
1649 3630 1774 3684 Jam

63 3735 206 3774 vero
236 3719 386 3773 inter
404 3724 582 3773 totam
605 3723 815 3773 terram
839 3724 894 3773 et
914 3719 1119 3772 cmlum
1139 3722 1355 3788 quanta
1371 3717 1639 3772 distantia
1653 3719 1774 3772 est?

61 3809 524 3877 Interponuntur
543 3807 698 3862 enim
719 3807 954 3861 humida
976 3807 1296 3878 llabilisque
1317 3812 1522 3861 natura
1557 3823 1570 3862 :
1601 3812 1773 3878 atque

58 3913 134 3951 ex
190 3895 281 3950 his
312 3899 557 3966 quatuor
603 3895 899 3950 elementis
938 3895 1065 3950 alia:
1104 3895 1553 3950 innumerabiles
1583 3897 1769 3964 nobis,

53 3989 388 4040 numerata:
435 3988 627 4038 autem
669 3985 779 4038 Deo
826 4001 1019 4038 rerum
1067 3984 1285 4054 species
1314 3985 1632 4056 formasque
1673 4001 1770 4039 va-

52 4076 309 4128 riantur.
362 4075 552 4127 Potest
599 4089 734 4143 ergo
775 4089 894 4126 esse
941 4073 1156 4144 aliquid
1210 4074 1270 4127 in
1316 4090 1512 4128 rerum
1541 4080 1770 4145 natura,

51 4162 217 4236 quod
260 4166 360 4216 tua
401 4162 621 4216 ratione
650 4178 767 4216 non
791 4162 1023 4233 cogitas.
1070 4163 1195 4217 Non
1226 4179 1346 4217 esse
1373 4169 1564 4218 autem
1615 4165 1771 4235 quod

47 4267 195 4306 vera
225 4249 448 4304 ratione
470 4251 704 4320 cogitas.
729 4267 847 4304 non
875 4255 1082 4320 potest.
1113 4252 1308 4322 Neque
1331 4253 1486 4306 enim
1509 4258 1573 4306 tu
1600 4258 1768 4322 potes

48 4339 282 4410 aliquid
313 4339 518 4393 melius
546 4338 606 4392 in
636 4343 895 4392 creatura
919 4339 1354 4410 cogitare,quod
1383 4345 1572 4394 creatu
1584 4357 1658 4395 rae
1684 4358 1771 4396 ar-

47 4430 277 4484 tificem
307 4427 532 4498 fugerit.
558 4429 819 4481 Humana
843 4427 1058 4498 quippe
1091 4428 1283 4482 anima
1311 4429 1648 4484 naturaliter
1676 4430 1770 4484 di-

45 4517 210 4571 vinis
259 4531 324 4569 ex
367 4516 576 4586 quibus
605 4517 818 4586 pendet
863 4531 1118 4570 connexa
1146 4516 1486 4584 rationibus,
1519 4535 1651 4572 cum
1680 4519 1766 4573 di-

46 4607 158 4670 cit,
194 4603 393 4659 Melius
440 4603 548 4658 hoc
585 4603 749 4658 ﬁeret
789 4619 963 4674 quam
1005 4603 1180 4669 illud;
1221 4603 1268 4657 si
1299 4621 1496 4658 verum
1525 4605 1678 4672 dicit,
1712 4611 1769 4662 et

43 4694 215 4748 videt
244 4692 398 4763 quod
425 4692 580 4758 dicit,
603 4693 663 4746 in
691 4692 804 4746 illis
831 4692 1037 4763 quibus
1059 4707 1320 4747 connexa
1342 4699 1428 4747 est
1449 4694 1767 4750 rationibus

41 4783 232 4836 videt.
267 4781 468 4836 Credat
495 4797 632 4851 ergo
660 4783 842 4836 Deum
871 4781 1069 4835 fecisse
1099 4781 1254 4852 quod
1283 4797 1416 4836 vera
1445 4783 1666 4837 ratione
1695 4784 1766 4838 ab

41 4889 118 4927 eo
172 4869 503 4924 faciendum
544 4869 720 4923 fuisse
751 4870 1037 4940 cognovit,
1071 4870 1296 4924 etiamsi
1345 4871 1450 4924 hoc
1498 4870 1557 4925 in
1597 4872 1768 4926 rebus

33 4959 215 5016 factis
261 4973 379 5012 non
427 4958 597 5012 videt.
641 4958 787 5021 Quia
826 4959 1052 5013 etiamsi
1099 4960 1306 5014 coelum
1345 4959 1526 5013 oculis
1573 4960 1765 5016 videre

31 5064 168 5104 non
195 5050 409 5116 posset,
441 5050 500 5101 et
526 5051 720 5099 tamen
751 5047 969 5102 ratione
997 5063 1131 5102 vera
1160 5049 1272 5102 tale
1303 5047 1516 5119 aliquid
1549 5048 1762 5104 facien-

30 5140 187 5193 dum
244 5135 420 5189 fuisse
477 5135 794 5204 colligeret,
851 5137 1079 5191 credere
1121 5137 1318 5192 debuit
1360 5137 1570 5192 factum
1617 5155 1760 5206 esse,

31 5223 318 5299 quamvis
350 5224 410 5278 id
439 5224 617 5278 oculis
646 5240 767 5278 non
804 5224 1045 5280 videret.
1079 5227 1203 5281 Non
1235 5226 1389 5280 enim
1422 5226 1763 5297 cogitatione

28 5316 268 5371 videret
298 5313 476 5368 fuisse
506 5312 854 5380 faciendum,
887 5313 998 5368 nisi
1025 5314 1084 5368 in
1115 5315 1184 5369 iis
1212 5315 1531 5370 rationibus
1556 5315 1764 5387 quibus

34 5409 201 5462 facta
243 5407 377 5456 sunt
399 5402 612 5457 omnia.
642 5403 806 5467 Quod
837 5407 1029 5458 autem
1061 5403 1140 5458 ibi
1180 5420 1299 5458 non
1325 5409 1429 5472 est,
1451 5410 1566 5459 tam
1587 5421 1760 5460 nemo

32 5495 239 5566 potest
260 5489 445 5544 veraci
465 5490 810 5561 cogitatione
839 5491 1052 5558 videre,
1085 5507 1257 5562 quam
1281 5508 1398 5546 non
1425 5497 1509 5547 est
1536 5509 1755 5549 verum.

106 5594 120 5624 ί
161 5587 290 5636 Bad.
317 5591 370 5638 et
399 5587 505 5647 Er.,
535 5587 724 5638 cwlum
752 5600 863 5639 esse
890 5589 1050 5640 nolis.

1555 312 1770 368 LIBER
1809 312 2133 369 TERTIUS.

3470 319 3601 371 I278

1976 437 2058 490 14.
2105 437 2171 490 ln
2211 452 2279 490 eo
2325 437 2589 509 plerique
2620 437 2885 492 homines
2932 440 3148 504 errant,
3179 437 3316 508 quia
3360 438 3602 494 meliora

1900 541 2032 579 cum
2061 529 2250 579 mente
2283 526 2698 595 conspexerint,
2735 542 2852 580 non
2891 525 2951 579 in
2980 525 3208 580 sedibus
3243 527 3508 597 congruis
3534 544 3601 583 ea

1901 613 2078 668 oculis
2103 620 2390 685 quaerunt.
2423 616 2584 669 Velut
2611 615 2657 668 si
2686 615 2992 687 quisquam
3016 615 3323 684 perfectam
3347 617 3600 671 rotundi-

1899 708 2077 758 tatem
2106 704 2331 758 ratione
2369 705 2876 774 comprehendens,
2910 704 3297 759 stomachetur
3326 705 3479 776 quod
3510 710 3597 760 ta-

1899 793 2015 847 lem
2055 792 2114 846 in
2155 809 2297 847 nuce
2331 809 2441 847 non
2471 792 2708 855 invenit,
2741 793 2786 847 si
2819 794 3038 848 nullum
3081 809 3334 864 unquam
3391 810 3596 864 corpus

1899 881 2213 935 rotundum
2240 886 2452 952 praeter
2479 881 2875 951 hujuscemodi
2904 898 3075 952 poma
3105 882 3418 953 conspexit.
3454 883 3596 937 Nam

1901 970 1980 1024 ita
2009 971 2244 1042 quidam
2298 987 2428 1024 cum
2462 969 2684 1024 ratione
2713 970 3006 1024 verissima
3033 970 3261 1026 videant
3299 972 3595 1026 meliorem

1900 1073 2020 1112 esse
2050 1063 2394 1126 creaturam,
2438 1073 2568 1129 qum
2599 1056 2860 1128 quamvis
2889 1057 3096 1112 habeat
3125 1058 3362 1113 liberam
3394 1059 3596 1114 volun-

1898 1147 2096 1211 tatem,
2124 1146 2240 1198 Deo
2260 1149 2453 1198 tamen
2473 1159 2700 1215 semper
2715 1143 2907 1210 infixa,
2927 1160 3224 1216 nunquam
3246 1147 3594 1217 peccaverit;

1898 1232 2184 1286 intuentes
2213 1239 2444 1303 peccata
2472 1232 2794 1300 hominum,
2822 1249 2936 1286 non
2960 1237 3020 1287 ut
3047 1249 3278 1304 peccare
3309 1234 3592 1302 desinant,

1897 1321 1994 1376 sed
2025 1321 2160 1392 quia
2187 1321 2319 1376 facti
2350 1327 2483 1376 sunt
2529 1322 2744 1388 dolent,
2787 1321 3036 1376 dicentes
3069 1337 3081 1375 :
3113 1322 3274 1376 Tales
3312 1338 3414 1376 nos
3445 1324 3595 1378 face-

1897 1414 2004 1478 ret,
2055 1415 2121 1463 ut
2164 1426 2390 1481 semper
2429 1409 2888 1464 incommutabili
2927 1411 3049 1480 ejus
3086 1410 3321 1464 veritate
3351 1412 3590 1481 perfrui,

1896 1515 2195 1570 nunquam
2225 1504 2414 1553 autem
2445 1515 2675 1570 peccare
2701 1499 2996 1553 vellemus.
3030 1499 3156 1553 Non
3181 1500 3448 1569 clament,
3478 1515 3595 1554 non

1898 1593 2267 1643 succenseant
2313 1606 2324 1643 :
2381 1589 2516 1660 quia
2556 1605 2742 1660 neque
2787 1589 2942 1659 ipsos
2968 1588 3094 1642 ideo
3123 1587 3310 1658 coegit
3337 1603 3594 1658 peccare,

1898 1676 2035 1748 quia
2062 1678 2214 1746 fecit,
2249 1677 2457 1748 quibus
2485 1682 2823 1748 potestatem
2855 1682 3046 1730 utrum
3079 1676 3288 1730 vellent
3317 1676 3501 1743 dedit;
3540 1683 3598 1732 et

1895 1770 2029 1819 sunt
2057 1767 2197 1819 tales
2228 1766 2462 1836 quidam
2493 1766 2716 1836 Angeli,
2740 1765 2841 1836 qui
2865 1781 3050 1835 neque
3080 1769 3457 1834 peccaverunt
3486 1781 3594 1818 un-

1898 1870 2094 1924 quam,
2128 1871 2314 1926 neque
2355 1854 2638 1926 peccaturi
2669 1859 2821 1908 sunt.
2853 1852 3239 1917 Quamobrem
3284 1852 3330 1905 si
3358 1856 3411 1906 te
3441 1852 3596 1907 dele-

1896 1947 2008 1996 ctat
2060 1949 2317 1998 creatura
2359 1961 2489 2016 qua).
2536 1942 3098 2014 perseverantissime
3143 1942 3436 1996 voluntate
3475 1958 3594 1996 non

1893 2036 2112 2101 peccat,
2145 2048 2259 2084 non
2290 2037 2377 2086 est
2405 2031 2788 2086 dubitandum
2818 2029 2971 2102 quod
3001 2045 3128 2084 eam
3159 2029 3414 2100 peccanti
3442 2034 3595 2084 recta

1894 2120 2114 2174 ratione
2145 2137 2446 2192 prazponas
2478 2136 2492 2174 :
2525 2120 2626 2174 sed
2659 2119 2805 2174 sicut
2829 2135 2956 2172 eam
2985 2123 3048 2173 tu
3075 2118 3421 2189 cogitatione
3451 2134 3594 2189 pra:-

1892 2209 2090 2280 ponis;
2125 2209 2204 2263 sic
2233 2226 2358 2264 eam
2404 2213 2620 2263 creator
2667 2211 2815 2262 Deus
2862 2207 3220 2262 ordinatione
3257 2207 3588 2278 praeposuit.

1895 2298 2073 2353 Crede
2099 2314 2220 2352 esse
2248 2299 2418 2352 talem
2448 2298 2506 2352 in
2533 2297 2922 2368 superioribus
2952 2297 3196 2359 sedibus,
3233 2301 3286 2349 et
3315 2296 3376 2350 in
3406 2296 3591 2350 subli-

1894 2387 2093 2441 mitate
2120 2388 2394 2441 caelorum
2430 2404 2442 2440 :
2475 2387 2608 2458 quia
2633 2385 2680 2439 si
2708 2385 3024 2440 bonitatem
3047 2384 3315 2441 Conditor
3343 2384 3594 2454 praebuit

1894 2475 1966 2529 ad
2024 2491 2151 2529 eam
2203 2476 2560 2530 condendam
2599 2475 2760 2545 cujus
2804 2473 3068 2545 praevidit
3104 2473 3297 2526 futura
3333 2477 3585 2543 peccata,

1893 2566 2053 2619 nullo
2085 2566 2255 2619 modo
2286 2581 2400 2620 non
2430 2566 2714 2636 prazberet
2745 2581 2872 2620 eam
2901 2563 3238 2632 bonitatem,
3271 2568 3336 2618 ut
3364 2569 3588 2618 creatu-

1891 2670 2015 2709 ram
2051 2654 2322 2708 conderet
2353 2671 2526 2725 quam
2574 2659 2936 2725 peccaturam
2985 2669 3099 2707 non
3131 2669 3251 2706 esse
3280 2652 3584 2722 prmscivit.

1969 2745 2053 2796 15.
2096 2743 2274 2796 Habet
2303 2743 2458 2797 enim
2488 2743 2584 2796 illa
2623 2742 2884 2797 sublimis
2912 2746 3252 2813 perpetuam
3284 2741 3590 2796 beatitudi-

1893 2845 2028 2884 nem
2059 2847 2242 2898 suam,
2276 2831 2335 2884 in
2362 2836 2709 2902 perpetuum
2739 2831 2933 2883 fruens
2964 2830 3228 2884 Creatore
3257 2845 3380 2896 suo,
3414 2845 3589 2899 quam

1889 2922 2165 2989 perpetua
2194 2919 2456 2973 tenendae
2480 2918 2719 2990 justitiae
2745 2919 3030 2972 voluntate
3060 2921 3438 2989 promeretur.
3478 2919 3588 2971 Ha-

1888 3005 1985 3060 bet
2015 3007 2218 3061 deinde
2251 3007 2511 3061 ordinem
2540 3023 2707 3060 suum
2739 3006 2909 3061 etiam
2933 3005 3040 3060 ista
3067 3003 3588 3076 peccatrix,amissa

1888 3095 1949 3150 in
1979 3096 2220 3167 peccatis
2251 3097 2624 3164 beatitudine,
2657 3097 2754 3150 sed
2785 3112 2899 3149 non
2930 3094 3161 3150 dimissa
3182 3094 3587 3164 recuperanda:

1888 3185 2259 3239 beatitudinis
2279 3185 2563 3240 facultate.
2584 3185 2720 3250 Quae
2739 3185 2995 3255 profecto
3016 3188 3247 3254 superat
3265 3199 3391 3237 eam
3409 3199 3584 3254 quam

1886 3275 2157 3345 peccandi
2187 3279 2465 3345 perpetua
2493 3275 2758 3328 voluntas
2789 3272 2983 3328 tenet‘
3017 3290 3030 3327 :
3062 3273 3212 3327 inter
3240 3288 3416 3344 quam
3443 3276 3500 3327 et
3520 3271 3586 3326 il-

1885 3363 2002 3417 lam
2034 3364 2286 3435 priorem
2316 3369 2750 3434 permanentem
2779 3363 2839 3416 in
2867 3363 3162 3418 voluntate
3185 3361 3583 3432 justitize,ha3c

1885 3453 2248 3507 medietatem
2267 3452 2576 3523 quamdam
2601 3452 3110 3522 demonstrat,quae
3136 3450 3453 3520 paenitendi
3481 3450 3585 3504 hu-

1886 3541 2125 3596 militate
2148 3541 2514 3595 altitudinem
2543 3557 2708 3595 suam
2738 3540 2956 3611 recipit.
2996 3541 3138 3594 Nam
3166 3554 3353 3609 neque
3379 3537 3448 3591 ab
3479 3538 3578 3592 illa

1885 3636 2164 3696 creatura,
2205 3647 2380 3702 quam
2428 3631 2712 3701 prmscivit
2754 3632 2901 3684 Deus
2947 3645 3064 3682 non
3107 3629 3289 3681 solum
3322 3630 3582 3698 peccatu-

1884 3734 2027 3785 ram,
2057 3719 2154 3773 sed
2189 3719 2360 3772 etiam
2386 3718 2447 3771 in
2474 3717 2748 3788 peccandi
2775 3717 3063 3770 voluntate
3093 3715 3586 3778 mansuram,abs-

1883 3806 2061 3861 tinuit
2089 3807 2415 3878 largitatem
2445 3805 2716 3860 bonitatis
2735 3821 2873 3871 suae,
2909 3809 2972 3858 ut
2992 3819 3118 3858 eam
3147 3819 3262 3857 non
3289 3803 3578 3858 conderet.

1881 3895 2037 3950 Sicut
2067 3896 2222 3950 enim
2244 3895 2449 3950 melior
2477 3899 2559 3949 est
2589 3894 2674 3948 vel
2707 3895 2975 3949 aberrans
3003 3908 3206 3963 equus,
3238 3907 3411 3962 quam
3434 3891 3580 3961 lapis

1879 3989 2183 4056 propterea
2211 4000 2330 4039 non
2365 3984 2653 4051 aberrans,
2691 3982 2825 4054 quia
2855 3981 3090 4053 proprio
3133 3985 3291 4036 motu
3323 3985 3379 4034 et
3408 3996 3576 4034 sensu

1881 4078 2060 4140 caret;
2100 4074 2178 4127 ita
2209 4079 2295 4127 est
2323 4073 2688 4128 excellentior
2725 4077 2982 4126 creatura
3013 4086 3143 4142 quae
3171 4069 3348 4123 libera
3377 4069 3579 4124 volun-

1878 4167 1994 4217 tate
2044 4166 2259 4232 peccat,
2309 4179 2483 4234 quam
2537 4177 2666 4233 qua:
2705 4166 3011 4231 propterea
3045 4174 3163 4212 non
3192 4161 3407 4229 peccat,
3441 4157 3579 4228 quia

1877 4267 1998 4306 non
2050 4249 2222 4306 habet
2271 4251 2510 4305 liberam
2563 4251 2934 4305 voluntatem.
2988 4249 3056 4303 Et
3092 4247 3239 4302 sicut
3280 4245 3578 4301 laudarem

1876 4339 2075 4394 vinum
2105 4339 2167 4393 in
2196 4357 2298 4394 suo
2328 4356 2537 4410 genere
2560 4339 2800 4406 bonum,
2835 4338 2903 4392 de
2925 4353 3039 4409 quo
3066 4336 3198 4390 vino
3230 4335 3577 4389 inebriatum

1875 4428 2167 4482 hominem
2194 4429 2600 4500 vituperarem,
2645 4432 2703 4482 et
2747 4434 2940 4482 tamen
2979 4425 3244 4480 eumdem
3277 4424 3578 4479 hominem

1864 4517 1988 4588 jam
2016 4517 2398 4588 vituperatum
2430 4521 2485 4571 et
2526 4517 2712 4571 adhuc
2742 4515 2986 4580 ebrium,
3021 4515 3246 4569 laudato
3277 4513 3363 4567 illi
3412 4512 3570 4580 vino,

1873 4605 1942 4660 de
1975 4622 2089 4677 quo
2115 4605 2308 4661 ebrius
2333 4606 2514 4660 factus
2540 4610 2645 4673 est,
2678 4610 3083 4676 anteponerem
3117 4618 3129 4657 :
3161 4602 3240 4656 ita
3257 4601 3574 4673 corporalis

1871 4699 2128 4749 creatura
2157 4695 2217 4748 in
2245 4711 2346 4749 suo
2385 4696 2565 4766 gradu
2587 4695 2719 4765 jure
2749 4694 3035 4749 laudanda
3063 4697 3176 4763 est;
3208 4706 3340 4745 cum
3371 4691 3455 4744 illi
3487 4690 3576 4744 vi-

1872 4784 2178 4854 tuperandi
2225 4784 2356 4849 sint,
2397 4783 2498 4855 qui
2547 4785 2670 4854 ejus
2713 4783 3090 4838 immoderato
3119 4797 3224 4835 usu
3259 4797 3292 4834 a
3321 4778 3576 4833 veritatis

1871 4873 2233 4943 perceptione
2281 4876 2642 4939 avertuntur;
2687 4871 2946 4943 quamvis
2989 4870 3164 4925 iidem
3209 4884 3408 4922 rursus
3445 4867 3572 4937 jam

1870 4961 2144 5030 perversi,
2185 4965 2240 5015 et
2270 4960 2692 5031 quodammodo
2728 4959 3048 5027 temulenti,
3082 4958 3270 5012 eidem
3297 4963 3572 5010 creaturae

1870 5049 1930 5102 in
1960 5049 2161 5104 ordine
2207 5067 2310 5103 suo
2351 5049 2644 5116 laudabili,
2695 5051 2858 5120 cujus
2890 5048 3156 5103 aviditate
3189 5051 3568 5112 evanuerunt,

1869 5153 1987 5192 non
2010 5139 2129 5208 jam
2151 5137 2355 5192 merito
2383 5137 2672 5204 vitiorum,
2706 5136 2805 5191 sed
2833 5137 3017 5192 adhuc
3045 5140 3267 5192 natura:
3292 5133 3570 5206 dignitate

1868 5226 2280 5298 praeferuntur.

1942 5319 2023 5370 16.
2057 5315 2200 5380 Quia
2230 5315 2406 5386 igitur
2435 5313 2620 5368 omnis
2648 5316 2840 5369 anima
2871 5314 3030 5370 omni
3061 5331 3299 5386 corpore
3331 5317 3417 5368 est
3445 5329 3571 5367 me-

1866 5405 1997 5467 lior,
2028 5405 2330 5476 omnisque
2355 5404 2634 5475 peccatrix
2667 5404 2860 5459 anima
2890 5419 3251 5475 quocumque
3282 5401 3567 5469 ceciderit,

1931 5532 1966 5576 ¹.
2013 5529 2158 5589 Lov.,
2203 5531 2454 5591 perpetua
2487 5527 2738 5592 voluptas
2769 5527 3060 5592 tenet,_Sed
3095 5528 3418 5591 antiquiores
3448 5527 3568 5576 edi-

1871 5591 2040 5640 tiones
2071 5596 2124 5640 et
2158 5592 2278 5640 Mss.
2297 5590 2842 5651 ’constanter'habent,
2864 5590 3133 5642 voluntas.
