4074 6366
497 313 633 365 1279

491 431 650 486 nulla
679 427 1129 498 commutatione
1168 442 1374 498 corpus
1403 426 1666 494 efﬁcitur,
1698 441 1804 482 nec
1831 425 2064 481 omnino
2091 423 2177 480 illi

491 519 748 574 aufertur
774 517 928 589 quod
958 515 1148 572 anima
1183 521 1286 584 est,
1329 522 1386 572 et
1425 517 1553 572 ideo
1579 516 1738 571 nullo
1777 519 1938 587 pacto
1968 514 2181 569 amittit

493 608 650 680 quod
677 623 911 678 corpore
941 610 1028 661 est
1055 605 1276 674 melior,
1307 606 1369 661 in
1400 605 1734 677 corporibus
1755 609 1947 660 autem
1975 605 2070 659 lux
2097 607 2180 657 te-

491 701 592 752 net
618 697 874 768 primum
903 696 1126 763 locum;
1159 711 1510 767 consequens
1539 698 1624 748 est
1656 699 1721 748 ut
1742 694 1929 764 primo
1957 691 2182 763 corpori

493 785 685 840 anima
713 789 967 839 extrema
985 788 1374 856 praeponatur,
1395 781 1634 853 ﬁerique
1659 781 1838 853 possit
1863 786 1928 836 ut
1957 780 2181 852 corpori

491 875 734 945 alicujus
763 873 971 928 animae
1018 872 1245 944 aliquod
1285 871 1438 926 aliud
1487 886 1691 942 corpus
1721 870 2086 937 anteferatur,
2117 875 2181 925 ut

489 969 684 1018 autem
706 961 817 1034 ipsi
839 961 1046 1016 anima:
1075 961 1234 1015 nullo
1263 959 1452 1014 modo.
1485 959 1597 1014 Cur
1621 974 1756 1029 ergo
1777 974 1892 1012 non
1914 958 2181 1012 laudetur

493 1053 660 1116 Deus,
694 1055 753 1105 et
775 1049 1052 1105 ineﬁ‘abili
1076 1047 1478 1120 praedicatione
1509 1047 1790 1113 laudetur,
1824 1045 1921 1117 qui
1951 1061 2082 1099 cum
2102 1044 2180 1099 fe-

487 1139 630 1194 cerit
657 1155 751 1193 eas
779 1155 908 1210 quas
936 1137 997 1191 in
1026 1137 1249 1208 legibus
1280 1141 1468 1190 essent
1487 1135 1722 1206 justitise
1751 1149 2176 1205 permansurae,

488 1228 624 1284 fecit
657 1227 831 1282 etiam
857 1227 996 1280 alias
1034 1225 1272 1292 animas,
1318 1240 1459 1296 quas
1495 1225 1583 1278 vel
1610 1227 1958 1293 peccaturas,
1998 1223 2087 1276 vel
2116 1222 2180 1276 in

491 1316 737 1389 peccatis
767 1315 939 1370 etiam
967 1318 1424 1385 perseveraturas
1454 1329 1577 1368 esse
1617 1312 1968 1384 praevidehat
1999 1329 2012 1366 :
2048 1327 2178 1366 cum

491 1409 549 1460 et
565 1405 704 1459 tales
735 1404 918 1459 adhuc
936 1403 1202 1458 meliores
1232 1402 1343 1457 sint
1371 1402 1473 1469 eis,
1498 1418 1628 1474 quae
1653 1401 1926 1472 quoniam
1954 1401 2180 1455 nullum

489 1491 704 1546 habent
729 1491 1006 1546 rationale
1028 1507 1092 1544 ac
1121 1490 1363 1544 liberum
1392 1489 1701 1544 voluntatis
1727 1488 2180 1560 arbitrium,pec-

487 1595 619 1634 care
649 1596 764 1634 non
785 1577 1064 1650 possunt?
1089 1579 1225 1642 Quae
1257 1582 1450 1633 tamen
1477 1578 1663 1633 adhuc
1689 1577 1861 1632 etiam
1890 1578 2030 1648 ipsa:
2058 1593 2178 1632 me-

487 1667 656 1723 liores
687 1672 838 1734 sunt,
871 1676 1046 1738 quam
1093 1682 1398 1736 corporum
1439 1666 1828 1737 quorumlibet
1865 1666 2182 1737 quamlibet

489 1755 982 1827 splendidissimus
1024 1754 1234 1826 fulgor,
1285 1770 1458 1826 quem
1486 1770 1592 1824 pro
1626 1754 1807 1824 ipsius
1837 1754 2048 1808 summi
2079 1755 2178 1810 Dei

487 1845 807 1899 substantia
836 1843 1090 1914 quidam,
1113 1843 1373 1913 quamvis
1401 1859 1531 1898 cum
1562 1859 1770 1914 magno
1800 1859 2180 1909 errore,vene-

486 1939 705 1988 rantur.
739 1933 904 1998 Quod
941 1933 989 1986 si
1020 1932 1080 1986 in
1115 1933 1315 1986 ordine
1346 1948 1750 2004 corporearum
1788 1937 2178 1988 creaturarum

487 2023 557 2077 ab
582 2022 722 2093 ipsis
743 2023 994 2076 siderum
1013 2021 1198 2076 choris
1214 2037 1396 2092 usque
1415 2021 1486 2076 ad
1505 2038 1809 2076 numerum
1839 2022 2178 2092 capillorum

487 2115 836 2178 nostrorum,
865 2109 947 2164 ita
975 2109 1257 2180 gradatim
1284 2110 1566 2164 bonarum
1591 2126 1784 2164 rerum
1811 2110 2176 2180 pulchritudo

487 2199 826 2264 contexitur,
886 2204 951 2253 ut
995 2197 1423 2269 imperitissime
1461 2198 1702 2266 dicatur,
1743 2198 1890 2264 Quid
1918 2202 2002 2253 est
2033 2199 2177 2253 hoc?

487 2286 692 2358 utquid
735 2287 880 2340 hoc?
928 2285 1122 2340 omnia
1159 2285 1314 2340 enim
1359 2285 1558 2340 ordine
1591 2302 1693 2340 suo
1727 2290 1915 2340 creata
1943 2290 2078 2340 sunt
2104 2288 2124 2324 ¹
2158 2300 2172 2342 :

489 2379 704 2446 quanto
732 2374 1054 2445 imperitius
1082 2374 1150 2428 de
1181 2389 1540 2444 quacumque
1570 2374 1762 2428 anima
1789 2375 2015 2442 dicitur,
2047 2392 2177 2446 quae

487 2464 559 2518 ad
591 2463 1008 2534 quantamlibet
1037 2463 1126 2516 sui
1151 2462 1367 2516 decoris
1398 2462 1836 2518 diminutionem
1867 2465 2177 2519 defectum-

491 2567 603 2622 que
655 2551 999 2622 pervenerit,
1042 2551 1301 2606 omnium
1343 2567 1650 2622 corporum
1689 2552 2024 2624 dignitatem
2056 2553 2177 2610 sine

488 2641 610 2694 ulla
642 2640 996 2694 dubitatione
1030 2657 1254 2711 semper
1278 2641 1570 2711 superabit
1593 2639 1656 2695 2?

564 2733 648 2784 17.
679 2729 860 2783 Aliter
898 2729 1054 2784 enim
1088 2728 1331 2783 aestimat
1372 2728 1537 2792 ratio,
1591 2729 1753 2784 aliter
1793 2746 1957 2787 usus.
2014 2730 2178 2787 Ratio

489 2816 734 2872 aestimat
761 2818 886 2872 luce
915 2817 1192 2886 veritatis,
1226 2821 1286 2872 ut
1308 2822 1460 2872 recto
1483 2818 1693 2889 judicio
1723 2818 1930 2874 subdat
1953 2819 2180 2874 minora

488 2906 804 2978 majoribus
837 2923 851 2961 :
902 2921 1039 2960 usus
1083 2910 1276 2960 autem
1317 2907 1730 2962 consuetudine
1759 2908 2178 2964 commoditatis

484 2997 825 3067 plerumque
854 2994 1182 3062 inclinatur,
1213 3000 1277 3049 ut
1305 3012 1370 3050 ea
1401 2995 1580 3068 pluris
1609 2997 1851 3051 aestimet
1878 3014 2007 3068 quae
2037 2998 2179 3052 veri-

485 3086 571 3137 tas
603 3083 830 3137 minora
859 3097 978 3137 esse
1001 3081 1304 3136 convincit.
1337 3081 1478 3136 Cum
1502 3083 1656 3137 enim
1675 3099 1912 3154 corpora
1931 3084 2178 3139 coelestia

485 3171 818 3242 corporibus
854 3169 1218 3224 terrestribus
1253 3186 1463 3240 magna
1501 3171 1822 3227 differentia
1848 3172 1993 3228 ratio
2022 3189 2176 3244 pra:-

484 3264 680 3331 ponat,
724 3259 853 3330 quis
884 3263 1076 3313 tamen
1107 3260 1420 3315 carnalium
1461 3261 1765 3316 hominum
1810 3278 1929 3316 non
1959 3263 2172 3330 mallet,

483 3349 572 3404 vel
603 3349 768 3420 plura
794 3348 987 3402 deesse
1019 3347 1080 3402 in
1109 3349 1250 3403 caelo
1271 3348 1476 3417 sidera,
1503 3367 1678 3420 quam
1706 3367 1882 3404 unam
1913 3351 2177 3406 arbuscu-

483 3438 602 3493 lam
635 3437 695 3491 in
724 3452 861 3506 agro
891 3452 1018 3506 suo,
1059 3440 1157 3490 aut
1201 3453 1428 3492 vaccam
1472 3437 1533 3492 iu
1563 3441 1858 3494 armento?
1893 3440 2003 3495 Sed
2033 3441 2178 3495 sicut

484 3529 650 3580 aetate
697 3526 942 3596 majores
981 3525 1244 3580 homines
1271 3527 1360 3581 vel
1389 3527 1626 3582 omnino
1658 3533 2054 3597 contemnunt,
2087 3531 2177 3584 vel

482 3619 634 3669 certe
658 3614 945 3686 patienter
967 3614 1304 3685 corrigenda
1331 3620 1660 3686 exspectant
1671 3617 1887 3688 judicia
1915 3619 2178 3688 parvulo-

483 3701 743 3774 rum,qui
763 3703 1012 3774 exceptis
1033 3703 1378 3775 quibusdam
1397 3719 1647 3774 quorum
1663 3721 1859 3760 amore
1885 3706 2175 3773 laetantur,

486 3792 800 3865 quemlibet
838 3791 1141 3847 hominum
1174 3797 1512 3847 caeterorum
1551 3793 1700 3848 mori
1730 3795 1969 3862 malunt,
2003 3811 2178 3866 quam

482 3897 772 3952 passerem
799 3898 997 3950 suum;
1031 3887 1089 3936 et
1114 3882 1297 3936 multo
1318 3881 1500 3952 magis
1529 3881 1576 3936 si
1597 3882 1771 3937 homo
1800 3883 1873 3938 sit
1899 3883 1995 3938 ille
2016 3885 2178 3939 terri-

483 3970 635 4038 bilis,
667 3986 860 4041 passer
880 3974 1073 4025 autem
1091 3987 1331 4025 canorus
1360 3975 1415 4025 et
1433 3971 1673 4041 pulcher
1703 3991 1716 4026 :
1748 3972 1830 4026 ita
1849 3971 1890 4026 ii
1920 3972 2020 4042 qui
2049 3988 2182 4043 pro-

484 4065 647 4113 vectu
679 4059 857 4114 animi
889 4060 958 4114 ad
985 4059 1324 4131 sapientiam
1361 4060 1746 4130 profecerunt,
1772 4059 2067 4131 imperitos
2095 4077 2178 4116 re-

484 4163 615 4202 rum
645 4148 1016 4202 aestimatores
1065 4164 1195 4202 cum
1223 4147 1547 4202 invenerint
1576 4149 1757 4203 Deum
1786 4149 2083 4204 laudantes
2115 4151 2176 4205 in

489 4237 763 4292 creaturis
792 4237 1129 4300 minoribus,
1163 4236 1264 4307 qui
1293 4252 1388 4291 eas
1413 4236 1735 4291 carnalibus
1777 4238 1891 4292 suis
1921 4240 2178 4295 sensibus

487 4325 965 4381 accommodatius
993 4325 1284 4392 adhibent,
1328 4324 1388 4379 in
1427 4325 1814 4396 superioribus
1842 4344 1974 4382 vero
2005 4334 2177 4400 atque

484 4414 822 4470 melioribus
861 4413 1070 4484 partim
1107 4428 1239 4467 eum
1268 4429 1386 4467 non
1416 4413 1732 4485 laudantes,
1764 4416 2023 4471 minusve
2050 4419 2176 4471 lau-

486 4501 708 4567 dantes,
739 4501 952 4572 partim
977 4501 1150 4555 etiam
1169 4500 1493 4573 vituperare
1519 4507 1620 4558 aut
1641 4506 1944 4560 emendare
1963 4523 2176 4561 conan-

484 4593 590 4657 tes,
606 4589 820 4659 partim
840 4606 958 4644 non
979 4590 1270 4644 credentes
1295 4593 1449 4662 quod
1469 4608 1666 4646 earum
1681 4593 1776 4648 ille
1793 4594 1866 4648 sit
1887 4596 2174 4664 conditor;

487 4677 692 4731 talium
731 4677 948 4748 judicia
989 4678 1074 4732 vel
1121 4679 1354 4735 omnino
1387 4686 1774 4748 contemnere,
1815 4683 1862 4736 si
1891 4683 2178 4754 corrigere

487 4772 803 4836 nequeunt,
841 4765 931 4820 vel
961 4766 1142 4821 donec
1180 4767 1485 4840 corrigant,
1518 4785 1682 4841 aequo
1712 4770 1904 4826 animo
1933 4773 2176 4827 tolerare

487 4871 553 4910 ac
583 4856 860 4911 sustinere
885 4863 1270 4914 consuescant.

487 4963 714 5018 CAPUT
757 4964 845 5018 VI.
905 4993 975 5004 —
1029 4967 1192 5021 Nemo
1239 4981 1359 5020 vere
1401 4966 1607 5020 dimerit
1651 4981 1706 5022 se
1736 4967 1896 5022 malle
1934 4983 2041 5022 non
2068 4983 2178 5023 esse

1031 5068 1194 5123 quam
1222 5057 1476 5109 miserum
1507 5070 1635 5109 esse.

562 5159 647 5213 18.
679 5158 816 5223 Quae
844 5174 973 5213 cum
1016 5159 1095 5214 ita
1125 5177 1185 5215 se
1215 5161 1712 5226 habeant,tantum
1748 5159 1906 5214 abest
1943 5178 1976 5214 a
2021 5178 2174 5230 vero,

490 5247 643 5317 quod
673 5248 924 5303 Creatori
963 5249 1288 5321 deputanda
1333 5248 1729 5304 existimantur
1763 5253 1992 5319 peccata
2021 5267 2176 5305 crea-

551 5390 568 5424 ι
603 5390 905 5453 Legendum
933 5396 1013 5442 est
1035 5390 1184 5454 juxta
1224 5391 1368 5449 Mss.,
1409 5389 1600 5440 omnia
1626 5391 1764 5438 enim
1787 5391 1848 5441 in
1879 5392 2066 5442 Ordine
2086 5406 2178 5443 suo

486 5458 905 5625 :;g%gl§i;nstiiie
926 5515 1046 5566 ulla
1072 5513 1394 5565 dubitatione
1413 5515 1697 5577 superavit.
1723 5513 1788 5564 At
1808 5517 1950 5576 Mss.,
1970 5529 2178 5581 semper

543 5589 677 5625 pera
714 5590 727 5624 ι
757 5612 769 5624 .

543 5589 769 5638 :pcraou.

1595 304 1690 359 DE
1728 303 1990 360 LIBERO
2028 299 2388 370 ARBITRIO,
2431 300 2485 356 S.
2526 297 2911 356 AUGUSTINI

3862 301 4004 354 i280

2290 443 2458 509 tum,
2489 439 2749 513 quamvis
2771 455 3003 496 necesse
3045 443 3130 496 est
3156 441 3300 497 ﬁant
3320 456 3450 513 quae
3479 441 3600 514 ipse
3625 441 3828 497 futura
3856 458 4001 513 prte-

2292 530 2473 602 scivit,
2503 535 2570 585 ut
2597 547 2728 585 cum
2751 533 2816 585 tu
2836 529 3047 584 dixeris
3068 546 3182 585 non
3199 533 3254 584 te
3274 529 3532 585 invenire
3559 531 3860 602 quomodo
3881 548 4002 586 non

2293 619 2348 674 ei
2389 620 2696 691 deputetur
2738 619 3017 690 quidquid
3065 618 3126 673 in
3166 620 3286 690 ejus
3315 623 3574 674 creatura
3603 620 3733 675 ﬁeri
3762 637 4000 676 necesse

2292 713 2404 775 est;
2437 724 2543 779 ego
2573 712 2769 762 contra
2783 723 2901 762 non
2921 707 3209 762 inveniam
3240 708 3497 774 modum,
3526 725 3717 780 neque
3746 709 3999 764 inveniri

2287 811 2454 868 posse
2484 800 2654 868 atque
2680 795 2916 850 omnino
2949 811 3069 850 non
3098 812 3221 850 esse
3267 797 3628 867 conﬁrmem,
3661 813 3777 868 quo
3810 799 3869 852 ei
3901 798 3997 852 de-

2287 889 2522 955 putetur
2549 884 2827 956 quidquid
2851 884 2912 938 in
2942 885 3066 956 ejus
3088 889 3348 940 creatura
3377 886 3458 940 ita
3480 886 3607 941 ﬁeri
3631 902 3870 941 necesse
3895 892 3998 952 est,

2288 978 2355 1028 ut
2385 974 2676 1028 voluntate
2718 973 3081 1045 peccantium
3128 974 3249 1030 ﬁat.
3298 974 3356 1030 Si
3394 974 3552 1029 enim
3596 975 3729 1047 quis
3763 975 3995 1041 dixerit,

2290 1062 2415 1116 Non
2435 1078 2756 1134 esse,quam
2778 1062 3052 1117 miserum
3071 1079 3162 1117 me
3182 1078 3305 1118 esse
3328 1065 3590 1118 mallem:
3607 1064 3995 1133 respondebo,

2290 1150 2559 1205 Mentiris.
2597 1152 2738 1205 Nam
2767 1156 2825 1205 et
2854 1167 3006 1206 nunc
3034 1152 3208 1205 miser
3253 1167 3334 1220 es,
3379 1165 3488 1206 nec
3533 1153 3607 1207 ob
3637 1151 3793 1207 aliud
3847 1153 3997 1206 mori

2287 1255 2404 1294 non
2432 1238 2537 1303 vis,
2569 1239 2677 1293 nisi
2700 1243 2765 1294 ut
2792 1239 2867 1294 sis
2895 1239 3013 1294 :ita
3038 1256 3169 1295 cum
3198 1240 3372 1295 miser
3398 1241 3548 1295 nolis
3579 1258 3722 1309 esse,
3756 1257 3886 1296 esse
3914 1243 3997 1295 vis

2289 1331 2504 1383 tamen.
2535 1329 2655 1398 Age
2696 1327 2872 1399 igitur
2914 1328 3126 1398 gratias
3157 1345 3227 1383 ex
3276 1344 3342 1382 eo
3385 1331 3536 1401 quod
3569 1346 3630 1384 es
3659 1331 3887 1397 volens,
3937 1335 3997 1384 ut

2290 1415 2447 1488 quod
2475 1414 2686 1470 invitus
2725 1433 2784 1471 es
2821 1416 3138 1471 auferatur.
3179 1417 3387 1472 Volens
3418 1418 3575 1474 enim
3602 1433 3683 1484 es,
3731 1423 3790 1473 et
3819 1417 4000 1473 miser

2288 1505 2502 1561 invitus
2544 1521 2623 1560 es.
2656 1505 2820 1570 Quod
2851 1505 2898 1560 si
2927 1506 3184 1577 ingratus
3229 1523 3289 1562 es
3333 1507 3396 1562 in
3426 1523 3492 1562 eo
3537 1508 3695 1579 quod
3723 1523 3852 1563 esse
3886 1507 3994 1575 vis,

2282 1594 2412 1666 jure
2441 1593 2660 1666 cogeris
2689 1610 2809 1649 esse
2840 1595 2991 1666 quod
3039 1611 3155 1650 non
3197 1595 3301 1650 vis.
3352 1597 3430 1650 Ex
3472 1596 3570 1650 illo
3621 1595 3804 1667 igitur
3834 1598 3998 1668 quod

2290 1682 2464 1738 etiam
2491 1682 2750 1754 ingratus
2779 1683 2953 1738 habes
2981 1684 3134 1755 quod
3163 1684 3266 1752 vis,
3301 1684 3585 1740 Creatoris
3609 1684 3785 1739 laudo
3815 1685 3998 1740 boni-

2287 1775 2464 1826 tatem
2495 1788 2508 1827 :
2539 1787 2604 1826 ex
2633 1773 2731 1826 illo
2752 1777 2944 1826 autem
2975 1773 3132 1844 quod
3159 1773 3372 1844 pateris
3399 1774 3660 1846 ingratus
3681 1774 3844 1845 quod
3873 1791 3998 1829 non

2288 1860 2390 1928 vis,
2427 1860 2761 1915 ordinatoris
2789 1862 2960 1915 laudo
2981 1861 3286 1932 justitiam.

2363 1953 2446 2004 19.
2479 1949 2538 2005 Si
2567 1949 2926 2019 dixerit,Non
2954 1949 3084 2005 ideo
3124 1949 3271 2004 mori
3301 1949 3614 2021 nolo,quod
3641 1950 3845 2005 malim
3875 1951 3999 2006 mi-

2288 2054 2378 2092 ser
2407 2054 2526 2092 esse
2555 2055 2728 2110 quam
2758 2038 2994 2093 omnino
3024 2055 3141 2093 non
3171 2055 3314 2106 esse,
3343 2039 3442 2093 sed
3473 2055 3543 2093 ne
3582 2044 3712 2109 post
3740 2045 3996 2094 mortem

2287 2126 2552 2181 miserior
2581 2127 2686 2180 sim
2723 2143 2735 2182 :
2769 2127 3149 2197 respondebo,
3190 2127 3248 2181 Si
3276 2128 3387 2183 hoc
3415 2127 3699 2198 injustum
3730 2133 3838 2195 est,
3873 2145 3997 2182 non

2287 2215 2365 2269 sic
2389 2215 2527 2283 eris;
2575 2216 2623 2269 si
2650 2220 2840 2270 autem
2871 2216 2980 2270 hoc
3004 2217 3224 2286 justum
3255 2225 3354 2279 est,
3393 2217 3692 2283 laudemus
3719 2209 3855 2272 eum
3883 2234 3995 2272 cu-

2279 2303 2377 2374 jus
2401 2304 2623 2375 legibus
2653 2305 2733 2358 sic
2761 2304 2892 2360 eris.
2916 2304 2980 2372 Si
3010 2304 3230 2371 dixerit,
3268 2305 3426 2360 Unde
3449 2321 3799 2375 praesumam
3833 2307 3992 2376 quod

2287 2391 2334 2446 si
2359 2393 2466 2447 hoc
2491 2393 2769 2464 injustum
2801 2398 2904 2459 est,
2939 2409 3053 2447 non
3083 2394 3161 2448 sic
3189 2393 3326 2448 ero?
3356 2395 3734 2465 respondebo,
3766 2395 3914 2460 Quia
3945 2397 3996 2449 si

2288 2482 2400 2536 eris
2426 2482 2486 2536 in
2515 2487 2614 2537 tua
2639 2488 3041 2554 potestate,aut
3061 2483 3235 2536 miser
3259 2499 3377 2537 non
3405 2483 3538 2554 eris,
3569 2487 3668 2538 aut
3694 2489 3758 2538 tu
3787 2484 3913 2554 ipse
3937 2489 3994 2539 te

2287 2570 2497 2639 injuste
2523 2571 2794 2640 regendo,
2820 2572 2975 2642 juste
3009 2571 3120 2625 eris
3149 2571 3350 2639 miser;
3384 2576 3486 2626 aut
3516 2573 3761 2627 volendo
3789 2577 3850 2627 et
3869 2590 3995 2626 non

2290 2659 2529 2714 valendo
2559 2665 2613 2713 te
2637 2660 2788 2730 juste
2819 2676 3036 2730 regere,
3082 2675 3202 2714 non
3239 2660 3351 2714 eris
3379 2660 3442 2714 in
3471 2664 3572 2715 tua
3600 2666 3904 2732 potestate,
3939 2667 3999 2717 et

2288 2752 2387 2801 aut
2407 2747 2467 2801 in
2495 2748 2710 2802 nullius
2732 2748 2862 2815 eris,
2886 2753 2984 2802 aut
3001 2748 3061 2802 ih
3082 2747 3314 2803 alterius
3346 2765 3360 2804 :
3393 2748 3441 2802 si
3460 2749 3521 2802 in
3540 2749 3882 2816 nullius,aut
3903 2751 3998 2804 in-

2289 2836 2565 2904 vitus,aut
2591 2837 2788 2891 volens
2821 2853 2833 2891 :
2869 2837 2965 2892 sed
2994 2836 3206 2891 invitus
3234 2853 3354 2891 esse
3395 2837 3540 2892 nihil
3579 2843 3766 2908 potes,
3792 2839 3912 2893 nisi
3938 2846 3996 2894 te

2287 2925 2372 2979 vis
2395 2925 2586 2996 aliqua
2609 2925 2998 2996 superaverit;
3023 2941 3191 2996 porro
3217 2926 3380 2980 nulla
3408 2925 3464 2980 vi
3489 2927 3748 2997 superari
3774 2932 3994 2998 potest,

2288 3013 2388 3084 qui
2409 3019 2494 3068 est
2518 3013 2578 3067 in
2601 3013 2815 3068 nullius
2842 3018 3121 3085 potestate
3146 3030 3159 3068 :
3183 3015 3230 3067 si
3253 3017 3449 3069 autem
3471 3015 3670 3069 volens
3692 3015 3751 3069 in
3773 3017 3998 3070 nullius

2287 3102 2402 3157 eris
2434 3108 2728 3174 potestate,
2763 3103 2834 3158 ad
2861 3103 2970 3157 hoc
3005 3102 3152 3157 ratio
3183 3102 3445 3169 recurrit,
3478 3106 3543 3156 ut
3571 3101 3647 3157 sis
3676 3102 3737 3156 in
3767 3108 3899 3170 tua;
3939 3111 3999 3159 ct

2288 3195 2386 3245 aut
2425 3196 2480 3245 te
2526 3191 2737 3261 injuste
2765 3191 3017 3261 regendo
3040 3190 3198 3260 juste
3232 3189 3407 3244 miser
3435 3190 3540 3257 sis;
3574 3194 3675 3245 aut
3711 3192 3999 3262 quoniam

2283 3277 2580 3347 quodlibet
2608 3277 2803 3331 volens
2843 3277 2976 3347 eris,
3007 3277 3182 3331 habes
3212 3277 3399 3332 adhuc
3430 3278 3589 3332 unde
3618 3278 3829 3348 gratias
3855 3295 3999 3349 agas

2285 3363 2528 3419 bonitati
2559 3365 2876 3418 Conditoris
2905 3365 3011 3420 tui.
3053 3365 3217 3429 Quod
3247 3365 3294 3419 si
3323 3365 3383 3420 in
3412 3371 3511 3420 tua
3544 3371 3827 3437 potestate
3872 3385 3999 3422 non

2287 3452 2420 3521 eris,
2461 3457 2558 3506 aut
2600 3453 2887 3523 potentior
2913 3453 3191 3524 profecto,
3221 3458 3321 3508 aut
3352 3454 3638 3509 inﬁrmior
3668 3460 3725 3510 te
3751 3455 3999 3512 habebit

2286 3540 2350 3594 in
2389 3545 2686 3610 potestate.
2731 3541 2892 3606 Quod
2931 3541 2979 3595 si
3022 3541 3325 3610 infirmior,
3372 3548 3473 3598 tua
3516 3544 3702 3614 culpa,
3751 3549 3808 3598 et
3830 3546 3997 3615 justa

2286 3628 2516 3683 miseria
2548 3643 2562 3684 :
2588 3629 2804 3699 poteris
2833 3629 2987 3684 enim
3016 3629 3393 3686 inﬁrmiorem
3427 3649 3697 3703 superare
3726 3632 3775 3686 si
3807 3634 3992 3688 voles.

2288 3716 2346 3772 Si
2376 3721 2567 3771 autem
2616 3717 2904 3788 potentior
2951 3723 3007 3773 te
3038 3719 3416 3775 inﬁrmiorem
3456 3720 3688 3776 habebit
3714 3721 3776 3775 in
3822 3727 3993 3792 pote-

2289 3807 2454 3866 state,
2486 3805 2645 3858 nullo
2675 3805 2843 3860 modo
2871 3809 2990 3859 tam
3019 3811 3232 3861 rectam
3262 3807 3688 3863 ordinationem
3715 3814 3872 3864 recte
3901 3811 3991 3864 in-

2281 3892 2498 3962 justam
2528 3893 2781 3963 putabis.
2835 3894 3137 3950 Verissime
3173 3895 3350 3967 igitur
3388 3895 3605 3951 dictum
3634 3902 3720 3951 est
3747 3913 3761 3951 :
3793 3897 3854 3952 Si
3887 3898 3994 3952 hoc

2287 3979 2567 4051 injustum
2613 3987 2722 4044 est,
2773 3998 2892 4037 non
2937 3982 3017 4038 sic
3045 3983 3185 4051 eris;
3214 3984 3262 4037 si
3291 3988 3484 4040 autem
3516 3985 3759 4057 justum,
3791 3985 3993 4041 laude-

2287 4085 2415 4124 mus
2442 4086 2574 4124 eum
2608 4071 2770 4142 cujus
2795 4070 3018 4141 legibus
3051 4071 3129 4125 sic
3150 4072 3284 4126 eris.

2289 4160 2510 4214 CAPUT
2542 4161 2659 4214 VII.
2691 4190 2760 4200 —
2786 4161 2929 4215 Ecce
2947 4161 3206 4228 diligitur
3225 4172 3274 4216 et
3303 4177 3338 4215 a
3365 4163 3602 4230 miseris,
3633 4164 3767 4231 quia
3795 4163 3868 4217 ab
3901 4166 3994 4219 illo

2833 4254 2961 4304 sunt
2990 4252 3088 4318 qui
3107 4265 3310 4305 summe
3329 4255 3426 4305 est.

2360 4339 2448 4391 20.
2483 4335 2542 4392 Si
2564 4335 2774 4392 dixerit
2797 4352 2810 4391 :
2836 4338 2968 4392 Ideo
2993 4338 3177 4409 magis
3195 4339 3327 4392 volo
3348 4338 3438 4393 vel
3453 4337 3627 4393 miser
3645 4354 3791 4409 esse,
3813 4356 3992 4410 quam

2288 4424 2524 4480 omnino
2547 4441 2666 4480 non
2693 4442 2836 4493 esse,
2866 4426 3002 4498 quia
3023 4427 3145 4497 jam
3175 4443 3303 4482 sum
3328 4427 3412 4494 ;si
3437 4432 3628 4482 autem
3647 4427 3991 4499 priusquam

2289 4529 2470 4568 essem
2489 4530 2716 4584 possem
2739 4516 2976 4580 consuli,
3004 4517 3272 4586 eligerem
3301 4533 3419 4570 non
3447 4532 3565 4571 esse
3595 4517 3786 4588 potius
3810 4534 3990 4588 quam

2287 4607 2350 4657 ut
2377 4619 2560 4657 essem
2589 4604 2782 4660 miser.
2817 4605 2978 4660 Nunc
3007 4605 3160 4659 enim
3181 4606 3335 4676 quod
3355 4605 3528 4660 timeo
3555 4622 3672 4660 non
3700 4622 3825 4661 esse
3857 4625 3990 4663 cum

2288 4692 2464 4748 miser
2492 4693 2622 4761 sim,
2665 4695 2734 4748 ad
2778 4693 2964 4765 ipsam
3007 4695 3294 4749 miseriam
3339 4695 3608 4766 pertinet,
3639 4712 3753 4767 qua
3777 4713 3904 4759 ,non
3933 4698 3990 4752 id

2287 4781 2602 4852 volo,quod
2622 4783 2765 4838 velle
2797 4783 3098 4851 deberem;
3122 4783 3306 4854 magis
3334 4783 3488 4838 enim
3514 4800 3632 4838 non
3659 4800 3990 4856 esse,quam

2287 4869 2462 4924 miser
2491 4888 2611 4924 esse
2642 4872 2787 4926 velle
2819 4871 3108 4926 deberem.
3155 4873 3315 4925 Nunc
3344 4887 3476 4930 vero
3502 4872 3687 4926 fateor
3732 4888 3827 4926 me
3859 4876 3994 4944 qui-

2287 4959 2417 5014 dem
2459 4961 2630 5014 malle
2675 4961 2764 5014 vel
2809 4960 3085 5014 miserum
3117 4975 3238 5014 esse
3281 4976 3455 5031 quam
3487 4959 3663 5027 nihil;
3697 4961 3796 5016 sed
3828 4966 3994 5017 tanto

2289 5049 2521 5103 stultius
2552 5048 2612 5102 id
2638 5049 2787 5116 volo,
2820 5051 3034 5118 quanto
3060 5047 3325 5102 miserius
3357 5065 3371 5102 :
3400 5052 3560 5102 tanto
3589 5053 3784 5103 autem
3813 5051 3988 5105 mise-

2288 5128 2429 5195 rius,
2462 5133 2678 5199 quanto
2710 5127 2896 5182 verius
2921 5127 3086 5182 video
3120 5145 3236 5184 non
3265 5129 3374 5183 hoc
3403 5144 3497 5183 me
3525 5129 3669 5184 velle
3698 5129 3987 5188 debuisse.

2293 5216 2670 5287 Respondebo
2705 5233 2717 5271 :
2751 5216 2894 5270 Cave
2925 5217 3117 5288 potius
3157 5234 3226 5272 ne
3253 5217 3348 5272 hic
3383 5233 3556 5281 erres,
3585 5218 3686 5272 ubi
3710 5223 3766 5273 te
3796 5220 3991 5276 videre

2287 5321 2488 5360 verum
2518 5309 2706 5376 putas.
2743 5306 2884 5360 Nam
2915 5306 2961 5360 si
2993 5307 3193 5362 beatus
3236 5323 3404 5368 esses,
3437 5307 3634 5378 utique
3664 5324 3784 5362 esse
3813 5325 3992 5380 quam

2291 5409 2412 5448 non
2443 5410 2563 5448 esse
2595 5395 2823 5464 malles;
2857 5400 2915 5450 et
2941 5411 3093 5450 nunc
3121 5396 3294 5450 miser
3319 5411 3451 5451 cum
3485 5396 3766 5466 sis,mavis
3796 5403 3994 5454 tamen

2293 5499 2413 5536 esse
2442 5484 2530 5536 vel
2557 5481 2732 5536 miser
2753 5500 2925 5555 quam
2954 5484 3188 5540 omnino
3209 5501 3327 5540 non
3355 5501 3496 5552 esse,
3527 5501 3656 5540 cum
3688 5501 3816 5542 esse
3850 5491 3995 5544 nolis

2293 5571 2485 5626 miser.
2512 5571 2814 5628 Considera
2831 5573 3311 5646 igitur,quantum
3332 5579 3693 5647 potes,quam
3717 5591 3992 5650 magnum
