4074 6352
119 324 253 377 1281

111 445 337 501 bonum
368 446 439 501 sit
462 446 650 517 ipsum
678 462 820 514 esse,
855 445 1009 517 quod
1035 449 1091 501 et
1117 445 1270 500 beati
1299 449 1355 501 et
1381 446 1576 501 miseri
1596 446 1814 502 volunt.

115 535 267 588 Nam
299 534 347 588 si
370 533 479 588 hoc
507 535 651 590 bene
674 533 1140 603 consideraveris,
1172 535 1388 590 videbis
1418 540 1474 590 te
1503 536 1565 590 in
1593 539 1820 590 tantum

113 639 240 677 esse
272 623 573 691 miserum,
621 624 683 678 in
722 629 1003 696 quantum
1041 641 1156 678 non
1194 624 1546 696 propinquas
1585 625 1637 680 ei
1667 626 1819 697 quod

113 727 346 765 summe
379 716 500 780 est;
534 711 592 766 in
623 716 849 767 tantum
888 718 1080 768 autem
1109 717 1310 783 putare
1349 713 1554 767 melius
1585 730 1726 780 esse,
1761 718 1820 768 ut

112 800 364 872 quisque
387 817 504 854 non
523 801 598 854 sit
621 818 795 872 quam
815 806 880 856 ut
904 801 1077 856 miser
1100 801 1191 870 sit,
1215 801 1277 856 in
1305 807 1584 873 quantum
1605 819 1723 856 non
1744 802 1822 856 vi-

113 887 216 942 des
238 889 393 960 quod
419 906 640 944 summe
666 894 749 944 est
777 907 789 945 :
815 890 1019 959 et.ideo
1052 895 1245 945 tamen
1268 895 1324 946 te
1348 907 1468 945 esse
1494 891 1659 960 velle,
1691 907 1822 964 quo-

110 977 274 1031 niam
301 978 371 1032 ab
399 977 498 1032 illo
533 994 592 1032 es
624 978 725 1050 qui
754 995 976 1034 summe
1007 983 1110 1034 est.

185 1068 280 1120 21.
313 1065 371 1122 Si
418 1065 502 1122 vis
549 1067 742 1138 itaque
784 1067 1076 1122 miseriam
1113 1068 1333 1140 fugere,
1365 1085 1495 1124 ama
1523 1068 1584 1123 in
1613 1073 1669 1124 te
1711 1069 1820 1124 hoc

110 1155 331 1226 ipsum,
355 1157 492 1228 quia
517 1175 636 1213 esse
665 1159 766 1214 vis.
800 1159 856 1214 Si
880 1159 1035 1214 enim
1062 1160 1243 1230 magis
1272 1160 1568 1232 magisque
1589 1177 1708 1214 esse
1725 1177 1819 1216 vo-

111 1244 315 1312 lueris,
339 1246 392 1300 ei
412 1247 565 1318 quod
587 1263 809 1302 summe
833 1252 917 1302 est
937 1248 1380 1320 propinquabis:
1405 1253 1460 1302 et
1479 1249 1690 1320 gratias
1712 1265 1818 1321 age

109 1349 272 1388 nunc
301 1335 438 1405 quia
463 1351 542 1390 es.
577 1335 844 1400 Quamvis
870 1336 1024 1390 enim
1054 1337 1235 1391 beatis
1265 1337 1340 1391 sis
1361 1337 1618 1406 inferior,
1653 1355 1820 1410 supe-

110 1422 236 1476 rior
267 1429 460 1478 tamen
491 1441 549 1478 es
581 1441 756 1496 quam
777 1441 842 1479 ea
867 1441 995 1496 qua:
1024 1441 1142 1479 non
1163 1426 1377 1480 habent
1401 1427 1488 1480 vel
1519 1426 1820 1481 beatitudi-

109 1511 202 1564 nis
226 1512 578 1567 voluntatem
603 1531 616 1581 ;
641 1530 886 1585 quorum
907 1519 1100 1568 tamen
1123 1515 1306 1569 multa
1331 1514 1504 1568 etiam
1535 1532 1567 1568 a
1592 1515 1817 1569 miseris

109 1600 440 1657 laudantur.
475 1602 679 1657 Omnia
705 1606 900 1656 tamen
938 1618 1003 1656 eo
1032 1602 1157 1673 ipso
1190 1619 1304 1674 quo
1336 1607 1489 1669 sunt,
1529 1603 1659 1674 jure
1700 1604 1819 1659 lau-

106 1689 305 1744 danda
325 1695 458 1745 sunt
481 1708 495 1757 ;
520 1691 656 1762 quia
681 1691 748 1746 eo
768 1691 892 1762 ipso
929 1708 1042 1763 quo
1061 1696 1211 1757 sunt,
1243 1693 1396 1746 bona
1425 1691 1815 1755 sunt.Quanto

106 1777 272 1830 enim
329 1779 576 1849 amplius
632 1796 752 1834 esse
807 1781 1082 1835 amaveris
1132 1786 1291 1835 tanto
1339 1781 1585 1851 amplius
1640 1781 1816 1835 vitam

105 1871 391 1921 aeternam
421 1867 786 1934 desiderabis,
819 1873 989 1940 teque
1018 1869 1097 1923 ita
1124 1869 1362 1923 formari
1404 1870 1718 1941 exoptabis,
1752 1875 1817 1925 ut

105 1955 443 2010 affectiones
473 1960 587 2010 tua:
615 1972 734 2010 non
762 1956 877 2011 sint
905 1959 1271 2028 temporales,
1313 1958 1382 2012 de
1409 1958 1816 2029 temporalium

104 2059 309 2098 rerum
339 2045 632 2100 amoribus
652 2045 858 2100 inustas
883 2051 937 2100 et
957 2047 1249 2116 impressas
1274 2064 1286 2101 :
1314 2063 1444 2118 quin
1474 2047 1816 2118 temporalia

106 2137 165 2186 et
179 2138 490 2205 antequam
510 2135 623 2189 sint
643 2151 758 2190 non
779 2140 932 2203 sunt,
955 2141 1012 2190 et
1031 2153 1161 2190 cum
1183 2141 1316 2190 sunt
1335 2135 1584 2207 fugiunt,
1609 2140 1665 2190 et
1684 2153 1814 2190 cum

103 2222 368 2292 fugerint
397 2238 514 2278 non
543 2229 730 2278 erunt.
756 2225 953 2295 Itaque
987 2241 1115 2278 cum
1143 2225 1338 2279 futura
1366 2229 1520 2292 sunt,
1554 2227 1813 2281 nondum

105 2315 282 2378 sunt;
319 2328 450 2366 cum
483 2316 674 2366 autem
702 2312 993 2382 praeterita
1024 2317 1173 2378 sunt,
1197 2313 1318 2382 jam
1343 2329 1460 2366 non
1486 2318 1636 2367 sunt.
1669 2314 1814 2378 Quo-

105 2401 284 2454 modo
316 2400 494 2470 igitur
523 2401 873 2456 tenebuntur
909 2406 974 2456 ut
1010 2405 1301 2467 maneant,
1351 2402 1561 2473 quibus
1590 2402 1700 2457 hoc
1730 2406 1814 2457 est

103 2488 364 2558 incipere
389 2493 455 2543 ut
477 2489 609 2557 sint,
633 2490 786 2561 quod
810 2493 893 2544 est
917 2506 1157 2560 pergere
1175 2494 1240 2545 ut
1261 2506 1376 2544 non
1401 2490 1516 2544 sint
1537 2492 1565 2544 ‘P
1592 2490 1701 2555 Qui
1717 2507 1815 2546 au-

104 2582 228 2631 tem
258 2581 414 2634 amat
441 2594 582 2645 esse,
615 2578 824 2648 probat
852 2578 958 2632 ista
987 2578 1047 2632 in
1074 2583 1353 2650 quantum
1383 2581 1536 2642 sunt,
1575 2583 1630 2633 et
1659 2584 1814 2633 amat

103 2665 265 2736 quod
296 2673 656 2738 semper‘est.
689 2669 755 2721 Et
795 2669 840 2721 si
869 2667 1196 2722 variabatur
1216 2668 1286 2737 in
1313 2683 1508 2722 amore
1549 2667 1809 2734 istorum,

103 2753 401 2809 munietur
430 2755 491 2809 in
538 2755 691 2810 illius
721 2758 739 2792 ί
765 2773 778 2822 ;
812 2760 868 2810 et
903 2755 950 2810 si
982 2756 1276 2820 difﬂuebat
1304 2756 1365 2810 in
1394 2773 1592 2811 amore
1625 2761 1810 2811 trans-

102 2843 388 2911 euntium,
421 2844 482 2898 in
503 2845 894 2915 permanentis
924 2861 1116 2899 amare
1144 2845 1498 2913 solidabitur,
1531 2849 1587 2900 et
1619 2846 1808 2913 stabit,

102 2937 163 2986 et
183 2933 461 2987 obtinebit
479 2933 672 3004 ipsum
691 2949 832 3003 esse,
855 2934 1010 3005 quod
1035 2934 1260 2988 volebat
1279 2951 1409 2988 cum
1429 2934 1670 2989 timebat
1690 2951 1810 2988 non

103 3024 331 3091 esse,’_et
357 3026 505 3077 stare
527 3039 642 3077 non
673 3027 898 3093 poterat
922 3022 1177 3077 irretitus
1207 3039 1401 3078 amore
1433 3023 1804 3094 fugientium.

105 3112 236 3164 Non
267 3110 447 3182 igitur
473 3111 579 3166 tibi
608 3111 920 3183 displiceat,
953 3112 1068 3166 imo
1100 3112 1350 3166 maxime
1381 3114 1621 3183 placeat,
1655 3113 1809 3184 quod

101 3200 288 3253 mavis
319 3217 438 3254 esse
468 3201 556 3255 vel
577 3201 772 3268 miser,
799 3217 970 3272 quam
994 3206 1296 3272 propterea
1316 3202 1491 3256 miser
1521 3219 1636 3257 non
1662 3219 1804 3270 esse,

102 3288 245 3360 quia
271 3289 414 3344 nihil
435 3289 567 3346 eris.
602 3290 744 3344 Huic
773 3289 927 3344 enim
952 3291 1182 3344 exordio
1205 3308 1320 3362 quo
1344 3307 1464 3345 esse
1492 3292 1596 3358 vis,
1631 3292 1676 3345 si
1709 3293 1807 3346 ad-

94 3377 264 3448 jicias
295 3379 476 3449 magis
513 3379 811 3450 magisque
849 3395 993 3447 esse,
1027 3380 1323 3450 consurgis
1355 3385 1527 3452 atque
1559 3387 1807 3435 exstrue-

101 3467 181 3520 ris
213 3467 273 3520 in
303 3467 363 3521 id
392 3469 541 3538 quod
575 3485 796 3523 summe
828 3474 948 3536 est;
993 3473 1164 3540 atque
1194 3469 1272 3523 ita
1302 3474 1358 3524 te
1387 3471 1456 3523 ab
1491 3469 1648 3524 omni
1679 3470 1806 3525 labe

101 3555 414 3624 cohibebis,
456 3574 569 3628 qua
599 3558 803 3612 transit
840 3563 902 3612 ut
941 3575 1053 3612 non
1087 3558 1158 3613 sit
1183 3559 1338 3630 quod
1368 3559 1565 3614 inﬁme
1605 3565 1707 3623 est,
1751 3565 1810 3616 et

101 3661 299 3699 secum
330 3646 573 3700 amantis
601 3646 750 3700 vires
781 3647 1030 3702 subruit.
1072 3648 1212 3702 Hinc
1241 3647 1339 3702 ﬁet
1364 3654 1428 3703 ut
1458 3649 1557 3719 qui
1585 3651 1806 3704 mavult

101 3749 221 3787 non
246 3749 388 3804 esse,
409 3750 482 3788 ne
502 3734 800 3806 miserQsit,
824 3736 960 3807 quia
981 3753 1098 3790 non
1115 3753 1234 3791 esse
1258 3753 1376 3791 non
1395 3742 1600 3807 potest,
1627 3742 1805 3792 restet

99 3825 170 3876 ut
187 3821 362 3876 miser
381 3823 472 3878 sit.
489 3823 597 3887 Qui
617 3830 808 3879 autem
830 3826 958 3894 plus
983 3830 1138 3880 amat
1150 3842 1270 3880 esse
1294 3843 1468 3897 quam
1491 3827 1613 3881 odit
1634 3826 1806 3881 miser

100 3926 248 3974 esse,
277 3910 593 3982 adjiciendo
623 3913 696 3967 ad
724 3913 783 3968 id
813 3913 964 3984 quod
994 3918 1168 3982 amat,
1193 3915 1345 3986 quod
1365 3914 1485 3969 odit
1505 3915 1800 3971 excludat:

96 4016 234 4054 cum
263 3999 418 4055 enim
453 3999 516 4056 in
543 4018 644 4056 suo
679 4019 887 4074 genere
912 4004 1163 4074 perfecte
1205 4021 1326 4060 esse
1355 4005 1594 4076 coeperit
1627 4005 1804 4062 miser

98 4104 216 4141 non
248 4088 370 4143 erit.

97 4177 327 4232 CAPUT
359 4177 497 4232 VIII.
530 4208 600 4220 -—
633 4180 750 4234 Non
778 4195 888 4234 esse
915 4197 950 4234 a
982 4182 1192 4236 nemine
1221 4181 1461 4249 eligitur,
1489 4197 1554 4236 ne
1582 4182 1802 4252 quidem

418 4267 486 4320 ab
516 4267 630 4321 illis
663 4270 760 4337 qui
789 4269 898 4323 sibi
922 4285 1099 4324 necem
1129 4272 1480 4326 consciscunt.

171 4355 262 4408 22.
286 4355 428 4410 Nam
457 4355 602 4410 illud
623 4355 751 4412 vide
776 4374 951 4430 quam
976 4359 1217 4414 absurde
1248 4363 1305 4414 et
1331 4359 1803 4415 inconvenienter

95 4443 358 4498 dicatur:
389 4445 611 4500 Mallem
639 4463 756 4501 non
779 4464 898 4503 esse
929 4465 1102 4520 quam
1129 4448 1305 4503 miser
1333 4465 1473 4504 esse.
1505 4449 1614 4514 Qui
1645 4449 1801 4504 enim

94 4531 256 4598 dicit,
289 4532 511 4588 Mallem
539 4534 646 4590 hoc
674 4552 845 4606 quam
874 4536 1038 4604 illud,
1071 4537 1231 4608 eligit
1260 4537 1496 4609 aliquid.
1525 4539 1647 4592 Non
1678 4554 1799 4593 esse

95 4625 293 4676 autem
319 4637 432 4677 non
464 4627 550 4677 est
574 4622 811 4695 aliquid,
844 4625 942 4679 sed
972 4624 1154 4692 nihil;
1189 4629 1245 4679 et
1273 4625 1400 4679 ideo
1440 4627 1599 4681 nullo
1631 4631 1797 4697 pacto

91 4715 260 4781 potes
289 4715 438 4766 recte
486 4711 720 4784 eligere,
753 4714 980 4785 quando
1024 4714 1180 4786 quod
1213 4714 1389 4785 eligas
1425 4731 1542 4769 non
1571 4720 1676 4770 est.
1710 4715 1800 4770 Di-

93 4799 179 4854 cis
206 4801 348 4854 velle
377 4805 434 4856 te
463 4801 696 4873 quidem
726 4819 871 4874 esse,
902 4820 1034 4858 cum
1069 4803 1144 4857 sis
1190 4803 1385 4870 miser,
1418 4805 1516 4858 sed
1546 4820 1662 4858 non
1690 4805 1800 4860 hoc

90 4889 242 4943 velle
281 4889 564 4945 debuisse.
599 4892 747 4956 Quid
775 4892 954 4963 igitur
983 4893 1124 4948 velle
1169 4892 1462 4947 debuisti?
1500 4893 1623 4947 Non
1653 4909 1794 4958 esse,

89 4978 308 5048 inquis,
343 4979 551 5050 potius.
593 4981 655 5034 Si
683 4981 791 5035 hoc
820 4982 964 5037 velle
993 4981 1256 5048 debuisti,
1302 4982 1410 5036 hoc
1442 4985 1525 5035 est
1551 4981 1794 5049 melius;

89 5067 250 5140 quod
275 5072 465 5123 autem
494 5085 614 5124 non
636 5073 739 5138 est,
763 5071 969 5125 melius
994 5088 1114 5126 esse
1137 5088 1250 5126 non
1275 5074 1492 5142 potest:
1523 5086 1641 5125 non
1658 5087 1795 5142 ergo

88 5157 154 5212 id
185 5157 329 5212 velle
367 5157 656 5225 debuisti;
704 5158 1073 5231 veraciorque
1103 5177 1303 5214 sensus
1335 5163 1418 5214 est
1447 5175 1559 5231 quo
1590 5159 1650 5214 id
1677 5176 1798 5214 non

86 5246 196 5313 vis,
230 5262 405 5317 quam
436 5246 690 5318 opinatio
720 5262 824 5317 per
853 5264 1027 5319 quam
1066 5253 1123 5304 te
1155 5249 1217 5303 id
1245 5250 1388 5303 velle
1419 5247 1680 5303 debuisse
1713 5265 1799 5303 ar-

87 5335 341 5391 bitraris.
369 5335 586 5391 Deinde
607 5337 758 5408 quod
780 5335 1020 5409 quisque
1035 5341 1185 5393 recte
1203 5339 1364 5409 eligit
1384 5338 1794 5410 appetendum,

89 5441 224 5480 cum
250 5425 320 5480 ad
349 5423 411 5480 id
439 5426 784 5496 pervenerit,
813 5442 1042 5481 necesse
1072 5430 1158 5482 est
1189 5427 1394 5482 melior
1420 5427 1521 5482 fiat
1545 5443 1559 5482 :
1591 5427 1799 5482 melior

157 5551 171 5584 ¹
197 5549 624 5614 Gemmeticensis
645 5549 833 5609 Codex,
859 5552 930 5602 Et
948 5552 994 5601 si
1009 5549 1261 5614 variatur
1279 5553 1335 5601 in
1348 5564 1530 5604 amore
1543 5552 1792 5614 istorum;

88 5625 321 5676 moxque
346 5625 469 5662 cum
488 5612 603 5662 aliis
621 5613 865 5664 undecim
889 5614 1012 5663 Mss.
1043 5613 1217 5673 habet,
1246 5615 1491 5667 munitur
1515 5617 1575 5666 in
1593 5615 1758 5668 illius.

1582 322 1796 378 LIBER
1845 321 2171 378 TERTIUS.

3497 331 3634 386 1282

1931 448 2122 500 autem
2145 461 2265 500 esse
2284 461 2403 499 non
2417 446 2648 517 poterit,
2664 446 2764 518 qui
2780 462 2901 501 non
2922 435 3066 503 erit:
3085 464 3256 504 nemo
3278 449 3458 522 igitur
3477 458 3629 508 recte

1933 538 2123 604 potest
2143 533 2352 604 eligere
2370 539 2433 588 ut
2457 551 2572 590 non
2593 535 2682 590 sit.
2709 537 2904 607 Neque
2926 536 3082 591 enim
3100 538 3317 592 moveri
3338 555 3442 593 nos
3465 557 3633 611 opor-

1930 627 2010 677 tet
2030 639 2230 678 eorum
2254 623 2494 693 judicio,
2527 625 2626 694 qui
2659 628 2895 695 urgente
2925 625 3155 680 miseria
3178 643 3298 681 sese
3330 627 3632 684 intereme-
3693 635 3710 650 '

1930 715 2086 764 runt.
2119 714 2230 765 Aut
2253 711 2408 764 enim
2434 727 2500 765 eo
2548 711 2947 783 confugerunt,
2983 713 3084 768 ubi
3115 715 3322 769 melius
3370 716 3490 770 fore
3521 717 3631 771 sibi

1929 804 2238 870 putarunt;
2271 804 2328 854 et
2355 816 2471 854 non
2497 805 2581 854 est
2610 801 2961 856 contrarium
2993 803 3200 857 rationi
3230 808 3465 870 nostrae,
3491 821 3631 876 quo-

1931 905 2043 958 quo
2069 889 2239 944 modo
2271 889 2621 960 putaverint:
2643 895 2742 944 aut
2760 891 2806 944 si
2825 892 3012 945 nullos
3041 908 3100 946 se
3141 893 3360 947 futuros
3391 894 3628 949 omnino

1929 977 2314 1046 crediderunt,
2336 979 2519 1032 multo
2539 978 2730 1033 minus
2750 979 2886 1032 falsa
2907 980 3104 1034 electio
3125 981 3269 1036 nihil
3291 982 3628 1054 eligentium

1930 1067 2326 1122 commovebit.
2355 1067 2650 1132 Quomodo
2675 1067 2830 1121 enim
2863 1083 3068 1139 sequar
3097 1069 3422 1140 eligentem,
3455 1088 3489 1125 a
3510 1089 3625 1143 quo

1931 1155 1978 1210 si
2005 1173 2259 1228 quaeram
2294 1156 2432 1228 quid
2461 1157 2658 1227 eligat,
2685 1157 3076 1228 respondebit,
3108 1159 3258 1212 Nihil
3278 1161 3307 1214 ‘P
3350 1161 3492 1214 Nam
3526 1161 3626 1232 qui

1929 1244 2089 1315 eligit
2111 1261 2228 1299 non
2258 1261 2398 1312 esse,
2425 1244 2679 1316 profecto
2711 1261 2769 1298 se
2813 1244 2958 1298 nihil
3002 1243 3234 1316 eligere,
3268 1247 3492 1303 etiamsi
3516 1249 3626 1304 hoc

1929 1335 2070 1388 nolit
2097 1335 2463 1405 respondere,
2502 1333 2878 1388 convincitur.

1997 1427 2086 1479 23.
2121 1427 2538 1479 Verumtamem
2574 1427 2637 1476 ut
2666 1424 2735 1478 de
2765 1425 2872 1478 hac
2908 1427 3027 1478 tota
3074 1440 3156 1490 re,
3192 1423 3240 1477 si
3276 1429 3499 1496 potero,
3532 1427 3620 1481 di-

1927 1528 2052 1567 cam
2082 1513 2235 1584 quod
2266 1513 2486 1567 sentio:
2531 1529 2703 1566 nemo
2749 1513 2894 1566 mihi
2932 1512 3159 1567 videtur
3188 1529 3319 1568 cum
3369 1514 3621 1584 seipsum

1926 1607 2111 1671 necat,
2140 1609 2238 1658 aut
2267 1603 2522 1674 quolibet
2550 1603 2720 1658 modo
2743 1602 3114 1674 emoricupit,
3137 1603 3348 1658 habere
3372 1605 3434 1658 in
3455 1622 3622 1659 sensu

1927 1693 2083 1764 quod
2108 1697 2234 1764 post
2272 1697 2516 1746 mortem
2545 1709 2664 1746 non
2692 1692 2766 1746 sit
2791 1692 3018 1746 futurus
3046 1711 3060 1760 ;
3097 1693 3324 1746 tametsi
3356 1693 3620 1764 aliquan-

1925 1784 2048 1834 tum
2077 1781 2186 1836 hoc
2213 1781 2272 1834 in
2305 1781 2572 1852 opinione
2601 1780 2983 1834 habeat.Nam
2998 1780 3190 1851 opinio
3219 1781 3391 1834 autin
3404 1798 3621 1850 errore,

1928 1874 2027 1923 aut
2053 1869 2114 1924 in
2140 1869 2377 1924 veritate
2397 1868 2789 1923 ratiocinantis
2819 1873 2922 1936 est,
2953 1870 3040 1922 vel
3073 1869 3383 1924 credentis:
3417 1887 3617 1925 sensus

1928 1961 2118 2012 autem
2130 1962 2228 2012 aut
2250 1958 2683 2024 consuetudine,
2697 1963 2796 2011 aut
2813 1961 3018 2011 natura
3039 1958 3205 2012 valet.
3237 1959 3406 2012 Posse
3423 1964 3616 2014 autem

1924 2046 2050 2100 ﬁeri
2078 2051 2140 2101 ut
2158 2046 2311 2100 aliud
2343 2045 2414 2099 sit
2443 2045 2502 2098 in
2523 2044 2815 2115 opinione,
2849 2044 3003 2099 aliud
3023 2044 3084 2098 in
3103 2061 3292 2110 sensu,
3312 2047 3400 2100 vel
3423 2063 3488 2101 ex
3511 2049 3621 2102 hoc

1925 2151 2265 2206 cognoscere
2285 2134 2448 2189 facile
2479 2139 2580 2200 est,
2610 2134 2763 2204 quod
2775 2133 3115 2204 plerumque
3131 2133 3284 2188 aliud
3296 2135 3622 2190 faciendum

1926 2239 2047 2278 esse
2076 2222 2381 2290 credimus,
2415 2225 2471 2276 et
2499 2220 2655 2275 aliud
2685 2221 2867 2274 facere
2901 2220 3158 2277 delectat.
3203 2223 3270 2275 Et
3307 2222 3617 2293 aliquando

1923 2311 2179 2366 veracior
2208 2316 2294 2367 est
2326 2327 2523 2364 sensus
2546 2326 2719 2380 quam
2745 2309 2961 2380 opinio,
2995 2309 3042 2362 si
3073 2310 3169 2363 illa
3191 2310 3260 2364 de
3277 2326 3490 2378 errore,
3524 2311 3618 2366 ille

1925 2401 1996 2455 de
2024 2405 2229 2455 natura
2259 2405 2373 2454 est:
2404 2400 2562 2453 velut
2580 2415 2710 2460 cum
2726 2414 2878 2469 (eger
2897 2399 3237 2470 plerumque
3252 2399 3621 2471 aquafrigida

1924 2489 2355 2545 conducibiliter
2385 2489 2697 2544 delectatur
2725 2486 2766 2555 ί,
2795 2504 2969 2559 quam
2998 2491 3194 2542 tamen
3221 2489 3418 2556 credit,
3453 2489 3496 2542 si
3529 2489 3616 2544 bi-

1923 2579 2088 2645 berit,
2107 2596 2226 2633 esse
2253 2577 2930 2648 nocituram.Aliquando
2944 2576 3198 2630 veracior
3222 2577 3416 2647 opinio
3442 2594 3617 2649 quam

1924 2684 2142 2734 sensus,
2171 2667 2218 2721 si
2247 2667 2426 2722 credit
2455 2667 2561 2720 arti
2591 2666 2912 2733 medicinae,
2945 2667 3140 2720 obesse
3170 2667 3458 2737 frigidam,
3486 2683 3617 2721 cum

1921 2770 2117 2808 revera
2145 2754 2346 2822 oberit,
2399 2758 2454 2809 et
2493 2759 2687 2808 tamen
2734 2754 2932 2808 bibere
2982 2755 3248 2809 delectet:
3309 2756 3618 2831 aliquando

1921 2847 2230 2914 utrumque
2258 2843 2318 2897 in
2347 2843 2582 2897 veritate
2613 2846 2718 2909 est,
2750 2858 2881 2896 cum
2911 2841 2971 2896 id
3010 2843 3165 2912 quod
3194 2843 3446 2912 prodest,
3499 2860 3617 2898 non

1921 2932 2108 2985 solum
2137 2931 2218 2986 ita
2247 2931 2518 2997 creditur,
2551 2931 2649 2984 sed
2676 2931 2847 2985 etiam
2868 2930 3007 2984 libet
3031 2947 3045 2996 ;
3069 2931 3376 3001 aliquando
3402 2937 3617 2986 utrum-

1921 3035 2033 3091 que
2062 3021 2123 3074 in
2153 3037 2366 3092 errore,
2397 3037 2523 3075 cum
2557 3020 2612 3075 id
2641 3021 2794 3091 quod
2824 3023 3012 3089 nocet,
3044 3025 3102 3074 et
3135 3020 3404 3090 prodesse
3433 3021 3618 3075 credi-

1916 3115 2031 3182 tur,
2063 3117 2119 3167 et
2148 3113 2325 3168 libere
2355 3130 2472 3168 non
2502 3113 2728 3168 desinit.
2761 3113 2914 3167 Solet
2945 3116 3135 3167 autem
3157 3117 3213 3166 et
3237 3119 3391 3167 recta
3420 3113 3617 3184 opinio

1915 3218 2152 3272 pravam
2181 3203 2466 3274 corrigere
2495 3201 2989 3268 consuetudinem,
3023 3206 3078 3256 et
3106 3218 3281 3272 prava
3310 3202 3507 3272 opinio
3534 3218 3617 3256 re-

1918 3295 2066 3344 ctam
2099 3291 2410 3361 depravare
2439 3295 2736 3345 naturam:
2787 3294 2945 3352 tanta
2987 3290 3068 3344 vis
3101 3294 3185 3344 est
3225 3290 3287 3344 in
3317 3291 3616 3345 dominatu

1918 3384 1974 3433 et
2003 3372 2322 3451 principatu
2380 3380 2636 3434 rationis.
2695 3381 2838 3435 Cum
2897 3395 3031 3449 ergo
3081 3379 3324 3450 quisque
3379 3380 3616 3434 credens

1918 3471 2068 3541 quod
2093 3475 2224 3541 post
2252 3472 2497 3524 mortem
2519 3484 2636 3522 non
2659 3467 2784 3534 erit,
2800 3466 3254 3521 intolerabilibus
3277 3471 3469 3520 tamen
3489 3483 3621 3521 mo-

1916 3559 2094 3612 lestiis
2123 3559 2194 3613 ad
2219 3561 2396 3613 totam
2422 3558 2793 3629 cUpiditatem
2823 3556 3024 3610 mortis
3055 3556 3390 3626 impellitur,
3425 3561 3480 3610 et
3518 3557 3618 3611 de-

1916 3647 2099 3701 cernit
2130 3651 2298 3718 atque
2324 3647 2526 3717 arripit
2554 3651 2800 3700 mortem
2823 3663 2836 3713 ;
2862 3645 2923 3698 in
2955 3644 3229 3716 opinione
3257 3645 3430 3700 habet
3455 3661 3614 3700 erro-

1915 3752 2038 3790 rem
2066 3735 2415 3790 omnimoda:
2442 3734 2793 3798 defectionis,
2828 3733 2888 3787 in
2920 3749 3088 3787 sensu
3121 3737 3314 3788 autem
3353 3737 3615 3789 naturale

1917 3824 2263 3879 desiderium
2287 3823 2514 3894 quietis.
2547 3823 2711 3888 Quod
2741 3828 2934 3876 autem
2966 3821 3224 3892 quietum
3248 3825 3353 3887 est,
3387 3837 3500 3875 non
3531 3825 3615 3874 est

1913 3914 2094 3980 nihil;
2125 3913 2242 3967 imo
2273 3913 2444 3970 etiam
2469 3912 2652 3983 magis
2682 3916 2767 3966 est
2788 3927 2962 3982 quam
2994 3910 3051 3964 id
3083 3911 3238 3981 quod
3283 3910 3614 3981 inquietum

1914 4007 2024 4058 est.
2056 4001 2396 4074 Inquietudo
2427 4001 2583 4054 enim
2626 3999 2812 4056 variat
2848 3999 3192 4065 affectiones,
3234 4003 3298 4052 ut
3321 3999 3501 4052 altera
3530 4000 3615 4052 al-

1912 4093 2381 4162 teramperimat:
2406 4090 2568 4161 quies
2592 4093 2784 4143 autem
2796 4088 2969 4142 habet
2991 4087 3393 4154 constantiam,
3415 4087 3475 4141 in
3497 4103 3614 4158 qua

1910 4181 2162 4236 maxime
2192 4178 2535 4250 intelligitur
2572 4179 2728 4249 quod
2758 4177 2987 4246 dicitur,
3018 4181 3101 4230 est
3125 4175 3165 4232 ³,
3198 4176 3395 4231 Omnis
3418 4177 3612 4247 itaque

1910 4270 2006 4324 lile
2035 4269 2321 4341 appetitus
2351 4267 2413 4322 in
2437 4268 2729 4322 voluntate
2758 4268 2980 4333 mortis,
3013 4281 3129 4320 non
3155 4270 3221 4320 ut
3246 4265 3346 4336 qui
3365 4266 3614 4320 moritur

1912 4376 2028 4414 non
2058 4359 2150 4426 sit,
2191 4358 2289 4413 sed
2311 4361 2376 4412 ut
2402 4357 2721 4428 requiescat
2744 4356 3074 4411 intenditur.
3122 4357 3208 4410 Ita
3253 4371 3385 4409 cum
3417 4371 3612 4410 errore

1910 4449 2106 4503 credat
2132 4464 2250 4502 non
2279 4463 2338 4502 se
2362 4447 2642 4514 futurum,
2665 4450 2870 4500 natura
2887 4449 3078 4499 tamen
3101 4444 3330 4516 quietus
3353 4461 3493 4511 esse,
3508 4445 3614 4500 hoc

1910 4543 1995 4593 est
2022 4538 2206 4609 magis
2227 4553 2347 4592 esse
2365 4535 2669 4602 desiderat,
2691 4536 3070 4605 Quapropter,
3094 4533 3240 4588 sicut
3257 4534 3416 4588 nullo
3442 4538 3610 4605 pacto

1908 4626 2035 4681 fieri
2061 4631 2252 4697 potest
2281 4629 2341 4679 ut
2367 4641 2486 4679 non
2503 4641 2622 4679 esse
2651 4624 2904 4694 aliquem
2933 4622 3141 4689 libeat;
3164 4622 3244 4677 ita
3271 4623 3430 4677 nullo
3443 4627 3610 4694 pacto

1908 4713 2035 4768 ﬁeri
2063 4717 2287 4785 oportet
2313 4717 2380 4768 ut
2400 4729 2469 4767 ex
2495 4728 2562 4767 eo
2593 4713 2745 4784 quod
2773 4717 2859 4766 est
2878 4711 3141 4784 quisque,
3171 4711 3413 4767 bonitati
3437 4713 3612 4768 Crea-

1909 4803 2050 4857 toris
2080 4802 2340 4874 ingratus
2367 4801 2458 4856 sit.
3422 4819 3426 4822 '

1909 4910 2132 4965 CAPUT
2153 4909 2240 4964 IX.
2263 4939 2333 4948 —
2352 4892 2694 4964 Peccantium
2722 4908 3033 4962 animarum
3058 4909 3281 4965 miseria
3307 4911 3518 4978 confert
3533 4911 3609 4966 ad

2407 4999 2793 5068 perfectionem
2825 4999 3086 5054 uniuersi.

1976 5091 2065 5142 24.
2097 5086 2156 5143 Si
2185 5086 2422 5142 dixerit:
2457 5088 2580 5142 Non
2609 5090 2730 5142 erat
2750 5091 2947 5141 tamen
2976 5087 3211 5144 difﬁcile
3225 5092 3323 5143 aut
3352 5087 3603 5144 laborio-

1906 5192 2032 5230 sum
2072 5175 2455 5248 omnipotenti
2484 5177 2620 5244 Deo,
2651 5178 2717 5230 ut
2745 5175 2941 5231 omnia
2970 5193 3348 5248 quascumque
3371 5176 3504 5231 fecit
3523 5176 3604 5231 sic

1974 5303 1990 5336 ί
2018 5301 2124 5360 Er.,
2149 5299 2302 5366 velut
2326 5313 2443 5366 cum
2470 5314 2606 5365 aeger
2625 5300 2938 5366 plerumque
2958 5316 3104 5366 aqua
3128 5300 3328 5365 frigida
3356 5313 3480 5352 cum
3499 5314 3604 5352 non

1905 5363 2062 5422 obest,
2089 5364 2326 5415 dulciter
2349 5363 2674 5414 delectatur.
2802 5363 2871 5414 M.

1967 5427 1988 5461 ²
2016 5427 2102 5474 Er.
2133 5427 2353 5490 etﬂLov.,
2383 5426 2704 5488 intelligitur
2728 5440 2835 5478 esse
2857 5425 2997 5490 quod,
3024 5425 3222 5475 dictum
3249 5428 3346 5475 est.
3369 5425 3434 5474 At
3457 5426 3606 5490 abest

1907 5500 2012 5538 esse
2035 5490 2121 5562 _ab_
2137 5488 2369 5562 editione
2391 5490 2515 5562 had.
2541 5494 2594 5562 et
2621 5504 2651 5538 a
2675 5488 3109 5562 Misene—quibus.
3128 5491 3305 5536 tamen
3326 5489 3478 5562 pauci
3509 5501 3604 5562 pro

1904 5551 2051 5664 qua);
2067 5553 2270 5603 dictum
2286 5556 2378 5613 est,
2399 5551 2612 5610 habent,
2627 5551 2772 5616 quod
2784 5551 3002 5608 dicitur,
3031 5551 3140 5611 est;
3161 5563 3279 5615 quae
3305 5564 3430 5601 vera
3449 5551 3604 5602 lectio

1907 5628 1960 5662 VI
2053 5628 2132 5664 ur.
