4074 6368
509 311 644 365 1283

501 431 782 487 haberent
810 427 1070 484 ordinem
1098 441 1285 493 suum,
1335 428 1397 478 ut
1431 423 1589 478 nulla
1625 426 1884 478 creatura
1911 437 2090 494 usque
2124 421 2195 476 ad

499 517 793 570 miseriam
823 514 1180 586 perveniret;
1222 529 1336 567 non
1367 511 1518 565 enim
1565 510 1671 564 hoc
1700 515 1798 564 aut
1827 510 2190 580 omnipotens

498 620 612 658 non
641 603 847 673 potuit,
879 607 979 657 aut
1005 603 1188 657 bonus
1238 599 1458 654 invidit.
1496 599 1890 670 Respondebo,
1927 597 2188 651 ordinem

497 695 889 746 creaturarum
918 708 950 744 a
999 706 1223 744 summa
1265 704 1445 760 usque
1497 688 1569 742 ad
1607 687 1867 742 infimam
1920 685 2190 757 gradibus

491 779 660 850 justis
680 779 760 833 ita
781 780 1102 844 decurrere,
1125 777 1294 832 utille
1314 776 1564 830 invideat
1584 775 1682 847 qui
1699 775 1922 840 dixerit,
1948 776 2058 828 Ista
2075 791 2189 828 non

495 873 678 934 esset;
711 867 962 922 invideat
990 867 1161 920 etiam
1193 865 1287 919 ille
1318 864 1418 935 qui
1447 864 1675 932 dixerit,
1707 865 1816 918 Ista
1847 863 1975 916 talis
2021 867 2186 917 esset.

491 957 548 1012 Si
573 956 726 1011 enim
755 957 930 1010 talem
958 956 1079 1009 vult
1105 970 1228 1009 esse
1272 953 1454 1025 qualis
1501 957 1584 1007 est
1629 951 1912 1022 superior,
1939 951 2060 1020 jam
2092 950 2190 1005 illa

466 1049 598 1113 _est,
629 1048 687 1099 et
713 1048 872 1098 tanta
900 1049 985 1098 est
1002 1047 1065 1097 ut
1081 1042 1250 1114 adjici
1271 1043 1325 1097 ei
1353 1057 1469 1096 non
1496 1044 1779 1112 oporteat,
1795 1039 2190 1110 quiaperfecta

491 1138 595 1188 est.
633 1131 741 1197 Qui
757 1148 894 1202 ergo
915 1131 1072 1200 dicit,
1105 1131 1407 1185 Etiamista
1435 1129 1564 1184 talis
1593 1132 1758 1193 esset,
1793 1131 1892 1183 aut
1920 1127 2189 1198 perfectae

490 1219 776 1292 superiori
797 1221 919 1275 vult
937 1221 1165 1284 addere,
1185 1224 1241 1274 et
1261 1218 1369 1272 erit
1393 1217 1806 1271 immoderatus
1835 1221 1893 1270 et
1919 1216 1998 1288 inj
2008 1221 2189 1284 ustus;

492 1315 592 1365 aut
620 1309 788 1363 istam
817 1308 939 1362 vult
962 1307 1311 1372 interimere,
1337 1309 1394 1359 et
1423 1305 1533 1360 erit
1552 1305 1735 1358 malus
1752 1308 1922 1375 atque
1941 1304 2185 1360 invidus.

488 1398 596 1463 Qui
627 1401 819 1452 autem
868 1395 1098 1456 dixerit,
1152 1395 1263 1448 Ista
1302 1409 1420 1448 non
1459 1397 1624 1457 esset,
1676 1393 2050 1448 nihilominus
2082 1395 2190 1448 erit

491 1487 677 1542 malus
704 1489 874 1557 atque
901 1483 1148 1546 invidus,
1184 1498 1314 1536 cum
1340 1497 1467 1535 eam
1499 1497 1612 1535 non
1631 1481 1752 1534 vult
1783 1495 1925 1546 esse,
1957 1495 2070 1550 qua
2092 1478 2184 1532 in-

489 1575 758 1629 feriorem
801 1573 1034 1627 laudare
1066 1571 1248 1626 adhuc
1277 1570 1516 1641 cogitur.
1559 1569 1722 1623 Velut
1760 1567 1806 1621 si
1847 1568 2014 1633 dicat,
2063 1568 2187 1621 Non

495 1667 640 1718 esset
672 1664 826 1728 luna,
867 1677 998 1715 cum
1021 1659 1192 1714 etiam
1223 1659 1472 1712 lucernae
1503 1657 1820 1711 claritatem
1845 1657 2015 1726 longe
2042 1656 2185 1710 infe-

493 1752 724 1816 riorem,
759 1750 818 1804 in
849 1767 951 1804 suo
985 1754 1174 1803 tamen
1204 1761 1413 1818 genere
1434 1745 1756 1816 pulchram,
1779 1745 2089 1799 etterrenis
2114 1749 2188 1798 te-

490 1839 682 1894 nebris
711 1842 856 1893 esset
885 1838 1149 1892 decoram
1177 1839 1194 1874 ί
1228 1839 1401 1906 atque
1430 1839 1619 1905 aptam
1642 1833 1938 1888 nocturnis
1970 1833 2182 1901 usibus,

493 1932 663 1999 atque
693 1926 754 1980 in
780 1926 866 1980 his
889 1926 1156 1980 omnibus
1185 1939 1290 1995 pro
1316 1940 1418 1978 suo
1449 1923 1680 1978 modulo
1705 1923 1902 1993 utique
1935 1921 2186 1976 laudabi-

490 2017 606 2071 lem
620 2021 720 2070 aut
737 2015 1000 2083 fateatur,
1020 2018 1119 2068 aut
1144 2012 1476 2068 stultissime
1504 2013 1592 2065 vel
1617 2011 1969 2066 contentiosa
1991 2015 2179 2080 neget.

492 2104 788 2169 Quomodo
817 2119 954 2173 ergo
977 2106 1126 2156 recte
1153 2101 1340 2155 dicere
1368 2099 1618 2164 audebit,
1650 2100 1806 2153 Luna
1827 2115 1945 2152 non
1959 2104 2104 2152 esset
2123 2098 2183 2152 in

492 2193 681 2260 rebus,
713 2192 813 2264 qui
843 2192 889 2246 si
919 2191 1147 2256 diceret,
1182 2191 1434 2243 Lucerna
1463 2203 1579 2241 non
1609 2192 1770 2253 esset,
1804 2187 2184 2242 deridendum

490 2299 549 2337 se
583 2298 702 2336 esse
731 2279 1010 2334 sentiret?
1025 2277 1184 2342 Quod
1211 2277 1257 2331 si
1271 2293 1389 2330 non
1417 2275 1570 2341 dicit,
1590 2276 1748 2330 Luna
1767 2291 1886 2330 non
1901 2281 2064 2339 esset,
2084 2277 2182 2330 sed
2227 2277 2234 2283 '

491 2371 721 2441 qualem
751 2370 926 2423 solem
957 2367 1127 2434 videt,
1159 2365 1333 2420 talem
1365 2365 1499 2418 dicit
1526 2364 1725 2418 lunam
1745 2379 1866 2418 esse
1894 2364 2178 2430 debuisse,

490 2474 608 2512 non
639 2455 912 2526 intelligit
939 2454 1085 2508 nihil
1115 2453 1271 2508 aliud
1316 2469 1374 2506 se
1406 2452 1592 2507 dicere
1641 2467 1834 2523 quam,
1868 2453 1991 2506 Non
2036 2459 2184 2508 esset

489 2547 648 2612 luna,
680 2545 780 2599 sed
824 2547 1012 2597 essent
1057 2543 1205 2596 soles
1241 2542 1373 2596 duo.
1426 2543 1491 2595 In
1537 2556 1650 2612 quo
1683 2541 1982 2611 dupliciter
2009 2547 2178 2605 errat,

490 2635 646 2706 quod
674 2649 868 2687 rerum
892 2631 1237 2702 perfectioni
1273 2633 1330 2685 et
1358 2629 1567 2684 addere
1598 2629 1815 2701 aliquid
1846 2630 2016 2701 cupit,
2051 2646 2180 2685 cum

489 2722 772 2777 desiderat
789 2722 1031 2776 alterum
1060 2720 1235 2774 solem
1260 2735 1274 2785 ;
1298 2723 1354 2774 et
1374 2718 1655 2786 minuere,
1688 2734 1817 2772 cum
1847 2719 2044 2774 lunam
2061 2719 2182 2773 vult

489 2810 732 2866 detrahi.

557 2902 644 2954 25.
680 2898 779 2956 Hic
805 2898 1041 2953 fortasse
1099 2896 1268 2966 dicat,
1299 2896 1428 2951 ideo
1482 2895 1625 2950 nihil
1679 2912 1738 2950 se
1776 2895 1845 2950 de
1888 2897 2024 2951 luna
2051 2913 2181 2951 con-

487 2987 674 3061 queri,
706 2987 841 3059 quia
868 2987 1134 3057 splendor
1162 2986 1285 3056 ejus
1306 2985 1385 3039 ita
1423 2984 1614 3038 minor
1641 2988 1746 3051 est,
1776 2989 1842 3040 ut
1867 2985 2038 3040 miser
2066 3002 2181 3040 non

485 3079 594 3144 sit;
626 3077 694 3132 de
725 3076 1049 3130 animarum
1077 3079 1267 3129 autem
1295 3090 1408 3127 non
1435 3073 1790 3140 obscuritate,
1827 3074 1926 3128 sed
1953 3074 2184 3129 miseria

485 3181 545 3219 se
575 3164 787 3218 dolere.
841 3163 1049 3218 Sedulo
1103 3162 1330 3232 cogitet,
1372 3160 1453 3214 ita
1482 3162 1635 3215 lunae
1676 3162 2037 3232 splendorem
2064 3179 2181 3217 non

481 3269 603 3307 esse
633 3253 926 3316 miserum,
959 3255 1138 3304 utnec
1157 3248 1429 3320 splendor
1461 3249 1594 3303 solis
1624 3249 1697 3303 sit
1727 3251 1945 3304 beatus.
1967 3251 2176 3314 Quam-

483 3341 567 3395 vis
597 3341 750 3395 enim
780 3354 1020 3409 corpora
1048 3336 1296 3392 coelestia
1339 3335 1472 3404 sint,
1521 3352 1762 3407 corpora
1805 3342 1936 3391 sunt
1971 3342 2181 3394 'tamen

485 3432 763 3500 quantum
793 3426 862 3480 ad
894 3427 1078 3480 lucem
1108 3425 1276 3478 istam
1304 3425 1571 3494 pertinet,
1593 3440 1720 3495 quae
1745 3441 1849 3496 per
1875 3441 2180 3496 corporeos

487 3516 688 3570 oculos
718 3513 918 3568 sentiri
943 3517 1148 3584 potest.
1176 3512 1345 3566 Nulla
1383 3516 1574 3566 autem
1611 3529 1870 3584 corpora,
1901 3519 2181 3585 quantum

483 3604 554 3659 ad
583 3619 704 3658 sese
735 3601 959 3667 attinet,
1012 3602 1101 3655 vel
1152 3600 1319 3655 beata
1355 3605 1595 3671 possunt
1638 3617 1779 3669 esse,
1812 3603 1899 3656 vel
1929 3602 2178 3673 misera;

482 3707 812 3764 quanquam
855 3691 1156 3745 beatorum
1188 3694 1288 3744 aut
1320 3689 1664 3744 miserorum
1695 3707 1931 3761 corpora
1957 3692 2182 3762 possint

484 3798 626 3836 esse.
659 3781 765 3836 Sed
800 3781 870 3835 de
901 3779 1014 3833 illis
1044 3778 1362 3833 luminibus
1388 3777 1700 3834 similitudo
1723 3779 1979 3834 adhibita
2002 3780 2060 3834 id
2082 3780 2173 3834 do-

481 3875 588 3936 cet,
617 3874 682 3924 ut
707 3868 1192 3941 quemadmodum
1218 3883 1521 3937 corporum
1555 3867 1899 3922 differentias
1923 3873 2177 3923 contem-

476 3958 712 4029 plando,
744 3957 940 4012 videns
970 3956 1082 4010 alia
1110 3955 1373 4022 clariora,
1389 3955 1599 4025 injuste
1626 3956 1777 4026 petis
1803 3956 2015 4010 auferri
2046 3973 2175 4028 quae

480 4047 809 4103 obscuriora
828 4045 1209 4116 conspexeris,
1250 4049 1350 4098 aut
1390 4045 1723 4098 clarioribus
1743 4045 2177 4116 adaequari;sed

483 4137 554 4191 ad
584 4135 992 4208 perfectionem
1023 4131 1406 4186 universitatis
1435 4133 1684 4187 referens
1717 4134 1930 4197 omnia,
1965 4140 2178 4206 quanto

479 4223 663 4294 magis
687 4222 942 4276 minusve
972 4220 1124 4274 inter
1153 4236 1210 4273 se
1239 4220 1392 4273 clara
1422 4224 1574 4286 sunt,
1590 4224 1752 4275 tanto
1783 4221 1967 4292 magis
1993 4223 2175 4277 cernis

482 4327 604 4367 esse
635 4311 829 4365 omnia
852 4325 866 4375 ;
895 4325 998 4363 nec
1015 4308 1121 4363 tibi
1142 4307 1387 4362 occurrit
1409 4309 1658 4380 perfecta
1676 4309 2037 4380 universitas,
2067 4313 2177 4367 nisi

480 4399 582 4455 ubi
614 4399 834 4469 majora
854 4397 932 4451 sic
959 4400 1166 4467 praesto
1195 4400 1344 4451 sunt.
1375 4400 1438 4451 ut
1465 4396 1690 4452 minora
1709 4414 1827 4453 non
1852 4399 2042 4456 desint
2065 4418 2077 4455 :
2098 4403 2178 4456 sic

482 4486 654 4542 etiam
708 4483 1054 4540 differentias
1101 4482 1424 4538 animarum
1471 4485 1704 4555 cogites,
1735 4486 1796 4541 in
1836 4487 2042 4558 quibus
2071 4489 2178 4545 hoc

481 4591 711 4648 quoque
741 4572 1020 4637 invenies,
1054 4578 1120 4627 ut
1145 4571 1440 4627 miseriam
1465 4589 1640 4644 quam
1667 4574 1842 4643 doles,
1875 4577 1944 4631 ad
1964 4577 2024 4632 id
2041 4594 2178 4649 quo-

485 4681 596 4736 que
625 4663 812 4718 valere
842 4677 1164 4732 cognoscas,
1195 4665 1260 4715 ut
1287 4660 1672 4716 universitatis
1702 4663 2036 4735 perfectioni
2071 4683 2176 4722 nec

483 4752 598 4808 illa:
629 4751 816 4807 desint
842 4751 1070 4816 animae,
1099 4765 1228 4821 quae
1257 4749 1480 4804 miseras
1508 4750 1636 4805 fieri
1668 4751 2012 4822 debuerunt,
2041 4755 2176 4826 quia

479 4840 820 4915 peccatrices
859 4856 981 4894 esse
1009 4839 1334 4893 voluerunt.
1367 4840 1724 4911 Tantumque
1751 4841 1909 4896 abest
1935 4847 1998 4897 ut
2026 4845 2175 4898 Deus

478 4932 620 4985 tales
647 4929 831 4984 facere
863 4944 979 4982 non
1008 4926 1290 4994 debuerit,
1321 4931 1386 4982 ut
1411 4927 1583 4982 etiam
1614 4933 1847 4983 caeteras
1888 4935 2174 4986 creaturas

478 5017 839 5074 laudabiliter
886 5015 1083 5071 fecerit
1119 5017 1290 5087 longe
1337 5016 1634 5070 inferiores
1680 5016 1887 5072 animis
1926 5019 2170 5078 miseris.

548 5111 637 5162 26.
671 5105 779 5162 Sed
799 5105 984 5159 adhuc
996 5104 1220 5160 videtur
1233 5104 1426 5159 minus
1448 5104 1772 5176 intelligens
1785 5107 1940 5178 quod
1959 5109 2171 5166 dictum

480 5200 585 5263 est,
616 5195 828 5250 habere
858 5193 1013 5266 quod
1045 5193 1410 5248 contradicat.
1452 5192 1596 5246 Dicit
1631 5193 1815 5249 enim:
1857 5195 1914 5250 Si
1942 5197 2172 5253 univer-

479 5285 662 5339 sitatis
713 5283 1124 5355 perfectionem
1170 5283 1420 5353 complet
1450 5281 1619 5336 etiam
1672 5287 1868 5340 nostra
1915 5285 2166 5356 miseria,

480 5373 756 5429 defuisset
808 5371 1025 5444 aliquid
1077 5370 1212 5426 huic
1257 5368 1608 5441 perfectioni,
1657 5370 1706 5426 si
1750 5371 1903 5428 beati
1944 5389 2170 5446 semper

541 5560 559 5594 ι
589 5558 833 5624 Quinque
861 5558 1008 5619 Mss.,
1035 5556 1455 5610 accommodam.

1596 301 1690 356 DE
1730 298 1990 356 LIBERO
2029 296 2387 366 ARBITRIO,
2432 297 2486 352 S.
2527 294 2909 352 AUGUSTINI

3877 295 4006 348 1284

2303 437 2575 477 essemus.
2616 421 2990 490 Quapropter,
3035 417 3082 471 si
3127 417 3196 472 ad
3240 417 3532 472 miseriam
3572 417 3682 472 nisi
3710 418 4002 488 peccando

2303 525 2420 564 non
2460 507 2719 578 pervenit
2739 508 2949 571 anima,
2983 505 3155 560 etiam
3192 510 3421 576 peccata
3458 509 3652 560 nostra
3684 506 4007 560 necessaria

2304 605 2438 654 sunt
2477 598 2812 669 perfectioni
2864 596 3249 651 universitatis
3286 613 3460 667 quam
3511 595 3774 650 condidit
3831 598 3999 650 Deus.

2303 687 2599 752 Quomodo
2630 703 2764 757 ergo
2781 686 2931 756 juste
2959 689 3186 756 peccata
3212 685 3397 755 punit,
3432 701 3559 756 quae
3589 684 3634 738 si
3666 684 4001 751 defuissent,

2301 781 2557 830 creatura
2580 775 2700 846 ejus
2719 777 2889 845 plena
2911 779 2967 828 et
2994 774 3242 843 perfecta
3263 791 3380 828 non
3412 773 3607 828 esset?
3639 773 3739 827 Hic
3768 790 4004 844 respon-

2299 865 2486 934 detur,
2509 879 2623 917 non
2642 863 2767 934 ipsa
2786 867 3016 934 peccata
3035 863 3123 916 vel
3149 861 3332 933 ipsam
3353 862 3643 916 miseriam
3663 861 4005 932 perfectioni

2297 951 2684 1006 universitatis
2714 968 2833 1009 esse
2879 950 3216 1016 necessaria,
3251 950 3347 1004 sed
3375 950 3598 1004 animas
3631 949 3690 1002 in
3719 954 4000 1021 quantum

2297 1040 2505 1095 animae,
2532 1045 2700 1108 sunt;
2742 1057 2872 1111 quae
2916 1041 2964 1094 si
3001 1039 3199 1120 velint,
3229 1042 3504 1110 peccant;
3543 1038 3589 1092 si
3620 1038 4000 1110 peccaverint,

2297 1130 2522 1184 miseras
2551 1129 2717 1184 fiunt.
2740 1128 2798 1184 Si
2817 1129 2972 1183 enim
2992 1127 3234 1200 peccatis
3258 1143 3456 1183 earum
3480 1127 3748 1182 detractis
3770 1128 3999 1182 miseria

2295 1221 2637 1289 perseverat,
2679 1222 2778 1272 aut
2821 1217 2992 1273 etiam
3036 1222 3267 1288 peccata
3303 1217 3590 1288 praecedit,
3636 1221 3787 1271 recte
3817 1217 3997 1271 defor-

2297 1306 2443 1361 mari
2472 1306 2678 1361 dicitur
2727 1307 2865 1361 ordo
2906 1310 3078 1378 atque
3121 1305 3541 1360 administratio
3583 1305 3993 1360 universitatis.

2299 1397 2533 1462 Rursus,
2569 1395 2615 1449 si
2644 1399 2872 1466 peccata
2893 1395 3053 1460 ﬁant,
3088 1399 3144 1450 et
3169 1395 3314 1449 desit
3340 1394 3591 1465 miseria,
3622 1393 3997 1448 nihilominus

2299 1483 2638 1538 dehonestat
2668 1483 2931 1537 ordinem
2973 1483 3264 1554 iniquitas.
3313 1484 3455 1537 Cum
3492 1487 3684 1536 autem
3714 1498 3833 1537 non
3872 1499 3998 1552 pec-

2295 1572 2553 1626 cantibus
2577 1573 2732 1627 adest
2753 1572 3066 1638 beatitudo,
3087 1572 3336 1643 perfecta
3359 1576 3443 1626 est
3471 1571 3827 1626 universitas.
3856 1573 3998 1627 Cum

2295 1676 2426 1714 vero
2472 1661 2838 1730 peccantibus
2867 1661 3026 1714 adest
3056 1660 3308 1730 miseria,
3339 1659 3718 1714 nihilominus
3748 1660 3999 1730 perfecta

2295 1754 2378 1804 est
2409 1749 2761 1803 universitas.
2797 1749 2959 1814 Quod
2999 1753 3188 1804 autem
3218 1749 3360 1820 ipsas
3384 1765 3500 1802 non
3524 1748 3732 1802 desunt
3760 1747 3993 1817 animas,

2294 1855 2436 1908 quas
2462 1839 2552 1892 vel
2580 1843 2879 1909 peccantes
2904 1838 3165 1909 sequitur
3196 1838 3449 1905 miseria,
3480 1839 3567 1892 vel
3603 1841 3756 1892 recte
3787 1837 3999 1892 facien-

2293 1932 2379 1982 tes
2425 1927 2732 1993 beatitudo,
2785 1943 3010 1997 semper
3062 1927 3282 1981 naturis
3339 1927 3607 1980 omnibus
3655 1926 3996 1980 universitas

2291 2017 2463 2086 plena
2492 2019 2662 2086 atque
2689 2015 2938 2086 perfecta
2973 2020 3078 2069 est.
3109 2016 3233 2068 Non
3262 2014 3417 2068 enim
3444 2019 3744 2085 peccatum
3776 2019 3832 2069 et
3859 2031 3995 2085 sup-

2292 2103 2526 2174 plicium
2555 2104 2772 2173 peccati
2803 2108 3024 2158 natura;
3055 2107 3188 2157 sunt
3223 2101 3509 2174 qumdam,
3543 2102 3638 2156 sed
3667 2102 3996 2157 affectiones

2293 2196 2648 2255 naturarum,
2668 2191 2768 2246 illa
2787 2191 3125 2253 voluntaria,
3143 2190 3251 2244 ista
3268 2189 3521 2261 poenalis.
3549 2190 3655 2244 Sed
3673 2190 3998 2245 voluntaria

2293 2295 2421 2350 quia
2450 2279 2511 2333 in
2541 2284 2770 2350 peccato
2801 2279 2886 2346 ﬁt,
2929 2279 3114 2350 turpis
3144 2278 3364 2332 affectio
3396 2283 3498 2332 est.
3551 2277 3654 2332 Cui
3690 2284 3995 2350 propterea

2289 2370 2533 2440 poenalis
2550 2370 2871 2436 adhibetur,
2897 2373 2959 2422 ut
2980 2369 3207 2424 ordinet
3233 2385 3380 2437 eam,
3412 2368 3512 2422 ubi
3533 2368 3706 2423 talem
3729 2386 3850 2424 esse
3875 2387 3994 2425 non

2290 2461 2457 2528 turpe
2489 2459 2582 2526 sit,
2617 2463 2672 2512 et
2709 2459 2900 2512 decori
2941 2459 3326 2513 universitatis
3354 2475 3671 2530 congruere
3703 2471 3891 2530 cogat,
3933 2464 3997 2514 ut
4037 2483 4042 2488 -

2290 2546 2505 2616 peccati
2535 2547 2780 2601 dedecus
2811 2547 3077 2601 emendet
3107 2563 3276 2617 pcena
3307 2546 3546 2617 peccati.

2363 2637 2452 2688 27.
2490 2633 2630 2688 Hinc
2677 2635 2742 2688 fit
2789 2639 2851 2688 ut
2887 2640 3127 2705 peccant
3161 2639 3421 2689 creatura
3459 2634 3740 2706 superior,
3773 2652 3806 2690 a
3833 2651 3994 2691 crea-

2291 2722 2435 2775 turis
2456 2722 2822 2777 inferioribus
2841 2723 3137 2793 puniatur,
3165 2723 3300 2796 quia
3319 2725 3432 2778 illas
3461 2728 3578 2778 tam
3604 2724 3992 2792 suutinﬁmae,

2290 2816 2356 2864 ut
2387 2810 2578 2864 ornari
2611 2810 2786 2865 etiam
2820 2828 2850 2864 a
2893 2811 3158 2882 turpibus
3189 2812 3394 2866 animis
3431 2813 3670 2883 possint,
3711 2817 3886 2883 atque
3916 2813 3997 2867 ita

2292 2898 2481 2953 decori
2496 2898 2878 2953 universitatis
2898 2915 3232 2970 congruere.
3251 2900 3397 2964 Quid
3419 2900 3570 2954 enim
3586 2905 3700 2953 ta‘m
3715 2915 3996 2970 maguum

2290 2986 2350 3040 in
2379 2986 2547 3040 domo
2595 2990 2678 3040 est
2725 3002 2896 3058 quam
2947 2988 3167 3042 homo?
3197 2992 3254 3041 et
3293 2988 3433 3058 quid
3469 2993 3587 3042 tam
3621 2989 3910 3059 abjectum
3941 2994 3996 3042 et

2290 3073 2556 3128 inﬁmum
2605 3089 2779 3144 quam
2819 3074 3008 3128 cloaca
3045 3075 3248 3130 domus
3272 3075 3300 3129 ?
3341 3077 3544 3130 Servus
3575 3081 3769 3130 tamen
3800 3076 3864 3130 in
3897 3077 3994 3130 tali

2289 3165 2520 3231 peccato
2542 3161 2814 3230 detectus,
2836 3165 2897 3215 ut
2916 3161 3263 3217 mundandae
3289 3163 3496 3218 cloacae
3529 3163 3737 3234 dignus
3785 3163 3996 3218 habea-

2290 3253 2405 3317 tur,
2434 3253 2596 3303 ornat
2625 3265 2750 3303 eam
2797 3250 2968 3304 etiam
3016 3250 3372 3321 turpitudine
3403 3267 3543 3316 sua;
3587 3255 3643 3304 et
3679 3255 3994 3322 utrumque

2289 3334 2516 3403 horum,
2564 3335 2619 3390 id
2669 3342 2754 3391 est
2796 3338 3091 3408 turpitudo
3133 3337 3299 3406 servi,
3343 3341 3399 3392 et
3433 3337 3728 3392 mundatio
3759 3338 3992 3405 cloacas,

2284 3422 2406 3492 jam
2433 3423 2803 3493 conjunctum
2825 3428 2880 3477 et
2908 3423 3198 3478 redactum
3222 3424 3283 3478 in
3314 3426 3623 3496 quamdam
3652 3425 3738 3479 sui
3766 3429 3997 3496 generis

2289 3510 2593 3578 unitatem,
2633 3511 2714 3566 ita
2760 3511 3048 3582 dispositae
3080 3512 3275 3566 domui
3311 3517 3606 3585 coaptatur
3642 3519 3818 3586 atqua
3855 3515 3997 3569 sub-

2293 3598 2522 3669 texitur,
2549 3602 2616 3653 ut
2639 3599 2760 3669 ejus
2787 3599 3143 3654 universitati
3164 3600 3588 3655 ordinatissimo
3621 3602 3826 3658 decore
3855 3620 3996 3658 con-

2290 3686 2495 3744 veniat.
2536 3687 2644 3752 Qui
2686 3692 2880 3742 tamen
2923 3705 3116 3742 servus
3157 3689 3202 3743 si
3251 3706 3486 3760 peccare
3530 3690 3827 3758 noluisset,
3872 3709 3992 3746 non

2291 3776 2562 3831 defuisset
2619 3777 2949 3831 domesticae
3006 3777 3322 3848 disciplinae
3379 3778 3490 3833 alia
3545 3779 3816 3851 provisio,
3877 3797 3990 3852 qua

2287 3865 2607 3919 necessaria
2624 3867 3060 3921 mundarentur.
3090 3867 3234 3931 Quid
3261 3866 3456 3939 itaque
3484 3872 3603 3922 tam
3630 3867 3900 3923 infimum
3930 3870 3988 3924 in

2287 3954 2456 4008 rebus
2485 3971 2660 4025 quam
2690 3971 2895 4026 corpus
2921 3972 3087 4010 omne
3115 3960 3407 4011 terrenum
3425 3957 3452 4011 ?
3476 3959 3631 4032 Hanc
3659 3961 3856 4012 tamen
3881 3975 3991 4013 cor-

2287 4041 2628 4111 ruptibilem
2668 4059 2894 4097 carnem
2941 4043 3113 4097 etiam
3153 4044 3434 4114 peccatrix
3467 4045 3659 4100 anima
3689 4045 3766 4099 sic
3797 4051 3989 4115 ornat,

2267 4147 2270 4152 ·
2291 4134 2352 4183 ut
2372 4128 2421 4182 ei
2443 4131 2689 4199 speciem
2711 4131 3171 4185 decentissimam
3189 4132 3460 4202 praebeat,
3485 4137 3823 4205 motumque
3844 4134 3990 4189 vita-

2287 4219 2420 4272 lem.
2455 4218 2805 4273 Habitationi
2836 4235 2971 4290 ergo
2993 4219 3207 4274 caelesti
3233 4221 3362 4274 talis
3377 4221 3567 4275 anima
3585 4237 3703 4276 non
3723 4223 3994 4293 congruit

2285 4323 2391 4378 per
2407 4312 2723 4378 peccatum,
2744 4307 2996 4362 terrestri
3009 4313 3199 4378 autem
3221 4295 3482 4380 congruit
3495 4327 3598 4382 per
3609 4310 3958 4382 supplicium
3975 4329 3988 4380 ;

2285 4400 2351 4450 ut
2381 4395 2676 4466 quodlibet
2706 4396 2962 4468 elegerit,
3010 4413 3234 4468 semper
3263 4397 3337 4451 sit
3375 4397 3618 4467 pulchra
3646 4398 3992 4454 universitas

2288 4484 2702 4539 decentissimis
2745 4485 3004 4557 partibus
3039 4486 3322 4555 ordinata,
3385 4485 3547 4554 cujus
3591 4489 3678 4540 est
3721 4484 3994 4542 conditor

2286 4582 2345 4633 et
2391 4577 2820 4633 administrator
2849 4581 3016 4633 Deus.
3053 4580 3310 4649 Namque
3349 4577 3581 4648 optimae
3613 4577 3827 4634 animae
3857 4597 3992 4636 cum

2285 4665 2347 4720 in
2383 4665 2599 4721 infimis
2630 4667 2905 4722 creaturis
2946 4666 3221 4733 habitant,
3255 4682 3371 4720 non
3398 4681 3492 4719 eas
3517 4671 3724 4721 ornant
3755 4668 3994 4723 miseria

2287 4770 2408 4822 sua,
2436 4772 2611 4827 quam
2638 4772 2753 4810 non
2779 4755 3010 4822 habent,
3035 4755 3132 4808 sed
3153 4771 3259 4807 usu
3281 4770 3478 4808 earum
3503 4754 3681 4811 bono.
3710 4755 3769 4811 Si
3794 4762 3995 4813 autem

2284 4844 2625 4915 peccatrices
2657 4845 2864 4898 animae
2903 4841 3310 4914 permittantur
3338 4843 3602 4898 habitare
3632 4844 3694 4898 in
3722 4845 3993 4901 sublimi-

2284 4932 2390 4987 bus
2415 4933 2574 5000 locis,
2611 4933 2980 4987 inhonestum
3011 4934 3127 4998 est;
3165 4931 3301 5002 quia
3333 4948 3449 4986 non
3475 4932 3822 4987 conveniunt
3850 4934 3994 5004 illis,

2287 5023 2494 5093 quibus
2523 5037 2628 5076 nec
2659 5021 2802 5076 bene
2835 5019 2920 5073 uti
2964 5023 3229 5089 possunt,
3262 5037 3370 5075 nec
3414 5021 3736 5075 ornamenti
3767 5021 3990 5092 aliquid
4036 5039 4049 5056 λ

2284 5110 2602 5165 conferunt.

2355 5201 2445 5253 28.
2478 5197 2608 5252 Ideo
2644 5213 2977 5268 quanquam
3032 5197 3186 5253 orbis
3220 5199 3326 5253 iste
3357 5203 3622 5254 terrenus
3647 5197 3816 5252 rebus
3860 5217 3992 5256 cor-

2283 5285 2657 5357 ruptibilibus
2703 5286 3011 5356 deputatus
3055 5287 3148 5356 sit,
3199 5292 3396 5342 tamen
3431 5304 3660 5341 servans
3699 5293 3990 5358 quantum

2281 5379 2472 5447 potest
2495 5374 2809 5446 imaginem
2829 5374 3214 5447 superiorum,
3239 5377 3496 5448 exempla
3516 5375 3677 5430 nobis
3697 5381 3754 5431 et
3773 5377 3994 5435 indicia

2285 5463 2544 5536 quaedam
2586 5463 2978 5520 demonstrare
3020 5482 3138 5522 non
3172 5471 3371 5521 cessat.
3408 5464 3466 5520 Si
3494 5465 3649 5520 enim
3682 5465 3903 5522 bonum
3934 5474 3994 5524 et

2287 5572 2566 5628 magnum
2605 5555 2859 5628 aliquem
2899 5557 3107 5626 virum,
3135 5557 3396 5613 hortante
3427 5556 3743 5613 honestatis
3773 5558 3986 5627 ofﬁcio,
