4074 6394
151 307 286 359 1285

144 427 440 482 videamus
470 427 718 498 ignibus,
741 431 1022 498 quantum
1054 428 1126 482 ad
1168 443 1377 498 corpus
1435 429 1658 498 attinet,
1715 447 1850 485 con-

127 517 389 573 cremari
415 534 429 584 ;
458 533 573 571 non
609 518 715 571 hoc
767 533 1033 572 vocamus
1067 534 1296 588 poenam
1325 509 1562 588 peccati,
1592 520 1687 574 sed
1739 520 1852 574 for-

148 604 410 659 titudinis
439 611 494 660 et
544 605 837 676 patientiae
893 606 1324 673 documentum,
1377 623 1625 678 eumque
1673 610 1859 680 magis

150 695 464 766 diligimus,
481 711 612 748 cum
641 694 952 748 foedissima
973 695 1261 766 corruptio
1292 712 1565 766 corporea
1599 697 1858 751 membra

151 785 274 854 ejus
308 784 586 849 absumat,
625 799 798 853 quam
849 783 896 836 si
941 783 1086 837 nihil
1147 785 1480 854 hujusmodi
1526 790 1856 855 pateretur;

151 873 435 927 miramur
460 873 672 944 quippe
704 873 882 925 animi
912 877 1174 926 naturam
1201 873 1577 928 mutabilitate
1609 872 1865 945 corporis

154 978 272 1016 non
324 961 551 1016 mutari.
607 962 679 1014 At
707 977 840 1014 vero
885 959 1265 1015 crudelissimi
1315 962 1552 1016 latronis
1609 963 1867 1016 membra

158 1067 289 1105 cum
319 1050 420 1104 tali
451 1049 732 1120 supplicio
758 1049 960 1103 conﬁci
994 1050 1322 1120 aspicimus,
1357 1051 1740 1122 approbemus
1769 1067 1864 1105 or-

159 1140 353 1195 dinem
385 1140 599 1209 legum.
631 1138 850 1193 Ornant
879 1153 1017 1208 ergo
1053 1138 1220 1192 ambo
1278 1139 1377 1193 illa
1406 1144 1694 1194 tormenta
1721 1157 1735 1208 ;
1770 1140 1868 1194 sed

161 1223 260 1283 ille
289 1229 494 1282 merito
532 1227 779 1293 virtutis,
807 1227 913 1280 iste
946 1227 1180 1298 peccati.
1214 1231 1286 1281 At
1316 1227 1364 1281 si
1394 1229 1664 1298 postillos
1683 1229 1869 1300 ignes,

159 1319 248 1373 vel
273 1317 445 1372 etiam
478 1321 610 1370 ante
641 1315 789 1382 illos,
824 1315 1109 1385 optimum
1143 1315 1330 1369 virum
1362 1315 1528 1370 illum
1558 1320 1873 1370 commuta-

161 1412 285 1461 tum
311 1405 381 1459 ad
410 1403 845 1474 congruentiam
877 1403 1117 1458 ccelestis
1148 1404 1517 1458 habitationis
1566 1405 1637 1459 ad
1684 1404 1872 1459 sidera

162 1495 484 1549 videremus
508 1492 712 1560 attolli,
749 1491 947 1562 utique
996 1491 1340 1546 leetaremur.
1374 1492 1432 1547 Si
1472 1497 1664 1546 autem
1697 1493 1869 1546 scele-

165 1588 352 1638 ratum
380 1582 680 1646 latronem,
711 1579 827 1632 sive
853 1585 983 1633 ante
1015 1580 1383 1650 supplicium,
1417 1579 1534 1634 sive
1574 1585 1710 1650 post
1743 1595 1873 1650 sup~

165 1672 420 1745 plicium,
435 1685 564 1724 cum
585 1669 785 1723 eadem
813 1667 1030 1721 malitia
1050 1668 1358 1722 voluntatis
1383 1669 1452 1723 ad
1467 1669 1660 1723 sedem
1689 1669 1871 1723 hono-

163 1760 242 1813 ris
271 1757 680 1828 sempiternam
695 1755 870 1810 levari
896 1755 1216 1810 videremus
1245 1756 1306 1810 in
1329 1758 1560 1826 coelum,
1589 1757 1720 1829 quis
1752 1773 1873 1811 non

165 1845 591 1903 offenderetur?
647 1846 730 1898 Ita
779 1844 845 1898 ﬁt
891 1848 956 1898 ut
1011 1845 1308 1900 inferiores
1360 1851 1650 1900 creaturas
1705 1846 1872 1901 ambo

166 1953 369 1993 ornare
401 1934 714 2007 potuerint,
741 1934 1064 2004 superiores
1095 1938 1288 1988 autem
1329 1951 1476 1988 unus
1506 1934 1757 1988 illorum.
1797 1936 1874 1989 Ex

168 2040 283 2095 quo
317 2023 688 2078 admonemus
715 2021 1022 2086 advertere,
1057 2022 1470 2076 mortalitatem
1487 2023 1670 2077 carnis
1699 2023 1872 2094 hujus

171 2117 226 2166 et
253 2111 505 2182 primum
532 2109 828 2164 hominem
858 2125 1108 2176 ornasse,
1151 2117 1217 2164 ut
1246 2115 1478 2182 peccato
1511 2128 1679 2182 poena
1733 2127 1874 2165 con—

171 2205 426 2272 grueret,
457 2205 513 2253 et
542 2198 852 2252 Dominum
866 2203 1226 2268 nostrum,ut
1251 2216 1284 2252 a
1305 2204 1534 2271 peccato
1548 2200 1874 2255 misericor-

174 2290 267 2345 dia
297 2288 585 2343 liberaret.
618 2289 743 2341 Non
774 2292 964 2341 autem
995 2288 1140 2342 sicut
1190 2289 1378 2359 justus
1407 2289 1598 2360 potuit
1637 2289 1698 2342 in
1752 2289 1877 2360 ipsa

167 2378 393 2449 justitia
420 2392 766 2447 permanens
787 2392 991 2447 corpus
1004 2377 1214 2431 habere
1231 2377 1473 2431 mortale
1497 2395 1511 2445 ;
1545 2377 1624 2431 ita
1645 2377 1877 2448 iniquus

173 2469 380 2537 potest,
401 2463 785 2535 duminiquus
815 2468 920 2530 est,
951 2463 1019 2517 ad
1042 2462 1536 2518 immortalitatem
1565 2464 1868 2535 peraenire

175 2557 525 2622 sanctorum,
541 2551 755 2606 scilicet
767 2550 1071 2606 sublimem
1085 2557 1142 2605 et
1163 2552 1477 2622 angelicam
1495 2571 1511 2618 ;
1537 2569 1653 2606 non
1678 2568 1876 2606 eorum

175 2643 538 2713 angelorum,
596 2641 665 2694 de
721 2641 928 2711 quibus
979 2642 1283 2711 Apostolus
1332 2641 1433 2704 ait,
1485 2643 1716 2697 Nescitis
1747 2643 1880 2711 quia

175 2732 394 2800 angelos
435 2744 618 2785 sumus
648 2728 958 2798 iudicaturi
988 2729 1032 2798 (l
1066 2731 1187 2786 Cor.
1216 2747 1290 2796 v1,
1326 2731 1374 2798 3)
1402 2747 1415 2797 ;
1449 2730 1545 2784 sed
1577 2745 1779 2784 eorum
1809 2730 1878 2784 de

176 2820 388 2892 quibus
437 2817 714 2871 Dominus
765 2817 866 2886 ait,
903 2820 974 2871 Et
1006 2822 1164 2872 erunt
1225 2819 1457 2885 aequales
1515 2818 1739 2885 Angelis
1784 2820 1883 2872 Dei

177 2911 326 2976 (Luc.
359 2923 452 2976 xx,
476 2909 589 2976 36).
614 2905 723 2970 Qui
741 2904 895 2958 enim
926 2905 1315 2976 aequalitatem
1336 2906 1694 2976 Angelorum
1725 2905 1880 2960 desi-

175 2998 382 3052 derant
409 2999 641 3065 proptas
670 2993 901 3047 inanem
934 2993 1173 3063 gloriam
1191 3009 1372 3060 suam,
1391 3010 1506 3047 non
1532 2993 1660 3048 ideo
1681 2995 1884 3048 volunt

176 3086 428 3157 aequales
465 3099 586 3138 esse
611 3082 864 3153 Angelis,
897 3082 996 3136 sed
1026 3083 1272 3153 Angelos
1300 3082 1426 3136 sibi.
1464 3084 1662 3154 Itaque
1695 3083 1756 3137 in
1781 3083 1881 3136 tali

178 3175 467 3229 voluntate
494 3175 941 3243 perseverantes,
994 3172 1379 3242 aequabuntur
1411 3171 1694 3242 supplicio
1739 3187 1884 3242 prae-

178 3261 587 3319 varicatoribus
618 3259 854 3332 angelis,
902 3264 1243 3330 potestatem
1275 3276 1439 3314 suam
1469 3261 1658 3331 potius
1708 3276 1884 3332 quam

180 3352 284 3409 Dei
313 3350 721 3422 omnipotentis
771 3348 1166 3420 diligentibus.
1195 3350 1425 3404 Talibus
1473 3349 1610 3404 enin
1643 3350 1715 3404 ad
1746 3350 1884 3404 sini-

180 3447 358 3496 stram
397 3437 735 3506 constitutis,
791 3439 927 3509 quia
983 3454 1098 3492 non
1153 3437 1507 3509 quaesierunt
1546 3439 1726 3494 Deum
1783 3456 1888 3510 per

178 3529 522 3586 humilitatis
542 3528 798 3598 januam,
833 3543 1009 3597 quam
1039 3527 1100 3580 in
1151 3528 1338 3597 seipso
1401 3527 1678 3582 Dominus
1724 3529 1887 3583 Jesus

180 3619 438 3677 Christus
495 3615 759 3681 ostendit,
820 3618 876 3668 et
927 3615 1464 3670 immisericorditer
1527 3617 1888 3688 superbeque

177 3709 464 3773 vixerunt,
497 3705 736 3774 dicetur,
766 3706 849 3759 Ite
868 3708 927 3758 in
948 3707 1128 3772 ignem
1152 3708 1432 3773 aeternum,
1484 3707 1582 3772 qui
1606 3721 1889 3774 praepara-

181 3804 270 3852 tus
300 3802 378 3851 est
391 3796 607 3850 diabolo
627 3800 680 3850 et
698 3795 907 3863 angelis
930 3795 1048 3862 ejus
1078 3794 1292 3862 (Matth.
1327 3808 1458 3859 xxx,
1488 3793 1601 3863 41).

182 3879 411 3942 CAPUT
435 3885 499 3939 X.
523 3913 592 3924 —
621 3883 734 3949 Quo
770 3881 900 3952 jure
942 3881 1191 3934 diabolus
1247 3881 1547 3950 possederit
1600 3881 1887 3944 hominem,

555 3977 606 4026 et
636 3987 739 4040 quo
761 3972 890 4040 jure
914 3973 1054 4024 Deus
1082 3971 1221 4023 hunc
1250 3969 1521 4024 liberarii.

254 4067 344 4121 29.
379 4063 521 4118 Cum
551 4061 707 4115 enim
740 4060 870 4114 duae
910 4059 1026 4112 sint
1078 4057 1332 4129 origines
1357 4061 1744 4128 peccatorum,
1777 4075 1892 4113 una

186 4156 502 4225 spontanea
529 4147 888 4219 cogitatione,
944 4147 1054 4200 alia
1081 4145 1453 4216 persuasione
1503 4145 1739 4199 alterius
1777 4161 1891 4216 quo

186 4241 478 4314 pertinere
530 4237 774 4292 arbitror
803 4236 960 4307 quod
1017 4235 1301 4305 Propheta
1351 4234 1486 4289 dicit
1517 4250 1531 4287 :
1561 4234 1648 4289 Ab
1672 4237 1892 4289 occultis

187 4333 324 4387 meis
350 4328 555 4384 munda
582 4343 681 4381 me.
714 4327 958 4384 Domine,
995 4328 1044 4378 et
1083 4324 1150 4378 ab
1184 4324 1380 4380 alienis
1401 4338 1568 4392 parce
1619 4337 1768 4378 servo
1805 4327 1893 4378 tuo

188 4416 359 4484 (Psal.
392 4431 544 4481 xvm,
571 4417 654 4482 l3,
692 4415 820 4484 lli):
842 4417 1153 4483 utrumque
1207 4411 1598 4466 voluntarium
1654 4417 1738 4465 est
1764 4411 1893 4482 qui-

187 4506 340 4562 dem.
355 4505 497 4559 Nam
519 4503 663 4558 sicut
683 4502 920 4574 propria
950 4501 1296 4572 cogitatione
1310 4517 1426 4556 non
1447 4505 1642 4573 peccat
1659 4500 1894 4571 invitus,

188 4595 274 4651 ita
309 4594 447 4649 dum
471 4592 758 4648 consentit
780 4592 932 4646 male
963 4591 1244 4658 suadenti,
1275 4606 1391 4645 non
1418 4590 1621 4662 utique
1660 4589 1773 4644 nisi
1796 4606 1899 4644 vo-

187 4686 414 4740 luntate
443 4682 727 4737 consentit
758 4698 771 4736 :
801 4681 899 4736 sed
929 4685 1123 4734 tamen
1151 4679 1380 4751 gravius
1413 4683 1518 4746 est,
1554 4674 1674 4733 bon
1710 4679 1897 4732 solum

191 4773 356 4828 nullo
378 4771 648 4826 suadente
679 4769 913 4842 propria
941 4768 1285 4840 cogitatione
1315 4783 1569 4839 peccare,
1602 4767 1698 4822 sed
1725 4767 1899 4822 ctiam

192 4861 548 4934 peccandum
580 4859 744 4914 alteri
764 4875 868 4930 per
896 4858 1268 4914 invidentiam
1295 4857 1607 4928 dolumque
1638 4856 1896 4924 suadere,

195 4963 374 5020 quam
400 4947 472 5002 ad
499 4946 1098 5018 peccandumalterius
1124 4945 1388 5000 suasione
1411 4944 1653 4999 traduci.
1671 4945 1901 4999 Servata

195 5041 284 5092 est
304 5052 439 5107 ergo
469 5036 530 5090 in
558 5039 802 5106 utroque
831 5039 1060 5105 peccato
1074 5033 1300 5106 justitia
1330 5033 1559 5088 Domini
1585 5033 1894 5104 punientis.

197 5128 346 5183 Nam
368 5125 586 5180 et'illud
617 5138 936 5194 appensum
965 5128 1049 5177 est
1077 5122 1365 5195 aequitatis
1391 5121 1674 5188 examine,
1709 5125 1771 5176 ut
1797 5137 1902 5176 nec

195 5215 381 5288 ipsius
419 5212 634 5269 diaboli
691 5212 956 5284 potestati
1007 5216 1314 5284 negaretur
1342 5212 1538 5278 homo,
1575 5227 1747 5282 quem
1794 5210 1903 5264 sibi

197 5305 350 5362 male
379 5302 667 5358 suadendo
701 5301 1035 5371 subjecerat.
1095 5301 1362 5372 Iniquum
1393 5299 1549 5355 enim
1605 5302 1727 5354 erat
1754 5303 1817 5353 ut
1847 5298 1901 5354 ei

197 5410 375 5468 quem
405 5395 654 5464 ceperat,
683 5407 802 5446 non
831 5389 1239 5445 dominaretur.
1284 5389 1397 5444 Nec
1425 5388 1552 5444 ﬁeri
1579 5389 1696 5443 ullo
1727 5386 1900 5443 modo

198 5487 391 5558 potest
415 5486 478 5536 ut
504 5480 608 5536 Dei
636 5477 847 5534 summi
899 5481 956 5532 et
1003 5476 1122 5531 veri
1171 5477 1423 5548 perfecta
1470 5477 1713 5549 justitia,
1771 5492 1901 5548 quae

198 5586 620 5645 usquequaque
651 5565 1030 5640 portenditur,
1087 5565 1311 5620 deserat
1331 5565 1506 5621 etiam
1557 5565 1902 5623 ordinandas

1653 307 1862 363 LIBER
1910 307 2236 364 TERTIUS.

3529 310 3665 361 i286

1969 431 2168 486 ruinas
2189 429 2569 501 peccantium.
2600 429 2665 483 Et
2690 432 2884 482 tamen
2935 427 3073 500 quia
3109 428 3299 482 minus
3335 435 3667 500 peccaverat

1971 520 2146 574 homo
2167 535 2338 590 quam
2367 519 2646 584 diabolus,
2666 516 2918 587 idipsum
2932 516 2984 571 ei
2997 517 3256 571 valuitad
3286 520 3664 588 reparandam

1972 610 2236 674 salutem,
2287 608 2438 678 quod
2491 606 2738 677 principi
2785 607 2954 676 hujus
2994 606 3214 672 mundi,
3240 606 3436 693 ‘partis
3475 623 3667 660 rerum

1973 696 2187 750 scilicet
2217 695 2389 765 hujus
2420 695 2674 748 mortalis
2694 699 2865 764 atque
2896 694 3130 759 inﬁmae,
3166 694 3270 747 hoc
3311 697 3394 748 est
3418 694 3670 764 principi

1974 784 2228 839 omnium
2260 787 2623 853 peccatorum
2653 781 2695 848 ί,
2729 787 2784 836 et
2804 783 3113 854 praeposito
3144 781 3368 850 mortis,
3391 799 3573 854 usque
3599 785 3668 838 ad

1974 873 2379 928 mortalitatem
2403 871 2586 925 carnis
2618 871 2875 925 addictus
2906 875 3009 926 est.
3039 873 3118 925 lta
3147 871 3301 926 enim
3319 872 3671 927 conscientia

1976 961 2338 1017 mortalitatis
2383 960 2639 1028 timidus,
2685 964 2740 1013 et
2783 975 2816 1013 a
2862 959 3147 1013 vilissimis
3186 965 3242 1014 et
3275 960 3674 1032 abjectissimis

1977 1049 2172 1104 bestiis
2202 1049 2285 1103 vel
2322 1049 2495 1103 etiam
2527 1047 2942 1113 minutissimis,
2978 1047 3267 1101 molestias
3299 1053 3467 1119 atque
3499 1049 3677 1103 inter-

1975 1139 2121 1193 itum
2154 1137 2549 1205 reformidans,
2579 1135 2944 1205 incertusque
2973 1135 3318 1204 futurorum,
3363 1141 3419 1190 et
3446 1137 3676 1192 illicitas

1979 1225 2244 1280 cohibere
2277 1225 2504 1279 laetitias
2541 1227 2583 1290 ²,
2617 1228 2673 1278 et
2701 1223 2948 1277 maxime
2978 1223 3328 1293 superbiam,
3359 1225 3520 1295 cujus
3539 1242 3676 1296 per-

1980 1314 2243 1369 suasione
2271 1314 2526 1384 dejectus
2555 1317 2659 1381 est,
2693 1316 2750 1367 et
2779 1329 2894 1384 quo
2927 1329 3042 1367 uno
3073 1311 3212 1366 vitio
3265 1313 3672 1370 misericordiae

1980 1403 2262 1457 medicina
2303 1402 2613 1473 respuitur,
2650 1403 2913 1472 frangere
2944 1401 3255 1455 consuevit.
3314 1402 3460 1466 Quid
3515 1404 3672 1458 enim

1979 1497 2096 1547 tam
2125 1509 2266 1564 opus
2294 1492 2511 1546 habens
2556 1489 2944 1545 misericordia
2983 1505 3156 1560 quam
3189 1489 3409 1544 miser?
3441 1492 3506 1544 Et
3536 1491 3674 1562 quid

1979 1585 2098 1636 tam
2129 1581 2430 1652 indignum
2461 1579 2848 1634 misericordia
2873 1595 3047 1650 quam
3076 1578 3353 1649 superbus
3375 1579 3584 1635 miser?

2057 1673 2144 1727 30.
2186 1673 2262 1725 Ex
2292 1687 2406 1742 quo
2459 1670 2665 1723 factum
2703 1674 2788 1724 est
2841 1673 2906 1723 ut
2957 1667 3097 1722 illud
3132 1669 3230 1721 Dei
3273 1669 3520 1724 Verbum
3575 1687 3681 1742 per

1983 1760 2136 1831 quod
2166 1759 2311 1813 facta
2336 1766 2469 1812 sunt
2498 1757 2710 1820 omnia,
2743 1761 2799 1811 et
2828 1773 2941 1827 quo
2967 1756 3176 1810 fruitur
3203 1755 3392 1810 omnis
3421 1759 3682 1829 angelica

1982 1847 2294 1914 beatitudo,
2327 1862 2507 1917 usque
2551 1846 2624 1900 ad
2662 1845 2952 1899 miseriam
3011 1848 3266 1898 nostram
3313 1846 3679 1901 clementiam

1984 1951 2146 1989 suam
2183 1935 2527 2005 porrigeret,
2558 1938 2614 1988 et
2653 1933 2900 1988 Verbum
2929 1949 3059 1987 caro
3095 1933 3279 2001 ﬁeret,
3310 1938 3366 1988 et
3396 1935 3684 1989 habitaret

1983 2023 2046 2077 in
2074 2023 2237 2078 nobis
2270 2024 2284 2093 (
2311 2028 2468 2079 Joan.
2502 2040 2539 2091 ι,
2568 2025 2620 2089 3,
2652 2021 2762 2092 li).
2797 2021 2885 2076 Sic
2922 2021 3074 2075 enim
3104 2025 3294 2092 posset
3322 2038 3534 2092 panem
3564 2025 3684 2077 An-

1983 2113 2246 2184 gelorum
2266 2113 2440 2166 homo
2471 2111 2838 2178 manducare,
2869 2110 3130 2164 nondum
3159 2110 3391 2181 Angelis
3421 2112 3684 2182 adaequa-

1982 2205 2096 2270 tus,
2128 2201 2174 2254 si
2224 2201 2391 2272 panis
2433 2200 2552 2270 ipse
2584 2201 2935 2270 Angelorum
2985 2198 3317 2253 hominibus
3348 2199 3686 2271 dignaretur

1986 2289 2222 2362 aequari.
2254 2292 2364 2344 Nec
2393 2290 2474 2343 sic
2525 2289 2819 2344 descendit
2848 2289 2918 2342 ad
2951 2305 3074 2356 nos,
3115 2292 3181 2342 ut
3208 2289 3338 2342 illos
3360 2289 3681 2357 desereret;

1985 2379 2086 2434 sed
2115 2378 2284 2433 simul
2315 2379 2541 2451 integer
2564 2379 2696 2445 illis,
2721 2378 2948 2449 integer
2977 2377 3162 2444 nobis,
3191 2377 3317 2431 illos
3345 2378 3688 2433 intrinsecus

1984 2483 2219 2540 pascens
2250 2484 2354 2537 per
2382 2468 2440 2522 id
2478 2468 2629 2539 quod
2687 2469 2833 2521 Deus
2863 2471 2964 2534 est,
3003 2466 3457 2534 nos-forinsecus
3487 2468 3686 2522 admo-

1984 2573 2128 2611 nens
2158 2573 2261 2627 per
2290 2557 2349 2611 id
2378 2557 2536 2628 quod
2580 2573 2683 2610 nos
2714 2571 2936 2624 sumus,
2967 2556 3200 2610 idoneos
3233 2555 3366 2609 facit
3394 2555 3688 2626 perfidam

1987 2661 2131 2717 quos
2159 2662 2263 2717 per
2291 2646 2539 2716 speciem
2559 2649 2753 2716 pascat
2766 2643 3081 2715 mqualiter.
3111 2643 3256 2708 Quia
3271 2644 3426 2698 enim
3448 2643 3689 2698 rationa-
3735 2669 3756 2682 ν

1988 2735 2059 2788 lis
2088 2739 2345 2789 creatura
2364 2735 2548 2789 Verbo
2577 2733 2675 2787 illo
2697 2738 2972 2804 tanquam
3001 2733 3220 2803 optimo
3241 2734 3366 2788 cibo
3387 2750 3488 2788 suo
3514 2733 3694 2804 pasci-

1987 2826 2119 2891 tur;
2151 2825 2403 2878 humana
2433 2827 2626 2878 autem
2656 2822 2849 2876 anima
2867 2821 3161 2876 rationalis
3194 2827 3297 2887 est,
3327 2839 3456 2894 quas
3484 2826 3694 2876 morta-

1990 2911 2142 2966 libus
2171 2912 2412 2966 vinculis
2440 2911 2658 2982 peccati
2685 2927 2853 2982 poena
2873 2910 3194 2978 tenebatur,
3220 2911 3292 2964 ad
3310 2912 3417 2964 hoc
3439 2911 3692 2964 diminu-

1989 3000 2164 3055 tionis
2206 3001 2455 3067 redacta,
2503 3004 2567 3054 ut
2611 3015 2717 3070 per
2745 3000 3100 3070 conjecturas
3129 3015 3326 3053 rerum
3374 2998 3688 3053 visibilium

1992 3086 2064 3141 ad
2090 3087 2467 3158 intelligenda
2502 3086 2808 3141 invisibilia
2835 3087 3153 3142 niteretur:
3191 3087 3350 3142 cibus
3395 3087 3692 3142 rationalis

1993 3179 2270 3229 creaturae
2310 3175 2490 3230 factus
2521 3179 2605 3229 est
2633 3175 2889 3241 visibilis,
2945 3191 3058 3228 non
3105 3175 3553 3230 commutatione
3585 3191 3693 3230 na-

1992 3266 2138 3317 turae
2165 3279 2303 3329 suae,
2339 3263 2437 3318 sed
2491 3262 2691 3317 habitu
2723 3267 2953 3333 nostras,
3010 3268 3072 3317 ut
3112 3264 3360 3318 visibilia
3415 3269 3695 3319 sectantes

1996 3353 2067 3407 ad
2092 3368 2150 3405 se
2179 3351 2527 3406 invisibilem
2572 3357 2878 3406 revocaret.
2921 3351 3012 3406 Sic
3061 3368 3196 3406 eum
3252 3353 3466 3418 anima,
3519 3368 3694 3424 quem

1996 3440 2336 3512 superbiens
2361 3441 2515 3494 intus
2548 3435 2878 3511 reliquerat,
2938 3440 3076 3494 foris
3115 3441 3397 3496 humilem
3454 3442 3694 3508 invenit,

1993 3529 2289 3584 imitatura
2310 3529 2432 3600 ejus
2451 3529 2834 3592 humilitatem
2858 3529 3158 3597 visibilem,
3183 3535 3239 3585 et
3259 3531 3328 3586 ad
3343 3530 3693 3586 invisibilem

1995 3616 2360 3672 altitudinem
2393 3615 2673 3671 reditura.

2069 3709 2156 3760 3t.
2188 3707 2374 3776 Atque
2408 3705 2653 3759 Verbum
2685 3703 2785 3758 Dei
2814 3704 3018 3758 unicus
3048 3704 3150 3758 Dei
3177 3705 3373 3775 Filius,
3407 3705 3700 3760 diabolum

1998 3808 2171 3864 quem
2219 3808 2446 3862 semper
2491 3791 2594 3845 sub
2648 3791 2869 3860 legibus
2911 3791 3027 3844 suis
3071 3791 3274 3846 habuit
3331 3798 3388 3847 et
3435 3793 3698 3865 habebit,

1996 3881 2232 3936 homine
2281 3881 2512 3935 indutus
2544 3879 2716 3934 etiam
2767 3879 2988 3934 homini
3039 3880 3395 3951 subjugavit:
3455 3882 3601 3937 nihil
3649 3884 3704 3938 ei

1998 3974 2342 4040 extorquens
2373 3969 2622 4023 violento
2649 3968 2969 4034 dominatu,
2995 3969 3092 4022 sed
3113 3985 3388 4038 superans
3418 3986 3549 4024 eum
3573 3971 3702 4043 lege

1993 4058 2231 4131 justitia:
2259 4078 2273 4125 ;
2300 4061 2363 4112 ut
2393 4057 2691 4129 quoniam,
2730 4057 2944 4111 femina
2971 4057 3226 4128 decepta,
3261 4063 3317 4112 et
3350 4059 3568 4130 dejecto
3596 4077 3704 4130 per

1999 4147 2275 4203 feminam
2293 4146 2435 4213 viro,
2462 4162 2690 4200 omnem
2713 4147 2932 4217 prolem
2953 4137 3128 4216 primi
3150 4147 3402 4202 hominis
3423 4153 3700 4220 tanquam

1999 4235 2370 4308 peccatricem
2399 4235 2621 4306 legibus
2650 4235 2869 4290 mortis.
2895 4236 3180 4290 malitiosa
3200 4236 3433 4308 quidem
3455 4239 3704 4293 nocendi

2001 4325 2331 4396 cupiditate,
2360 4324 2459 4379 sed
2494 4329 2690 4378 tamen
2710 4325 2835 4395 jure
2856 4323 3183 4394 aequissimo
3196 4324 3538 4387 vindicabat,
3565 4330 3708 4382 tam-

2002 4414 2104 4470 diu
2131 4417 2377 4484 potestas
2415 4413 2538 4484 ejus
2574 4413 2807 4479 valeret,
2851 4411 3030 4466 donec
3060 4411 3414 4468 interﬁceret
3457 4415 3706 4484 justum,

2003 4503 2066 4558 in
2095 4519 2209 4574 quo
2239 4502 2385 4557 nihil
2406 4502 2646 4573 dignum
2677 4505 2860 4556 morte
2898 4505 3092 4571 posset
3118 4501 3440 4570 ostendere,
3469 4519 3585 4558 non
3615 4520 3707 4559 so-

2002 4592 2126 4647 lum
2157 4591 2294 4662 quia
2317 4590 2440 4645 sine
2479 4589 2716 4644 crimine
2765 4588 2984 4644 occisus
3022 4593 3127 4656 est,
3185 4589 3284 4644 sed
3339 4591 3514 4646 etiam
3569 4593 3710 4664 quia

2006 4680 2129 4735 sine
2142 4679 2380 4734 libidine
2409 4682 2577 4733 natus
2599 4677 2722 4732 :cui
2744 4676 3150 4748 subjugaverat
3177 4676 3278 4732 ille
3313 4695 3459 4750 quos
3480 4685 3712 4752 ceperat

2010 4773 2073 4824 ut
2101 4767 2381 4840 quidquid
2432 4765 2565 4820 inde
2607 4770 2954 4830 nasceretur,
3016 4770 3293 4837 tanquam
3323 4784 3441 4831 suae
3489 4770 3712 4825 arboris

2007 4857 2241 4920 fructus,
2275 4871 2450 4927 prava
2472 4854 2706 4926 quidem
2734 4853 2984 4909 habendi
3012 4854 3346 4926 cupiditate,
3390 4858 3488 4913 sed
3515 4862 3710 4914 tamen

2009 4961 2128 5000 non
2156 4944 2355 5016 iniquo
2393 4943 2728 5014 possidendi
2762 4943 2895 5014 jure
2925 4943 3221 5000 retineret.
3251 4946 3572 5001 Justissime
3601 4947 3710 5003 ita-

2010 5050 2123 5106 que
2149 5033 2434 5088 dimittere
2455 5032 2678 5103 cogitur
2701 5032 2997 5087 credentes
3017 5032 3079 5088 in
3104 5049 3237 5088 eum
3255 5051 3427 5106 quem
3456 5035 3514 5089 in
3516 5037 3713 5106 justis-
3749 5087 3752 5090 .

2012 5123 2153 5176 sime
2184 5121 2410 5187 occidit,
2439 5128 2504 5176 ut
2535 5124 2591 5174 et
2628 5121 2781 5191 quod
2811 5121 3210 5190 temporaliter
3239 5123 3588 5191 moriuntur,
3623 5125 3715 5180 de-

2011 5211 2197 5266 bitum
2223 5210 2532 5276 exsolvant,
2560 5213 2618 5264 et
2645 5210 2799 5281 quod
2812 5225 3042 5281 semper
3067 5210 3356 5276 vivunt,in
3376 5211 3476 5266 illo
3497 5212 3710 5285 vivant,

2013 5299 2115 5371 qui
2141 5314 2244 5369 pro
2275 5298 2356 5352 eis
2379 5297 2530 5369 quod
2562 5314 2682 5353 non
2712 5299 2952 5354 debebat
2979 5300 3236 5354 exsolvit.
3267 5298 3486 5363 Quibus
3514 5307 3711 5358 autem

2077 5389 2094 5422 ι
2125 5388 2187 5435 In
2207 5387 2351 5450 prius
2375 5386 2565 5459 ‘Edd,
2586 5390 2858 5459 principio
2893 5391 3125 5459 omnium
3149 5390 3519 5459 peccatorum.
3568 5390 3637 5440 At
3656 5392 3713 5442 in

2015 5448 2142 5499 Mss.
2168 5448 2530 5498 novemdecim
2552 5448 2782 5500 habetur
2797 5450 2900 5509 hic,
2927 5448 3180 5512 principi.

2075 5513 2099 5547 ²
2125 5512 2204 5576 Ita
2231 5512 2355 5561 Bad.
2387 5517 2442 5562 et
2463 5512 2585 5562 Mss.
2616 5513 2869 5576 plerique.
2889 5511 2956 5562 At
2976 5511 3065 5560 Er.
3092 5516 3146 5560 et
3169 5512 3295 5562 Lov.
3325 5511 3543 5574 habent,
3561 5513 3704 5568 cohi-

2019 5573 2139 5627 bere
2158 5574 2395 5626 deﬁcias.
