4074 6402
390 345 520 397 1287

381 464 736 522 inﬁdelitatis
764 461 1246 536 perseverantiam
1276 460 1664 533 persuasisset,
1699 460 1852 531 juste
1883 475 2075 513 secum

381 557 619 610 haberet
647 554 710 608 in
728 557 1004 625 perpetua
1025 550 1392 606 damnatione
1421 552 1728 604 consortes.
1758 549 1841 602 Ita
1857 548 2067 602 factum

383 647 468 698 est
493 647 560 697 ut
587 659 775 714 neque
807 641 1030 696 diabolo
1059 656 1162 712 per
1197 638 1315 694 vim
1361 638 1677 710 eriperetur
1703 638 1875 691 homo
1898 653 2070 709 quem

383 749 487 788 nec
508 733 629 803 ipse
659 732 734 800 vi,
759 731 856 786 sed
878 729 1247 801 persuasione
1267 733 1491 800 ceperat
1516 744 1529 782 :
1549 732 1605 782 et
1623 726 1718 798 qui
1733 727 1882 798 juste
1898 727 2028 796 plus
2046 724 2066 758 ί

383 821 716 875 humiliatus
755 823 856 887 est,
905 823 970 872 ut
1021 818 1254 872 serviret
1289 817 1380 872 cui
1421 817 1490 871 ad
1521 817 1738 870 malum
1769 831 2068 870 consense-

384 914 492 976 rat,
513 911 665 981 juste
687 925 791 980 per
810 923 942 964 eum
965 906 1056 961 cui
1077 907 1147 962 ad
1167 907 1385 961 bonum
1400 904 2067 971 consensitliberaretur;

386 999 522 1072 quia
547 999 740 1053 minus
768 997 877 1052 iste
906 997 968 1051 in
999 995 1425 1064 consentiendo,
1465 1010 1639 1066 quam
1684 992 1780 1046 ille
1833 993 1893 1047 in
1921 993 2072 1047 male

383 1088 674 1144 suadendo
699 1090 1044 1160 peccaverat.

383 1232 608 1286 CAPUT
631 1232 719 1285 XI.
752 1259 821 1269 —
849 1231 1114 1285 Creatura
1162 1228 1276 1281 sive
1315 1227 1374 1280 in
1413 1213 1637 1294 iustitia
1682 1239 2069 1294 permansura,

519 1323 632 1375 sive
654 1319 899 1389 lapsura,
930 1316 1004 1371 ad
1021 1318 1400 1388 ornamentum
1427 1315 1671 1368 universi
1698 1315 1922 1380 confert.

447 1465 534 1518 32.
561 1463 801 1517 Naturas
829 1458 1007 1530 igitur
1037 1473 1236 1514 omnes
1264 1457 1411 1510 Deus
1440 1454 1587 1517 fecit,
1641 1469 1756 1507 non
1782 1453 1968 1506 solum
2005 1451 2068 1505 in

377 1553 586 1606 virtute
617 1554 788 1621 atque
812 1547 1035 1619 justitia
1077 1560 1500 1617 permansuras,
1533 1542 1631 1598 sed
1669 1541 1840 1596 etiam
1868 1556 2066 1611 pecca-

378 1640 536 1689 turas
561 1652 574 1702 ;
606 1651 724 1689 non
751 1640 816 1689 ut
839 1638 1157 1706 peccarent,
1200 1633 1298 1688 sed
1326 1637 1389 1687 ut
1409 1638 1596 1686 essent
1625 1635 1822 1685 ornatu
1833 1647 1908 1683 rae
1935 1629 2065 1683 uni-

376 1739 602 1777 versum
637 1723 679 1791 ',
726 1722 841 1777 sive
888 1738 1144 1794 peccare,
1179 1721 1293 1775 sive
1324 1737 1440 1775 non
1469 1736 1704 1791 peccare
1733 1719 2063 1774 voluissent.

377 1812 434 1866 Si
465 1811 618 1866 enim
651 1812 823 1866 rebus
859 1811 1120 1866 deessent
1148 1810 1356 1864 animae
1385 1826 1513 1880 quae
1551 1809 1742 1879 ipsum
1772 1807 2068 1878 fastigium

376 1901 592 1956 ordinis
619 1901 679 1956 in
708 1901 972 1956 universa
995 1905 1254 1956 creatura
1274 1901 1354 1954 sic
1384 1899 1730 1966 obtinerent,
1764 1902 1828 1952 ut
1856 1898 1903 1951 si
1931 1914 2066 1968 pec-

375 2006 502 2045 care
529 1990 860 2058 voluissent,
892 1990 1283 2044 inﬁrmaretur
1310 1993 1366 2043 et
1393 1988 1828 2043 labefactaretur
1846 1987 2069 2040 univer-

377 2080 534 2146 sitas,
559 2095 836 2151 magnum
859 2079 1134 2150 quiddam
1153 2079 1373 2132 deesset
1407 2081 1681 2132 creaturae
1703 2093 1716 2130 :
1738 2076 1881 2130 illud
1911 2075 2067 2130 enim

375 2169 616 2237 deesset,
649 2185 765 2239 quo
795 2172 1019 2223 remoto
1047 2167 1326 2222 stabilitas
1353 2183 1550 2222 rerum
1581 2171 1753 2238 atque
1789 2163 2067 2220 connexio

376 2257 722 2311 turbaretur.
755 2257 916 2312 Tales
935 2260 1070 2310 sunt
1103 2255 1358 2326 optimae,
1378 2260 1435 2310 et
1459 2259 1688 2324 sanctaa,
1719 2258 1775 2308 et
1794 2253 2067 2308 sublimes

377 2349 652 2400 creaturae
702 2344 1020 2399 ccelestium
1048 2345 1136 2398 vel
1163 2343 1648 2415 supercoelestium
1698 2348 2062 2414 potestatum,

376 2433 584 2505 quibus
604 2435 757 2489 solus
787 2435 934 2487 Deus
963 2433 1208 2503 imperat
1232 2449 1246 2499 ;
1278 2432 1579 2486 universus
1601 2437 1791 2487 autem
1817 2433 2066 2487 mundus

375 2522 660 2592 subjectus
691 2526 793 2575 est.
828 2522 961 2576 Sine
989 2520 1229 2576 istarum
1265 2521 1467 2575 ofﬁciis
1489 2521 1657 2592 justis
1679 2526 1851 2592 atque
1879 2521 2067 2591 perfe-

374 2609 481 2664 ctis
506 2627 630 2664 essa
652 2610 990 2665 universitas
1009 2626 1127 2664 non
1151 2613 1356 2680 potest.
1381 2611 1543 2678 Item,
1575 2610 1622 2663 si
1648 2610 1906 2664 deessent
1935 2626 2066 2680 qum

373 2699 487 2752 sive
515 2702 834 2770 peccarent,
865 2697 981 2752 sive
1010 2714 1130 2752 non
1157 2702 1475 2768 peccarent,
1510 2697 1651 2751 nihil
1680 2697 2066 2752 universitatis

373 2786 565 2840 ordini
586 2786 964 2852 minueretur,
984 2785 1154 2840 etiam
1167 2785 1245 2839 sic
1256 2785 1569 2856 plurimum
1589 2785 1824 2840 deesset.
1839 2785 2064 2841 Animae

371 2879 506 2928 sunt
534 2875 690 2930 enim
716 2875 1047 2938 rationales,
1083 2878 1141 2928 et
1167 2874 1281 2928 illis
1306 2875 1696 2945 superioribus
1718 2874 1904 2929 ofﬁcio
1934 2874 2062 2945 qui-

369 2965 501 3019 dem
530 2963 798 3035 impares,
847 2963 946 3018 sed
974 2968 1178 3018 natura
1215 2981 1416 3034 pares:
1451 2965 1659 3035 quibus
1700 2964 1884 3018 adhuc
1917 2963 2062 3018 infe-

369 3055 548 3108 riores
577 3057 709 3107 sunt
736 3053 923 3120 multi,
955 3057 1013 3107 et
1041 3059 1232 3107 tamen
1260 3053 1573 3109 laudabiles
1611 3070 1644 3108 a
1682 3069 1908 3108 summo
1948 3055 2062 3107 Deo

368 3142 806 3198 constitutarum
831 3157 1024 3196 rerum
1047 3143 1274 3212 gradus.

440 3235 528 3288 33.
563 3232 666 3285 Illa
696 3247 832 3301 ergo
858 3235 1066 3284 natura
1088 3230 1440 3285 sublimioris
1459 3230 1628 3285 ofﬁcii
1655 3233 1756 3298 est,
1787 3247 1915 3302 quae
1942 3247 2062 3286 non

367 3321 553 3375 solum
584 3319 631 3373 si
659 3335 776 3373 non
816 3322 982 3386 esset,
1037 3319 1137 3374 sed
1180 3319 1401 3373 etiamsi
1438 3324 1717 3390 peccaret,
1775 3319 2062 3374 minueret

369 3409 628 3464 ordinem
659 3407 1070 3462 universitatis.
1128 3408 1416 3462 Inferioris
1457 3407 1628 3462 ofﬁcii
1659 3413 1743 3462 est
1769 3407 1898 3474 ista,
1930 3425 2059 3479 qua:

364 3497 766 3553 tantummodo
791 3497 838 3550 si
866 3513 983 3551 non
1014 3501 1179 3564 esset,
1205 3513 1319 3550 non
1350 3501 1541 3552 autem
1572 3497 1618 3550 si
1656 3503 1932 3568 peccaret,
1961 3499 2060 3552 ali-

363 3585 501 3658 quid
528 3585 717 3640 minus
747 3585 985 3640 haberet
1009 3585 1365 3640 universitas.
1399 3585 1647 3656 llli;data
1688 3591 1771 3640 est
1803 3586 2060 3657 potentia

361 3674 555 3728 omnia
600 3673 927 3728 continendi
974 3673 1162 3728 ofﬁcio
1215 3674 1470 3745 proprio,
1521 3675 1678 3746 quod
1722 3692 1916 3730 rerum
1965 3692 2055 3730 or-

363 3761 486 3816 dini
515 3762 710 3817 deesse
739 3777 856 3816 non
903 3761 1121 3832 possit:
1171 3778 1276 3816 nec
1305 3761 1431 3817 ideo
1478 3763 1539 3817 in
1569 3763 1722 3818 bona
1765 3765 2055 3819 voluntate

360 3855 679 3922 permanet,
712 3850 849 3922 quia
875 3850 985 3905 hoc
1016 3850 1231 3922 accepit
1259 3851 1509 3906 ofﬁcium
1535 3869 1548 3920 ;
1601 3852 1702 3907 sed
1738 3853 1867 3908 ideo
1898 3870 2054 3908 acce-

358 3938 464 4010 pit,
489 3939 766 4011 quoniam
782 3939 853 3993 ab
875 3939 972 3992 illo
996 3938 1094 4010 qui
1115 3939 1270 3993 dedit
1293 3956 1666 4010 permansura
1684 3942 1926 4011 praevisa
1947 3946 2052 3996 est.

358 4028 471 4080 Nec
510 4032 702 4082 tamen
751 4045 854 4082 sua
892 4029 1186 4100 majestate
1217 4029 1473 4084 continet
1500 4029 1713 4093 omnia,
1751 4031 1847 4084 sed
1873 4030 2054 4084 inhae-

357 4115 534 4170 rendo
563 4116 720 4170 illius
757 4115 1066 4186 majestati,
1119 4120 1176 4170 et
1222 4116 1345 4187 ejus
1383 4117 1642 4188 imperiis
1687 4119 2052 4174 devotissime

355 4205 828 4276 obtemperando,
851 4220 884 4258 a
902 4220 1016 4275 quo
1039 4207 1095 4258 et
1113 4220 1218 4274 per
1246 4221 1419 4275 quem
1445 4207 1576 4260 etin
1601 4223 1714 4276 quo
1745 4207 1892 4262 facta
1919 4213 2055 4262 sunt

355 4293 570 4348 omnia.
590 4293 732 4348 Huic
751 4296 943 4346 autem
962 4293 1159 4347 datum
1187 4297 1272 4346 est
1292 4293 1525 4363 quidem
1545 4311 1662 4350 non
1683 4296 1938 4366 peccanti
1956 4313 2054 4367 po-

354 4382 742 4436 tentissimum
773 4381 1027 4436 ofﬁcium
1068 4381 1400 4438 continendi
1428 4385 1659 4439 omnia:
1690 4401 1810 4440 non
1859 4389 2051 4440 tamen

351 4470 677 4542 proprium,
711 4470 809 4525 sed
839 4486 970 4525 cum
1003 4470 1125 4541 illa,
1171 4475 1448 4544 tanquam
1499 4473 1552 4528 ei
1593 4491 1722 4546 qua:
1750 4479 2051 4546 peccatura

352 4558 711 4631 praecognita
731 4563 834 4614 est.
864 4559 1087 4616 Habent
1116 4577 1251 4615 sane
1285 4560 1602 4632 spiritualia
1627 4580 1871 4636 quaeque
1900 4563 2050 4620 inter

354 4662 413 4700 se
466 4651 523 4700 et
558 4647 1022 4718 conjunctionem
1065 4648 1188 4704 sine
1235 4651 1487 4719 cumulo,
1518 4655 1576 4706 et
1631 4653 2049 4724 sejunctionem

353 4735 477 4790 sine
503 4735 886 4792 diminutione
905 4755 918 4793 :
938 4743 1004 4793 ut
1018 4755 1206 4810 neque
1229 4740 1593 4811 adjuvaretur
1609 4741 1706 4796 illa
1726 4743 1788 4796 in
1809 4743 2046 4797 actionis

352 4840 472 4879 sua:
517 4824 810 4893 facilitate,
844 4843 975 4883 cum
1011 4828 1133 4883 huic
1168 4829 1278 4884 sibi
1321 4830 1803 4902 conjungeretur:
1856 4848 2044 4902 neque

353 4913 642 4969 difﬁcilior
667 4915 750 4968 illi
782 4915 927 4970 actio
957 4916 1140 4984 ﬁeret,
1173 4917 1220 4971 si
1257 4918 1379 4972 haec
1406 4918 1668 4990 jofﬁcium
1706 4936 1875 4975 suum
1905 4937 2043 4991 pec-

346 5003 532 5060 cando
575 5003 878 5060 desereret.
923 5005 1047 5059 Non
1086 5006 1240 5061 enim
1271 5007 1407 5062 locis
1450 5012 1505 5063 et
1534 5009 1683 5064 mole
1715 5025 2043 5081 corporum,

346 5093 444 5148 sed
468 5093 754 5164 parilitate
785 5093 1090 5148 affectuum
1106 5095 1299 5166 jungi,
1323 5099 1379 5150 et
1404 5096 1778 5168 disparilitate
1802 5103 2045 5173 segungi

343 5186 586 5252 possunt
637 5181 962 5252 spirituales
1009 5187 1306 5252 creaturas,
1347 5186 1607 5257 quamvis
1654 5203 1896 5260 corpora
1940 5206 2044 5246 sua

349 5286 592 5341 quaeque
620 5271 975 5342 possideant.
1624 5328 1626 5331 .

415 5361 500 5416 34.
534 5361 602 5414 In
642 5360 978 5433 corporibus
1021 5364 1213 5417 autem
1242 5360 1609 5420 inferioribus
1630 5367 1800 5437 atque
1829 5372 2042 5424 morta-

411 5489 426 5523 ¹
456 5488 613 5561 ξὶᾱίμ.
629 5491 781 5561 justo
814 5491 961 5561 ptas,
999 5493 1196 5561 quibus
1216 5493 1483 5561 frariqus.
1507 5495 1891 5561 suffragantur;
1915 5513 2039 5549 nam

346 5548 894 5621 dunodecim'melio'ris
922 5548 1304 5621 notie__liabent,
1325 5557 1472 5618 juste
1497 5557 1632 5621 plus.

407 5613 429 5646 ²
457 5612 669 5675 Aliquot
688 5616 810 5666 Mss.
840 5630 869 5666 e
895 5617 1205 5682 potioribus,
1225 5612 1912 5676 ornaturw'untversitatis.

1477 335 1572 392 DE
1611 333 1869 390 LIBERO
1907 331 2264 400 ARBITRIO,
2309 331 2362 388 S.
2404 330 2784 388 AUGUSTINI

3745 333 3899 386 1288

2183 457 2332 512 libus
2364 462 2492 530 post
2537 461 2836 529 peccatum
2892 455 3088 510 anima
3143 454 3423 525 ordinata,
3479 457 3631 528 regit
3677 473 3898 528 corpus

2181 563 2370 613 suum,
2403 563 2520 601 non
2569 544 2902 600 omnimodo
2955 561 3060 616 pro
3113 544 3374 612 arbitrio,
3429 547 3528 601 sed
3555 546 3704 601 sicut
3731 547 3898 618 leges

2178 633 2571 688 universitatis
2597 633 2810 686 sinunt.
2845 633 2958 687 Nec
2990 631 3117 686 ideo
3147 636 3344 686 tamen
3389 633 3521 688 talis
3571 633 3769 688 anima
3799 633 3894 688 in-

2178 723 2351 778 ferior
2373 727 2457 777 est
2487 739 2726 794 corpore
2752 721 2986 791 caelesti,
3018 721 3110 776 cui
3162 721 3390 792 corpori
3417 722 3590 776 etiam
3641 739 3896 794 corpora

2178 816 2405 866 terrena
2432 812 2685 883 subjecta
2713 814 2863 866 sunt.
2901 813 3164 866 Pannosa
3189 810 3403 882 quippe
3425 810 3597 866 vestis
3624 811 3894 866 damnati

2178 900 2325 954 servi
2353 900 2532 954 multo
2564 899 2913 954 est'inferior
2937 903 3090 953 veste
3138 900 3284 954 bene
3327 898 3540 966 meriti,
3595 905 3656 954 et
3683 901 3748 954 in
3777 901 3888 954 ho-

2179 1004 2318 1042 nore
2346 1004 2556 1060 magno
2587 988 2742 1059 apud
2773 987 3072 1042 dominum
3103 986 3396 1042 constituti
3424 1003 3438 1054 ;
3471 987 3570 1042 sed
3598 988 3722 1058 ipse
3761 1005 3887 1043 ser-

2178 1094 2282 1130 vus
2311 1077 2516 1131 melior
2543 1081 2628 1131 est
2649 1075 2905 1148 qualibet
2930 1081 3084 1130 veste
3109 1075 3379 1149 pretiosa,
3411 1076 3548 1147 quia
3573 1077 3748 1132 homo
3777 1083 3882 1132 est.

2179 1165 2280 1219 Illa
2310 1181 2445 1235 ergo
2465 1165 2708 1220 inhaeret
2733 1165 2871 1232 Deo,
2904 1168 2961 1219 et
2988 1163 3049 1218 in
3078 1163 3292 1218 ccelesti
3319 1179 3578 1234 corpore,
3619 1163 3884 1236 angelica

2176 1258 2479 1324 potestate,
2522 1254 2696 1308 etiam
2725 1256 2992 1308 terrestre
3021 1269 3224 1324 corpus
3255 1256 3422 1306 ornat
3449 1255 3506 1305 et
3542 1251 3712 1322 regit,
3765 1253 3882 1306 sic-

2175 1347 2238 1397 ut
2266 1342 2429 1414 jubet
2455 1342 2552 1397 ille
2587 1343 2748 1414 cujus
2776 1346 2983 1397 nutum
3040 1341 3299 1396 intuetur
3328 1340 3719 1396 ineﬁabiliter.
3769 1343 3883 1396 Ista

2175 1448 2308 1486 vero
2339 1431 2676 1486 mortalibus
2699 1431 2970 1485 membris
3002 1434 3256 1496 onerata,
3287 1429 3381 1482 vix
3404 1430 3511 1482 hoc
3540 1428 3734 1499 ipsum
3764 1447 3882 1501 quo

2173 1521 2476 1591 premitur,
2492 1518 3225 1585 administratintrinsecus,
3243 1521 3299 1573 et
3309 1521 3503 1572 tamen
3519 1524 3688 1572 ornat
3699 1535 3883 1590 quan-

2175 1613 2299 1662 tum
2323 1613 2542 1679 potest:
2574 1611 2778 1662 caetera
2801 1623 2933 1661 vero
2954 1606 3305 1661 extrinsecus
3328 1605 3673 1676 adjacentia,
3706 1609 3882 1679 longe

2173 1696 2494 1753 inﬁrmiore
2548 1696 2881 1768 operatione
2935 1695 3282 1751 extrinsecus
3338 1694 3516 1750 afﬁcit
3569 1695 3718 1750 sicut
3767 1712 3882 1767 .po-

2176 1789 2304 1841 test.

2177 1928 2401 1984 CAPUT
2451 1927 2566 1982 XII.
2624 1957 2693 1966 —
2730 1927 3059 1983 Gubernatio
3117 1927 3359 1980 universi
3408 1940 3516 1980 non
3561 1925 3884 1985 turbaretur

2387 2017 2601 2071 etiamsi
2645 2017 2888 2084 angelica
2919 2017 3091 2069 omnis
3119 2019 3372 2070 creatura
3389 2019 3660 2084 peccaret.

2249 2144 2335 2196 35.
2375 2141 2531 2198 Unde
2561 2140 2850 2211 colligitur
2875 2156 2991 2194 non
3019 2139 3353 2195 defuturum
3378 2139 3555 2194 fuisse
3605 2143 3880 2193 ornatum

2177 2229 2750 2301 congruentissimum
2771 2228 2986 2284 inﬁma
3013 2245 3301 2300 corporeae
3315 2234 3616 2295 creaturae,
3647 2229 3880 2283 etiamsi

2176 2317 2286 2371 ista
2313 2333 2547 2387 peccare
2594 2316 2894 2371 noluisset.
2954 2317 3236 2382 Quoniam
3285 2334 3415 2389 qua:
3447 2321 3632 2372 totum
3687 2323 3881 2389 potest

2175 2423 2397 2477 regere,
2431 2406 2607 2460 etiam
2637 2410 2862 2476 partem
2889 2406 3038 2476 regit
3062 2423 3076 2474 ;
3109 2422 3237 2477 quae
3254 2410 3445 2460 autem
3461 2405 3875 2477 minuspotest,

2177 2511 2296 2550 non
2326 2494 2598 2549 continuo
2632 2499 2819 2565 potest
2848 2494 3142 2565 ampliora.
3178 2495 3468 2550 Perfectus
3496 2494 3650 2549 enim
3691 2495 3873 2549 medi-

2178 2600 2273 2637 cus
2295 2582 2469 2637 etiam
2500 2582 2744 2636 scabiem
2778 2587 2941 2636 sanat
2970 2582 3309 2651 efﬁcaciter;
3345 2587 3401 2637 at
3441 2599 3558 2637 non
3603 2583 3881 2638 continuo

2176 2670 2276 2742 qui
2304 2669 2559 2724 scabioso
2587 2670 2809 2723 utiliter
2837 2670 3100 2736 consulit,
3124 2671 3408 2725 universae
3424 2671 3694 2726 humana:
3720 2673 3879 2725 vale-

2172 2757 2362 2813 tudini
2389 2758 2610 2812 mederi
2638 2763 2848 2828 potest.
2878 2760 2943 2812 Et
2995 2759 3139 2813 ratio
3194 2759 3430 2830 quidem
3459 2759 3508 2813 si
3534 2764 3692 2814 certa
3721 2776 3876 2814 con-

2175 2848 2432 2919 spicitur,
2467 2864 2581 2918 qua
2611 2847 2978 2902 manifestum
3007 2847 3108 2902 ﬁat
3135 2863 3256 2902 esse
3287 2847 3607 2919 oportuisse
3648 2855 3879 2904 creatu-

2173 2955 2297 2992 ram
2330 2953 2457 3008 quaa
2487 2953 2788 3007 nunquam
2835 2937 3170 3007 peccaverit,
3219 2953 3516 3008 nunquam
3569 2943 3880 3008 peccatura

2174 3027 2265 3093 sit,
2301 3026 2473 3080 etiam
2502 3025 2644 3079 illud
2674 3025 2872 3079 eadem
2900 3025 3044 3080 ratio
3069 3025 3420 3081 renuntiata
3448 3031 3682 3096 peccato
3713 3027 3878 3082 illam

2171 3116 2350 3170 libera
2375 3115 2664 3168 voluntate
2694 3113 2999 3181 abstinere,
3031 3131 3216 3186 neque
3271 3119 3524 3170 coactam
3568 3132 3689 3169 non
3739 3133 3875 3187 pec-

2172 3219 2319 3270 care,
2347 3203 2446 3257 sed
2477 3206 2697 3273 sponte.
2722 3204 3126 3257 Verumtamen
3139 3203 3361 3258 etiamsi
3390 3209 3651 3274 peccaret
3673 3204 3878 3276 (quan-

2172 3307 2345 3362 quam
2375 3307 2494 3344 non
2523 3290 2798 3361 peccavit,
2825 3292 2971 3346 sicut
3001 3309 3128 3346 eam
3156 3309 3274 3347 non
3303 3298 3671 3363 peccaturam
3716 3311 3875 3363 prae-

2172 3379 2332 3433 scivit
2359 3381 2527 3450 Deus)
2567 3397 2579 3434 :
2612 3384 2806 3434 tamen
2827 3380 2874 3434 si
2905 3380 3077 3435 etiam
3105 3381 3228 3452 ipsa
3253 3385 3534 3451 peccaret,
3586 3381 3880 3437 sufﬁceret

2171 3468 2274 3523 Dei
2297 3472 2550 3539 potestas
2581 3468 2882 3522 ineﬁ‘abilis
2911 3469 3186 3539 potentiae
3234 3471 3306 3524 ad
3334 3471 3644 3541 regendam
3699 3471 3876 3526 istam

2168 3557 2618 3624 universitatem,
2650 3562 2714 3611 ut
2746 3558 3011 3612 omnibus
3064 3575 3317 3630 congrua
3369 3563 3426 3614 et
3453 3559 3741 3630 condigna
3780 3577 3874 3614 re-

2167 3646 2446 3710 tribuens,
2480 3646 2628 3700 nihil
2656 3645 2718 3699 in
2747 3651 2862 3700 toto
2892 3645 3137 3716 imperio
3167 3663 3269 3701 suo
3299 3651 3465 3718 turpe
3492 3652 3664 3718 atque
3708 3648 3876 3704 inde-

2167 3751 2367 3789 corum
2398 3750 2518 3789 esse
2548 3734 2933 3804 permitteret.
2973 3735 3116 3799 Quia
3145 3735 3260 3790 sive
3289 3751 3395 3807 per
3447 3737 3632 3790 nullas
3658 3737 3732 3790 ad
3760 3738 3876 3792 hoc

2165 3824 2356 3894 ipsum
2384 3823 2635 3879 conditas
2665 3827 2993 3894 potestates,
3047 3823 3096 3878 si
3136 3824 3320 3878 omnis
3375 3825 3634 3896 angelica
3661 3829 3877 3881 natura

2167 3913 2236 3967 ab
2267 3914 2389 3984 ejus
2418 3912 2718 3984 prmceptis
2743 3913 3032 3983 peccando
3062 3913 3382 3984 defecisset,
3435 3913 3732 3984 majestate
3767 3931 3877 3980 sua

2165 4002 2181 4036 ί
2215 4000 2612 4055 decentissime
2657 4005 2827 4072 atque
2871 4001 3087 4072 optime
3129 4007 3356 4071 regeret
3377 4003 3574 4056 omnia
3606 4019 3620 4058 :
3651 4019 3760 4057 nec
3793 4004 3875 4058 sic

2163 4087 2420 4143 invidens
2449 4095 2724 4144 creatura:
2754 4089 3037 4161 spirituali
3062 4094 3127 4144 ut
3154 4096 3330 4157 esset;
3365 4091 3465 4162 qui
3493 4097 3644 4145 etam
3665 4108 3876 4164 corpo-

2163 4179 2344 4233 ralem
2372 4179 2738 4250 peccantibus
2765 4195 2996 4251 quoque
3015 4179 3411 4250 spiritualibus
3440 4182 3610 4252 longe
3633 4180 3873 4237 inferio—

2163 4284 2308 4332 rem,
2342 4272 2501 4323 tanta
2529 4268 2790 4338 largitate
2815 4267 3089 4322 bonitatis
3144 4268 3408 4331 instituit,
3439 4275 3506 4324 ut
3550 4271 3746 4324 nullus
3795 4272 3874 4326 sit

2162 4357 2370 4410 coelum
2413 4361 2741 4425 terramque
2772 4356 3189 4412 rationabiliter
3229 4357 3496 4424 .intuens,
3549 4375 3872 4431 omnesque

2162 4449 2398 4500 naturas
2427 4444 2680 4500 visibiles
2709 4445 2770 4499 in
2801 4445 2918 4500 suis
2945 4445 3252 4516 generibus
3281 4446 3628 4514 moderatas,
3650 4446 3871 4503 forma-

2160 4539 2269 4604 tas,
2301 4533 2613 4601 ordinatas,
2645 4534 2744 4604 qui
2771 4533 2860 4588 vel
2887 4533 3065 4588 alium
3087 4534 3279 4589 credat
3302 4534 3580 4590 artiﬁcem
3602 4535 3872 4592 omnium

2162 4639 2284 4677 esse
2318 4638 2494 4693 quam
2524 4623 2725 4689 Deum,
2752 4624 2842 4678 vel
2868 4639 2986 4677 non
3016 4639 3146 4678 eum
3195 4622 3566 4678 ineffabiliter
3621 4625 3872 4682 laudan-

2161 4711 2300 4766 dum
2330 4727 2450 4765 esse
2480 4710 2749 4766 fateatur.
2788 4710 2914 4766 Sive
2940 4712 3099 4765 nulla
3128 4709 3245 4766 est‘
3276 4712 3484 4766 melior
3535 4729 3731 4768 rerum
3764 4733 3870 4771 or-

2164 4800 2403 4868 dinatio,
2436 4799 2546 4855 nisi
2603 4805 2854 4872 potestas
2903 4801 3161 4871 angelica
3190 4804 3413 4855 natura;
3443 4803 3784 4858 excellentia
3814 4811 3876 4860 et

2159 4889 2412 4946 bonitate
2461 4890 2768 4944 voluntatis
2813 4890 2875 4944 in
2935 4889 3305 4960 dispositione
3349 4889 3738 4945 universitatis
3769 4909 3872 4948 su-

2159 4979 2533 5051 peremineat,
2565 4978 2788 5033 etiamsi
2816 4993 3013 5032 omnes
3034 4982 3362 5049 peccassent
3387 4979 3610 5050 Angeli,
3643 4981 3872 5036 nullam

2156 5066 2416 5137 inopiam
2442 5067 2693 5121 facerent
2713 5065 2785 5120 ad
2813 5066 3131 5136 regendum
3160 5067 3468 5138 imperium
3495 5084 3664 5123 suum
3695 5071 3871 5125 Crea-

2157 5155 2273 5209 tori
2300 5156 2674 5226 Angelorum.
2707 5154 2830 5208 Non
2861 5153 3017 5208 enim
3038 5156 3128 5210 vel
3156 5155 3384 5210 bonitas
3414 5157 3537 5227 ejus
3569 5157 3736 5228 quasi
3767 5159 3874 5214 ali-

2157 5259 2272 5314 quo
2305 5243 2498 5308 taedio,
2539 5243 2628 5297 vel
2658 5242 3076 5314 omnipotentia
3129 5244 3466 5299 difﬁcultate
3494 5245 3767 5302 deﬁceret
3801 5249 3876 5304 ad

2158 5332 2433 5386 creandos
2459 5331 2622 5400 alios,
2655 5348 2799 5404 quos
2854 5332 2915 5386 in
2962 5332 3044 5387 eis
3099 5332 3330 5387 sedibus
3359 5333 3681 5398 collocaret.
3725 5353 3875 5407 quas

2153 5420 2439 5492 peccando
2497 5420 2596 5474 alii
2640 5420 3062 5490 deseruissent;
3115 5426 3214 5476 aut
3263 5426 3524 5476 creatura
3550 5424 3874 5494 spiritualis

2217 5547 2234 5580 ι
2267 5544 2506 5602 Quatuor
2533 5545 2656 5594 Mss.
2681 5544 2978 5609 defecisset,
3002 5544 3090 5596 sed
3105 5545 3397 5618 maiestate
3417 5557 3534 5596 sua.
3558 5547 3678 5597 Non
3709 5550 3874 5602 male.

2213 5624 2234 5659 ²
2261 5625 2385 5674 Lov.
2419 5624 2473 5674 in
2495 5628 2662 5686 textu,
2690 5628 2811 5677 Sive
2839 5625 2954 5677 ulla
2979 5627 3068 5677 est.
3100 5625 3166 5676 At
3191 5625 3317 5676 Bad.
3346 5625 3431 5676 Er.
3453 5626 3642 5677 etMss.
3661 5631 3808 5679 Sive.
