4074 6356
133 231 272 282 1289

127 353 480 424 quantilibet
507 355 732 410 numeri
761 356 802 422 ¹,
834 357 879 410 si
908 373 1012 428 pro
1039 359 1155 412 suis
1185 360 1402 415 meritis
1442 361 1831 434 damnaretur,

126 445 438 512 angustare
468 444 964 512 possetlordinem,
999 447 1096 517 qui
1126 449 1532 504 convenienter
1557 455 1611 504 et
1636 451 1832 506 decen-

127 534 217 584 ter
248 531 460 602 excipit
489 549 897 610 quoscumque
919 535 1270 590 damnandos
1299 535 1342 591 ².
1377 538 1742 610 Quacumque
1774 555 1831 594 se

125 619 308 690 igitur
377 621 750 675 consideratio
803 604 995 678 nostra
1049 627 1410 694 converterit,
1472 627 1833 681 ineﬁ‘abiliter

129 709 485 763 laudandum
518 710 736 765 invenit
766 713 946 766 Deum
978 718 1309 768 naturarum
1344 716 1603 770 omnium
1632 717 1828 770 condi—

132 803 321 852 torem
354 798 658 868 optimum,
683 804 740 854 et
770 800 1287 856 administratorem
1311 804 1711 874 justissimum.

203 890 290 942 36.
354 889 672 954 Postremo,
723 892 786 942 ut
831 889 1226 960 relinquamus
1284 893 1831 964 contemplationem

127 975 579 1045 pulchritudinis
626 992 817 1030 rerum
849 976 918 1030 iis
959 979 1059 1049 qui
1100 996 1223 1033 eam
1255 979 1446 1035 divino
1478 998 1716 1036 munere
1747 983 1828 1036 vi-

127 1063 269 1116 dere
298 1068 560 1134 possunt,
592 1081 695 1118 nec
727 1081 822 1120 eos
850 1065 947 1137 qui
979 1084 1092 1122 non
1115 1074 1355 1138 possunt
1378 1075 1397 1104 ³
1423 1071 1492 1125 ad
1518 1070 1826 1126 ineffabilia

122 1152 456 1206 contuenda
489 1152 672 1206 verbis
720 1169 995 1208 conemur
1038 1156 1340 1223 adducere,
1373 1162 1428 1212 et
1472 1163 1667 1213 tamen
1696 1176 1828 1230 pro-

119 1245 257 1310 pter
304 1240 573 1312 loquaces
621 1246 719 1296 aut
764 1241 1024 1298 inﬁrmos
1068 1250 1166 1299 aut
1215 1245 1519 1300 insidiosos
1569 1247 1827 1301 homines

120 1333 345 1383 tantam
411 1329 786 1401 quaestionem
850 1331 1181 1389 brevissima
1245 1336 1634 1407 complexione
1691 1353 1821 1407 per-

121 1434 386 1488 agamus.

123 1506 356 1561 CAPUT
376 1507 518 1561 XIII.
548 1537 615 1548 —
645 1511 731 1563 Ex
753 1514 1014 1564 creatura:
1038 1515 1378 1581 corruptione
1403 1516 1452 1566 et
1471 1528 1538 1566 ex
1563 1515 1684 1566 vitii
1710 1513 1826 1582 ejus

377 1598 772 1664 vituperatione
802 1597 1012 1653 bonitas
1053 1601 1228 1668 ipsius
1257 1601 1576 1655 ostenditur.

199 1683 399 1737 Omnis
445 1687 649 1738 natura
687 1702 814 1756 qua:
861 1686 1049 1740 minus
1089 1687 1240 1741 bona
1286 1688 1409 1742 ﬁeri
1441 1692 1646 1758 potest,
1680 1688 1830 1742 bona

123 1776 213 1826 est
237 1789 250 1838 ;
282 1777 336 1826 et
363 1773 552 1826 omnis
573 1779 777 1828 natura
795 1775 932 1829 dum
952 1776 1556 1846 corrumpitur,rninus
1574 1777 1723 1831 bona
1741 1778 1822 1832 ﬁt.

122 1862 241 1914 Aut
265 1861 418 1915 enim
440 1878 554 1915 non
579 1863 631 1916 ei
659 1866 823 1918 nocet
844 1864 1158 1934 corruptio,
1193 1871 1381 1919 etnon
1411 1866 1823 1937 corrumpitur;

121 1953 227 2003 aut
258 1949 305 2002 si
334 1950 742 2021 corrumpitur,
791 1956 960 2006 nocet
1007 1952 1060 2006 ei
1107 1954 1397 2024 corruptio
1431 1971 1444 2008 :
1479 1958 1537 2009 et
1565 1955 1610 2008 si
1640 1959 1826 2025 nocet,

120 2037 341 2092 minuit
373 2039 588 2110 aliquid
619 2040 687 2094 de
718 2041 868 2094 bono
894 2041 1036 2111 ejus,
1068 2045 1122 2095 et
1145 2058 1268 2096 eam
1301 2043 1488 2097 minus
1519 2043 1727 2097 bonam
1752 2045 1829 2098 fa-

120 2127 220 2181 cit.
248 2128 392 2181 Nam
431 2127 478 2180 si
507 2127 738 2198 penitus
769 2145 892 2184 eam
927 2129 1112 2200 privat
1149 2131 1306 2184 omni
1350 2132 1524 2198 bono,
1549 2132 1828 2204 quidquid

119 2215 251 2286 ejus
279 2217 618 2285 remanebit,
645 2218 766 2288 jam
793 2219 1085 2290 corrumpi
1114 2237 1230 2274 non
1260 2221 1499 2290 poterit;
1535 2221 1669 2288 quia
1698 2223 1826 2277 nul-

121 2305 249 2358 lum
280 2305 390 2359 erit
430 2305 646 2360 bonum
688 2307 848 2376 cujus
880 2308 1240 2379 ademptione
1271 2309 1447 2379 possit
1475 2327 1677 2364 nocere
1706 2327 1827 2365 cor-

126 2391 325 2462 ruptio
360 2409 372 2446 :
409 2392 500 2447 cui
531 2397 720 2448 autem
754 2411 869 2448 non
898 2399 1084 2466 potest
1114 2411 1319 2450 nocere
1359 2397 1666 2468 corruptio,
1711 2415 1827 2452 non

125 2481 539 2552 corrumpitur.
591 2483 768 2536 Porro
826 2487 1028 2538 natura
1080 2501 1208 2556 quae
1256 2501 1374 2539 non
1424 2487 1826 2558 corrumpitur,

125 2569 582 2640 incorruptibilis
639 2575 722 2624 est
769 2588 781 2625 :
833 2573 940 2626 erit
982 2589 1119 2644 ergo
1169 2579 1392 2638 natura,
1445 2575 1593 2645 quod
1635 2576 1827 2629 absur-

125 2658 430 2712 dissimum
481 2663 564 2713 est
612 2659 817 2727 dicere,
873 2661 1240 2732 corruptione
1297 2661 1441 2716 facta
1483 2662 1825 2733 incorrupti-

121 2747 280 2801 bilis.
327 2747 688 2818 Quapropter
731 2750 880 2820 quod
920 2750 1211 2804 verissime
1251 2750 1476 2818 dicitur,
1509 2752 1696 2806 omnis
1726 2769 1829 2806 na-

122 2842 256 2890 tura
286 2836 345 2890 in
369 2841 647 2908 quantum
673 2842 874 2891 natura
895 2843 998 2903 est,
1024 2839 1174 2892 bona
1193 2843 1277 2892 est
1305 2857 1316 2892 :
1344 2839 1478 2910 quia
1505 2839 1551 2892 si
1574 2839 1829 2893 incorru-

119 2925 346 2996 ptibilis
378 2931 481 2992 est,
535 2925 739 2979 melior
779 2931 863 2980 est
894 2943 1069 2996 quam
1109 2926 1522 2998 corruptibilis;
1559 2927 1604 2980 si
1635 2932 1826 2982 autem

122 3014 523 3084 corruptibilis
568 3020 672 3083 est,
719 3013 994 3085 quoniam
1036 3015 1174 3070 dum
1221 3015 1608 3086 corrumpitur
1638 3016 1828 3070 minus

119 3103 273 3158 bona
330 3103 415 3168 ﬁt,
475 3103 595 3158 sine
647 3103 1004 3158 dubitatione
1042 3103 1193 3159 bona
1241 3109 1340 3158 est.
1393 3104 1590 3159 Omnis
1637 3109 1826 3159 autem

119 3195 332 3245 natura
362 3195 462 3246 aut
493 3191 880 3263 corruptibilis
913 3197 1017 3259 est,
1059 3197 1158 3247 aut
1185 3193 1654 3264 incorruptibilis.
1687 3194 1824 3248 Om-

118 3282 214 3334 nis
243 3297 378 3351 ergo
415 3286 619 3336 natura
647 3281 799 3336 bona
831 3287 912 3335 est
945 3299 957 3336 :
992 3286 1255 3337 naturam
1285 3299 1422 3336 voco
1453 3299 1581 3353 quin
1611 3287 1668 3338 et
1693 3283 1826 3338 sub-

123 3368 338 3422 stantia
353 3369 464 3424 dici
493 3369 859 3425 solet.Omnis
878 3369 1055 3441 igitur
1074 3371 1390 3426 substantia
1418 3375 1518 3424 aut
1540 3371 1707 3437 Deus,
1731 3373 1828 3423 aut

121 3475 194 3512 ex
227 3459 378 3525 Deo;
412 3459 549 3529 quia
580 3476 748 3514 omne
776 3459 993 3514 bonum
1022 3465 1121 3514 aut
1149 3462 1316 3527 Deus,
1343 3463 1443 3514 aut
1462 3477 1528 3514 ex
1555 3460 1691 3515 Deo.

197 3549 286 3601 37.
339 3547 554 3611 Quibus
603 3547 926 3602 constitutis
955 3553 1126 3620 atque
1173 3548 1415 3603 firmatis
1462 3552 1735 3619 tanquam
1766 3546 1826 3600 in

121 3633 313 3705 capite
370 3634 819 3690 ratiocinationis
877 3641 1109 3706 nostrre,
1159 3637 1387 3691 attende
1435 3636 1572 3706 quid
1619 3635 1821 3689 dicam.

122 3723 326 3778 Omnis
356 3727 562 3778 natura
582 3723 1031 3788 rationalis,cum
1057 3725 1239 3779 libero
1259 3723 1568 3778 voluntatis
1589 3721 1825 3776 arbitrio

121 3811 377 3878 condita,
402 3811 447 3864 si
477 3816 672 3866 manet
700 3811 758 3866 in
789 3812 1027 3866 fruendo
1058 3829 1282 3868 summo
1313 3816 1482 3883 atque
1505 3811 1824 3864 incommu-

118 3900 285 3956 tabili
316 3901 493 3966 bono,
526 3901 725 3970 procul
746 3900 920 3955 dubio
939 3901 1223 3956 laudanda
1253 3905 1364 3968 est;
1398 3904 1449 3954 et
1479 3899 1665 3954 omnis
1696 3915 1825 3970 quas

120 3989 309 4045 tendit
343 3993 408 4042 ut
433 3989 861 4058 maneat,etiam
894 3989 1016 4061 ipsa
1043 3990 1331 4045 laudanda
1359 3993 1444 4043 est
1471 4006 1484 4043 :
1513 3988 1699 4042 omnis
1730 4003 1826 4042 au-

117 4083 241 4133 tem
275 4093 403 4150 qua:
439 4093 559 4132 non
590 4077 648 4131 in
681 4094 748 4133 eo
779 4083 992 4148 manet,
1025 4083 1081 4134 et
1112 4095 1227 4134 non
1258 4078 1377 4132 vult
1405 4093 1574 4149 agere
1607 4081 1670 4131 ut
1698 4093 1824 4131 ma-

119 4166 342 4233 neat,in
361 4171 643 4238 quantum
663 4166 741 4220 ibi
765 4183 882 4222 non
903 4172 1068 4236 est,et
1093 4168 1155 4222 in
1184 4171 1462 4240 quantum
1492 4183 1608 4222 non
1632 4165 1689 4221 id
1707 4167 1827 4238 agit

121 4259 188 4309 ut
216 4254 296 4308 ibi
326 4254 413 4320 sit,
446 4255 826 4326 vituperanda
855 4261 953 4310 est.
982 4256 1037 4312 Si
1069 4273 1204 4327 ergo
1233 4257 1503 4312 laudatur
1533 4254 1825 4310 rationalis

121 4347 333 4397 natura
379 4359 508 4412 quae
557 4346 641 4396 est
669 4342 835 4411 facta,
866 4359 1038 4398 nemo
1072 4343 1296 4398 dubitat
1323 4342 1674 4398 laudandum
1704 4358 1824 4396 esse

123 4430 228 4502 qui
259 4429 416 4498 fecit;
447 4435 504 4485 et
527 4430 574 4484 si
605 4431 977 4502 vituperatur,
1015 4448 1182 4486 nemo
1213 4431 1435 4486 dubitat
1463 4431 1585 4500 ejus
1621 4428 1824 4484 Condi-

123 4523 312 4572 torem
342 4517 400 4570 in
439 4518 562 4588 ipsa
591 4519 713 4590 ejus
749 4519 1169 4590 vituperatione
1206 4518 1448 4574 laudari.
1481 4519 1623 4573 Cum
1671 4516 1825 4572 enim

123 4609 434 4678 propterea
462 4606 854 4678 vituperamus
893 4609 1063 4678 hanc,
1095 4607 1368 4679 quoniam
1396 4622 1621 4660 summo
1653 4610 1710 4660 et
1735 4605 1824 4659 in-

123 4695 528 4750 commutabili
558 4696 729 4764 bono,
761 4697 820 4752 id
850 4701 932 4752 est
963 4699 1229 4754 Creatore
1261 4713 1362 4751 suo
1393 4695 1508 4750 frui
1539 4711 1656 4749 non
1682 4695 1820 4762 vult,

122 4817 283 4871 nulla
310 4821 416 4882 est;
446 4832 564 4880 qua:
603 4819 758 4869 lectio
785 4821 838 4869 in
868 4821 1098 4871 editione
1122 4822 1248 4870 Lov.
1277 4821 1343 4870 ad
1367 4820 1659 4882 marginem
1684 4817 1826 4882 haud

125 4885 266 4931 recte
286 4880 480 4948 rejects
503 4885 599 4941 est,
622 4895 742 4948 cum
768 4883 1357 4948 disjunctivaparticula
1379 4880 1709 4948 sivegindicet
1726 4880 1827 4928 hoc

122 4957 247 5010 ess_e_
294 4943 592 5010 membrum
644 4943 866 4994 alterum
919 4943 1219 5010 Oppositum
1260 4945 1533 5010 superiori,
1578 4946 1692 4994 sive
1729 4956 1828 5006 per

121 5005 308 5056 nullas
331 5005 529 5068 adihoc
554 5006 752 5068 ipsum.

194 5070 211 5103 1
236 5068 297 5115 In
331 5065 602 5117 codicibus
631 5069 867 5130 quinque
902 5072 1121 5121 vetustis
1147 5085 1244 5121 nec
1273 5069 1546 5120 deterioris
1571 5070 1710 5117 notae
1738 5065 1828 5116 11a-

123 5133 298 5200 betu_r_-,
329 5130 644 5200 quantttibet
668 5130 932 5181 muneris.
991 5193 1006 5200 _
1233 5194 1248 5200 _
1429 5193 1460 5200 __
1562 5193 1600 5200 _
1793 5190 1804 5200 ,

189 5193 212 5227 ²
238 5191 412 5263 Etet.
436 5192 580 5250 ιονρν
601 5205 947 5263 summm.
969 5193 1306 5263 damnandos
1331 5193 1540 5263 mj‘l’PS-
1560 5191 1830 5263 Expssxi-

123 5268 247 5326 mus
261 5252 492 5364 dmultos,
524 5252 648 5317 quia
691 5252 972 5316 redundat,
1012 5257 1261 5320 abestque
1295 5271 1326 5307 ε.
1369 5256 1493 5306 Bad.
1523 5259 1578 5305 et
1615 5252 1658 5304 a
1691 5254 1820 5302 Mss.

124 5329 254 5364 auin
297 5329 448 5364 eeim.

124 5329 463 5444 ψέξῐὲἕὶἶέαᾷ
495 5377 617 5426 Mss.
647 5377 883 5444 plerique
909 5383 1090 5444 carent
1113 5380 1225 5429 istis
1253 5381 1444 5444 verbis,
1473 5381 1564 5444 qui
1590 5390 1698 5428 non
1711 5390 1830 5444 pos-

124 5445 265 5498 sunt,
289 5454 410 5503 quae
439 5439 870 5504 huc_revocanda
897 5442 1198 5504 putavimus
1227 5457 1256 5491 e
1291 5439 1658 5493 codice'altero
1706 5439 1828 5490 Sor-

127 5501 324 5552 bonieo
347 5506 400 5552 et
432 5516 496 5551 ex
521 5501 638 5551 aliis
663 5503 891 5552 duobus.

441 5600 717 5665 PATROL.
770 5600 1014 5666 XXXII.

1599 236 1806 293 LIBER
1849 238 2170 296 TERTIUS.

3505 255 3639 308 1290

1946 364 2110 418 illum
2139 364 2258 421 sine
2286 367 2401 422 ulla
2431 369 2784 424 dubitatione
2819 371 3136 428 laudamus.
3174 375 3461 440 Quantum
3505 395 3641 449 ergo

1943 452 2180 520 bonum,
2214 459 2267 509 et
2296 473 2467 527 quam
2495 459 2576 512 vel
2610 459 2975 513 ineﬁ‘abiliter
3005 461 3215 532 linguis
3244 465 3532 532 omnibus,
3553 470 3638 522 vel

1943 540 2311 598 ineffabiliter
2356 547 2797 616 cogitationibus
2840 549 3107 604 omnibus
3155 553 3556 622 praedicandus
3585 561 3643 610 et

1942 631 2314 686 honorandus
2367 639 2451 687 est
2504 641 2724 690 creator
2780 637 3036 692 omnium
3086 640 3253 705 Deus,
3307 641 3430 694 sine
3479 643 3640 712 cujus

1942 719 2110 774 laude
2152 737 2255 774 nec
2301 722 2524 776 laudari
2566 741 2888 794 possumus,
2953 744 3053 781 nec
3105 729 3448 798 vituperari!
3515 733 3639 784 Non

1942 808 2096 862 enim
2125 809 2433 881 vituperari
2462 829 2762 882 possumus
2795 814 2930 884 quia
2967 815 3024 869 in
3051 833 3118 871 eo
3159 833 3274 871 non
3313 835 3634 885 manemus,

1942 896 2050 950 nisi
2092 897 2227 968 quia
2268 914 2542 970 magnum
2589 905 2646 953 et
2675 917 2962 955 summum
2997 907 3050 955 et
3079 905 3333 973 primum
3376 911 3637 960 nostrum

1939 984 2156 1039 bonum
2189 991 2272 1040 est
2303 1003 2534 1042 manere
2565 987 2621 1041 in
2648 988 2743 1042 illo
2779 1005 2791 1041 :
2825 991 2973 1043 unde
3006 995 3193 1046 autem
3226 993 3470 1059 hoc,nisi
3503 995 3639 1065 quia

1940 1072 2036 1127 ille
2068 1073 2351 1128 ineffabile
2383 1076 2597 1129 bonum
2623 1075 2749 1130 est?
2769 1077 2908 1140 Quid
2943 1095 3076 1149 ergo
3110 1080 3350 1136 inveniri
3379 1087 3563 1154 potest
3581 1083 3640 1138 in

1940 1162 2150 1216 nostris
2171 1163 2418 1233 peccatis
2439 1165 2699 1218 undeille
2722 1165 3336 1239 vituperetur,quando
3358 1171 3640 1242 vitupera-

1940 1250 2016 1304 tio
2048 1256 2410 1320 peccatorum
2445 1257 2768 1306 nostrorum
2791 1255 2950 1307 nulla
2970 1256 3190 1322 est,nisi
3221 1257 3312 1311 ille
3339 1259 3641 1314 laudetur?

2011 1341 2096 1392 38.
2121 1340 2287 1403 Quid,
2322 1341 2474 1411 quod
2507 1341 2678 1396 etiam
2709 1341 2768 1395 in
2791 1342 2928 1412 ipsis
2955 1344 3124 1398 rebus
3153 1362 3279 1415 qua:
3310 1346 3637 1418 vituperan-

1939 1431 2048 1492 tur,
2080 1429 2293 1482 nullius
2322 1429 2682 1500 vituperatur
2729 1431 2840 1484 nisi
2884 1432 3132 1487 vitium?
3179 1435 3401 1489 Nullius
3446 1441 3637 1492 autem

1938 1513 2296 1586 vituperatur
2334 1515 2561 1583 vitium,
2611 1517 2719 1570 nisi
2759 1518 2920 1588 cujus
2961 1523 3165 1574 natura
3196 1521 3478 1577 laudatur.
3529 1526 3642 1578 Aut

1939 1602 2091 1657 enim
2138 1604 2449 1658 secundum
2483 1610 2746 1659 naturam
2785 1611 2870 1660 est
2902 1609 3057 1678 quod
3087 1610 3408 1680 vituperas;
3440 1615 3495 1665 et
3525 1629 3640 1666 non

1939 1695 2024 1745 est
2047 1691 2274 1760 vitium,
2304 1697 2482 1762 tuque
2524 1694 2706 1763 magis
2746 1696 3131 1750 emendandus
3160 1714 3238 1757 es,
3271 1703 3336 1752 ut
3367 1704 3516 1754 recte
3557 1701 3641 1754 vi-

1938 1783 2206 1850 tuperare
2226 1780 2470 1847 noveris,
2488 1798 2657 1852 quam
2678 1782 2818 1836 illud
2839 1784 2992 1853 quod
3016 1801 3130 1838 non
3143 1791 3294 1840 recte
3317 1787 3635 1858 vituperas;

1941 1872 2038 1921 aut
2090 1867 2136 1920 si
2183 1868 2388 1922 vitium
2444 1873 2546 1935 est,
2594 1873 2658 1923 ut
2702 1874 2850 1924 recte
2895 1872 3208 1942 vituperari
3238 1874 3432 1944 possit;
3466 1876 3636 1929 etiam

1938 1960 2130 2011 contra
2161 1962 2426 2011 naturam
2457 1958 2528 2011 sit
2560 1974 2784 2012 necesse
2819 1963 2920 2014 est.
2957 1961 3135 2015 Omne
3167 1961 3380 2032 quippe
3409 1963 3634 2032 vitium,

1939 2061 2006 2099 eo
2040 2044 2161 2115 ipso
2193 2062 2306 2116 quo
2337 2044 2540 2099 vitium
2583 2049 2687 2112 est,
2721 2055 2919 2100 contra
2961 2052 3226 2102 naturam
3257 2054 3360 2103 est.
3391 2050 3450 2103 Si
3480 2051 3634 2106 enim

1940 2138 2157 2188 naturae
2184 2151 2302 2188 non
2331 2137 2516 2200 nocet,
2544 2150 2650 2188 nec
2681 2135 2881 2189 vitium
2904 2139 3015 2204 est;
3041 2137 3087 2190 si
3107 2142 3296 2192 autem
3315 2139 3450 2210 quia
3469 2144 3639 2195 nocet

1940 2219 2069 2274 ideo
2102 2221 2303 2274 vitium
2337 2225 2440 2288 est,
2473 2221 2601 2276 ideo
2630 2221 2831 2276 vitium
2865 2229 2951 2278 est
2979 2225 3115 2295 quia
3143 2232 3339 2281 contra
3369 2231 3634 2283 naturam

1941 2313 2041 2363 est.
2075 2309 2232 2373 Quod
2265 2309 2311 2363 si
2352 2326 2466 2364 non
2500 2327 2623 2377 suo,
2674 2311 2771 2365 sed
2805 2311 2990 2366 alieno
3035 2313 3173 2368 vitio
3216 2313 3406 2386 aliqua
3434 2321 3638 2371 natura

1939 2399 2347 2466 corrumpitur,
2397 2398 2606 2470 injuste
2655 2400 3032 2471 vituperatur,
3068 2407 3124 2457 et
3149 2405 3522 2474 quaarendum
3553 2412 3639 2460 est

1939 2491 2135 2540 utrum
2179 2487 2277 2540 illa
2331 2492 2534 2541 natura
2581 2503 2696 2541 non
2725 2494 3125 2561 corrumpatur
3153 2492 3288 2546 vitio
3321 2510 3442 2558 suo,
3477 2495 3638 2564 cujus

1937 2573 2074 2628 vitio
2130 2574 2317 2646 potuit
2366 2575 2554 2630 aliena
2604 2581 2806 2631 natura
2853 2579 3164 2650 corrumpi.
3216 2581 3325 2636 Sed
3369 2582 3506 2652 quid
3555 2587 3640 2636 est

1939 2663 2095 2718 aliud
2139 2663 2346 2731 vitiari,
2395 2665 2505 2718 nisi
2534 2664 2670 2718 vitio
2703 2666 3032 2737 corrumpi?
3072 2670 3248 2722 Porro
3275 2673 3478 2723 natura
3510 2685 3637 2740 quae

1939 2767 2054 2804 non
2097 2750 2350 2819 vitiatur,
2395 2756 2548 2806 caret
2593 2752 2732 2806 vitio
2777 2768 2788 2809 :
2841 2755 3002 2824 cujus
3047 2760 3240 2810 autem
3285 2757 3421 2810 vitio
3453 2757 3640 2813 aliena

1940 2843 2142 2892 natura
2175 2839 2582 2910 corrumpitur,
2635 2839 2804 2895 habet
2838 2842 3033 2913 utique
3060 2843 3281 2898 vitium.
3315 2845 3476 2899 Prior
3503 2862 3637 2916 ergo

1939 2924 2137 2979 vitiosa
2166 2931 2272 2992 est,
2321 2930 2377 2979 et
2421 2927 2583 2996 prior
2612 2927 3002 2998 corrumpitur
3028 2930 3165 2984 vitio
3194 2947 3318 2998 suo,
3360 2933 3520 3002 cujus
3549 2933 3632 2986 vi-

1939 3013 2018 3067 tio
2058 3013 2169 3068 alia
2215 3031 2446 3086 quoque
2489 3016 2776 3086 corrumpi
2823 3022 3027 3087 potest.
3066 3019 3138 3072 Ex
3170 3035 3283 3090 quo
3324 3020 3634 3091 colligitur,
3698 3088 3708 3098 ν

1938 3105 2136 3156 contra
2165 3106 2427 3156 naturam
2460 3118 2580 3164 esse
2608 3118 2780 3156 omne
2810 3103 3034 3171 vitium,
3068 3104 3242 3160 etiam
3272 3106 3394 3176 ejus
3423 3106 3507 3160 rei
3536 3122 3633 3161 cu-

1932 3191 2028 3262 jus
2068 3195 2152 3245 est
2197 3190 2419 3245 vitium.
2465 3191 2842 3263 Quapropter,
2875 3194 3151 3264 quoniam
3181 3194 3240 3249 in
3270 3211 3633 3267 quacumque

1939 3295 1998 3333 re
2026 3296 2143 3334 non
2172 3279 2529 3349 vituperatur
2556 3279 2667 3333 nisi
2697 3279 3053 3349 vitium,ideo
3083 3286 3272 3337 autem
3295 3283 3498 3338 vitium
3528 3289 3633 3353 est,

1938 3369 2074 3439 quia
2119 3371 2316 3422 contra
2362 3372 2628 3422 naturam
2668 3368 2789 3439 ejus
2833 3369 2918 3424 rei
2956 3374 3041 3425 est
3086 3371 3248 3442 cujus
3295 3375 3380 3426 est
3408 3372 3632 3439 vitium,

1939 3456 2150 3511 nullius
2203 3456 2281 3510 rei
2328 3460 2478 3511 recte
2528 3455 2886 3527 vituperatur
2921 3457 3148 3526 vitium,
3180 3459 3291 3514 nisi
3338 3460 3500 3531 cujus
3531 3477 3632 3514 na-

1937 3548 2066 3599 tura
2093 3545 2374 3600 laudatur.
2410 3546 2534 3599 Non
2587 3544 2741 3599 enim
2774 3545 2877 3600 tibi
2917 3551 3066 3602 recte
3096 3547 3157 3602 in
3184 3548 3322 3603 vitio
3352 3548 3633 3620 displicet,

1938 3632 2048 3687 nisi
2076 3633 2210 3704 quia
2237 3632 2399 3686 vitiat
2427 3633 2578 3704 quod
2605 3632 2665 3687 in
2694 3638 2900 3688 natura
2927 3635 3132 3705 placet.

2011 3723 2236 3778 CAPUT
2263 3723 2396 3777 XIV.
2423 3753 2490 3762 ——
2518 3724 2636 3780 Non
2665 3722 2840 3778 omnis
2871 3727 3142 3794 corruptio
3170 3727 3562 3796 vituperatione

2634 3810 2803 3879 digna
2832 3815 2928 3866 est.

2009 3901 2094 3953 39.
2128 3897 2448 3954 Videndum
2488 3901 2571 3952 est
2602 3897 2773 3953 etiam
2806 3899 2966 3964 illud,
3013 3905 3210 3956 utrum
3248 3917 3378 3957 vere
3412 3901 3634 3956 dicatur

1938 3987 2189 4060 aliquam
2210 3991 2473 4042 naturam
2493 3991 2719 4042 naturae
2739 3987 2975 4050 alterius
2993 3989 3129 4044 vitio
3156 3989 3630 4061 corrumpi,nullo

1937 4075 2205 4147 adjuncto
2237 4074 2374 4130 vitio
2425 4091 2547 4130 suo.
2596 4074 2653 4130 Si
2685 4075 2838 4130 enim
2867 4079 3070 4130 natura
3096 4094 3226 4148 quae
3253 4077 3470 4133 accedit
3500 4093 3633 4132 cum

1935 4159 2072 4214 vitio
2101 4175 2204 4214 suo
2234 4159 2306 4214 ad
2337 4158 2508 4212 aliam
2531 4160 3149 4231 corrumpendam,non
3175 4161 3235 4216 in
3265 4179 3331 4216 ea
3351 4161 3630 4232 corrupti-

1935 4249 2049 4303 bile
2077 4247 2292 4320 aliquid
2320 4247 2560 4316 invenit,
2582 4263 2700 4302 non
2722 4263 2847 4302 eam
2879 4250 3211 4321 corrumpit.
3237 4249 3296 4304 Si
3330 4254 3519 4305 autem
3542 4251 3630 4304 in-

1935 4337 2108 4402 venit,
2142 4336 2405 4407 adjuncto
2427 4336 2547 4407 ejus
2575 4336 2711 4391 vitio
2735 4337 3166 4408 corruptionem
3195 4338 3318 4410 ejus
3345 4342 3629 4409 operatur.

1936 4427 2232 4482 Potentior
2258 4425 2411 4480 enim
2453 4425 2523 4480 ab
2565 4425 2882 4481 inﬁrmiore
2927 4427 2974 4480 si
3005 4427 3292 4499 corrumpi
3320 4428 3483 4495 nolit,
3514 4444 3633 4483 non

1936 4514 2325 4586 corrumpitur
2377 4531 2390 4568 :
2437 4513 2482 4566 si
2513 4517 2704 4568 autem
2746 4514 2901 4582 velit,
2934 4515 3094 4585 prius
3121 4516 3323 4587 incipit
3364 4531 3466 4570 suo
3493 4516 3632 4570 vitio

1937 4603 2226 4674 corrumpi
2279 4619 2453 4674 quam
2509 4601 2712 4657 alieno.
2774 4603 3024 4673 Ailqualis
3073 4607 3264 4657 autem
3304 4603 3374 4658 ab
3426 4603 3634 4676 aequali

1935 4691 2312 4748 nihilominus
2340 4690 2388 4745 si
2419 4690 2712 4762 corrumpi
2731 4691 2894 4757 nolit,
2927 4707 3046 4745 non
3072 4695 3274 4762 potest.
3312 4693 3454 4746 Nam
3486 4708 3636 4764 quae-

1939 4796 2185 4852 cumque
2214 4783 2418 4834 natura
2448 4795 2578 4834 cum
2611 4778 2746 4833 vitio
2778 4778 2849 4833 ad
2880 4794 3005 4833 eam
3049 4795 3178 4850 quas
3211 4781 3331 4835 sine
3360 4781 3496 4834 vitio
3528 4784 3631 4848 est,

1937 4872 2002 4924 ut
2031 4871 2363 4938 corrumpat
2398 4867 2633 4935 accedit,
2679 4881 2747 4921 eo
2796 4865 2918 4938 ipso
2965 4883 3087 4922 non
3128 4868 3347 4924 accedit
3376 4868 3631 4940 aequalis,

1940 4957 2034 5012 sed
2063 4955 2348 5010 inﬁrmior
2369 4955 2507 5010 vitio
2538 4970 2662 5009 suo.
2682 4953 2739 5009 Si
2769 4970 2901 5009 vero
2930 4956 3224 5026 potentior
3243 4956 3636 5012 invalidiorem

1940 5043 2276 5114 corrumpit,
2305 5048 2405 5098 aut
2431 5043 2734 5114 utriusque
2763 5043 2900 5097 vitio
2933 5044 3016 5112 ﬁt,
3049 5044 3097 5098 si
3126 5045 3421 5116 utriusque
3462 5058 3636 5114 prava

1940 5133 2249 5204 cupiditate
2281 5133 2374 5200 ﬁt;
2420 5135 2517 5188 aut
2558 5132 2695 5186 vitio
2736 5132 3095 5204 potentioris,
3141 5134 3188 5188 si
3230 5139 3447 5187 natura!
3480 5135 3638 5186 tanta

1939 5221 2267 5295 praestantia
2296 5225 2396 5290 est,
2449 5226 2514 5277 ut
2544 5221 2870 5276 inferiorem
2900 5239 3069 5294 quam
3099 5221 3434 5292 corrumpit,
3464 5220 3636 5275 etiam

1940 5312 2141 5366 vitiosa
2163 5311 2468 5383 praecedat.
2496 5311 2633 5376 Quis
2657 5311 2810 5366 enim
2830 5317 2981 5366 recte
2999 5309 3406 5380 vituperaverit
3425 5309 3638 5362 fructus

1942 5406 2128 5468 terrm,
2158 5400 2310 5472 quod
2337 5400 2604 5456 homines
2635 5401 2717 5456 eis
2745 5417 2863 5456 non
2892 5404 3126 5454 utantur
3152 5399 3319 5465 bene,
3358 5398 3638 5467 corrupti-

1947 5507 2058 5562 que
2089 5490 2224 5544 vitio
2253 5507 2378 5555 suo,
2405 5495 2778 5560 corrumpant
2797 5505 2893 5543 eos
2914 5487 3197 5542 abutendo
3227 5486 3298 5541 ad
3321 5485 3637 5556 luxuriam;

2749 5598 3332 5678 (Qum-antemna)
