4074 6422
464 313 591 366 1291

460 450 591 489 cum
621 437 813 487 tamen
852 429 1109 485 dubitare
1153 425 1430 482 dementis
1455 425 1527 480 sit
1553 428 2005 497 praestantiorem
2038 444 2147 498 po-

460 522 876 590 tentioremque
922 535 1041 572 esse
1079 515 1326 570 hominis
1367 519 1630 568 naturam
1664 515 1834 570 etiam
1862 515 2145 583 vitiosam,

462 626 634 682 quam
666 625 781 663 non
809 607 1040 661 vitiasas
1066 620 1319 674 quasque
1348 603 1586 672 fruges?

530 701 618 753 40.
652 699 844 751 Potest
867 695 1038 749 etiam
1064 693 1188 746 ﬁeri
1215 697 1280 745 ut
1307 691 1559 762 aliquam
1587 691 1916 746 inferiorem
1945 695 2146 761 poten-

461 789 574 841 tior
587 789 788 840 natura
811 785 1151 850 corrumpat,
1190 783 1248 833 et
1266 779 1375 833 hoc
1401 779 1615 833 nullius
1637 796 1833 833 earum
1855 779 1990 832 vitio
2011 779 2143 832 ﬁat:

460 874 744 945 siquidem
773 869 972 924 vitium
990 869 1247 934 dicimus,
1281 867 1431 938 quod
1463 867 1877 936 vituperatione
1907 867 2148 938 dignum

460 969 561 1017 est.
593 960 726 1024 Quis
755 963 946 1012 autem
976 957 1064 1011 vel
1089 956 1368 1026 frugalem
1399 955 1691 1010 hominem
1722 955 1864 1009 nihil
1894 954 2049 1009 aliud
2077 955 2147 1008 de

456 1050 736 1120 frugibus,
761 1062 936 1118 quam
955 1045 1351 1117 supplementa
1370 1049 1590 1098 naturae
1613 1047 1630 1081 ί
1652 1044 2052 1115 quaaritantem
2071 1042 2150 1096 vi-

454 1144 720 1208 tuperare
752 1136 1084 1204 audeat,aut
1107 1133 1336 1188 easdem
1356 1133 1548 1204 fruges
1569 1133 1722 1204 quod
1752 1149 1861 1186 usu
1889 1132 2147 1186 ciborum

455 1227 574 1297 ejus
602 1223 1086 1294 corrumpantur?
1121 1223 1269 1275 Talis
1300 1221 1456 1276 enim
1487 1238 1590 1275 nec
1619 1220 1825 1276 usitate
1857 1220 2145 1290 corruptio

451 1313 678 1379 dicitur,
701 1311 835 1382 quia
857 1310 1104 1363 maxime
1134 1308 1253 1362 vitii
1275 1325 1487 1363 nomen
1513 1309 1657 1362 solet
1687 1325 1807 1362 esse
1832 1307 2142 1379 corruptio.

454 1403 596 1457 Nam
629 1405 684 1455 et
710 1399 853 1454 illud
873 1399 933 1452 in
964 1399 1134 1451 rebus
1154 1397 1316 1450 facile
1346 1396 1722 1450 animadverti
1751 1401 1956 1466 potest,
1989 1396 2146 1466 quod

451 1491 793 1560 plerumque
822 1487 881 1540 in
911 1485 1101 1539 nullos
1119 1500 1256 1538 usus
1284 1487 1306 1519 ²
1329 1484 1630 1555 explendae
1660 1484 1996 1555 indigentiae
2027 1502 2144 1537 suae

452 1583 657 1632 natura
703 1574 993 1647 potentior
1038 1571 1368 1626 inferiorem
1420 1572 1754 1642 corrumpit,
1796 1573 1883 1625 vel
1907 1572 2144 1643 justitizn

453 1667 654 1721 ordine
684 1665 821 1718 dum
850 1662 1098 1716 vindicat
1137 1661 1391 1731 culpam;
1428 1677 1491 1713 ex
1523 1677 1636 1731 qua
1667 1661 1864 1730 regula
1890 1660 2029 1714 illud
2058 1661 2142 1714 di-

450 1761 607 1810 ctum
637 1757 720 1808 est
746 1753 815 1806 ab
841 1751 1134 1821 Apostolo,
1167 1751 1228 1804 Si
1260 1752 1381 1817 quis
1413 1750 1668 1818 templum
1697 1751 1794 1802 Dei
1819 1751 2140 1818 corruperit,

449 1846 751 1912 corrumpet
793 1842 948 1894 illum
976 1842 1113 1892 Deus
1147 1838 1188 1907 (Ι
1219 1839 1340 1893 Cor.
1378 1855 1458 1906 ιιι,
1493 1837 1573 1907 Π)
1611 1853 1622 1890 :
1658 1837 1744 1890 vel
1777 1837 1977 1890 ordine
2015 1853 2142 1889 mu-

446 1932 712 1986 tabilium
742 1946 935 1984 rerum
975 1927 1082 1981 sibi
1125 1925 1450 1980 cedentium
1481 1925 1792 1979 secundum
1824 1926 1978 1995 leges
2008 1941 2140 1978 con-

447 2019 876 2091 gruentissimas
902 2033 1007 2088 pro
1030 2014 1275 2069 valentia
1295 2015 1568 2084 cujusque
1587 2013 1764 2082 partis
1789 2013 2142 2066 universitati

446 2109 623 2162 datas.
664 2108 855 2176 Neque
898 2104 1050 2158 enim
1094 2102 1142 2156 si
1195 2100 1533 2172 cujusquam
1572 2101 1766 2154 oculos
1798 2116 1897 2170 pro
1922 2105 2141 2154 natura:

447 2213 563 2250 suae
593 2194 826 2248 modulo
871 2191 1121 2246 ferenda:
1151 2189 1293 2243 lucis
1323 2188 1603 2242 invalidos
1649 2188 1731 2241 sol
1761 2187 1983 2257 fulgore
2014 2203 2138 2240 cor-

446 2287 800 2354 rumpat,aut
828 2281 899 2334 ad
927 2279 1262 2350 explendam
1281 2276 1659 2347 indigentiam
1681 2277 1768 2330 sui
1785 2275 2018 2329 luminis
2043 2292 2137 2329 eos

444 2376 795 2426 commutare
823 2368 1109 2439 putandus
1141 2371 1245 2434 est,
1274 2369 1372 2418 aut
1395 2364 1451 2417 id
1477 2364 1661 2417 facere
1685 2364 1803 2417 ullo
1827 2363 1962 2416 vitio
2001 2380 2133 2429 suo;

445 2466 543 2514 aut
563 2461 761 2513 saltem
784 2457 894 2528 ipsi
925 2455 1073 2509 oculi
1091 2451 1455 2523 vituperandi
1484 2456 1633 2518 sunt,
1667 2451 1800 2521 quia
1823 2455 1880 2504 et
1900 2450 2134 2504 domino

445 2565 546 2604 suo
575 2550 865 2602 cesserunt
895 2549 958 2599 ut
985 2546 1182 2597 contra
1208 2542 1392 2594 lucem
1418 2538 1798 2609 aperirentur,
1820 2544 1876 2592 et
1894 2538 2002 2608 ipsi
2023 2539 2136 2592 luci

442 2643 508 2692 ut
526 2639 1050 2707 corrumperentur.
1077 2629 1346 2685 Omnium
1366 2627 1544 2698 igitur
1562 2626 1994 2698 corruptionum
2017 2628 2135 2681 sola

443 2741 572 2797 qua:
603 2725 804 2779 vitiosa
835 2724 920 2776 est
956 2716 1242 2787 corruptio
1291 2720 1441 2768 recte
1475 2714 1830 2784 vituperatur
1863 2730 1876 2770 :
1910 2720 2131 2770 czeterze

442 2819 658 2880 autem,
687 2817 784 2866 aut
809 2825 881 2864 ne
905 2805 1294 2876 corruptiones
1324 2803 1553 2873 quidem
1587 2802 1844 2857 dicendas
1875 2809 2133 2869 sunt,aut

440 2907 589 2957 certe
620 2901 755 2972 quia
783 2898 998 2952 vitiosae
1028 2911 1142 2947 non
1165 2897 1314 2957 sunt,
1348 2891 1535 2961 digna:
1564 2890 1983 2962 vituperatione
2010 2909 2130 2947 esse

439 3007 554 3045 non
583 2992 842 3062 possunt.
873 2987 1012 3039 Nam
1043 2986 1098 3036 et
1125 2982 1247 3051 ipsa
1277 2979 1640 3050 vituperatio,
1675 2980 1828 3051 quod
1860 2981 1964 3035 soli
1993 2981 2127 3035 vitio

353 3077 364 3087 ’
437 3085 655 3150 parata,
680 3079 738 3132 id
759 3080 841 3130 est
872 3078 1003 3144 apta
1030 3075 1085 3124 et
1114 3069 1303 3123 debita
1341 3068 1434 3135 sit,
1466 3068 1598 3132 inde
1628 3069 1858 3123 traxisse
1893 3069 2126 3123 vocabu-

437 3169 558 3222 lum
588 3167 858 3233 creditur,
886 3169 950 3216 ut
976 3159 1317 3228 vituperatio
1343 3153 1648 3211 diceretur.

505 3257 595 3309 41.
652 3251 865 3306 Vitium
912 3251 1123 3313 autem,
1170 3244 1355 3298 dicere
1390 3258 1696 3312 coeperam,
1737 3259 1853 3296 non
1892 3242 2125 3298 aliunde

436 3344 652 3397 malum
690 3345 792 3406 est,
844 3337 953 3392 nisi
998 3337 1133 3407 quia
1163 3339 1380 3388 naturae
1410 3333 1738 3386 adversatur
1783 3333 1905 3403 ejus
1948 3332 2124 3402 ipsius

435 3435 520 3485 rei
544 3430 704 3500 cujus
733 3432 817 3481 est
845 3424 1067 3480 vitium.
1103 3423 1259 3476 Unde
1288 3420 1653 3474 manifestum
1679 3423 1764 3473 est
1791 3419 1937 3473 hanc
1975 3437 2124 3473 eam-

436 3521 568 3574 dem
597 3534 719 3572 rem
751 3516 910 3586 cujus
936 3513 1136 3567 vitium
1157 3511 1528 3580 vituperatur,
1561 3513 1764 3562 natura
1793 3525 1913 3562 esse
1932 3509 2124 3563 lauda-

434 3608 637 3672 bilem;
671 3605 750 3659 ita
779 3609 841 3657 ut
872 3601 1103 3657 omnino
1141 3601 1287 3653 hanc
1323 3598 1506 3668 ipsam
1536 3596 2011 3667 vituperationem
2039 3597 2121 3650 vi-

432 3696 664 3760 tiorum,
692 3697 1029 3747 naturarum
1057 3687 1286 3742 laudem
1317 3702 1436 3740 esse
1463 3686 1762 3747 fateamur,
1794 3701 1990 3739 earum
2022 3685 2124 3738 sci-

430 3784 564 3838 licet
593 3798 835 3854 quarum
856 3780 993 3834 vitia
1012 3778 1424 3848 vituperantur.
1449 3773 1591 3837 Quia
1613 3773 1769 3827 enim
1793 3774 1996 3827 vitium
2026 3790 2123 3827 na-

431 3879 575 3927 turae
625 3871 974 3934 adversatur,
1019 3872 1241 3921 tantum
1289 3863 1514 3918 additur
1543 3862 1778 3916 malitiae
1827 3863 2118 3928 vitiorum,

430 3967 711 4033 quantum
749 3965 1085 4015 naturarum
1135 3953 1450 4024 integritati
1479 3953 1777 4008 minuitur.
1812 3953 1949 4007 Cum
1982 3967 2118 4022 ergo

427 4053 714 4124 vituperas
743 4050 970 4116 vitium,
1016 4046 1077 4101 id
1105 4045 1357 4115 profecto
1405 4041 1604 4095 laudas
1633 4041 1793 4110 cujus
1817 4039 2118 4111 integrita-

426 4148 543 4197 tem
564 4140 848 4196 desideras
871 4154 885 4190 :
908 4136 1070 4206 cujus
1093 4129 1426 4198 autem,nisi
1444 4133 1666 4183 naturas
1691 4128 2120 4198 integritatem?

429 4233 642 4286 Natura
669 4229 822 4283 enim
850 4225 1242 4296 perfecta,non
1270 4219 1457 4273 solum
1495 4218 1654 4271 nulla
1680 4217 2115 4287 vituperatione,

428 4320 526 4374 sed
556 4321 728 4372 etiam
774 4315 942 4369 laude
985 4313 1046 4365 in
1081 4326 1182 4365 suo
1210 4323 1419 4379 genere
1449 4305 1622 4376 digna
1652 4310 1757 4360 est.
1790 4305 1949 4370 Quod
1981 4323 2115 4378 ergo

424 4405 762 4480 perfectioni
803 4407 1022 4457 naturae
1075 4399 1269 4453 deesse
1307 4393 1680 4466 perspexeris,
1730 4394 1790 4448 id
1841 4411 2006 4449 vocas
2034 4397 2114 4450 vi-

423 4499 592 4557 tium,
623 4494 759 4549 satis
788 4491 892 4546 tibi
922 4505 1047 4543 eam
1072 4488 1294 4558 placere
1323 4488 1664 4550 contestans,
1698 4499 1869 4553 quam
1899 4483 2116 4556 vitupe-

426 4585 645 4639 ratione
673 4576 1123 4652 imperfectionis
1153 4575 1274 4646 ejus
1302 4573 1475 4627 velles
1505 4588 1625 4626 esse
1657 4572 1985 4642 perfectam.

426 4673 649 4728 CAPUT
701 4671 808 4726 XV.
867 4698 936 4708 ——
999 4667 1246 4732 Defectus
1293 4667 1551 4718 creaturae
1597 4661 1746 4716 haud
1795 4677 2001 4730 semper
2036 4665 2115 4716 est

1110 4753 1416 4822 culpabilis.

490 4852 581 4905 42.
615 4847 674 4904 Si
719 4847 894 4918 igitur
941 4840 1282 4912 vituperatio
1326 4839 1596 4894 vitiorum
1625 4839 1882 4910 ipsarum
1912 4839 2105 4905 etiam,

422 4953 667 5010 quarum
712 4938 846 4989 sunt
885 4931 1044 5000 vitia,
1085 4933 1416 4983 naturarum
1451 4927 1621 4981 decus
1655 4926 2108 4996 dignitatemque

418 5025 799 5089 commendat,
830 5023 1041 5093 quanto
1069 5017 1251 5088 magis
1278 5018 1423 5070 Deus
1449 5015 1706 5070 conditor
1729 5013 1990 5068 omnium
2011 5030 2108 5067 na-

417 5121 677 5171 turarum
708 5112 880 5168 etiam
907 5110 965 5163 in
995 5123 1190 5162 earum
1222 5105 1371 5160 vitiis
1401 5103 1720 5158 laudandus
1749 5106 1862 5168 est;
1893 5117 2022 5154 cum
2053 5105 2108 5156 et

415 5206 522 5260 hoc
548 5204 617 5258 ab
643 5203 742 5256 illo
767 5200 1014 5255 habeant
1033 5195 1182 5268 quod
1203 5198 1421 5249 natura:
1443 5196 1594 5259 sunt,
1629 5195 1684 5244 et
1709 5190 1769 5243 in
1789 5195 2013 5244 tantum
2029 5191 2106 5244 vi-

412 5295 573 5349 tiosae
602 5293 735 5358 sint,
770 5291 832 5345 in
860 5293 1138 5360 quantum
1168 5285 1237 5338 ab
1271 5285 1391 5352 ejus
1421 5297 1534 5352 qua
1577 5280 1738 5334 factae.
1777 5285 1908 5334 sunt
1936 5285 1956 5315 ³
1985 5286 2101 5335 arte

477 5386 492 5417 1
520 5382 642 5430 Bad.
666 5381 750 5429 Er.
777 5385 829 5428 et
849 5379 969 5427 Mss.
1001 5375 1126 5432 duo,
1151 5371 1548 5421 sublevamenta
1572 5371 1795 5432 natum.

473 5447 494 5479 9
517 5443 738 5506 Vulgatii
762 5442 975 5506 habent,
1017 5442 1074 5485 in
1097 5430 1384 5484 nonnullos
1413 5443 1542 5480 usus
1570 5431 1636 5479 At
1664 5431 1806 5490 Mss.,
1836 5432 1892 5479 in
1915 5430 2099 5481 nullos

409 5504 987 5566 ususzamplectimur.
1115 5557 1133 5566 Δ
1203 5562 1212 5566 _
1396 5557 1407 5566 ι
1472 5554 1514 5566 η
1552 5555 1595 5566 _,
1772 5555 1787 5566 ,
1865 5557 1874 5565 ,

471 5554 670 5625 άΕάἱιὶ,
695 5554 757 5615 ab
781 5566 888 5626 ejus
907 5577 940 5613 a
961 5573 1070 5624 quo
1099 5557 1251 5623 factm
1279 5557 1428 5607 sunt.
1459 5554 1524 5604 At
1551 5555 1694 5617 Mss,
1730 5555 1796 5604 ab
1822 5557 1942 5617 ejus
1970 5569 2094 5619 qua-

1543 302 1634 356 DE
1675 303 1932 358 LIBERO
1972 302 2328 367 ARBITRIO,
2373 301 2426 357 S.
2470 301 2853 359 AUGUSTINI

3828 305 3958 355 129?

2258 427 2638 495 discedunt,et
2659 429 2720 483 in
2740 433 2963 484 tantum
2988 433 3139 483 recte
3167 429 3652 499 vituperentur,in
3672 432 3956 500 quantum

2257 532 2452 571 earum
2485 517 2830 588 vituperator
2859 522 3037 572 artem
3060 535 3173 589 qua
3202 518 3361 572 factae
3391 525 3523 571 sunt
3548 517 3722 583 videt,
3756 522 3824 571 ut
3854 517 3956 570 hoc

2254 605 2316 659 in
2354 605 2434 660 eis
2485 606 2787 676 vituperet,
2839 608 2995 677 quod
3041 607 3121 660 ibi
3148 623 3263 660 non
3292 605 3473 660 videt!
3511 607 3572 658 Et
3602 605 3648 658 si
3695 621 3787 658 ars
3833 606 3957 674 ipsa

2254 710 2358 764 per
2380 710 2553 766 quam
2576 695 2720 748 facta
2747 701 2878 748 sunt
2905 696 3118 762 omnia,
3151 696 3257 770 hoc
3285 699 3367 749 est
3397 711 3622 748 summa
3651 698 3708 748 et
3737 694 3955 747 incom-

2254 783 2542 837 mutabilis
2570 783 2860 853 Sapientia
2891 784 3010 850 Dei,
3032 800 3162 838 vere
3189 799 3524 854 summeque
3551 781 3833 845 est,sicuti
3851 787 3953 846 est,

2255 871 2469 941 respice
2501 882 2615 942 quo
2648 872 2845 926 tendat
2879 872 3160 943 quidquid
3190 871 3259 924 ab
3291 871 3390 925 illa
3418 871 3678 925 discedit.
3722 870 3832 934 Qui
3865 876 3952 923 ta-

2254 974 2388 1012 men
2417 959 2665 1013 defectus
2693 975 2810 1013 non
2841 964 2986 1012 esset
3015 959 3431 1030 vituperatione
3461 959 3691 1029 dignus,
3726 957 3842 1011 nisi
3874 975 3954 1010 es-

2254 1052 2341 1100 set
2387 1047 2757 1101 voluntarius.
2806 1047 3049 1101 Attende
3095 1047 3270 1117 enim,
3313 1064 3530 1118 quaeso,
3580 1052 3775 1100 utrum
3802 1052 3951 1100 recte

2251 1133 2539 1204 vituperes
2560 1136 2710 1205 quod
2740 1135 2821 1190 ita
2850 1140 2935 1189 est
2955 1135 3118 1189 sicuti
3142 1151 3263 1189 esse
3283 1135 3481 1189 debuit
3512 1151 3525 1188 :
3562 1151 3681 1188 non
3711 1135 3951 1205 opinor;

2252 1222 2350 1276 sed
2386 1222 2583 1294 utique
2625 1223 2781 1294 quod
2822 1240 2936 1277 non
2968 1224 3044 1278 ita
3074 1228 3158 1278 est
3185 1228 3249 1277 ut
3277 1223 3496 1280 debuit.
3541 1224 3722 1277 Nemo
3757 1230 3949 1276 autem

2251 1310 2436 1377 debet,
2470 1311 2623 1381 quod
2651 1328 2768 1366 non
2797 1313 3015 1382 accepit
3060 1329 3073 1367 :
3125 1316 3181 1366 et
3209 1311 3468 1383 quisquis
3502 1312 3692 1380 debet,
3724 1311 3816 1364 cui
3849 1312 3947 1365 de-

2251 1399 2366 1467 bet,
2397 1399 2506 1452 nisi
2543 1416 2577 1452 a
2626 1416 2739 1470 quo
2780 1401 2997 1470 accepit
3039 1405 3104 1454 ut
3131 1400 3371 1454 debeat?
3404 1401 3543 1454 Nam
3577 1405 3632 1453 et
3659 1417 3789 1471 quas
3825 1401 3946 1454 red-

2254 1486 2467 1540 duntur
2485 1488 2910 1558 translegando,
2941 1489 2994 1542 ei
3020 1489 3337 1542 redduntur
3357 1489 3455 1560 qui
3479 1489 3944 1558 translegaverat.

2253 1576 2319 1629 Et
2373 1576 2526 1646 quod
2583 1575 2929 1629 creditorum
2971 1576 3137 1646 justis
3193 1577 3608 1631 successoribus
3664 1577 3946 1645 redditur,

2250 1663 2388 1734 ipsis
2416 1664 2614 1734 utique
2639 1665 2894 1720 redditur
2925 1665 3130 1734 quibus
3160 1665 3250 1718 isti
3273 1666 3403 1735 jure
3429 1665 3949 1720 succedunt.Aliter

2250 1769 2367 1806 non
2391 1753 2656 1818 redditio,
2677 1753 2770 1807 sed
2802 1754 2979 1807 cessio
3003 1755 3088 1807 vel
3115 1753 3407 1816 admissio,
3431 1755 3520 1807 vel
3550 1753 3596 1807 si
3623 1753 3764 1824 quid
3793 1754 3946 1808 aliud

2250 1840 2583 1910 hujusmodi
2598 1840 2944 1894 nominanda
2966 1841 3437 1911 est.Quapropter
3450 1841 3643 1894 omnia
3663 1846 3947 1912 tempora-

2248 1925 2345 1992 lia,
2387 1943 2515 1997 quaa
2543 1928 2602 1981 in
2628 1928 2737 1981 hoc
2762 1945 2956 1982 rerum
2987 1929 3184 1983 ordine
3227 1929 3307 1984 ita
3339 1930 3522 1983 locata
3554 1933 3709 1997 sunt,
3744 1934 3808 1984 ut
3840 1931 3944 1983 nisi

2250 2014 2534 2078 deﬁciant,
2583 2032 2700 2070 non
2747 2017 2965 2086 possint
3024 2017 3329 2088 praeteritis
3372 2018 3565 2071 futura
3619 2019 3942 2085 succedere,

2248 2108 2312 2157 ut
2338 2107 2458 2157 tota
2486 2109 2813 2175 temporum
2843 2105 2903 2158 in
2933 2123 3034 2159 suo
3067 2123 3275 2176 genere
3305 2106 3670 2178 pulchritudo
3703 2123 3944 2177 peraga-

2247 2196 2360 2258 tur,
2393 2193 2798 2247 absurdissime
2817 2193 3058 2248 dicimus
3079 2211 3193 2248 non
3224 2195 3431 2249 debere
3461 2195 3723 2263 deficere.
3761 2195 3945 2259 Quan-

2246 2284 2368 2333 tum
2404 2280 2558 2334 enim
2587 2287 2945 2352 acceperunt,
2976 2287 3202 2336 tantum
3231 2286 3430 2352 agunt,
3465 2287 3522 2336 et
3549 2288 3776 2336 tantum
3810 2285 3944 2337 red-

2247 2368 2390 2422 dunt
2411 2368 2464 2422 ei
2486 2369 2579 2423 cui
2596 2370 2806 2424 debent
2825 2370 2976 2440 quod
2999 2375 3130 2424 sunt
3152 2370 3211 2424 in
3232 2375 3766 2442 quantumcumque
3789 2377 3942 2426 sunt.

2245 2456 2349 2520 Qui
2383 2457 2537 2511 enim
2568 2458 2719 2512 dolet
2762 2475 2828 2512 ea
2867 2458 3128 2525 deiicere,
3158 2475 3482 2513 sermonem
3515 2476 3684 2513 suum
3717 2465 3945 2529 oportet
3993 2503 4012 2516 .

2243 2545 2516 2606 attendat,
2550 2561 2683 2599 eum
2723 2550 2871 2599 certe
2916 2546 3107 2616 ipsum
3137 2547 3289 2616 quod
3314 2547 3424 2600 ista
3454 2547 3850 2618 conqueritur,
3898 2549 3942 2601 si

2235 2632 2456 2702 justum
2483 2638 2540 2687 et
2567 2651 2601 2686 a
2630 2633 2931 2704 prudentia
2968 2634 3287 2704 profectum
3321 2651 3441 2689 esse
3472 2635 3815 2704 arbitratur;
3845 2653 3939 2690 cu-

2234 2721 2329 2791 jus
2360 2721 2638 2775 sermonis
2661 2722 2812 2792 quod
2841 2723 2910 2776 ad
2941 2739 3146 2776 sonum
3169 2723 3292 2794 ejus
3324 2724 3594 2788 attinet,si
3615 2724 3744 2795 quis
3767 2742 3944 2779 unam

2239 2809 2573 2880 particulam
2619 2810 2836 2880 diligat,
2889 2827 2992 2864 nec
3038 2827 3162 2866 eam
3192 2812 3330 2866 velit
3367 2812 3584 2866 caeteris
3623 2814 3940 2869 deﬁciendo

2239 2898 2428 2951 locum
2459 2897 2615 2966 dare,
2647 2899 2854 2968 quibus
2882 2899 3287 2954 decedentibus
3318 2904 3375 2954 et
3404 2901 3844 2956 succedentibus
3864 2907 3938 2956 to-

2237 2989 2328 3039 tus
2377 2985 2474 3040 ille
2523 3002 2709 3040 sermo
2755 2987 3092 3055 contexitur,
3135 2987 3414 3042 mirabilis
3447 2989 3754 3044 dementiae
3779 2991 3935 3061 judi-

2239 3074 2477 3128 cabitur.

2304 3164 2393 3217 43.
2427 3163 2490 3216 In
2519 3162 2587 3216 iis
2616 3163 2793 3234 igitur
2814 3163 2984 3218 rebus
3015 3181 3144 3235 quae
3174 3164 3304 3219 ideo
3335 3165 3621 3227 deﬁciunt,
3653 3166 3794 3237 quia
3823 3185 3933 3222 non

2234 3250 2382 3303 ultra
2410 3267 2529 3304 esse
2561 3257 2922 3321 acceperunt,
2954 3255 3019 3305 ut
3046 3252 3161 3305 suis
3194 3253 3550 3324 temporibus
3579 3254 3776 3307 omnia
3801 3272 3931 3325 per-

2233 3343 2496 3408 agantur,
2525 3355 2694 3393 nemo
2738 3339 3024 3394 defectum
3059 3345 3213 3396 recte
3242 3342 3558 3412 vituperat;
3589 3341 3728 3412 quia
3757 3360 3931 3398 nemo

2232 3431 2419 3497 potest
2448 3427 2653 3494 dicere,
2690 3428 2897 3482 Debuit
2925 3444 3284 3498 permanere,
3308 3445 3440 3484 cum
3461 3435 3721 3499 acceptas
3749 3437 3933 3486 metas

2231 3514 2470 3569 transire
2490 3531 2607 3569 non
2627 3520 2833 3586 posset.
2857 3518 2926 3569 In
2947 3517 3221 3571 creaturis
3247 3521 3440 3572 autem
3466 3517 3931 3588 rationabilibus,

2231 3603 2438 3674 quibus
2459 3603 2572 3658 sive
2593 3605 2959 3674 peccantibus
2981 3605 3093 3658 sive
3117 3621 3230 3659 non
3253 3606 3934 3676 peccantibus,universa-

2232 3691 2298 3746 lis
2315 3691 2678 3761 pulchritudo
2698 3692 2882 3746 modis
2901 3692 3432 3762 congruentissimis
3450 3695 3819 3763 terminatur,
3837 3702 3933 3751 aut

2229 3780 2386 3834 nulla
2401 3785 2630 3850 peccata
2643 3781 2949 3851 sunt,quod
2973 3781 3443 3836 absurdissimum
3463 3787 3547 3836 est
3559 3783 3747 3837 dicere
3765 3801 3778 3850 ;
3800 3802 3931 3855 pec-

2229 3873 2317 3923 cat
2347 3869 2500 3923 enim
2541 3870 2761 3937 saltem,
2808 3870 2910 3940 qui
2954 3871 3041 3924 vel
3086 3871 3321 3925 damnat
3351 3871 3511 3941 quasi
3537 3877 3769 3941 peccata
3801 3891 3933 3945 qua:

2228 3957 2386 4012 nulla
2412 3962 2544 4012 sunt
2590 3975 2602 4012 :
2651 3964 2749 4012 aut
2777 3974 2892 4012 non
2929 3964 3061 4013 sunt
3089 3958 3464 4030 vituperanda
3489 3966 3741 4030 peccata,
3777 3966 3930 4033 quod

2228 4045 2600 4100 nihilominus
2621 4047 2932 4101 absurdum
2953 4052 3037 4100 est
3062 4065 3072 4115 ;
3099 4047 3374 4119 incipient
3397 4049 3612 4120 quippe
3642 4067 3746 4104 nec
3777 4058 3932 4106 recte

2225 4133 2371 4189 facta
2394 4135 2632 4202 laudari,
2647 4139 2704 4189 et
2728 4139 2845 4189 tota
2864 4136 3190 4191 turbabitur
3212 4139 3480 4193 humana:
3510 4139 3715 4193 mentis
3737 4138 3931 4194 inten-

2225 4222 2621 4294 tio,vitamque
2643 4223 2931 4278 subvertet
2954 4241 2966 4278 :
2991 4231 3088 4279 aut
3108 4225 3526 4297 vituperabitur
3540 4228 3756 4282 factum
3774 4231 3930 4300 quod

2224 4311 2302 4365 ita
2324 4312 2536 4366 factum
2567 4315 2650 4365 est
2679 4317 2742 4366 ut
2770 4313 2990 4382 debuit,
3025 4319 3078 4368 et
3108 4315 3467 4370 exsecrabilis
3497 4315 3934 4383 insania,vel,ut

2223 4399 2419 4453 mitius
2443 4401 2662 4470 loquar,
2694 4416 2852 4454 error
2895 4401 3246 4456 miserrimus
3279 4403 3497 4457 orietur
3525 4420 3538 4457 :
3577 4409 3675 4457 aut
3701 4404 3749 4457 si
3776 4408 3933 4477 cogit

2221 4487 2512 4542 verissima
2557 4487 2720 4554 ratio,
2754 4488 2917 4542 sicuti
2947 4489 3115 4560 cogit,
3166 4495 3229 4544 ut
3267 4496 3323 4544 et
3363 4491 3763 4562 vituperentur
3794 4510 3928 4564 pec-

2221 4580 2362 4643 cata,
2410 4581 2465 4630 et
2507 4575 2788 4648 quidquid
2815 4583 2965 4632 recte
2995 4577 3349 4649 vituperatur
3379 4578 3507 4632 ideo
3538 4579 3930 4651 vituperetur,

2219 4664 2354 4735 quia
2400 4681 2515 4718 non
2563 4670 2648 4719 est
2695 4665 2773 4720 ita
2801 4670 2866 4721 ut
2896 4682 3016 4721 esse
3049 4667 3273 4733 debuit;
3321 4683 3514 4737 quaere
3545 4667 3686 4738 quid
3717 4669 3933 4724 debeat

2218 4755 2424 4805 natura
2478 4753 2774 4822 peccatrix,
2834 4757 2891 4807 et
2933 4751 3189 4806 invenies
3233 4758 3382 4807 recte
3430 4753 3676 4822 factum;
3727 4772 3931 4826 quaere
4011 4788 4013 4790 -

2217 4840 2307 4893 cui
2336 4841 2557 4907 debeat,
2603 4844 2661 4894 et
2693 4840 2946 4895 invenies
2995 4843 3194 4896 Deum.
3244 4845 3291 4896 Α
3339 4857 3453 4910 quo
3498 4843 3655 4896 enim
3704 4847 3934 4915 accepit

2214 4945 2380 5000 posse
2439 4935 2590 4984 recte
2645 4930 2829 4984 facere
2876 4946 3005 4984 cum
3052 4931 3208 4998 velit,
3257 4930 3328 4984 ab
3379 4947 3445 4984 eo
3476 4931 3694 5002 accepit
3743 4937 3809 4986 ut
3851 4935 3930 4988 sit

2215 5016 2387 5071 etiam
2415 5017 2624 5071 misera
2652 5018 2698 5070 si
2721 5033 2838 5070 non
2863 5017 3080 5084 fecerit,
3113 5022 3169 5071 et
3197 5018 3365 5072 beata
3395 5018 3441 5072 si
3466 5019 3686 5075 fecerit.

2283 5107 2376 5160 44.
2428 5106 2570 5169 Quia
2613 5105 2767 5158 enim
2811 5121 2979 5159 nemo
3022 5111 3255 5176 superat
3300 5108 3455 5177 leges
3500 5109 3930 5180 omnipotentis

2213 5193 2508 5260 Creatoris,
2556 5210 2673 5248 non
2717 5193 2926 5248 sinitur
2973 5195 3163 5249 anima
3193 5213 3308 5250 non
3343 5197 3584 5252 reddere
3629 5198 3921 5254 debitum.

2211 5285 2321 5336 Aut
2353 5283 2508 5337 enim
2540 5281 2726 5336 reddit
2771 5282 2916 5336 bene
2964 5286 3174 5338 utendo
3203 5286 3354 5355 quod
3385 5285 3619 5356 accepit,
3654 5293 3756 5342 aut
3790 5290 3926 5342 red-

2208 5371 2292 5425 dit
2318 5371 2630 5425 amittendo
2648 5388 2761 5442 quo
2793 5372 2937 5426 bene
2969 5375 3052 5426 uti
3087 5374 3288 5428 noluit.
3324 5375 3520 5445 Itaque
3552 5374 3598 5429 si
3628 5392 3748 5430 non
3784 5379 3924 5432 red-

2207 5459 2291 5514 dit
2320 5459 2578 5513 faciendo
2603 5459 3116 5529 justitiam,reddet
3136 5463 3406 5532 patiendo
3437 5463 3732 5519 miseriam
3754 5467 3924 5537 ;quia

2208 5548 2268 5602 in
2294 5552 2536 5618 utroque
2561 5549 2799 5604 verbum
2829 5549 2966 5604 illud
2998 5550 3175 5604 debiti
3205 5552 3512 5606 sonat.Hoc
3542 5554 3700 5608 enim
3734 5556 3921 5612 etiam
