4074 6374
169 295 307 347 1293

161 413 341 468 modo
368 413 480 468 dici
525 415 714 484 potuit
754 415 907 486 quod
939 415 1154 470 dictum
1186 421 1289 471 est.
1330 415 1387 471 Si
1414 433 1532 470 non
1562 417 1751 472 reddit
1783 417 1866 470 fa-

162 503 369 556 ciendo
395 503 551 573 quod
577 503 765 570 debet,
798 505 998 559 reddet
1019 505 1282 574 patiendo
1303 506 1451 576 quod
1475 506 1662 560 debet.
1699 507 1864 560 Nullo

164 595 359 645 autem
402 591 678 661 temporis
721 591 1018 647 intervallo
1077 593 1184 647 ista
1213 593 1565 655 dividuntur,
1599 599 1660 648 ut
1702 594 1864 664 quasi

164 678 280 733 alio
311 685 570 750 tempore
609 697 726 734 non
767 681 934 735 faciat
974 682 1129 752 quod
1159 683 1346 748 debet,
1379 687 1435 736 et
1462 683 1574 736 alio
1616 683 1867 753 patiatur

165 767 322 839 quod
363 769 554 839 debet,
593 785 667 824 ne
695 770 786 824 vel
815 777 1028 841 puncto
1057 771 1332 841 temporis
1360 771 1699 826 universalis
1727 773 1865 841 pul-

162 857 430 912 chritudo
458 862 744 929 turpetur,
770 864 832 912 ut
858 859 934 913 sit
953 860 1011 913 in
1037 875 1102 913 ea
1121 860 1335 930 peccati
1358 860 1603 914 dedecus
1623 861 1745 914 sine
1767 861 1864 914 de-

164 961 298 999 core
328 945 612 1000 vindictaz.
655 947 763 1001 Sed
808 947 869 1000 in
909 946 1165 1001 futurum
1187 946 1470 1018 judicium
1503 953 1757 1002 servatur
1794 947 1863 1000 ad

167 1033 700 1087 manifestationem
736 1039 906 1105 atque
945 1035 1014 1088 ad
1047 1035 1390 1089 acerrimum
1433 1052 1665 1090 sensum
1699 1035 1866 1088 mise-

167 1120 296 1186 riae,
337 1121 619 1192 quidquid
670 1138 825 1176 nunc
877 1123 1255 1177 occultissime
1311 1124 1650 1180 vindicatur.
1715 1123 1869 1178 Sicut

171 1208 332 1263 enim
372 1209 474 1280 qui
511 1225 627 1263 non
658 1209 878 1280 vigilat,
911 1211 1155 1278 dormit;
1189 1211 1268 1265 sic
1297 1212 1556 1282 quisquis
1590 1228 1707 1266 non
1735 1211 1868 1265 facit

168 1298 331 1368 quod
363 1298 548 1365 debet,
589 1299 711 1352 sine
749 1300 1048 1354 intervallo
1079 1300 1293 1370 patitur
1322 1301 1476 1371 quod
1506 1300 1693 1366 debet,
1725 1316 1866 1370 quo-

167 1387 327 1440 niam
372 1391 534 1441 tanta
579 1391 664 1440 est
716 1387 1009 1441 beatitudo
1057 1388 1310 1458 justitiae,
1363 1393 1426 1442 ut
1463 1405 1633 1442 nemo
1679 1389 1750 1442 ab
1803 1405 1870 1441 ea

168 1474 284 1528 nisi
314 1475 384 1529 ad
428 1474 719 1529 miseriam
757 1476 940 1545 possit
968 1477 1292 1530 abscedere.
1336 1478 1399 1530 In
1430 1477 1702 1530 omnibus
1731 1481 1867 1547 ergo

169 1562 506 1623 defectibus,
539 1569 638 1618 aut
668 1580 785 1618 non
831 1569 1170 1634 acceperunt
1209 1565 1359 1618 ultra
1389 1581 1508 1618 esse
1555 1581 1684 1635 qua:
1725 1565 1870 1618 deti-

168 1651 352 1721 ciunt,
382 1657 438 1706 et
464 1654 624 1707 nulla
651 1654 818 1724 culpa
845 1659 962 1720 est;
1004 1654 1147 1707 sicut
1174 1654 1347 1708 etiam
1379 1670 1511 1708 cum
1550 1657 1704 1719 sunt,
1735 1653 1872 1724 quia

167 1757 289 1796 non
334 1748 675 1813 acceperunt
721 1744 969 1814 amplius
1013 1761 1133 1798 esse
1171 1760 1345 1815 quam
1385 1749 1537 1813 sunt,
1581 1743 1871 1798 nihilomi-

167 1845 282 1884 nus
311 1832 472 1885 nulla
508 1832 677 1902 culpa
713 1836 834 1899 est;
884 1836 982 1886 aut
1035 1832 1241 1885 nolunt
1293 1848 1434 1898 esse,
1469 1833 1622 1902 quod
1666 1832 1713 1885 si
1758 1832 1873 1886 vel-

166 1921 314 1988 lent,
339 1936 458 1974 esse
489 1919 867 1991 acceperunt‘
893 1937 908 1987 ;
940 1925 999 1975 et
1025 1921 1160 1992 quia
1188 1921 1406 1976 bonum
1437 1926 1540 1988 est,
1569 1925 1760 1975 reatus
1786 1925 1872 1975 est

167 2007 220 2062 si
251 2008 452 2061 nolint.

245 2096 472 2151 CAPUT
508 2097 643 2152 XVI.
684 2127 754 2137 -——
796 2099 1019 2151 Peccata
1056 2101 1244 2151 nostra
1286 2099 1347 2151 in
1383 2099 1548 2151 Deum
1576 2096 1803 2162 refundi

875 2190 1162 2254 nequeunt.

245 2275 336 2329 45.
368 2275 515 2328 Deus
535 2278 726 2329 autem
748 2274 894 2328 nulli
915 2275 1084 2329 debet
1103 2273 1340 2344 aliquid,
1368 2273 1505 2344 quia
1529 2272 1723 2327 omnia
1743 2288 1870 2342 gra-

169 2362 321 2418 tuito
352 2367 606 2433 praestat.
632 2365 698 2418 Et
726 2364 772 2416 si
803 2363 1108 2435 quisquam
1131 2362 1280 2416 dicet
1304 2362 1376 2416 ab
1405 2362 1502 2416 illo
1534 2361 1748 2432 aliquid
1773 2360 1871 2415 de-

171 2450 298 2505 beri
328 2450 550 2505 meritis
591 2450 729 2516 suis,
774 2455 926 2504 certe
969 2455 1030 2504 ut
1059 2455 1226 2515 esset,
1272 2466 1390 2504 non
1437 2449 1492 2504 ei
1539 2449 1870 2503 debebatur.

174 2540 304 2593 Non
332 2539 487 2593 enim
531 2543 648 2593 erat
685 2539 778 2592 cui
819 2539 1138 2594 deberetur.
1175 2541 1239 2593 Et
1271 2543 1484 2604 tamen,
1517 2538 1671 2609 quod
1702 2538 1873 2592 meri-

175 2634 303 2682 tum
329 2633 413 2682 est
433 2627 684 2682 converti
707 2629 776 2682 ad
802 2645 934 2682 eum
963 2645 1029 2682 ex
1054 2644 1169 2699 quo
1199 2645 1258 2682 es
1285 2631 1326 2694 ³,
1358 2631 1421 2681 ut
1452 2643 1516 2681 ex
1545 2626 1669 2696 ipso
1700 2627 1870 2680 etiam

172 2717 382 2771 melior
411 2716 508 2786 sis,
540 2733 608 2771 ex
641 2733 756 2788 quo
785 2716 956 2770 habes
985 2721 1046 2770 ut
1087 2716 1163 2770 sis
1181 2717 1208 2770 ?
1236 2715 1381 2780 Quid
1412 2731 1548 2785 ergo
1577 2715 1630 2768 ei
1660 2731 1874 2785 primo-

177 2822 297 2876 gas,
326 2810 394 2860 ut
416 2809 692 2876 tauquam
716 2805 972 2859 debitum
1002 2821 1237 2874 poscas;
1267 2804 1496 2875 quando
1521 2803 1568 2856 si
1593 2804 1772 2856 nolles
1800 2802 1872 2856 ad

175 2911 312 2949 eum
342 2893 615 2958 converti,
651 2893 794 2946 nihil
826 2893 882 2946 ei.
922 2893 1161 2958 deesset,
1195 2893 1302 2947 tibi
1339 2897 1534 2946 autem
1569 2891 1709 2962 ipse,
1751 2891 1872 2944 sine

175 3000 292 3055 quo
323 2983 468 3037 nihil
497 2999 669 3052 esses,
701 2987 759 3036 et
784 2999 854 3038 ex
891 2999 1006 3054 quo
1035 2981 1114 3036 ita
1143 2999 1202 3036 es
1232 2981 1469 3052 aliquid,
1507 2985 1570 3034 ut
1599 2980 1710 3034 nisi
1739 2995 1872 3034 con-

174 3073 446 3127 vertendo
476 3076 531 3126 te
577 3073 646 3126 ad
692 3072 876 3137 illum,
910 3070 1224 3126 reddideris
1253 3070 1304 3124 ei
1337 3070 1487 3140 quod
1523 3069 1594 3123 ab
1632 3068 1755 3138 ipso
1786 3085 1870 3137 es,

175 3179 294 3216 non
325 3162 556 3232 quidem
584 3161 748 3227 nihil,
781 3161 880 3216 sed
911 3160 1085 3214 miser
1104 3165 1295 3213 tamen
1317 3159 1476 3213 eris?
1499 3158 1704 3213 Omnia
1732 3173 1870 3226 ergo

175 3251 263 3305 illi
294 3251 523 3316 debent,
546 3249 733 3320 primo
761 3248 1036 3320 quidquid
1068 3252 1219 3315 sunt,
1251 3247 1312 3301 in
1342 3251 1622 3317 quantum
1651 3249 1872 3299 natura:

177 3344 354 3393 sunt:
387 3337 594 3392 deinde
622 3337 904 3408 quidquid
932 3336 1136 3390 melius
1165 3339 1406 3406 possunt
1439 3350 1558 3388 esse
1598 3334 1646 3388 si
1671 3333 1870 3403 velint,

179 3441 561 3498 quascumque
591 3429 932 3496 acceperunt
959 3428 1024 3478 ut
1050 3424 1262 3491 velint;
1295 3427 1351 3477 et
1389 3422 1665 3494 quidquid
1698 3438 1873 3492 opor-

177 3520 263 3571 tet
313 3531 408 3568 eas
455 3530 598 3568 esse.
645 3515 720 3567 Ex
759 3529 824 3567 eo
851 3512 1030 3583 igitur
1057 3512 1210 3583 quod
1251 3528 1368 3566 non
1403 3511 1641 3581 accepit,
1681 3511 1873 3564 nullus

177 3620 316 3659 reus
353 3607 474 3657 est:
525 3619 593 3656 ex
635 3618 700 3655 eo
756 3618 890 3656 vero
941 3602 1096 3672 quod
1152 3616 1269 3655 non
1314 3600 1448 3655 facit
1483 3601 1632 3672 quod
1682 3599 1872 3668 debet,

172 3694 327 3764 juste
357 3707 488 3746 reus
517 3694 616 3744 est.
653 3690 830 3744 Debet
861 3693 1071 3756 autem,
1119 3689 1168 3742 si
1208 3689 1422 3759 accepit
1441 3693 1498 3742 et
1523 3680 1883 3743 voluntatem'

182 3782 444 3844 liberam,
477 3783 535 3833 et
563 3777 1105 3832 sufﬁcientissimam
1135 3776 1482 3830 facultatem.

255 3871 343 3922 46.
374 3869 561 3937 Usque
591 3866 730 3920 adeo
760 3870 952 3920 autem
982 3865 1120 3918 dum
1146 3879 1263 3918 non
1291 3863 1425 3918 facit
1453 3863 1694 3934 quisque
1724 3864 1876 3934 quod

69 3952 72 3954 ’
179 3958 370 4024 debet,
405 3957 563 4010 nulla
593 3957 760 4026 culpa
789 3959 873 4008 est
902 3953 1245 4021 Conditoris,
1278 3958 1344 4007 ut
1372 3957 1428 4007 et
1458 3954 1582 4007 laus
1609 3953 1701 4022 sit,
1732 3969 1876 4024 quo-

181 4047 343 4102 niam
372 4045 530 4117 quod
569 4045 736 4099 debet
769 4043 1008 4114 patitur,
1038 4047 1094 4096 et
1120 4042 1182 4096 in
1211 4058 1277 4096 eo
1307 4042 1432 4112 ipso
1468 4042 1623 4113 quod
1653 4041 1876 4112 vitupe—

181 4140 348 4190 ratur
377 4151 493 4188 non
521 4133 779 4188 faciendo
809 4132 963 4203 quod
991 4131 1179 4197 debet,
1210 4147 1326 4184 non
1354 4129 1466 4184 nisi
1493 4131 1758 4185 laudatur
1781 4131 1878 4184 ille

183 4224 279 4279 cui
309 4223 491 4278 debet.
535 4222 593 4278 Si
640 4222 791 4277 enim
821 4227 885 4276 tu
914 4220 1163 4276 laudaris
1208 4220 1455 4274 videndo
1508 4219 1646 4291 quid
1696 4219 1880 4273 facere

180 4313 410 4378 debeas,
443 4327 572 4366 cum
610 4311 667 4365 id
697 4327 815 4364 non
839 4309 1052 4377 videas,
1082 4308 1192 4362 nisi
1217 4308 1277 4362 iu
1304 4309 1404 4362 illo
1434 4309 1535 4379 qui
1555 4312 1638 4362 est
1665 4307 1884 4362 incom-

181 4400 476 4456 mutabilis
505 4399 756 4466 Veritas;
779 4402 992 4470 quanto
1019 4398 1201 4468 magis
1227 4397 1323 4451 ille
1354 4397 1454 4468 qui
1483 4402 1542 4451 et
1563 4398 1707 4452 velle
1744 4413 1884 4468 pra:-

183 4490 359 4560 cepit,
391 4493 446 4544 et
472 4505 640 4560 posse
678 4487 946 4560 praebuit,
992 4491 1048 4542 et
1077 4501 1195 4540 non
1221 4485 1458 4557 impune
1490 4486 1643 4540 nolle
1672 4486 1884 4556 permi-

185 4580 262 4635 sit
286 4581 316 4632 ?
341 4577 397 4632 Si
445 4577 601 4633 enim
636 4578 746 4632 hoc
790 4577 962 4631 debet
1001 4575 1241 4646 quisque
1272 4575 1424 4646 quod
1452 4575 1690 4646 accepit,
1724 4579 1780 4629 et
1806 4575 1885 4629 sic

183 4669 364 4723 homo
411 4665 594 4719 factus
622 4668 725 4731 est,
770 4667 834 4718 ut
879 4661 1198 4718 necessario
1226 4665 1441 4732 peccet,
1472 4662 1583 4716 hoc
1610 4661 1778 4716 debet
1821 4667 1888 4717 ut

183 4757 402 4828 peccet.
435 4754 576 4808 Cum
617 4769 752 4824 ergo
800 4755 1013 4825 peccat,
1061 4750 1216 4822 quod
1263 4750 1429 4804 debet
1465 4749 1617 4804 facit.
1649 4750 1810 4813 Quod
1840 4750 1888 4804 si

187 4844 372 4900 scelus
402 4846 488 4896 est
532 4841 738 4909 dicere,
771 4841 1063 4897 neminem
1095 4843 1302 4894 natura
1332 4855 1434 4893 sna
1462 4839 1616 4909 cogit
1653 4843 1714 4892 ut
1751 4855 1886 4909 pec-

186 4937 278 4989 cet
307 4930 405 5002 (a).
450 4931 560 4986 Sed
615 4946 721 4985 nec
771 4930 980 4984 aliena.
1040 4929 1167 4983 Non
1221 4925 1378 4981 enim
1432 4925 1692 4997 quisquis
1748 4925 1887 4980 dum

186 5022 250 5077 id
289 5020 446 5092 quod
482 5035 602 5074 non
627 5018 748 5072 vult
774 5018 1009 5088 patitur,
1051 5020 1270 5088 peccat.
1305 5016 1448 5070 Nam
1487 5015 1535 5068 si
1559 5015 1712 5086 juste
1739 5015 1887 5086 pati-

252 5112 268 5144 1
295 5109 380 5157 Er.
409 5111 460 5157 et
486 5109 634 5165 Lov.,
656 5118 770 5157 esse
799 5108 1110 5167 acciperent.
1143 5105 1210 5154 At
1227 5105 1350 5153 Mss.
1380 5117 1573 5166 magno
1593 5115 1887 5167 consensu,

189 5184 303 5222 esse
324 5171 654 5233 acceperunt,
672 5173 739 5233 Aet
764 5166 983 5227 melius;
1010 5167 1110 5216 hoc
1130 5167 1408 5233 enimistis
1431 5166 1713 5233 superioris
1734 5179 1888 5233 argu-

186 5233 376 5292 menti,
397 5228 539 5300 quod
563 5231 649 5279 hic
668 5230 725 5300 in
741 5233 1026 5300 angustum
1049 5230 1379 5300 cpntrahitur
1402 5228 1685 5300 respondet
1701 5228 1852 5300 verbi
1876 5243 1889 5277 :

186 5301 226 5346 A
255 5288 719 5359 quo'eriimaccg'pit
735 5288 881 5355 posse
900 5294 1044 5340 recte
1060 5289 1241 5359 facere
1259 5288 1539 5342 cumvelit.
1563 5291 1718 5340 Favet
1731 5288 1890 5340 editio

189 5355 340 5413 Bad.,
363 5370 480 5419 quin
501 5355 728 5418 praefert,
755 5366 858 5403 esse
885 5357 1161 5419 ceperunt.

254 5421 276 5454 ²
296 5413 458 5470 Ετῖεῐ
476 5413 619 5476 L'ov.,
641 5413 953 5467 convertere
964 5413 1034 5478 od
1051 5427 1260 5478 eamea:
1278 5428 1385 5478 quo
1399 5427 1466 5464 es.
1489 5415 1612 5463 Mss.
1634 5427 1743 5474 sex,
1765 5425 1893 5464 con-

193 5484 379 5541 verte;
409 5479 502 5528 sed
531 5479 845 5528 concinnius
877 5476 1120 5526 undecim
1149 5476 1237 5525 alii
1265 5476 1445 5527 ferunt
1469 5479 1724 5528 converti.

215 5615 218 5618 ,
265 5561 342 5624 (a)
368 5560 486 5610 V'id.
511 5560 735 5610 Retraet.
765 5558 856 5608 lib.
884 5561 931 5618 1,
957 5570 1069 5620 cap.
1091 5558 1139 5616 9,
1165 5569 1219 5606 n.
1251 5559 1298 5606 3.

1633 295 1846 350 LIBER
1884 293 2208 350 TERTIUS.

3531 301 3669 356 1294

1974 419 2086 484 tur,
2121 433 2238 471 non
2266 418 2325 472 in
2355 435 2422 473 eo
2454 423 2650 489 peccat
2677 419 2831 490 quod
2861 418 3078 489 patitur
3105 419 3336 488 invitus,
3377 424 3474 478 sed
3499 425 3560 479 in
3603 442 3669 480 eo

1974 506 2227 575 peccavit
2256 507 2408 576 quod
2439 507 2519 561 ita
2539 507 2670 561 fecit
2697 508 2915 576 volens,
2945 513 3012 562 ut
3039 509 3194 579 quod
3224 511 3404 565 nollet
3416 513 3545 582 jure
3567 530 3671 583 pa-

1973 597 2208 647 teretur.
2265 594 2322 648 Si
2360 599 2552 649 autem
2595 596 2802 667 injuste
2845 597 3078 668 patitur,
3113 599 3399 667 quomodo
3429 603 3670 669 peccat?
3763 589 3768 592 ’

1976 681 2098 734 Non
2129 681 2286 735 enim
2315 681 2522 752 injuste
2551 684 2764 755 aliquid
2793 685 2934 754 pati,
2975 686 3071 740 sed
3104 685 3313 756 injuste
3343 687 3556 758 aliquid
3587 691 3668 744 fa-

1975 785 2120 832 cere,
2168 775 2464 840 peccatum
2493 777 2594 826 est.
2629 773 2790 836 Quod
2817 773 2864 826 si
2896 790 3084 844 neque
3115 791 3217 828 sua
3254 791 3442 846 neque
3483 778 3671 832 aliena

1976 863 2178 912 natura
2207 859 2336 929 quis
2363 875 2592 930 peccare
2625 861 2868 930 cogitur,
2898 867 3079 916 restat
3113 868 3175 916 ut
3203 864 3438 934 propria
3464 867 3671 921 volun-

1975 950 2091 1001 tate
2133 952 2415 1018 peccetur.
2467 948 2616 1013 Quid
2659 949 2706 1001 si
2759 949 3008 1005 tribuere
3053 952 3302 1006 volueris
3354 954 3668 1025 Conditori,

1975 1041 2301 1105 peccantem
2322 1037 2616 1108 purgabis,
2637 1037 2738 1108 qui
2761 1037 2902 1091 nihil
2924 1044 3132 1109 praeter
3147 1040 3234 1094 sui
3253 1041 3671 1098 Conditorisin-

1977 1127 2174 1179 stituta
2216 1126 2527 1195 commisit,
2579 1126 2680 1196 qui
2718 1130 2871 1180 recte
2920 1127 3264 1195 defenditur,
3314 1147 3428 1184 non
3473 1149 3670 1202 pecca-

1977 1213 2092 1267 vit:
2129 1229 2246 1267 non
2276 1218 2362 1269 est
2397 1229 2535 1285 ergo
2566 1215 2725 1285 quod
2753 1215 2971 1269 tribuas
3001 1216 3313 1272 Conditori.
3352 1220 3672 1275 Laudemus

1979 1317 2116 1370 ergo
2147 1302 2536 1371 Conditorem,
2573 1303 2621 1356 si
2661 1307 2850 1373 potest
2875 1303 3103 1357 defendi
3133 1310 3427 1374 peccator;
3458 1297 3671 1364 laude-

1980 1405 2126 1454 mus,
2161 1389 2208 1442 si
2236 1406 2350 1443 non
2381 1395 2590 1460 potest.
2627 1391 2684 1444 Si
2713 1391 2867 1444 enim
2892 1392 3044 1461 juste
3071 1393 3414 1462 defenditur,
3441 1412 3560 1449 non
3589 1403 3674 1452 est

1979 1479 2273 1545 peccator:
2310 1476 2482 1530 lauda
2526 1493 2661 1546 ergo
2717 1477 3064 1532 Creatorem.
3108 1478 3166 1532 Si
3208 1485 3402 1534 autem
3443 1482 3674 1538 defendi

1980 1579 2096 1617 non
2137 1569 2348 1633 potest,
2378 1565 2440 1618 in
2485 1569 2706 1618 tantum
2744 1571 3008 1636 peccator
3037 1571 3118 1620 est
3146 1567 3206 1620 in
3245 1574 3525 1638 quantum
3555 1587 3612 1625 se
3644 1589 3676 1624 a

1983 1652 2245 1706 Creatore
2277 1653 2513 1707 avertit:
2547 1655 2716 1708 lauda
2747 1671 2882 1724 ergo
2909 1656 3258 1712 Creatorem.
3297 1658 3543 1713 Omnino
3567 1660 3676 1731 igi-

1982 1745 2076 1794 tur
2105 1757 2221 1794 non
2251 1740 2498 1807 invenio,
2550 1758 2657 1795 nec
2685 1741 2929 1795 inveniri
2974 1758 3158 1812 posse,
3203 1748 3258 1797 et
3296 1761 3530 1814 prorsus
3559 1763 3676 1801 non

1981 1843 2102 1882 esse
2141 1829 2438 1894 conﬁrmo,
2490 1829 2772 1900 quomodo
2824 1831 3153 1884 tribuantur
3207 1838 3438 1901 peccata
3484 1839 3678 1888 nostra

1981 1917 2224 1971 creatori
2253 1924 2450 1972 nostro
2483 1919 2595 1972 Deo
2621 1935 2633 1972 :
2665 1918 2894 1989 quando
2925 1923 2980 1972 et
3007 1919 3068 1972 in
3099 1919 3238 1989 ipsis
3267 1937 3400 1974 eum
3425 1922 3678 1976 laudabi-

1980 2007 2096 2060 lem
2115 2006 2363 2073 invenio,
2389 2023 2504 2060 non
2529 2008 2715 2061 solum
2739 2008 2890 2078 quod
2917 2024 2981 2061 ea
2997 2008 3184 2077 punit,
3208 2009 3306 2063 sed
3327 2009 3499 2064 etiam
3521 2012 3677 2081 quod

1982 2098 2116 2148 tunc
2144 2095 2309 2161 fiunt,
2342 2111 2474 2149 cum
2511 2095 2580 2148 ab
2609 2095 2730 2164 ejus
2759 2093 2994 2149 veritate
3021 2096 3416 2176 receditur.
3448 2099 3676 2169 Accipio

1981 2182 2090 2236 ista
2136 2183 2513 2238 libentissime
2545 2199 2608 2237 ac
2645 2184 2867 2252 probo;
2919 2188 2974 2238 et
3026 2185 3262 2239 omnino
3307 2203 3506 2240 verum
3555 2203 3676 2240 esse

1983 2271 2297 2337 consentio,
2342 2272 2501 2325 nullo
2539 2272 2711 2326 modo
2741 2272 2867 2326 ﬁeri
2895 2289 3061 2343 posse
3090 2279 3156 2328 ut
3193 2274 3449 2330 Creatori
3481 2280 3676 2330 nostro

1983 2363 2133 2413 recte
2158 2365 2390 2428 peccata
2417 2364 2611 2414 nostra
2640 2361 2986 2416 tribuantur.

1985 2449 2209 2502 CAPUT
2244 2450 2404 2502 XVII.
2440 2478 2511 2489 —
2561 2451 2822 2504 Voluntas
2863 2455 2942 2504 est
2981 2453 3164 2522 prima
3195 2467 3360 2506 causa
3393 2455 3674 2522 peccandi.

2054 2539 2141 2590 47.
2173 2537 2281 2590 Sed
2318 2541 2512 2591 tamen
2551 2538 2695 2592 scire
2724 2540 2948 2606 vellem,
2994 2540 3041 2593 si
3081 2541 3230 2606 ﬁeri,
3261 2546 3470 2610 posset,
3503 2559 3680 2613 quare

1984 2624 2083 2679 illa
2112 2630 2316 2679 natura
2359 2642 2474 2680 non
2521 2631 2731 2696 peccet,
2781 2644 2951 2698 quam
2994 2645 3111 2682 non
3147 2634 3506 2698 peccaturam
3535 2649 3680 2701 prie-

1984 2713 2146 2767 scivit
2177 2715 2340 2778 Deus,
2385 2719 2442 2768 et
2479 2730 2656 2784 quare
2689 2715 2796 2768 ista
2826 2721 3038 2786 peccet,
3073 2733 3202 2787 quae
3243 2718 3311 2771 ab
3354 2719 3453 2773 illo
3484 2737 3678 2790 pecca-

1984 2807 2114 2856 tura
2138 2801 2384 2871 praevisa
2422 2807 2530 2856 est.
2572 2804 2696 2856 Non
2727 2803 2884 2857 enim
2910 2805 3034 2874 jam
3061 2808 3223 2874 puto,
3252 2805 3376 2876 ipsa
3404 2808 3504 2860 Dei
3531 2825 3679 2878 prae-

1983 2890 2220 2944 scientia
2243 2890 2331 2943 vel
2358 2890 2528 2943 istam
2551 2906 2808 2960 peccare,
2832 2893 2919 2944 vel
2946 2893 3102 2946 illam
3132 2909 3246 2947 non
3272 2909 3506 2964 peccare
3531 2897 3677 2966 cogi.

1982 2979 2087 3034 Sed
2118 2983 2312 3032 tamen
2344 2977 2392 3031 si
2429 2979 2587 3032 nulla
2619 2995 2788 3033 causa
2818 2985 2984 3047 esset,
3016 2997 3131 3034 non
3177 2981 3253 3036 ita
3284 2983 3682 3054 dispertiretur

1982 3069 2241 3120 creatura
2269 3065 2579 3131 rationalis,
2613 3070 2678 3120 ut
2707 3067 2819 3121 alia
2861 3084 3161 3139 nunquam
3203 3076 3419 3139 peccet,
3461 3071 3574 3124 alia
3616 3072 3676 3125 in

1985 3153 2268 3223 peccando
2296 3158 2636 3223 perseveret,
2667 3155 2779 3208 alia
2807 3156 2971 3226 quasi
3000 3156 3188 3210 media
3207 3156 3357 3211 inter
3371 3162 3675 3230 utramque

1983 3242 2290 3312 aliquando
2319 3248 2532 3312 peccet,
2564 3243 2870 3314 aliquando
2909 3244 2981 3298 ad
3013 3250 3162 3299 recte
3195 3245 3513 3301 faciendum
3543 3263 3677 3301 con-

1981 3336 2254 3386 vertatur.
2289 3332 2428 3396 Quaa
2473 3348 2642 3386 causa
2669 3332 2729 3386 in
2774 3333 2878 3387 has
2917 3339 3032 3388 tres
3077 3340 3265 3405 partes
3316 3352 3442 3390 eam
3485 3336 3676 3391 distri-

1981 3420 2153 3475 buit?
2193 3420 2300 3487 sed
2351 3421 2484 3474 nolo
2526 3420 2671 3475 mihi
2722 3422 3152 3493 respondeatur,
3190 3425 3518 3480 -Voluntas:
3570 3441 3676 3496 ego

1983 3509 2137 3564 enim
2168 3525 2396 3563 causam
2418 3526 2614 3581 quaero
2645 3510 2826 3581 ipsius
2857 3512 3185 3568 voluntatis.
3221 3514 3346 3567 Non
3374 3513 3527 3568 enim
3557 3514 3679 3567 sine

1984 3613 2154 3652 causa
2180 3613 2476 3668 nunquam
2504 3598 2628 3651 vult
2662 3597 2761 3652 illa
2795 3615 3045 3669 peccare,
3082 3615 3382 3671 nunquam
3419 3601 3525 3654 ista
3562 3617 3680 3655 non

1983 3687 2123 3751 vult,
2175 3686 2438 3756 quaedam
2484 3701 2620 3739 vero
2668 3685 2974 3756 aliquando
3020 3688 3160 3751 vult,
3212 3688 3521 3759 aliquando
3561 3705 3681 3743 non

1984 3773 2128 3841 vult,
2175 3788 2305 3825 cum
2345 3771 2600 3842 ejusdem
2642 3773 2868 3843 generis
2912 3789 3111 3828 omnes
3151 3774 3284 3832 sint.
3329 3776 3442 3829 Hoc
3471 3777 3677 3832 solum.

1987 3860 2142 3915 enim
2171 3859 2314 3914 mihi
2360 3859 2551 3914 videre
2600 3861 2816 3928 videor,
2862 3878 2979 3915 non
3015 3861 3137 3916 sine
3163 3878 3330 3917 causa
3362 3879 3481 3918 esse
3511 3864 3681 3919 istam

1985 3949 2332 4020 tripertitam
2360 3949 2713 4004 voluntatem
2743 3949 3038 4005 rationalis
3071 3955 3382 4020 creaturaz;
3412 3953 3511 4028 sed
3551 3969 3680 4024 quae

1987 4055 2157 4093 causa
2185 4038 2278 4106 sit,
2309 4038 2519 4093 nescio.

2058 4129 2148 4182 48.
2280 4126 2562 4191 Quoniam
2597 4127 2861 4182 voluntas
2893 4132 2978 4182 est
3013 4145 3183 4183 causa
3217 4129 3455 4200 peccati,
3487 4133 3552 4184 tu
3587 4146 3685 4185 au-

1988 4220 2108 4271 tem
2155 4232 2384 4270 causam
2423 4215 2602 4286 ipsius
2639 4216 2949 4271 voluntatis
2978 4217 3242 4288 inquiris,
3279 4217 3327 4271 si
3355 4218 3502 4272 hanc
3532 4218 3686 4273 inve-

1989 4305 2116 4360 nire
2142 4309 2408 4374 potuero,
2432 4321 2623 4358 nonne
2644 4321 2872 4360 causam
2891 4305 3066 4360 etiam
3097 4307 3221 4377 ejus
3249 4322 3429 4361 causae
3457 4323 3584 4378 quae
3605 4308 3687 4362 in-

1990 4398 2158 4449 venta
2200 4394 2375 4450 fuerit
2423 4393 2768 4464 quassiturus
2816 4397 2914 4450 es?
2954 4396 3019 4449 Et
3061 4395 3188 4466 quis
3236 4396 3347 4450 erit
3391 4397 3688 4468 quaerendi

1992 4483 2218 4549 modus,
2241 4483 2372 4554 quis
2408 4483 2538 4537 ﬁnis
2563 4483 2970 4554 percunctandi
2997 4501 3061 4538 ac
3089 4484 3426 4553 disserendi,
3476 4502 3607 4540 cum
3632 4490 3688 4540 te

1992 4573 2145 4627 ultra
2173 4571 2418 4626 radicem
2444 4587 2701 4642 quaerere
2733 4571 2876 4625 nihil
2904 4574 3204 4642 Oporteat‘?
3228 4574 3371 4628 Cave
3399 4575 3553 4628 enim
3581 4591 3689 4646 pu-

1993 4664 2080 4715 tes
2109 4659 2426 4731 quidquam
2453 4660 2708 4730 potuisse
2747 4659 2858 4714 dici
2895 4659 3085 4714 verius
3116 4675 3290 4730 quam
3328 4661 3387 4716 id
3416 4663 3568 4733 quod
3597 4663 3690 4717 di-

1996 4753 2151 4804 ctum
2199 4753 2303 4816 est,
2347 4748 2600 4802 radicem
2633 4747 2892 4802 omnium
2923 4749 3205 4803 malorum
3235 4765 3357 4804 esse
3395 4751 3691 4818 avaritiam

1997 4839 2037 4907 (I
2088 4840 2206 4891 Tim
2259 4853 2337 4906 v1,
2389 4837 2500 4905 10),
2551 4835 2659 4890 hoc
2704 4841 2807 4903 est,
2856 4836 2984 4907 plus
3029 4837 3174 4893 velle
3227 4855 3401 4909 quam
3449 4845 3534 4895 sat
3583 4845 3690 4908 est,

1997 4927 2242 4982 Tantum
2265 4928 2457 4978 autem
2485 4928 2572 4978 sat
2599 4928 2702 4989 est,
2736 4929 3014 4995 quantum
3041 4925 3150 4980 sibi
3179 4928 3355 4999 exigit
3381 4934 3602 4983 naturae
3632 4928 3694 4983 in

1997 5030 2101 5068 suo
2135 5029 2348 5084 genere
2379 5013 2785 5068 conservandae
2821 5014 3045 5069 modus.
3076 5015 3330 5070 Avaritia
3359 5016 3532 5084 enim,
3561 5032 3691 5086 quae

1998 5117 2180 5173 graece
2226 5108 2516 5172 φιλαργυρία
2545 5100 2774 5170 dicitur,
2828 5117 2943 5155 non
2982 5101 3045 5156 in
3087 5104 3205 5158 solo
3234 5109 3470 5174 argento
3509 5105 3598 5157 vel
3632 5110 3693 5159 In

2000 5189 2272 5258 nummis,
2299 5190 2451 5244 unde
2473 5189 2657 5261 magis
2676 5206 2887 5244 nomen
2910 5190 3134 5245 duxisse
3163 5196 3424 5258 resonat;
3454 5196 3691 5262 argento

2001 5278 2156 5333 enim
2184 5277 2410 5332 nummi
2439 5278 2528 5332 vel
2556 5278 2734 5333 mixto
2775 5281 3009 5351 argento
3038 5278 3390 5350 frequentius
3421 5281 3570 5350 apud
3600 5298 3693 5335 ve-

2000 5372 2148 5422 teres
2179 5367 2394 5435 ﬁebant
2417 5382 2430 5423 :
2469 5368 2567 5422 sed
2596 5367 2656 5422 in
2682 5367 2948 5422 omnibus
2976 5367 3147 5420 rebus
3169 5382 3296 5438 qua:
3317 5367 3694 5424 immoderate

2002 5455 2314 5527 cupiuutur
2360 5455 2740 5528 intelligenda
2769 5461 2872 5522 est,
2918 5455 3266 5525 ubicumque
3302 5457 3538 5512 omnino
3566 5443 3755 5528 plus

2004 5546 2127 5601 vult
2151 5544 2394 5616 quisque
2426 5561 2597 5616 quam
2641 5549 2728 5600 sat
2757 5549 2857 5598 est.
2892 5544 3021 5602 llaec
3051 5547 3242 5598 autem
3272 5545 3506 5601 avaritia
3533 5547 3695 5618 cupi-
