4074 6406
439 289 570 343 1295

434 410 580 464 ditas
629 411 746 472 est;
807 403 1086 475 cupiditas
1142 417 1310 474 porro
1375 400 1637 472 improba
1687 400 1951 454 voluntas
2014 404 2116 454 est.

438 499 582 568 Ergo
637 494 900 566 improba
964 493 1244 560 voluntas,
1301 491 1581 544 malorum
1639 488 1898 542 omnium
1957 504 2124 542 causa

439 590 541 640 est.
590 585 728 648 Quas
780 582 825 636 si
877 581 1186 636 secundum
1240 583 1505 633 naturam
1561 581 1724 643 esset,
1769 581 2124 630 conservaret

439 674 636 744 utique
683 676 970 736 naturam,
1027 685 1132 723 nec
1183 667 1236 722 ei
1297 666 1612 737 perniciosa
1670 670 1834 731 esset,
1889 670 1946 719 et
1998 665 2123 718 ideo

438 779 555 816 non
582 765 726 815 esset
761 760 1042 830 improba.
1077 757 1232 812 Unde
1258 757 1547 826 colligitur
1574 754 1822 808 radicem
1864 753 2124 808 omnium

437 852 720 906 malorum
766 865 883 904 non
926 864 1045 902 esse
1095 846 1406 901 secundum
1453 848 1753 910 naturam;
1809 843 1965 914 quod
2014 842 2126 896 suf-

437 940 553 994 ficit
598 939 864 992 adversus
909 952 1109 990 omnes
1159 934 1260 1005 qui
1315 934 1515 987 volunt
1567 949 1829 986 accusare
1871 936 2122 985 naturas.

437 1029 521 1081 Tu
549 1032 741 1080 autem
770 1025 816 1078 si
849 1025 1020 1094 hujus
1051 1023 1252 1077 radicis
1273 1039 1501 1076 causam
1533 1021 1800 1092 requiris,
1836 1019 2123 1090 quomodo

438 1116 544 1169 erit
570 1115 674 1168 ista
704 1113 859 1167 radix
895 1111 1154 1165 omnium
1187 1111 1469 1164 malorum
1491 1112 1516 1162 ?
1544 1109 1647 1162 Illa
1674 1108 1828 1162 enim
1859 1107 1966 1161 erit
1997 1122 2126 1177 quae

436 1219 606 1258 causa
632 1203 804 1271 hujus
834 1205 931 1264 est,
968 1216 1141 1270 quam
1180 1215 1308 1252 cum
1344 1195 1647 1262 inveneris,
1681 1201 1744 1249 ut
1773 1197 1908 1259 dixi,
1951 1195 2126 1249 etiam

436 1292 614 1361 ipsius
642 1305 869 1343 causam
899 1288 1238 1360 quaesiturus
1261 1304 1341 1355 es,
1370 1290 1426 1340 et
1454 1285 1746 1356 quaerendi
1776 1285 2002 1339 nullum
2028 1284 2126 1338 ha-

434 1377 595 1431 bebis
622 1377 876 1430 modum.

503 1467 591 1518 49.
639 1465 744 1519 Sed
783 1481 910 1535 qum
955 1464 1180 1517 tandem
1212 1478 1331 1517 esse
1375 1462 1585 1532 poterit
1613 1465 1744 1516 ante
1775 1463 2123 1516 voluntatem

433 1569 601 1607 causa
630 1553 976 1606 voluntatis?
1005 1555 1118 1605 tut
1143 1551 1297 1604 enim
1331 1555 1387 1604 et
1415 1551 1536 1619 ipsa
1561 1550 1824 1603 voluntas
1855 1555 1974 1616 est;
2010 1554 2064 1604 et
2093 1568 2125 1604 a

435 1643 621 1696 radice
657 1641 766 1694 ista
800 1639 1107 1694 voluntatis
1139 1655 1252 1692 non
1287 1639 1601 1692 receditur:
1633 1642 1731 1691 aut
1761 1654 1876 1691 non
1904 1655 2121 1716 essm-

433 1730 662 1794 luntas;
700 1733 756 1780 et
799 1731 1093 1797 peccatum
1141 1728 1365 1780 nullum
1411 1726 1598 1779 habet.
1634 1729 1746 1779 Aut
1783 1726 1960 1796 igitur
2002 1727 2125 1796 ipsa

431 1817 689 1870 voluntas
717 1821 802 1868 est
846 1815 1032 1884 prima
1061 1831 1229 1868 causa
1269 1814 1558 1884 peccandi,
1599 1819 1698 1868 aut
1725 1815 1949 1869 nullum
1989 1831 2122 1886 pec-

433 1908 618 1956 catum
668 1907 749 1956 est
796 1902 982 1972 prima
1013 1919 1180 1956 causa
1219 1902 1516 1972 peccandi.
1559 1903 1670 1955 Nec
1715 1908 1799 1956 est
1842 1903 1933 1956 cui
1971 1908 2122 1958 recte

429 1991 747 2061 imputetur
781 1995 1070 2058 peccatum
1103 1989 1214 2042 nisi
1261 1989 1535 2059 peccanti.
1579 1990 1703 2042 Non
1743 1993 1828 2043 est
1865 2005 2000 2059 ergo
2031 1989 2124 2042 cui

431 2083 580 2133 recte
608 2078 925 2149 imputetur
962 2078 1070 2131 nisi
1103 2077 1319 2131 volenti
1352 2077 1421 2146 (a)
1450 2093 1462 2130 :
1496 2077 1593 2131 sed
1621 2076 1808 2130 nescio
1838 2093 1938 2130 cur
1966 2077 2123 2130 aliud

429 2171 485 2220 te
518 2183 774 2237 quaerere
821 2166 1016 2219 libeat.
1056 2166 1268 2219 Deinde
1298 2180 1678 2234 quaecumque
1714 2163 1814 2218 illa
1845 2181 2015 2218 causa
2039 2168 2124 2218 est

427 2254 752 2320 voluntatis,
781 2253 1052 2322 autjusta
1074 2253 1327 2322 profecto
1359 2257 1460 2316 est,
1492 2257 1590 2306 aut
1612 2251 1840 2322 injusta.
1873 2253 2119 2323 Sijusta,

429 2342 686 2413 quisquis
729 2341 782 2394 ei
812 2340 1290 2411 obtemperaverit
1329 2357 1444 2394 non
1485 2340 1773 2410 peccabit:
1807 2341 1855 2394 si
1884 2341 2117 2411 injusta,

431 2447 542 2485 non
573 2430 627 2483 ei
655 2430 1028 2500 obtemperet,
1063 2433 1118 2482 et
1146 2445 1260 2482 non
1289 2427 1561 2498 peccabit.

428 2519 652 2572 CAPUT
681 2518 865 2571 XVIII.
889 2546 958 2557 â€”
989 2517 1076 2570 An
1108 2518 1311 2584 aliquis
1341 2520 1516 2586 peccet
1563 2518 1622 2569 in
1667 2531 1723 2570 eo
1767 2516 1910 2584 quod
1945 2519 2123 2570 caveri

1115 2621 1220 2658 non
1246 2609 1441 2674 potest.

498 2695 584 2748 50.
616 2695 702 2748 An
734 2693 874 2748 forte
923 2693 1168 2748 violenta
1202 2699 1286 2746 est
1331 2699 1388 2747 et
1429 2692 1580 2762 cogit
1627 2693 1868 2746 invitum
1897 2695 1925 2747 ?
1971 2695 2118 2747 Num

428 2783 628 2836 eadem
655 2781 824 2836 toties
872 2781 1199 2852 replicaturi
1235 2781 1474 2835 sumus?
1519 2780 1900 2836 Reminiscere
1945 2798 2116 2852 supe-

428 2870 664 2937 riorum,
697 2885 824 2941 quae
855 2886 888 2924 a
913 2869 1077 2923 nobis
1107 2874 1223 2924 tam
1262 2871 1441 2923 multa
1468 2869 1536 2923 de
1567 2874 1796 2938 peccato
1828 2875 1884 2923 et
1914 2869 2118 2924 volun-

426 2959 559 3024 tate,
591 2957 773 3010 libera
800 2956 949 3011 dicta
990 2961 1146 3012 sunt.
1204 2957 1313 3010 Sed
1345 2957 1390 3010 si
1432 2957 1779 3011 laboriosum
1808 2962 1892 3011 est
1923 2959 2120 3013 omnia

427 3046 696 3100 mandare
721 3046 1037 3114 memorias,
1066 3046 1175 3100 hoc
1203 3045 1598 3100 brevissimum
1629 3052 1777 3100 tene.
1813 3047 2120 3111 Quascum-

426 3149 537 3203 que
571 3133 680 3187 ista
715 3149 882 3188 causa
912 3139 996 3188 est
1023 3133 1350 3201 voluntatis,
1383 3133 1431 3187 si
1459 3150 1575 3187 non
1605 3133 1657 3186 ei
1692 3139 1878 3204 potest
1906 3135 2116 3202 resisti,

427 3219 547 3274 sine
576 3226 806 3290 peccato
835 3221 886 3274 ei
915 3222 1169 3275 ceditur:
1201 3221 1246 3274 si
1277 3225 1468 3274 autem
1498 3225 1704 3291 potest,
1731 3238 1848 3275 non
1877 3223 1930 3276 ei
1951 3225 2116 3278 ceda-

427 3311 539 3374 tur,
564 3312 756 3362 etnon
781 3308 1122 3379 peccabitur.
1148 3312 1234 3362 An
1263 3308 1406 3363 forte
1432 3309 1578 3362 fallit
1603 3309 1899 3365 incautum
1921 3312 1949 3364 ?
1975 3313 2116 3382 Ergo

427 3399 620 3449 caveat
659 3412 729 3449 ne
779 3397 1030 3450 fallatur.
1075 3399 1161 3450 An
1206 3401 1368 3450 tanta
1419 3396 1644 3450 fallacia
1689 3403 1792 3465 est,
1828 3403 1889 3453 ut
1935 3401 2120 3454 caveri

427 3483 662 3537 omnino
690 3500 806 3539 non
836 3485 1052 3553 possit?
1076 3485 1132 3538 Si
1152 3484 1231 3538 ita
1253 3490 1356 3550 est,
1388 3486 1542 3539 nulla
1567 3491 1795 3556 peccata
1814 3493 1961 3543 sunt.
1983 3489 2117 3553 Quis

425 3572 579 3626 enim
609 3577 804 3643 peccat
830 3573 892 3627 in
919 3589 986 3627 eo
1007 3573 1160 3644 quod
1185 3573 1342 3626 nullo
1373 3574 1545 3627 modo
1572 3575 1755 3629 caveri
1780 3581 1965 3646 potest
1995 3579 2118 3648 (to)?

425 3662 691 3715 Peccatur
717 3665 907 3715 autem
931 3677 944 3715 :
979 3661 1162 3716 caveri
1191 3660 1370 3731 igitur
1399 3666 1584 3732 potest
1609 3663 1698 3733 (a).

493 3753 580 3804 5I.
620 3751 684 3803 Et
711 3754 904 3804 tamen
936 3750 1108 3804 etiam
1139 3767 1241 3822 per
1271 3751 1653 3820 ignorantiam
1683 3753 1830 3807 facta
1852 3755 2116 3825 quaedam

422 3837 841 3906 improbantur,
884 3841 939 3892 et
969 3839 1304 3910 corrigenda
1329 3839 1676 3910 judicantur,
1710 3841 1854 3896 sicut
1883 3843 1943 3896 in
1972 3843 2114 3897 divi-

422 3925 508 3978 nis
551 3925 983 3982 auctoritatibus
1025 3927 1306 3998 legimus:
1337 3928 1416 3981 ait
1445 3929 1598 3982 enim
1637 3931 1963 3999 Apostolus,
2006 3936 2114 3987 Mi-

419 4014 767 4069 sericordiam
796 4020 1101 4070 consecutus
1130 4031 1269 4083 sum,
1313 4019 1445 4085 quia
1473 4018 1733 4082 ignorans
1758 4021 1867 4084 feci
1898 4021 1938 4089 (Î™
1974 4023 2111 4076 Tim.

421 4119 457 4168 Î¹,
496 4102 579 4172 I3)
603 4119 620 4169 ;
645 4103 724 4157 ait
751 4107 808 4157 et
829 4104 1134 4173 propheta,
1167 4105 1371 4158 Delicta
1389 4105 1691 4172 juventutis
1719 4110 1770 4160 et
1792 4110 2113 4174 ignorantia:

417 4205 544 4244 meae
584 4206 650 4244 ne
689 4194 992 4245 memineris
1034 4193 1181 4246 Psal.
1227 4207 1374 4257 xxiv,
1406 4193 1481 4263 7).
1525 4194 1666 4248 Sunt
1715 4195 1884 4250 etiam
1923 4215 2111 4253 neces-

418 4275 581 4331 sitate
611 4277 755 4332 facta
791 4279 1189 4348 improbanda,
1221 4280 1318 4334 ubi
1361 4281 1482 4334 vult
1520 4282 1694 4335 homo
1725 4289 1872 4338 recte
1902 4287 2107 4356 facere,

417 4368 475 4417 et
503 4379 617 4417 non
647 4369 868 4434 potest:
903 4382 1038 4419 nam
1082 4368 1234 4422 unde
1281 4371 1415 4422 sunt
1458 4368 1573 4423 illa:
1611 4387 1793 4438 voces,
1825 4376 1941 4430 Non
1969 4380 2110 4431 enim

416 4451 562 4519 quod
588 4453 705 4507 volo
733 4455 878 4520 facio
910 4455 1122 4522 bonum,
1155 4457 1249 4510 sed
1278 4457 1422 4525 quod
1447 4459 1565 4511 noto
1594 4461 1815 4529 malum,
1848 4464 1942 4517 hoc
1966 4481 2106 4532 ago;

417 4543 472 4593 et
501 4540 662 4605 illud,
704 4543 847 4597 Velle
875 4543 1091 4611 adjacet
1128 4545 1268 4598 mihi
1291 4548 1544 4614 perï¬cere
1575 4552 1752 4602 autem
1785 4549 1976 4606 bonum
2001 4569 2108 4607 non

414 4629 626 4680 invenio
677 4628 856 4699 (Rom.
922 4647 1017 4698 vn,
1073 4634 1199 4701 I9);
1260 4639 1317 4687 et
1371 4634 1535 4701 illud,
1595 4637 1728 4692 Caro
1783 4643 2107 4710 concupiscit

412 4715 671 4769 adversus
686 4718 961 4786 spiritum,
984 4721 1234 4788 spiritus,
1256 4726 1433 4776 autem
1453 4724 1715 4780 adversus
1735 4743 1974 4783 carnem:
2000 4731 2106 4784 tia-:6

411 4807 552 4858 enim
575 4806 802 4880 invicem
828 4808 1191 4864 adversantur
1215 4827 1228 4878 ;
1253 4815 1314 4865 ut
1336 4828 1442 4867 non
1459 4829 1520 4867 ea
1549 4830 1667 4883 qua:
1691 4817 1856 4870 vultis
1879 4819 2104 4884 faciatis

495 4943 547 5067 a)
578 4944 694 5016 Vid.
726 4945 950 5019 Retract.
981 4949 1072 4999 lib.
1107 4954 1153 5012 1,
1183 4967 1297 5016 cap.
1326 4957 1370 5004 9.
1399 4969 1453 5004 n.
1481 4959 1528 5004 3.

497 5006 525 5054 b
579 5007 694 5056 Vld.
727 5009 859 5057 lbld.

497 5006 544 5057 á½)
579 5007 694 5056 Vid.
727 5008 859 5057 ibid.

469 5070 534 5128 (Î¿)
569 5070 676 5143 á¿ŒÏÎ¿
716 5070 1134 5143 loco-perperam
1164 5081 1314 5127 utens
1340 5080 1581 5143 Pelagius
1616 5079 1690 5129 sic
1718 5082 2009 5132 revincitur
2037 5085 2101 5134 ab

405 5127 702 5206 Augustino
728 5133 782 5180 in
809 5127 1048 5206 libroâ€˜de
1077 5140 1274 5188 Natura
1307 5145 1358 5190 et
1393 5127 1588 5206 Gratia.
1623 5127 2095 5204 â€˜caï¬feij'iif'sri?

411 5209 433 5231 Î¹Î¹
463 5191 640 5270 lâ€™otest
677 5197 880 5270 ergq'ei
925 5213 1113 5270 causa),
1156 5217 1504 5270 quaecumque
1533 5191 1624 5251 illa
1646 5191 1748 5270 est,
1778 5191 1985 5270 resisti;
2009 5191 2101 5270 po;

407 5267 433 5330 á¾³
463 5254 756 5330 testplane;
783 5259 908 5330 Nam
934 5261 987 5330 in
1017 5254 1115 5310 hoc
1132 5254 1461 5330 adjutorium
1488 5254 1815 5330 postulamus
1835 5254 2093 5319 dicentes:

407 5329 432 5394 ct
460 5315 531 5394 tVe
552 5315 644 5365 nos
662 5318 870 5391 inferas
885 5324 938 5393 in
958 5315 1311 5394 Î”Î¶Î¹Î¾Î·Î¹á¾³á½·á½·Î¿á¿†ÎµÎ·Î¾.
1335 5342 1347 5385 Í¾
1370 5315 1510 5388 ÏˆÎ¹Î¿á½±
1535 5328 1596 5374 ad
1599 5327 1859 5394 jutorium
1881 5315 2097 5394 noii'po;

404 5390 432 5419 â€¹â€¹
460 5390 740 5448 sceremus,
763 5383 804 5430 si
823 5385 990 5448 resisti
1017 5387 1165 5434 nullo
1187 5383 1345 5434 modo
1368 5383 1517 5448 posse
1544 5383 1891 5438 crederemus.
1923 5383 2094 5443 Potest

404 5453 431 5540 Î£
459 5444 730 5548 pï¬qicatum
786 5447 975 5506 caveri,
1023 5448 1115 5497 sed
1157 5444 1449 5510 opitulante
1490 5448 1579 5496 illo
1627 5450 1717 5510 qui
1770 5465 1876 5501 non
1926 5460 2096 5516 potest

573 5536 586 5548 .
613 5520 626 5547 )

573 5536 586 5550 .
613 5520 626 5547 )

1519 279 1609 333 DE
1651 276 1907 332 LIBERO
1949 276 2304 342 ARBITRIO,
2348 276 2402 331 S.
2448 275 2829 332 AUGUSTINI

3773 281 3944 333 â€™1296

2238 399 2436 468 (Galat.
2468 415 2523 466 Î½,
2559 398 2689 467 I7)?
2716 397 2827 452 Sed
2851 397 2974 451 haec
3002 398 3196 451 omnia
3227 396 3526 452 hominum
3553 403 3709 466 sunt,
3739 415 3811 454 ex
3842 401 3948 454 illa

2237 487 2434 541 mortis
2471 486 2838 541 damnatione
2888 486 3236 540 venientium
3267 503 3279 540 :
3316 503 3450 541 nam
3483 487 3529 540 si
3563 505 3678 542 non
3709 485 3798 543 est
3836 490 3947 542 ista

2235 591 2404 645 paena
2431 575 2701 641 hominis,
2738 576 2834 629 sed
2862 581 3084 643 natura,
3112 576 3270 630 nulla
3301 575 3404 630 ista
3432 583 3663 647 peccata
3694 567 3852 632 sunt.
3886 578 3946 632 Si

2236 665 2390 718 enim
2421 681 2535 718 non
2562 663 2850 719 receditur
2869 663 2939 716 ab
2961 680 3026 717 eo
3051 664 3223 718 modo
3243 681 3357 735 quo
3390 665 3729 719 naturaliter
3752 665 3946 719 factus

2237 755 2338 818 est,
2370 753 2450 806 ita
2479 758 2542 807 ut
2570 753 2773 806 melius
2801 767 2923 805 esse
2951 767 3066 805 non
3096 751 3292 822 possit,
3325 769 3545 822 eaquae
3578 754 3748 807 debet
3775 753 3942 818 facit,

2236 858 2366 896 cum
2394 843 2514 896 haec
2559 841 2707 896 facit.
2745 841 2801 896 Si
2838 846 3030 895 autem
3058 841 3242 894 bonus
3272 842 3446 895 homo
3477 847 3643 907 esset,
3677 842 3727 895 si
3758 843 3943 897 aliter

2237 937 2384 986 esset
2413 931 2428 965 Â¹
2455 949 2470 999 Í¾
2503 947 2654 986 nunc
2685 935 2877 985 autem
2908 930 3042 1001 quia
3070 928 3148 984 ita
3181 934 3282 996 est,
3317 946 3434 984 non
3465 935 3549 985 est
3576 931 3792 997 bonus,
3831 948 3941 985 nec

2237 1019 2405 1074 habet
2431 1020 2490 1073 in
2519 1023 2796 1090 potestate
2818 1023 2880 1073 ut
2911 1019 3092 1072 bonus
3117 1017 3208 1084 sit,
3237 1019 3353 1072 sive
3384 1036 3498 1073 non
3521 1020 3765 1075 videndo
3797 1037 3942 1090 qua-

2235 1107 2306 1160 lis
2352 1123 2471 1161 esse
2514 1107 2737 1172 debeat,
2787 1105 2899 1160 sive
2943 1105 3184 1161 videndo
3230 1111 3287 1160 et
3340 1123 3455 1161 non
3495 1108 3742 1162 valendo
3788 1125 3940 1175 esse,

2237 1197 2466 1266 qualem
2497 1196 2702 1249 debere
2730 1211 2849 1248 esse
2880 1210 2938 1249 se
2969 1194 3154 1249 videt:
3187 1212 3417 1266 pcenam
3452 1196 3618 1250 istam
3651 1213 3773 1251 esse
3807 1199 3942 1269 quis

2235 1283 2502 1338 dubitet?
2525 1284 2720 1338 Omnis
2747 1288 2938 1338 autem
2966 1300 3137 1354 pmna
3159 1284 3205 1337 si
3224 1284 3381 1354 justa
3400 1288 3506 1353 est,
3523 1283 3740 1354 peccati
3764 1301 3945 1354 poena

2236 1376 2340 1436 est,
2373 1376 2430 1426 et
2464 1372 2809 1442 supplicium
2851 1371 3216 1425 nominatur:
3263 1372 3308 1424 si
3356 1375 3548 1425 autem
3597 1372 3816 1441 injusta
3858 1377 3947 1426 est

2236 1476 2423 1530 poena,
2457 1461 2728 1531 quoniam
2776 1475 3006 1530 pcenam
3058 1476 3180 1514 esse
3214 1476 3384 1513 nemo
3423 1459 3684 1530 ambigit,
3721 1460 3944 1530 injuste

2234 1549 2428 1618 aliquo
2460 1547 2789 1602 dominante
2819 1547 3037 1602 homini
3068 1547 3334 1618 imposita
3362 1551 3465 1602 est.
3497 1549 3672 1602 Porro
3699 1550 3840 1619 quia
3868 1550 3944 1602 de

2235 1635 2650 1707 omnipotentia
2701 1635 2801 1690 Dei
2845 1640 2901 1691 et
2938 1636 3161 1706 justitia
3205 1635 3463 1690 dubitare
3506 1636 3789 1690 dementis
3829 1642 3943 1704 est,

2229 1725 2384 1795 justa
2410 1724 2531 1778 hanc
2568 1740 2739 1795 pcena
2766 1729 2870 1788 est,
2912 1728 2966 1778 et
3006 1740 3106 1794 pro
3140 1728 3366 1794 peccato
3398 1724 3592 1794 aliquo
3634 1725 3939 1794 penditur.

2239 1813 2363 1865 Non
2388 1813 2539 1865 enim
2563 1813 2689 1882 quis
2713 1828 2864 1882 {nam
2887 1811 3133 1883 injustus
3154 1814 3479 1868 dominator
3509 1819 3607 1868 aut
3642 1814 3943 1884 surripere

2235 1899 2526 1953 hominem
2549 1901 2755 1970 potuit,
2783 1902 2938 1955 velut
2961 1901 3251 1971 ignoranti
3279 1903 3397 1956 Deo
3425 1923 3440 1970 ;
3465 1906 3564 1956 aut
3592 1907 3942 1974 extorquere

2235 1987 2434 2052 invito,
2477 1993 2748 2059 tanquam
2792 1988 3138 2056 invalidiori,
3179 1990 3265 2043 vel
3307 1990 3573 2044 terrendo
3613 1990 3703 2045 vel
3735 1990 3944 2044 conï¬‚i-

2234 2077 2438 2147 gendo,
2465 2080 2530 2130 ut
2553 2077 2849 2131 hominem
2874 2077 3084 2148 injusta
3109 2095 3278 2148 poena
3305 2079 3602 2133 cruciaret.
3637 2079 3944 2149 Relinqui-

2234 2166 2328 2215 tur
2353 2178 2487 2232 ergo
2530 2168 2600 2216 ut
2631 2164 2752 2217 haec
2784 2165 2936 2235 justa
2974 2181 3144 2234 paena
3171 2166 3240 2220 de
3269 2166 3640 2221 damnatione
3679 2167 3943 2221 hominis

2233 2251 2425 2305 veniat
2459 2252 2550 2322 (a).

2304 2342 2398 2393 52.
2438 2339 2551 2393 Nec
2582 2339 2906 2396 mirandum
2937 2345 3021 2395 est
3045 2342 3194 2412 quod
3229 2343 3312 2396 vel
3342 2343 3667 2414 ignorando
3699 2359 3817 2398 non
3841 2345 3948 2398 ha-

2231 2426 2364 2480 beat
2389 2427 2690 2482 arbitrium
2720 2429 2962 2484 liberum
2992 2430 3295 2484 voluntatis
3324 2431 3396 2485 ad
3429 2431 3764 2502 eligendum
3795 2432 3942 2504 quid

2234 2519 2382 2568 recte
2409 2516 2609 2570 faciat:
2643 2518 2730 2570 vel
2762 2518 3060 2572 resistente
3091 2519 3308 2573 carnali
3338 2521 3778 2586 consuetudine,
3805 2537 3947 2591 qua}

2233 2603 2502 2658 violentia
2530 2605 2788 2660 mortalis
2810 2606 3178 2661 successionis
3198 2608 3626 2678 quodammodo
3651 2610 3948 2663 naturali-

2232 2695 2318 2746 ter
2354 2691 2605 2760 inolevit,
2648 2693 2838 2748 videat
2867 2695 3003 2765 quid
3036 2701 3188 2750 recte
3217 2696 3544 2751 faciendum
3575 2697 3666 2766 sit,
3707 2702 3765 2751 et
3797 2698 3952 2752 velit

2233 2796 2333 2834 nec
2361 2781 2539 2851 possit
2566 2781 2823 2852 implere.
2857 2783 2960 2837 Illa
2989 2788 3071 2838 est
3102 2783 3258 2838 enim
3289 2786 3508 2855 peccati
3536 2802 3706 2856 poena
3730 2787 3946 2856 justis-

2231 2867 2392 2933 sima,
2423 2872 2489 2922 ut
2537 2869 2760 2924 amittat
2804 2871 3048 2942 quisque
3089 2888 3203 2943 quo
3236 2873 3382 2927 bene
3427 2874 3514 2927 uti
3560 2874 3764 2940 noluit,
3797 2891 3945 2930 cum

2231 2955 2352 3009 sine
2382 2956 2499 3010 ulla
2527 2962 2718 3027 posset
2744 2957 3100 3025 difï¬cultate,
3134 2959 3180 3012 si
3208 2960 3393 3015 vellet.
3428 2960 3488 3014 Id
3514 2965 3600 3014 est
3622 2966 3841 3031 autem,
3871 2969 3946 3018 ut

2231 3043 2358 3114 quis
2388 3043 2568 3098 sciens
2596 3050 2746 3100 recte
2776 3062 2894 3101 non
2923 3047 3076 3112 facit,
3113 3047 3337 3102 amittat
3363 3048 3504 3103 scire
3534 3049 3674 3119 quid
3703 3055 3941 3105 rectum

2229 3132 2332 3198 sit;
2377 3136 2432 3186 et
2462 3133 2563 3204 qui
2609 3138 2758 3188 recte
2801 3135 3004 3202 facere,
3037 3152 3166 3190 cum
3206 3143 3418 3207 posset,
3452 3137 3660 3206 noluit,
3700 3139 3944 3195 amittat

2229 3236 2391 3290 posse
2423 3237 2550 3275 cum
2582 3222 2733 3275 velit.
2774 3224 2920 3276 Nam
2945 3228 3076 3277 sunt
3103 3240 3298 3278 revera
3329 3226 3485 3279 omni
3515 3227 3772 3296 peccanti
3799 3229 3941 3282 ani-

2229 3324 2338 3361 mae
2382 3309 2494 3363 duo
2540 3309 2647 3364 ista
2685 3312 2950 3380 poenalia,
2999 3312 3330 3382 ignorantia
3376 3318 3433 3368 et
3477 3314 3804 3371 difï¬cultas.
3858 3318 3944 3371 Ex

2227 3395 2552 3467 ignorantia
2596 3399 2930 3454 dehonestat
2960 3416 3138 3468 error,
3172 3418 3237 3454 ex
3279 3401 3613 3456 difï¬cultate
3643 3403 3947 3459 cruciatus

2227 3484 2450 3554 afï¬‚igit.
2493 3485 2601 3540 Sed
2631 3487 2945 3556 approbare
2971 3488 3114 3544 falsa
3159 3506 3264 3560 pro
3296 3490 3463 3557 veris,
3496 3495 3562 3546 ut
3589 3496 3742 3546 erret
3778 3491 3940 3547 invi-

2227 3576 2342 3640 tus,
2372 3576 2428 3626 et
2454 3573 2748 3630 resistente
2778 3580 2948 3646 atque
2977 3581 3282 3648 torquente
3313 3579 3506 3634 dolore
3536 3579 3781 3634 carnalis
3812 3583 3946 3637 vin-

2227 3660 2360 3727 culi,
2389 3677 2505 3714 non
2534 3677 2696 3731 posse
2723 3679 2754 3716 a
2783 3663 3107 3720 libidinosis
3138 3667 3407 3736 operibus
3439 3672 3780 3740 temperare,
3815 3687 3944 3725 non

2227 3751 2312 3802 est
2339 3753 2541 3802 natura
2572 3750 2813 3805 instituti
2843 3752 3114 3823 hominis,
3145 3755 3245 3810 sed
3271 3773 3441 3826 pcena
3477 3757 3751 3812 damnati.
3787 3760 3939 3814 Cum

2227 3840 2416 3890 autem
2447 3838 2514 3892 de
2545 3838 2722 3892 libera
2743 3841 3030 3895 voluntate
3062 3847 3212 3899 recte
3240 3844 3488 3899 faciendi
3510 3845 3829 3917 loquimur,
3865 3849 3940 3903 de

2225 3922 2322 3977 illa
2352 3925 2562 3979 scilicet
2588 3925 2649 3980 in
2677 3942 2791 3998 qua
2828 3928 3002 3982 homo
3025 3929 3204 3984 factus
3233 3936 3320 3986 est
3349 3931 3640 4002 loquimur
3671 3934 3764 4003 (á½).

2224 4029 2450 4085 CAPUT
2477 4034 2610 4087 XIX.
2641 4064 2708 4074 -â€”
2737 4037 3017 4090 Peccantes
3046 4040 3423 4103 ignorantiam
3451 4044 3502 4093 et
3538 4040 3938 4110 difï¬cultatem

2295 4123 2582 4188 transfusa
2609 4123 2668 4176 in
2695 4137 2750 4177 se
2785 4139 2852 4177 ea:
2881 4125 3017 4178 Adae
3057 4131 3272 4194 peccato
3301 4130 3443 4181 vitia
3477 4144 3544 4182 ne
3576 4135 3856 4184 emcusent.

2292 4228 2380 4282 53.
2427 4227 2541 4280 lloc
2569 4227 2816 4282 occurrit
2839 4229 2936 4283 illa
2966 4231 3226 4300 quaestio,
3261 4249 3434 4303 quam
3485 4234 3636 4288 inter
3682 4251 3741 4288 se
3773 4251 3938 4290 murâ€”

2220 4319 2514 4368 murantes
2531 4315 2791 4370 homines
2815 4318 3015 4372 rodere
3055 4323 3595 4392 consueverunt,qui
3629 4323 3940 4393 quodlibet

2220 4401 2376 4456 aliud
2412 4403 2472 4455 in
2499 4405 2783 4473 peccando
2817 4422 2989 4476 quam
3033 4424 3091 4461 se
3125 4425 3386 4463 accusare
3418 4411 3604 4480 parati
3636 4415 3789 4466 sunt.
3829 4413 3936 4467 Dio

2218 4495 2356 4543 cunt
2385 4490 2569 4544 enim:
2621 4491 2676 4546 Si
2713 4493 2892 4547 Adam
2940 4499 2996 4549 et
3043 4496 3152 4549 Eva
3180 4503 3575 4566 peccaverunt,
3618 4499 3762 4569 quid
3820 4517 3938 4555 nos

2219 4577 2412 4632 miseri
2445 4577 2700 4646 fecimus,
2740 4586 2804 4634 ut
2834 4598 2962 4635 cum
3000 4583 3342 4653 ignorantiae
3372 4585 3642 4654 cmcitate,
3677 4592 3735 4641 et
3766 4589 3931 4643 difï¬-

2217 4666 2442 4720 cultatis
2479 4668 2815 4723 cruciatibus
2861 4687 3245 4738 nasceremur,
3289 4677 3346 4726 et
3375 4674 3564 4743 primo
3592 4691 3934 4732 erraremus

2217 4755 2530 4810 nescientes
2577 4757 2714 4828 quid
2758 4759 2921 4812 nobis
2968 4765 3115 4813 esset
3153 4761 3517 4830 faciendum;
3562 4763 3773 4817 deinde
3819 4766 3935 4820 ubi

2215 4843 2379 4898 nobis
2420 4845 2739 4915 inciperent
2778 4847 2990 4918 aperiri
3031 4853 3317 4919 praecepta
3338 4850 3596 4920 justitiae,
3641 4853 3933 4908 vellemus

2215 4949 2282 4986 ea
2309 4933 2514 5001 facere,
2540 4939 2593 4989 et
2614 4936 2919 4991 renittente
2950 4938 3191 4991 carnalis
3219 4939 3694 5009 concupiscentia:
3720 4943 3931 4998 nescio

2213 5037 2326 5092 qua
2363 5023 2694 5077 necessitate
2743 5040 2859 5078 non
2896 5023 3254 5081 valeremus?
3291 5027 3506 5091 Quibus
3538 5029 3794 5083 breviter
3825 5047 3925 5085 re-

2210 5111 2521 5179 spondetur
2540 5115 2602 5164 ut
2625 5111 2938 5182 quiescant,
2961 5118 3016 5166 et
3043 5114 3312 5169 adversus
3338 5116 3515 5170 Deum
3547 5133 3928 5175 murmurare

2209 5199 2494 5254 desistant.
2531 5201 2700 5254 Recte
2732 5200 2885 5254 enim
2913 5201 3149 5256 fortasse
3179 5209 3581 5273 quererentur,
3618 5207 3666 5260 si
3695 5210 3929 5263 erroris

2272 5323 2284 5352 Â³
2310 5320 2453 5388 Î¾]á½±á½¶Î¼á½¶
2479 5336 2490 5368 :
2513 5321 2568 5388 Si
2594 5322 2772 5370 autem
2801 5322 2972 5388 bonus
2996 5321 3153 5374 homo
3181 5328 3331 5387 esset,
3353 5327 3513 5377 aliter
3532 5337 3656 5378 esset
3682 5344 3694 5388 ;
3720 5331 3931 5382 omissa

2208 5383 2465 5443 particula
2489 5386 2550 5439 si,
2589 5396 2745 5443 quam
2776 5399 2840 5433 ex
2866 5387 2985 5436 Mss.
3021 5383 3374 5449 reposuimus.

2270 5460 2338 5583 (Î±Î¾
2366 5461 2484 5532 Vid.
2517 5462 2742 5532 Retract.
2769 5464 2859 5513 lib.
2896 5469 2940 5524 I,
2969 5480 3079 5528 cap.
3107 5467 3154 5525 9,
3181 5481 3234 5515 n.
3268 5470 3313 5516 5.

2270 5523 2317 5583 (á½
2365 5524 2478 5571 Vul.
2510 5525 2636 5572 ibid.

2269 5523 2335 5584 (á½)
2365 5524 2478 5571 Vid.
2510 5525 2636 5572 ibid.
