4074 6352
178 358 319 410 1297

179 481 241 531 et
291 476 547 531 libidinis
594 479 788 534 nullos
835 481 1137 536 hominum
1193 483 1368 538 victor
1413 485 1708 554 existeret;
1754 503 1883 542 cum

179 581 320 620 vero
342 566 556 638 ubique
576 567 647 621 sit
670 585 946 639 praesens,
979 571 1078 642 qui
1102 573 1298 626 multis
1329 574 1514 628 modis
1539 591 1642 646 per
1661 582 1882 631 creatu-

181 670 310 709 ram
344 655 453 709 sibi
486 656 730 710 Domino
784 659 1121 713 servientem
1175 677 1432 716 aversum
1466 667 1644 730 vocet,
1687 665 1885 720 doceat

180 744 536 810 credentem,
572 747 896 800 consoletur
921 753 1266 818 sperantem,
1294 749 1626 821 diligentem
1673 753 1878 806 adhor-

179 835 358 900 tetur,
395 838 698 888 conantem
738 835 984 906 adjuvet,
1017 838 1279 892 exaudiat
1306 839 1734 908 deprecantem;
1768 857 1882 894 non

177 920 290 974 tibi
337 921 645 992 deputatur
677 924 747 977 ad
792 925 1018 995 culpam
1051 926 1205 996 quod
1251 926 1462 980 invitus
1488 927 1739 998 ignoras,
1787 930 1882 983 sed

183 1010 342 1079 quod
373 1011 617 1082 negligis
630 1028 885 1082 quaerere
909 1014 1058 1084 quod
1084 1013 1343 1085 ignoras;
1369 1033 1551 1087 neque
1576 1017 1712 1071 illud
1727 1017 1880 1089 quod

184 1099 489 1152 vulnerata
540 1101 798 1154 membra
828 1117 945 1155 non
992 1103 1227 1174 colligis,
1269 1105 1367 1159 sed
1406 1105 1556 1176 quod
1601 1107 1880 1160 volentem

182 1203 391 1240 sanare
438 1191 795 1244 contemnis:
857 1191 965 1244 ista
995 1196 1093 1245 tua
1149 1193 1380 1264 propria
1436 1200 1667 1264 peccata
1729 1199 1879 1260 sunt,

183 1275 342 1329 Nulli
373 1277 527 1330 enim
570 1278 792 1332 homini
823 1281 1073 1334 ablatum
1121 1287 1205 1334 est
1250 1281 1392 1335 scire
1438 1283 1656 1336 utiliter
1701 1283 1882 1354 quaeri

181 1364 342 1434 quod
370 1364 649 1419 inutiliter
678 1367 977 1437 ignoratur
1003 1367 1046 1434 ⁴,
1080 1373 1134 1422 et
1169 1369 1461 1423 humiliter
1492 1371 1881 1424 conﬁtendum

180 1467 305 1505 esse
333 1453 801 1520 imbecillitatem,
835 1460 901 1510 ut
923 1457 1204 1527 quaerenti
1228 1461 1283 1510 et
1311 1458 1603 1512 conﬁtenti
1632 1459 1726 1513 ille
1756 1459 1882 1513 sub-

176 1540 393 1606 veniat,
426 1543 526 1613 qui
557 1559 659 1598 uec
689 1549 839 1598 errat
868 1545 1003 1598 dum
1035 1545 1315 1613 subvenit,
1347 1561 1450 1598 nec
1482 1545 1724 1599 laborat.

256 1632 344 1683 54.
375 1631 517 1685 Nam
543 1631 685 1686 illud
717 1633 868 1704 quod
893 1633 1162 1704 ignorans
1194 1634 1435 1704 quisque
1477 1650 1593 1688 non
1625 1637 1773 1686 recte
1805 1631 1880 1686 fa—

173 1717 273 1784 cit,
308 1723 364 1772 et
395 1720 550 1790 quod
581 1725 733 1775 recte
762 1722 955 1776 volens
994 1723 1178 1777 facere
1207 1738 1324 1776 non
1354 1727 1567 1792 potest,
1615 1721 1743 1775 ideo
1792 1721 1878 1775 di-

175 1810 390 1860 cuntur
417 1811 664 1877 peccata,
700 1809 836 1880 quia
861 1810 929 1863 de
959 1815 1187 1880 peccato
1215 1810 1314 1864 illo
1345 1810 1538 1864 liberae
1569 1809 1878 1864 voluntatis

181 1893 469 1964 originem
498 1896 712 1950 ducunt
744 1913 758 1950 :
793 1897 932 1952 illud
976 1897 1128 1952 enim
1161 1899 1490 1968 praecedens
1534 1898 1744 1952 meruit
1772 1897 1879 1952 ista

177 1985 496 2052 sequentia.
547 1987 688 2039 Nam
735 1986 877 2040 sicut
931 1987 1185 2058 linguam
1245 1988 1485 2042 dicimus
1532 2005 1649 2041 non
1692 1988 1877 2041 solum

178 2072 506 2127 membrum
539 2075 690 2145 quod
721 2091 1012 2128 movemus
1043 2076 1102 2128 in
1134 2092 1232 2129 ore
1266 2077 1400 2130 dum
1436 2076 1744 2147 loquimur,
1777 2076 1876 2130 sed

176 2160 351 2213 etiam
385 2161 518 2216 illud
551 2163 703 2233 quod
743 2163 913 2233 hujus
962 2164 1203 2217 membri
1234 2168 1455 2218 motum
1489 2164 1874 2236 consequitur,

174 2248 237 2302 id
251 2251 334 2301 est
353 2248 594 2304 formam
623 2255 999 2322 tenoremque
1020 2253 1344 2319 verborum,
1369 2253 1682 2307 secundum
1703 2269 1875 2324 quem

173 2337 415 2391 modum
445 2338 652 2393 dicitur
681 2339 789 2393 alia
815 2340 1013 2410 lingua
1039 2357 1239 2411 graeca,
1277 2341 1389 2395 alia
1417 2340 1592 2395 latina
1616 2358 1628 2395 :
1656 2341 1734 2394 sic
1759 2357 1875 2396 non

174 2425 362 2479 solum
394 2432 688 2496 peccatum
723 2427 863 2482 illud
895 2429 1156 2496 dicimus,
1185 2429 1339 2500 quod
1369 2429 1604 2500 proprie
1644 2434 1876 2484 vocatur

175 2518 498 2584 peccatum,
536 2515 716 2569 libera
742 2517 895 2570 enim
928 2518 1214 2571 voluntate
1259 2522 1314 2572 et
1355 2518 1426 2572 ab
1470 2517 1680 2572 sciente
1728 2534 1875 2572 com-

174 2600 456 2667 mittitur;
490 2602 584 2656 sed
607 2602 776 2657 etiam
800 2603 940 2657 illud
975 2605 1123 2674 quod
1148 2604 1269 2674 jam
1292 2604 1362 2658 de
1389 2603 1560 2674 hujus
1591 2605 1872 2674 supplicio

172 2695 558 2760 consequatur
586 2707 813 2745 necesse
874 2697 973 2746 est.
1008 2693 1096 2746 Sic
1153 2693 1325 2746 etiam
1372 2693 1554 2763 ipsam
1609 2696 1870 2747 naturam

175 2778 344 2832 aliter
363 2778 622 2845 dicimus,
653 2796 783 2833 cum
805 2780 1036 2851 proprie
1055 2780 1364 2850 loquimur,
1396 2785 1660 2834 naturam
1689 2781 1873 2845 homi-

175 2867 292 2935 nis,
326 2867 383 2920 in
415 2884 528 2939 qua
558 2867 810 2938 primum
843 2869 902 2922 in
932 2885 1034 2922 suo
1064 2885 1273 2939 genere
1306 2867 1667 2937 inculpabilis
1696 2867 1872 2922 factus

172 2959 287 3008 est:
317 2955 712 3018 aliter.istam,
751 2956 809 3009 in
851 2940 967 3027 qua
993 2972 1059 3010 ex
1089 2957 1242 3010 illius
1283 2955 1536 3010 damnati
1582 2972 1770 3026 poena,
1817 2961 1873 3010 et

173 3044 447 3097 mortales
475 3048 533 3098 et
557 3043 756 3114 .ignari
797 3050 852 3098 et
901 3045 1057 3098 carni
1103 3045 1315 3099 subditi
1367 3044 1678 3108 nascimur;
1708 3045 1871 3114 juxta

171 3147 347 3204 quem
377 3132 610 3186 modum
644 3132 781 3186 dicit
801 3134 1122 3203 Apostolus,
1152 3136 1367 3187 Fuimus
1397 3135 1542 3187 enim
1571 3138 1620 3186 ct
1648 3147 1742 3187 nos
1761 3149 1865 3187 ηα-

174 3220 432 3275 turaliter
457 3223 561 3289 ﬁlii
588 3223 705 3287 iraa,
733 3224 873 3276 sicut
901 3226 951 3275 et
979 3224 1158 3276 caeteri
1189 3220 1405 3291 (Ephes.
1433 3239 1490 3288 ιι,
1521 3220 1590 3292 3).

175 3309 402 3363 CAPUT
431 3310 534 3363 ΧΧ.
559 3340 626 3348 —-—
655 3310 891 3363 Poenales
921 3309 1160 3375 defectus
1199 3311 1258 3362 in
1288 3309 1428 3362 Adw
1452 3314 1690 3377 posteros
1722 3309 1870 3362 haud

245 3397 447 3465 injuste
472 3397 780 3464 damnasse,
809 3413 1154 3466 quaecumque
1183 3397 1394 3451 demum
1410 3413 1537 3451 tera
1560 3399 1633 3451 sit
1657 3397 1722 3451 de
1748 3399 1868 3451 ani-

245 3500 457 3538 marum
477 3487 686 3552 origine
714 3488 996 3538 sententia.

246 3577 332 3626 55.
363 3573 436 3628 Ut
465 3579 657 3626 autem
689 3573 758 3627 de
788 3573 888 3626 illo
917 3573 1104 3644 primo
1145 3573 1435 3645 conjugio,
1469 3577 1524 3627 et
1553 3589 1683 3628 cum
1713 3573 1869 3643 igno-

173 3662 383 3726 rantia,
419 3665 471 3715 et
505 3678 636 3716 cum
667 3662 1020 3729 difﬁcultate,
1055 3667 1264 3716 etcum
1298 3663 1642 3716 mortalitate
1670 3677 1865 3715 nasca-

170 3766 327 3816 mur,
356 3749 634 3820 quoniam
663 3749 744 3803 illi
778 3766 907 3804 cum
938 3750 1343 3820 peccavissent,
1367 3751 1497 3803 etin
1515 3765 1789 3817 errorem,
1815 3754 1870 3802 et

173 3840 234 3893 in
273 3854 610 3904 aerumnam,
642 3842 698 3891 et
725 3837 784 3891 in
818 3843 1062 3892 mortem
1110 3837 1450 3908 praecipitati
1476 3842 1628 3903 sunt,
1674 3853 1866 3890 rerum

170 3928 519 3982 moderatori
563 3944 787 3981 summo
830 3928 1294 3998 Deo_justissime
1341 3927 1586 3997 placuit;
1635 3931 1698 3980 ut
1729 3925 1866 3979 etin

170 4021 302 4071 ortu
327 4015 577 4070 hominis
611 4015 968 4086 originaliter
998 4016 1532 4086 appareretjustitia
1554 4015 1862 4086 punientis,

168 4109 226 4159 et
256 4105 314 4158 in
345 4110 616 4176 provectu
646 4103 1036 4158 misericordia
1065 4105 1376 4158 liherantis.
1415 4107 1550 4158 Nam
1584 4103 1734 4157 enim
1767 4104 1865 4157 da-

169 4196 366 4246 mnato
415 4193 604 4263 primo
644 4192 864 4246 homini
903 4193 980 4246 sic
1015 4193 1282 4263 adempta
1330 4197 1413 4247 est
1452 4193 1762 4256 beatitudo,
1805 4196 1868 4246 ut

169 4281 341 4334 etiam
377 4281 694 4336 fecunditas
720 4282 1088 4336 adimeretur.
1115 4284 1341 4336 Poterat
1361 4281 1513 4335 enim
1543 4287 1598 4334 et
1618 4281 1686 4335 de
1709 4281 1867 4352 prole

168 4370 314 4440 ejus,
360 4370 618 4440 quamvis
647 4371 862 4424 carnali
895 4375 950 4424 et
982 4370 1228 4438 mortali,
1271 4370 1501 4441 aliquod
1535 4370 1594 4424 in
1625 4386 1726 4423 suo
1757 4384 1862 4440 ge-

170 4473 309 4511 uere
343 4458 469 4512 ﬁeri
500 4459 671 4513 decus
721 4464 1234 4530 ornamentumque
1281 4463 1578 4513 terrarum.
1609 4460 1866 4512 Jamvero

172 4552 235 4600 ut
264 4547 528 4602 meliores
567 4548 826 4619 gigneret
848 4565 1019 4619 quam
1043 4548 1163 4619 ipse
1195 4553 1355 4611 esset,
1391 4564 1505 4602 non
1541 4550 1661 4601 erat
1693 4545 1868 4616 aequi-

167 4635 339 4690 tatis:
376 4637 469 4690 sed
502 4653 565 4691 ex
598 4637 966 4692 conversione
998 4638 1067 4692 ad
1101 4639 1296 4702 Deum,
1333 4641 1395 4690 ut
1422 4637 1669 4690 vinceret
1709 4634 1864 4706 quis-

172 4740 287 4796 que
303 4725 644 4796 supplicium
675 4727 824 4798 quod
856 4727 1016 4796 origo
1035 4727 1157 4797 ejus
1176 4742 1238 4780 ex
1255 4726 1546 4779 aversione
1559 4726 1863 4789 meruerat,

169 4829 286 4867 non
315 4815 495 4868 solum
524 4817 809 4869 volentem
832 4832 943 4870 non
967 4814 1276 4886 prohiberi,
1301 4815 1394 4868 sed
1419 4814 1588 4868 etiam
1613 4811 1866 4882 adjuvari

172 4903 510 4973 oportebat;
573 4904 744 4958 etiam
804 4906 882 4959 sic
912 4905 1065 4959 enim
1118 4921 1310 4958 rerum
1363 4904 1594 4957 Creator
1621 4900 1868 4955 ostendit

168 4996 385 5062 quanta
412 4991 680 5046 facilitate
710 4994 984 5062 potuisset
1004 4995 1196 5053 homo,
1229 4993 1276 5047 si
1306 4993 1596 5058 voluisset,
1621 4989 1865 5044 retinere

172 5080 329 5152 quod
361 5081 539 5134 factus
560 5085 663 5147 est,
696 5096 819 5135 cum
843 5083 1029 5152 proles
1061 5081 1378 5152 ejuspotuit
1405 5080 1574 5135 etiam
1601 5094 1865 5150 superare

168 5168 323 5240 quod
348 5173 484 5223 nata
521 5173 624 5224 est.

234 5314 248 5346 ι
279 5311 424 5368 Lov.,
448 5314 582 5359 scire
597 5311 804 5360 utiliter
823 5322 1069 5372 querere.
1083 5311 1221 5372 quod
1237 5311 1503 5360 inutiliter
1515 5309 1752 5370 ignorat.
1767 5307 1866 5372 An-_

175 5373 430 5435 tiquiores
456 5373 587 5421 Edd.
613 5369 843 5421 Ba<1.Er.‘
861 5377 913 5420 et
928 5373 1048 5420 Mss.
1067 5369 1461 5435 quatuor,acire
1478 5369 1702 5428 utiliter,
1733 5369 1867 5429 quod

167 5434 440 5498 inutiliter
465 5439 768 5498 ignoratur.
794 5435 892 5483 Alii
922 5436 1042 5498 Mss.
1068 5434 1315 5498 updecim
1334 5448 1360 5482 e
1396 5448 1618 5498 quorum
1649 5445 1865 5480 numero

169 5503 296 5546 sunt
318 5495 509 5558 Regius
531 5497 721 5557 Codex,
755 5497 1070 5553 Victorinus,
1098 5495 1366 5544 Sorbonici
1400 5495 1524 5555 duo,
1549 5498 1863 5558 Germanenf

169 5561 262 5617 sis,
297 5556 743 5616 Genimeticensis,
775 5563 894 5618 etc.,
924 5559 1275 5608 habentscire
1302 5559 1520 5621 utiliter
1537 5560 1700 5621 quwri
1723 5556 1866 5618 quod

169 5622 432 5671 inutiliter
464 5625 761 5682 ignoratur:
796 5636 951 5684 quam
983 5621 1258 5669 lectionem
1291 5620 1550 5682 eligimus.

1642 365 1853 422 LIBER
1893 367 2215 423 TERTIUS.

3557 375 3690 426 l298

2063 494 2150 544 56.
2195 490 2431 557 Deinde,
2465 492 2513 544 si
2538 507 2652 545 una
2673 491 2865 546 anima
2890 492 3039 546 facta
3067 498 3169 559 est,
3197 510 3261 548 ex
3284 510 3397 565 qua
3425 495 3686 551 omnium

1993 577 2292 632 hominum
2341 579 2548 633 anima:
2578 581 2887 635 trahuntur
2918 582 3299 648 nascentium,
3339 582 3466 653 quis
3502 588 3687 654 potest

1993 665 2181 720 dicere
2207 683 2319 720 non
2360 684 2416 720 se
2445 684 2723 737 peccasse,
2757 685 2886 723 cum
2919 669 3143 740 primus
3171 671 3266 724 ille
3297 671 3596 742 peccavit?
3627 671 3684 726 Si

1993 761 2182 810 autem
2201 756 2533 826 singillatim
2557 758 2703 811 ﬁunt
2717 758 2775 812 in
2800 775 3145 829 unoquoque
3163 760 3541 826 nascentium,
3565 776 3684 814 non

1992 845 2078 896 est
2104 858 2455 912 perversum,
2475 843 2589 898 imo
2620 847 3218 902 convenientissimum
3245 854 3297 902 et
3328 848 3681 902 ordinatissi-

1992 945 2150 984 mum
2174 937 2432 1002 apparet,
2458 936 2519 986 ut
2545 933 2760 986 malum
2799 935 3068 990 meritum
3098 936 3326 1007 prioris,
3360 942 3566 991 natura
3594 953 3680 991 se—

1992 1020 2218 1089 quentis
2273 1021 2373 1087 sit;
2434 1025 2489 1075 et
2539 1022 2755 1075 bonum
2803 1023 3070 1077 meritum
3117 1024 3425 1094 sequentis,
3477 1029 3683 1079 natura

1990 1107 2201 1177 prioris
2225 1109 2315 1163 sit.
2346 1109 2490 1172 Quid
2519 1109 2673 1163 enim
2703 1109 3028 1180 indignum,
3075 1111 3120 1164 si
3175 1113 3344 1166 etiam
3395 1113 3474 1167 sic
3503 1113 3683 1167 voluit

1993 1195 2221 1249 Creator
2277 1197 2595 1262 ostendere,
2647 1213 2828 1268 usque
2886 1198 3028 1252 adeo
3089 1200 3360 1253 excellere
3413 1199 3683 1254 creaturis

1990 1285 2275 1354 corporeis
2303 1285 2510 1338 animae
2561 1285 2922 1356 dignitatem,
2965 1291 3028 1339 ut
3075 1287 3144 1339 ab
3184 1303 3248 1340 eo
3298 1289 3476 1357 gradu
3507 1287 3685 1358 possit

1991 1387 2112 1424 esse
2161 1377 2318 1426 ortus
2347 1373 2600 1440 alterius,
2648 1374 2718 1428 ad
2766 1390 2939 1444 quem
2987 1374 3221 1428 alterius
3253 1375 3559 1443 perductus
3598 1380 3684 1429 cst

1992 1461 2269 1518 occasus?
2308 1461 2449 1514 Nam
2478 1475 2606 1513 cum
2640 1461 2710 1514 ad
2741 1460 3129 1531 ignorantiam
3172 1460 3682 1532 difﬁcultatemque
3717 1497 3720 1501 ι

1988 1548 2316 1617 pervenerit
2339 1548 2437 1602 illa
2449 1548 2752 1619 peccatrix,
2779 1549 2908 1603 ideo
2927 1565 3098 1619 paena
3124 1552 3273 1602 recte
3296 1549 3522 1615 dicitur,
3548 1550 3686 1620 quia

1991 1636 2197 1690 melior
2226 1641 2356 1691 ante
2384 1637 2530 1691 hanc
2552 1654 2782 1708 poenam
2811 1637 2937 1692 fuit.
2964 1638 3020 1693 Si
3053 1654 3189 1709 ergo
3212 1639 3391 1692 altera
3415 1637 3537 1692 talis
3563 1653 3683 1691 esse

1989 1724 2160 1795 coepit
2186 1741 2306 1779 non
2333 1725 2518 1780 solum
2569 1730 2699 1780 ante
2745 1731 3060 1796 peccatum,
3119 1726 3217 1779 sed
3266 1730 3397 1779 ante
3449 1741 3682 1779 omnem

1987 1813 2162 1866 vitam
2193 1829 2373 1880 suam,
2408 1814 2594 1884 qualis
2645 1813 2756 1867 alia
2790 1818 2917 1883 post
2961 1813 3135 1867 vitam
3165 1813 3511 1883 culpabilem
3537 1813 3682 1867 facta

1988 1905 2093 1967 est,
2138 1917 2254 1954 non
2303 1917 2543 1972 parvum
2590 1902 2804 1956 bonum
2833 1901 3024 1964 habet,
3071 1901 3222 1956 unde
3253 1901 3546 1956 Conditori
3576 1917 3679 1955 suo

1986 1989 2198 2060 gratias
2230 1994 2390 2061 agat;
2423 1990 2560 2062 quia
2587 1990 2707 2061 ipse
2733 1995 2890 2044 ortus
2920 1989 3042 2060 ejus
3071 1994 3130 2044 et
3156 1989 3446 2044 inchoatio
3481 1989 3680 2060 quovis

1987 2079 2239 2148 perfecto
2289 2095 2525 2150 corpore
2572 2084 2655 2133 est
2697 2079 2921 2133 melior.
2981 2079 3106 2132 Non
3161 2078 3314 2132 enim
3369 2077 3681 2133 mediocria

1985 2165 2136 2220 bona
2163 2174 2316 2233 sunt,
2369 2183 2486 2221 non
2516 2168 2698 2222 solum
2748 2167 2903 2238 quod
2941 2167 3133 2220 anima
3181 2171 3284 2233 est,
3326 2183 3438 2238 qua
3473 2170 3679 2220 natura

1978 2254 2098 2325 jam
2147 2271 2316 2310 omne
2354 2273 2560 2327 corpus
2589 2256 2894 2327 praecedit;
2927 2256 3023 2309 sed
3057 2256 3226 2309 etiam
3256 2255 3410 2324 quod
3442 2255 3675 2308 faculta-

1983 2346 2098 2398 tem
2129 2343 2322 2414 habet,
2352 2349 2418 2399 ut
2443 2345 2749 2416 adjuvante
2775 2345 3040 2399 Creatore
3071 2344 3317 2415 seipsam
3349 2344 3589 2410 excolat,
3621 2348 3680 2397 et

1983 2430 2079 2499 pio
2107 2430 2294 2484 studio
2333 2431 2510 2501 possit
2529 2446 2726 2484 omnes
2759 2430 3053 2501 acquirere
3085 2435 3140 2484 et
3172 2445 3375 2501 capere
3415 2430 3674 2493 virtutes,

1983 2533 2088 2588 per
2121 2535 2262 2588 quas
2309 2524 2363 2574 et
2394 2537 2426 2574 a
2456 2519 2788 2573 difﬁcultate
2818 2519 3126 2584 cruciante,
3158 2523 3215 2571 et
3245 2518 3315 2571 ab
3353 2515 3677 2586 ignorantia

1983 2611 2228 2661 caacante
2255 2607 2549 2662 liberetur.
2583 2607 2741 2670 Quod
2779 2608 2825 2660 si
2859 2607 2938 2661 ita
2971 2611 3079 2674 est,
3113 2622 3231 2660 non
3253 2606 3362 2660 erit
3392 2604 3676 2659 nascenti-

1982 2695 2088 2748 bus
2109 2696 2315 2750 animis
2332 2696 2656 2765 ignorantia
2680 2702 2736 2751 et
2755 2696 3058 2751 difﬁcultas
3075 2695 3421 2765 supplicium
3438 2693 3672 2764 peccati,

1981 2783 2079 2837 sed
2121 2784 2460 2852 proﬁciendi
2490 2785 2827 2849 admonitio,
2859 2789 2917 2838 et
2944 2783 3312 2854 perfectionis
3356 2783 3671 2836 exordium.

1985 2872 2110 2925 Non
2140 2871 2294 2926 enim
2321 2875 2451 2926 ante
2482 2887 2652 2925 omne
2680 2871 2950 2925 meritum
2980 2871 3117 2924 boni
3147 2869 3336 2940 operis
3364 2884 3571 2938 parum
3593 2872 3676 2922 est

1983 2959 2262 3029 accepisse
2289 2961 2547 3014 naturale
2586 2959 2890 3028 judicium,
2922 2975 3037 3030 quo
3079 2958 3418 3028 sapientiam
3447 2971 3674 3026 praepo-

1980 3053 2078 3102 nat
2126 3048 2326 3114 errori,
2360 3053 2416 3102 et
2467 3048 2718 3118 quietem
2773 3047 3116 3106 difficultati,
3161 3051 3226 3100 ut
3271 3045 3341 3099 ad
3387 3046 3511 3098 haec
3553 3059 3670 3097 non

1979 3137 2282 3201 nascendo,
2317 3137 2413 3190 sed
2454 3136 2734 3190 studendo
2763 3135 3078 3206 perveniat.
3111 3135 3272 3198 Quod
3301 3133 3349 3187 si
3378 3148 3545 3203 agere
3571 3148 3673 3186 no-

1979 3225 2169 3289 luerit,
2201 3224 2417 3294 peccati
2447 3240 2544 3278 rea
2566 3224 2697 3294 jure
2743 3223 3048 3287 tenebitur,
3081 3229 3356 3293 tanquam
3399 3237 3528 3291 quae
3557 3236 3673 3274 non

1979 3309 2125 3364 bene
2155 3325 2259 3363 usa
2305 3309 2377 3362 sit
2425 3326 2491 3363 ea
2519 3309 2784 3364 facultate
2831 3325 3003 3379 quam
3065 3307 3296 3376 accepit.
3332 3307 3672 3376 Quanquam

1979 3397 2136 3450 enim
2165 3397 2224 3450 in
2257 3397 2582 3467 ignorantia
2611 3401 2668 3451 et
2694 3397 3026 3451 difﬁcultate
3056 3403 3190 3450 nata
3219 3396 3310 3460 sit,
3340 3411 3458 3448 non
3478 3398 3673 3448 tamen

1979 3485 2049 3539 ad
2081 3485 2536 3554 permanendum
2569 3485 2629 3539 in
2651 3501 2718 3540 eo
2750 3486 2903 3555 quod
2931 3489 3062 3538 nata
3086 3489 3190 3551 est,
3214 3483 3406 3553 aliqua
3437 3481 3674 3535 necessi-

1978 3578 2092 3628 tate
2149 3573 2576 3643 comprimitur:
2633 3589 2821 3643 neque
2867 3573 3103 3626 omnino
3145 3571 3334 3642 potuit
3375 3569 3486 3623 nisi
3527 3571 3674 3622 Deus

1978 3661 2344 3732 omnipotens
2400 3677 2520 3714 esse
2559 3659 2576 3692 ⁴
2611 3660 2778 3714 etiam
2828 3661 3028 3714 talium
3076 3664 3299 3712 creator
3327 3658 3670 3720 animarum,

1977 3765 2119 3819 quas
2148 3753 2204 3802 et
2226 3764 2343 3802 non
2373 3749 2607 3803 dilectus
2627 3748 2748 3818 ipse
2770 3748 2956 3815 faciat,
2979 3753 3035 3801 et
3053 3747 3296 3816 diligens
3311 3762 3405 3798 eas
3433 3745 3667 3805 reﬁciat,

1978 3842 2034 3890 et
2061 3837 2301 3890 dilectus
2340 3836 2462 3906 ipse
2513 3836 2806 3905 perﬁciat;
2873 3835 2972 3906 qui
3029 3840 3084 3888 et
3136 3851 3251 3887 non
3301 3832 3670 3886 existentibus

1974 3929 2208 3996 praestat
2224 3929 2288 3978 ut
2316 3925 2448 3988 sint,
2480 3929 2536 3978 et
2553 3924 2874 3978 amantibus
2906 3940 3039 3977 eum
3069 3940 3101 3977 a
3131 3939 3244 3993 quo
3277 3925 3412 3976 sunt
3438 3925 3671 3990 praestat

1975 4018 2039 4067 ut
2059 4014 2238 4067 beatae
2267 4013 2399 4067 sint.

2048 4108 2112 4157 57
2171 4103 2228 4158 Si
2255 4119 2387 4156 vero
2409 4103 2467 4156 in
2501 4102 2601 4156 Dei
2631 4102 2822 4172 aliquo
2852 4105 3066 4155 secreto
3092 4102 3212 4170 jam
3235 4099 3536 4153 existentes
3554 4097 3671 4150 ani‘

1975 4207 2087 4246 mea
2117 4191 2426 4245 mittuntur
2454 4191 2525 4244 ad
2566 4190 2898 4260 inspiranda
2929 4194 2986 4243 et
3006 4189 3253 4257 regenda
3284 4202 3521 4256 corpora
3551 4185 3668 4238 sin-

1976 4282 2242 4350 gulorum
2291 4296 2657 4351 quorumque
2725 4278 3106 4340 nascentium,
3172 4277 3244 4330 ad
3314 4277 3420 4329 hoc
3472 4265 3678 4344 utique

1976 4371 2284 4424 mittuntur
2327 4369 2600 4433 ofﬁcium,
2632 4372 2696 4422 ut
2724 4384 2930 4437 corpus
2961 4366 3113 4437 quod
3148 4366 3215 4419 de
3242 4381 3409 4435 poena
3437 4361 3670 4433 peccati,

1975 4459 2084 4512 hoc
2125 4463 2208 4512 est
2237 4459 2580 4512 mortalitate
2641 4455 2818 4526 primi
2871 4453 3142 4519 hominis,
3197 4452 3468 4516 nascitur,
3529 4451 3674 4504 bene

1974 4547 2445 4613 administrando,
2489 4546 2546 4600 id
2591 4549 2676 4598 est
2712 4543 3040 4613 castigando
3071 4557 3174 4610 per
3203 4541 3462 4603 virtutes,
3495 4542 3550 4591 et
3581 4554 3671 4591 or-

1975 4635 2345 4688 dinatissimae
2361 4638 2531 4704 atque
2546 4631 2655 4702 legi
2666 4632 2816 4685 limae
2838 4629 3097 4683 servituti
3115 4626 3486 4698 subjiciendo,
3503 4627 3673 4680 etiam

1974 4723 2084 4793 ipsi
2121 4727 2457 4792 comparent
2487 4721 2690 4775 ordine
2729 4724 2901 4790 atque
2929 4722 3189 4787 tempore
3217 4720 3539 4786 opportuno
3569 4730 3675 4768 coa-

1972 4811 2130 4866 lestis
2177 4809 2621 4878 incorruptionis
2659 4809 2866 4862 locum.
2907 4808 3043 4870 Qua:
3095 4821 3222 4858 cum
3279 4805 3569 4858 introeunt
3613 4802 3672 4855 in

1974 4901 2120 4954 hanc
2149 4899 2345 4964 vitam,
2395 4898 2755 4966 subeuntque
2795 4894 3070 4965 gestanda
3100 4893 3361 4947 membra
3389 4891 3670 4952 mortalia,

1971 4989 2213 5042 subeant
2241 4987 2415 5041 etiam
2436 5001 2667 5039 necesse
2709 4989 2794 5038 est
2814 4988 2870 5037 et
2898 4982 3246 5036 oblivionem
3282 4981 3411 5034 vitae
3442 4977 3667 5049 prioris,

1973 5082 2029 5130 et
2057 5075 2354 5146 praesentis
2384 5075 2641 5128 laborem
2672 5090 2684 5127 :
2707 5073 2859 5127 unde
2880 5072 2978 5125 illa
2996 5070 3324 5141 ignorantia
3352 5072 3408 5121 et
3433 5065 3670 5120 difﬁcul-

1972 5170 2057 5220 tas
2105 5162 2490 5234 consequitur,
2539 5161 2780 5233 quodin
2811 5160 3000 5231 primo
3044 5158 3275 5214 homine
3322 5153 3666 5224 supplicium

1973 5251 2340 5308 mortalitatis
2369 5251 2498 5318 fuit,
2531 5251 2602 5305 ad
2625 5249 2803 5304 animi
2832 5247 3265 5320 expendendam
3298 5239 3584 5296 miseriam
3609 5239 3662 5303 ’ς

2038 5370 2051 5402 ¹
2077 5347 2247 5415 Editio
2266 5368 2412 5420 Lov.,
2425 5369 2758 5428 omnipotens
2780 5366 2930 5414 esset.
2948 5364 3013 5428 At
3023 5361 3154 5428 Bad.
3169 5363 3219 5408 et
3230 5356 3665 5428 Er...om_n‘ipolens

1973 5443 2087 5480 esse
2105 5445 2118 5489 ;
2137 5430 2326 5491 quibus
2344 5417 2464 5477 Mss.
2481 5417 2836 5491 con-sentiunt.
2865 5424 3164 5491 l’aulopost
3182 5433 3299 5483 quae
3330 5417 3535 5491 ἰῐιιζίᾷό2
3557 5431 3664 5491 01p-

1971 5478 2127 5541 nibus
2150 5478 2489 5553 reperiuntur
2503 5491 2665 5540 verba
2685 5489 2900 5545 scilicet,
2919 5478 3213 5547 etdiiigens
3225 5493 3312 5532 eas
3331 5478 3550 5541 reﬁciat,
3578 5479 3666 5528 al)-

1972 5554 2490 5679 8“guttis”!sanatoor,
2518 5615 2587 5663 ad
2615 5616 2783 5663 animi
2814 5606 3137 5673 explendam.
3159 5607 3447 5656 miseriam.
