4074 6398
415 361 548 413 1299

411 483 473 536 in
498 480 621 536 istis
649 483 841 534 autem
861 480 1040 549 janua
1065 477 1371 532 ministerii
1391 477 1461 531 ad
1485 477 1862 546 reparandum
1893 493 2099 547 corpo-

411 570 488 623 ris
515 567 1027 638 incorruptionem.
1077 567 1218 620 Nam
1246 565 1352 618 hoc
1385 580 1616 636 quoque
1654 566 1823 620 modo
1866 582 1982 620 non
2016 565 2102 619 di-

409 662 613 711 cuntur
642 656 749 710 ista
776 659 1024 725 peccata,
1065 653 1176 706 nisi
1209 653 1347 724 quia
1387 669 1516 708 caro
1556 654 1626 708 de
1652 654 1969 725 propagine
2010 669 2102 707 ve-

413 745 574 799 niens
602 743 934 814 peccatoris,
962 741 1318 796 venientibus
1347 742 1418 796 ad
1445 759 1504 796 se
1533 743 1741 796 animis
1772 743 1918 796 hanc
1939 743 2102 812 igno-

412 834 657 889 rantiam
681 837 738 886 et
765 831 1160 886 difﬁcultatem
1189 831 1357 884 facit:
1391 847 1520 900 quae
1549 847 1736 902 neque
1778 831 1886 897 his,
1918 846 2104 900 neque

412 919 662 975 Creatori
685 923 956 988 tanquam
979 917 1262 987 culpanda
1290 917 1594 972 tribuatur.
1630 918 1794 972 Dedit
1821 917 1977 971 enim
2008 917 2104 969 ille

410 1013 466 1060 et
502 1007 829 1060 facultatem
869 1005 1015 1058 bene
1064 1006 1341 1074 operandi
1371 1006 1434 1060 in
1465 1005 1764 1060 laboriosis
1793 1005 2016 1071 ofﬁciis,
2049 1010 2106 1058 et

411 1094 561 1147 viam
587 1093 723 1147 ﬁdei
752 1093 811 1146 in
840 1093 1142 1147 oblivionis
1179 1094 1469 1160 caecitate;
1505 1093 1784 1164 judicium
1829 1093 1973 1147 illud
2018 1093 2106 1146 vel

413 1183 678 1246 maxime,
708 1182 859 1252 quod
882 1182 1076 1235 anima
1096 1182 1284 1235 omnis
1305 1184 1321 1217 ¹
1347 1185 1403 1236 et
1432 1182 1809 1252 quaerendum
1837 1198 1958 1236 esse
1977 1197 2107 1235 con-

414 1271 561 1324 cedit
591 1270 746 1340 quod
791 1269 1073 1324 inutiliter
1103 1268 1302 1337 nescit,
1331 1274 1390 1322 et
1418 1273 1843 1340 perseveranter
1879 1269 1943 1322 in
1979 1269 2106 1324 ofti-

414 1358 579 1412 ciosis
615 1357 905 1412 laboribus
949 1357 1281 1410 enitendum
1310 1357 1381 1411 ad
1428 1357 1799 1411 evincendam
1841 1361 1989 1411 recte
2024 1357 2106 1411 fa-

413 1448 600 1502 ciendi
619 1447 1032 1512 difﬁcultatem,
1060 1451 1118 1500 et
1137 1461 1305 1517 Opem
1328 1463 1361 1500 a
1379 1447 1640 1501 Creatore
1663 1446 2105 1516 implorandam,

413 1541 478 1590 ut
509 1542 811 1590 conantem
843 1536 1109 1605 adjuvet;
1134 1535 1234 1605 qui
1254 1535 1343 1588 vel
1375 1535 1722 1589 extrinsecus
1751 1535 1898 1604 lege,
1932 1535 2019 1589 vel
2045 1535 2109 1588 in

415 1625 630 1679 intimis
659 1625 842 1678 cordis
866 1623 1210 1677 allocutione
1231 1625 1559 1678 conandum
1588 1639 1709 1678 esse
1738 1624 2027 1694 praecepit,
2054 1627 2110 1676 et

416 1718 702 1783 praeparat
727 1704 967 1766 civitatis
997 1711 1339 1766 beatissimaa
1355 1713 1597 1783 gloriam
1626 1712 2110 1782 triumphantibus

415 1802 482 1856 de
513 1801 611 1854 illo
640 1801 740 1870 qui
764 1800 1020 1870 primum
1045 1800 1338 1855 hominem
1369 1802 1439 1856 ad
1454 1802 1624 1856 istam
1655 1800 1948 1855 miseriam
1975 1817 2107 1870 per-

417 1889 578 1943 duxit
622 1889 833 1942 victum
863 1889 1112 1959 pessima
1154 1889 1446 1957 suasione;
1483 1906 1658 1960 quam
1696 1889 1984 1943 miseriam
2013 1889 2110 1942 isti

416 1977 732 2046 suscipiunt
756 1977 827 2030 ad
857 1993 990 2030 eum
1027 1977 1365 2031 vincendum
1396 1978 1615 2048 optima
1643 1977 1776 2032 ﬁde.
1803 1979 1925 2031 Non
1956 1977 2109 2030 enim

414 2081 604 2134 parvae
634 2065 833 2134 gloria:
863 2063 1066 2118 militia
1087 2069 1172 2118 est
1193 2065 1484 2120 diabolum
1513 2066 1737 2120 vincere
1760 2066 1962 2119 eodem
1987 2082 2111 2119 sus-

417 2157 579 2223 cepto
618 2153 918 2222 supplicio,
973 2169 1086 2222 quo
1135 2170 1194 2207 se
1238 2154 1351 2208 ille
1383 2154 1678 2207 hominem
1716 2154 1931 2208 victum
1980 2170 2111 2223 per-

418 2242 645 2295 duxisse
676 2241 974 2310 gloriatur.
1041 2241 1305 2311 Quisquis
1360 2249 1557 2296 autem
1607 2243 1716 2296 hoc
1766 2242 1930 2295 istius
1981 2241 2112 2296 vita).

419 2333 616 2399 captus
647 2345 838 2382 amore
865 2329 1202 2398 neglexerit,
1237 2329 1393 2383 nullo
1422 2333 1584 2400 pacto
1631 2330 1783 2399 juste
1830 2329 2113 2400 ﬂagitium

419 2416 756 2470 desertionis
786 2433 902 2469 suae
932 2417 1080 2486 regis
1119 2416 1361 2486 imperio
1393 2417 1722 2486 deputabit:
1749 2417 1849 2471 sed
1879 2417 1983 2470 erit
2016 2435 2115 2487 po-

418 2504 532 2557 tius
560 2505 664 2558 sub
702 2505 961 2558 omnium
993 2504 1232 2558 Domino
1269 2505 1328 2557 in
1360 2505 1481 2574 ejus
1510 2505 1766 2575 partibus
1795 2505 2110 2572 ordinatus,

419 2593 580 2661 cujus
609 2597 777 2663 turpe
817 2593 1161 2662 stipendium
1218 2599 1282 2648 ut
1309 2599 1494 2648 castra
1523 2611 1626 2648 sua
1663 2595 1967 2663 desereret,
2021 2596 2116 2650 ad-

423 2671 650 2725 amavit.

495 2761 584 2813 58.
608 2759 665 2814 Si
696 2763 887 2813 autem
906 2759 1044 2813 alibi
1074 2759 1282 2814 animas
1304 2761 1636 2816 constitutae
1666 2778 1785 2816 non
1809 2761 2116 2816 mittuntur

425 2863 457 2901 a
487 2846 730 2901 Domino
761 2848 899 2914 Deo,
940 2848 1037 2901 sed
1079 2865 1181 2902 sua
1211 2853 1412 2918 sponte
1460 2850 1832 2905 inhabitanda
1876 2866 2115 2919 corpora

422 2935 693 3003 veniunt;
727 2937 888 2990 facile
919 2942 1002 2990 est
1023 2938 1144 3007 jam
1174 2938 1280 2991 hoc
1302 2938 1516 3005 videre,
1547 2939 1828 3010 quidquid
1849 2939 2116 3010 ignoran-

421 3022 515 3076 tia:
545 3024 1010 3095 difﬁcultatisque
1066 3031 1326 3080 secutum
1364 3027 1537 3081 fuerit
1590 3045 1788 3082 earum
1819 3028 2113 3098 propriam

421 3113 790 3181 voluntatem,
819 3115 977 3166 nullo
1009 3114 1179 3168 modo
1210 3115 1536 3169 Creatorem
1567 3116 1704 3170 hinc
1733 3133 1855 3170 esse
1885 3118 2117 3186 culpan-

423 3199 592 3254 dum:
623 3201 1094 3271 quandoquidem
1121 3202 1342 3256 etiamsi
1362 3219 1454 3256 eas
1484 3204 1604 3273 ipse
1626 3205 1890 3270 misisset,
1907 3205 2116 3275 quibus

425 3287 598 3340 etiam
624 3287 686 3340 in
703 3289 830 3357 ipsa
851 3289 1175 3358 ignorantia
1194 3295 1251 3344 et
1279 3290 1611 3346 difﬁcultate
1641 3292 1880 3346 liberam
1912 3294 2114 3346 volun-

424 3378 602 3428 tatem
631 3377 860 3445 petendi
911 3381 966 3430 et
996 3378 1290 3447 quaerendi
1336 3383 1393 3432 et
1439 3380 1683 3434 conandi
1714 3396 1832 3433 non
1862 3379 2114 3446 abstulit,

424 3464 660 3517 daturus
674 3465 1021 3534 petentibus,
1043 3465 1534 3521 demonstraturus
1558 3469 1968 3539 querentibus,
1991 3469 2117 3539 pul-

427 3552 685 3606 santibus
716 3558 1039 3622 aperturus,
1072 3554 1309 3607 omnino
1323 3559 1480 3608 extra
1509 3557 1737 3626 culpam
1767 3563 1932 3612 esset.
1964 3560 2118 3611 Hanc

426 3640 582 3694 enim
599 3641 983 3710 ignorantiam
1005 3646 1060 3695 et
1081 3642 1472 3696 difﬁcultatem
1502 3644 1770 3698 studiosis
1797 3650 1854 3700 et
1877 3645 2119 3700 benevo-

426 3729 496 3784 lis
517 3729 905 3798 evincendam,
943 3731 1012 3784 ad
1041 3746 1310 3784 coronam
1343 3731 1545 3801 gloriae
1572 3733 1760 3786 valere
1785 3739 2112 3804 praestaret;

424 3816 848 3887 negligentibus
876 3821 1067 3870 autem
1098 3821 1153 3870 et
1177 3824 1404 3887 peccata
1433 3835 1534 3872 sua
1559 3819 1628 3872 de
1653 3819 1988 3874 inﬁrmitate
2019 3821 2116 3875 de-

427 3906 660 3960 fendere
677 3906 1013 3970 volentibus,
1048 3922 1161 3960 non
1189 3905 1373 3975 ipsam
1403 3907 1786 3976 ignorantiam
1817 3908 2118 3962 difﬁculta-

425 3996 657 4063 temque
697 4010 801 4063 pro
829 3993 1066 4047 crimine
1095 3993 1390 4063 objiceret;
1424 3996 1523 4049 sed
1559 3996 1694 4066 quia
1730 3997 1791 4050 in
1822 3997 1902 4050 eis
1931 3996 2118 4066 potius

430 4097 788 4151 permanere,
813 4098 987 4152 quam
1016 4082 1203 4136 studio
1234 4083 1531 4152 quaerendi
1560 4089 1732 4154 atque
1755 4084 2031 4150 discendi,
2063 4089 2120 4139 et

429 4169 754 4224 humilitate
783 4169 1093 4224 conﬁtendi
1123 4175 1296 4241 atque
1339 4164 1564 4239 orandi,
1611 4171 1684 4225 ad
1713 4173 2006 4226 veritatem
2055 4189 2119 4227 ac

426 4257 759 4388 sacilitatem
785 4258 1084 4327 pervenire
1123 4259 1449 4325 voluerunt,
1492 4259 1646 4328 justo
1678 4262 1955 4331 supplicio
1986 4261 2116 4315 vin-

465 4335 659 4388 icaret.

465 4335 659 4388 icaret.

588 4424 810 4478 CAPUT
837 4425 968 4478 XXI.
999 4455 1068 4466 —
1095 4428 1268 4480 Error
1295 4442 1404 4496 qua
1431 4430 1488 4480 in
1514 4443 1572 4482 re
1604 4431 1959 4497 perniciosus.

500 4516 589 4568 59.
618 4515 829 4566 Harum
858 4517 1048 4567 autem
1079 4519 1324 4584 quatuor
1366 4515 1434 4570 de
1467 4516 1660 4570 anima
1688 4520 2118 4592 sententiarum,

430 4604 623 4654 utrum
654 4601 723 4654 de
743 4600 1058 4671 propagine
1091 4602 1336 4670 veniant,
1365 4620 1439 4657 an
1459 4603 1518 4657 in
1537 4604 1775 4675 singulis
1797 4608 2118 4681 quibusque

428 4689 788 4743 nascentibus
840 4705 999 4743 novae
1049 4690 1208 4757 ﬁant,
1267 4707 1340 4745 an
1383 4692 1442 4746 in
1473 4709 1708 4764 corpora
1764 4699 2119 4754 nascentium

420 4778 543 4848 jam
575 4777 780 4831 alicubi
812 4777 1116 4832 existentes
1144 4781 1228 4833 vel
1249 4780 1553 4836 mittantur
1573 4783 1864 4852 divinitus,
1898 4789 1986 4840 vel
2017 4805 2120 4843 sua

429 4871 630 4936 sponte
653 4865 936 4935 labantur,
950 4866 1166 4920 nullam
1181 4871 1395 4923 temere
1417 4869 1700 4926 afﬁrmare
1714 4874 1996 4943 oportebit
2018 4876 2114 4945 (α).

483 4962 507 5030 ’1
525 4959 667 5017 Bad.,
687 4960 940 5033 indic-ium
965 4961 1105 5011 illud
1119 4962 1602 5033 velmanfm‘eguia
1611 4967 1792 5033 Quinta
1801 4972 1984 5018 omnis:
1999 4985 2117 5033 quae

427 5021 585 5090 etiam
606 5021 886 5090 eratlectio
910 5024 1256 5090 Lov._mutato
1276 5021 1634 5090 quiain'quod.
1652 5031 1810 5078 AtEr.
1835 5021 2119 5081 etMssfha—

423 5084 582 5154 bent,
605 5083 872 5154 judicium
915 5085 1133 5154 illud.._..
1172 5083 1307 5150 quod
1335 5083 1550 5154 animd,
1583 5096 1718 5150 etc.;
1749 5093 1838 5141 ubi
1877 5093 2009 5142 forte
2053 5095 2116 5143 li-

426 5145 584 5217 brarii
609 5146 933 5208 scripserunt
966 5148 1103 5209 quod
1129 5145 1224 5212 pro
1251 5165 1376 5214 quo,
1402 5145 1555 5201 sicuti
1588 5167 1678 5202 eos
1710 5145 1905 5217 passim
1934 5155 2117 5206 fecisse

427 5207 786 5256 observamus.

489 5276 559 5338 (α)
583 5278 714 5325 Eum
733 5278 906 5326 locum
929 5279 1334 5344 Augustinusin
1364 5283 1592 5344 Epistola
1615 5287 1721 5341 166,
1751 5298 1804 5332 n.
1830 5289 1878 5343 7,
1907 5287 1972 5334 ad
1992 5288 2116 5336 Hie-

427 5351 728 5401 ronymum,
763 5346 1000 5411 recenset
1035 5342 1118 5390 his
1132 5342 1477 5411 verbis:__Ego
1523 5346 1736 5411 quidem
1767 5352 1888 5396 ante
1918 5349 2118 5411 aliquot

428 5415 454 5443 ‹‹
482 5413 649 5469 annos
670 5402 975 5469 cum__libros
988 5404 1240 5465 quosdam
1266 5402 1628 5469 scriberem'de
1655 5408 1839 5456 Libero
1868 5402 2113 5469 Arbitrio,

428 5477 455 5505 ‹‹
477 5461 566 5525 qui
596 5462 650 5525 in
696 5463 984 5512 multorum
1004 5461 1219 5513 'mauus
1259 5467 1514 5525 exierunt,
1549 5472 1601 5516 et
1629 5483 1771 5517 nunc
1799 5470 2061 5520 habentur
2085 5461 2116 5522 εξ

429 5539 456 5565 ‹‹
480 5523 738 5594 plurimis,
772 5529 997 5594 quatuor
1012 5527 1287 5594 opiniones
1307 5523 1577 5594 deAanimae
1597 5529 2018 5582 incarnatione...
2041 5535 2114 5584 ita

426 5598 452 5626 «
481 5587 661 5644 putavi
697 5598 808 5633 esse
829 5587 1144 5645 tractandas,
1163 5589 1478 5650 utqumlibet
1498 5603 1677 5638 earum
1694 5606 1813 5641 vera
1835 5598 1990 5654 esset,
2005 5609 2112 5644 non

1503 353 1597 407 DE
1637 352 1896 407 LIBERO
1933 351 2291 417 ABBITRIO,
2335 352 2388 406 S.
2433 348 2814 406 AUGUSTINI

3788 355 3807 405 l
3821 353 3929 405 300

2211 477 2324 530 Aut
2341 475 2497 529 enim
2514 474 2773 529 nondum
2793 473 2900 528 ista
2925 473 3166 545 quaestio
3189 489 3219 526 a
3249 472 3577 528 divinorum
3607 475 3923 530 Librorum

2213 563 2496 617 catholicis
2524 562 2920 616 tractatoribus
2949 577 3054 633 pro
3087 561 3290 616 merito
3321 577 3438 616 suae
3465 563 3845 618 obscuritatis
3871 571 3929 619 et

2213 651 2600 722 perplexitatis
2637 651 2864 704 evoluta
2891 654 3059 721 atque
3095 650 3380 704 illustrata
3421 654 3540 717 est;
3576 655 3677 704 aut
3708 651 3759 704 si
3796 652 3926 721 jam

2213 739 2424 793 factum
2451 743 2536 792 est
2572 738 2824 791 nondum
2871 738 2928 791 in
2975 741 3178 791 manus
3234 742 3461 792 nostras
3509 739 3926 809 hujuscemodi

2213 828 2418 882 litterae
2445 832 2846 897 pervenerunt.
2875 829 3120 880 Tantum
3149 825 3299 880 adsit
3329 826 3474 880 ﬁdes
3497 827 3642 880 nihil
3673 827 3745 881 de
3783 828 3921 881 sub-

2214 915 2418 969 stantia
2445 913 2724 969 Creatoris
2763 913 2972 968 falsum
3019 913 3440 985 indignumque
3484 915 3796 970 sentiendi.
3833 916 3923 970 Ad

2215 1003 2377 1057 illum
2408 1002 2564 1056 enim
2590 1001 2878 1056 tendimus
2906 1001 3111 1056 itinere
3141 1002 3390 1072 pietatis.
3421 1002 3481 1056 Si
3500 1019 3638 1073 ergo
3665 1003 3829 1057 aliud
3851 1004 3922 1058 de

2215 1091 2312 1144 illo
2333 1090 2678 1144 senserimus
2707 1105 2881 1159 quam
2903 1093 3007 1155 est,
3029 1089 3272 1143 intentio
3292 1093 3483 1144 nostra
3511 1107 3630 1144 non
3649 1091 3708 1144 in
3735 1092 3924 1146 beati-

2214 1183 2390 1232 tatem
2419 1178 2518 1231 sed
2545 1178 2606 1231 in
2627 1178 2934 1232 vanitatem
2959 1194 3064 1231 nos
3087 1177 3169 1231 ire
3190 1178 3515 1246 compellet.
3541 1179 3621 1232 De
3652 1184 3926 1233 creatura

2216 1281 2349 1320 vero
2375 1265 2422 1318 si
2451 1264 2586 1336 quid
2609 1265 2776 1319 aliter
2803 1281 2979 1336 quam
3009 1281 3130 1319 sese
3151 1264 3325 1318 habet
3354 1267 3728 1333 senserimus,
3755 1268 3833 1322 du
3845 1285 3926 1322 m-

2218 1352 2386 1406 modo
2415 1369 2532 1406 non
2552 1351 2608 1406 id
2630 1368 2732 1422 pro
2763 1352 2994 1422 cognito
3024 1357 3409 1422 perceptoque
3439 1358 3762 1421 teneamus,
3796 1358 3926 1410 nul-

2217 1440 2336 1494 lum
2358 1440 2678 1510 periculum
2709 1444 2818 1494 est.
2859 1441 2984 1494 Non
3009 1439 3163 1494 enim
3195 1441 3264 1494 ad
3293 1445 3614 1495 creaturam
3643 1443 3926 1513 jubemur

2217 1528 2450 1582 tendere
2480 1533 2544 1582 ut
2573 1528 2891 1581 efﬁciamur
2915 1527 3090 1596 beati,
3119 1526 3221 1580 sed
3253 1526 3321 1581 ad
3345 1528 3536 1597 ipsum
3559 1527 3922 1583 Creatorem:

2218 1616 2288 1670 de
2317 1632 2432 1686 quo
2459 1615 2507 1669 si
2535 1616 2688 1669 aliud
2711 1631 2885 1686 quam
2916 1619 3139 1685 oportet
3165 1631 3230 1668 ac
3257 1630 3378 1668 sese
3405 1631 3494 1668 res
3522 1615 3720 1683 habet,
3755 1618 3927 1671 nobis

2219 1705 2611 1775 persuadetur,
2664 1704 3145 1774 perniciosissimo
3185 1721 3376 1758 errore
3434 1705 3778 1776 decipimur.
3840 1709 3926 1762 Ad

2218 1794 2325 1848 hoc
2371 1793 2525 1846 enim
2578 1791 2894 1862 pergendo,
2941 1792 3094 1862 quod
3150 1797 3247 1845 aut
3277 1809 3391 1846 non
3444 1797 3549 1859 est,
3582 1799 3702 1863 aut,
3736 1795 3786 1848 si
3817 1801 3924 1858 est,

2219 1897 2334 1936 non
2356 1881 2491 1935 facit
2529 1881 2743 1944 beatos,
2776 1880 2848 1934 ad
2892 1879 3121 1934 beatam
3163 1880 3339 1934 vitam
3371 1881 3574 1950 nullus
3619 1883 3928 1953 pervenire

2219 1972 2427 2040 potest.

2292 2058 2377 2110 60.
2408 2055 2514 2110 Sed
2554 2054 2626 2108 ad
2671 2053 3171 2124 contemplandam
3217 2055 3472 2109 veritatis
3515 2058 3928 2126 aeternitatem,

2222 2149 2287 2198 ut
2333 2159 2400 2197 ea
2436 2142 2653 2214 perfrui
2697 2141 2864 2212 eique
2907 2142 3188 2196 inhaerere
3242 2144 3556 2212 valeamus,
3596 2146 3930 2201 inﬁrmitati

2221 2236 2429 2286 nostra
2458 2231 2549 2284 via
2569 2231 2637 2285 de
2667 2230 3076 2294 temporalibus
3100 2237 3404 2301 procurata
3423 2237 3528 2299 est,
3551 2238 3618 2288 ut
3639 2239 3927 2305 quantum

2223 2320 2418 2374 itineri
2446 2318 2653 2373 sufﬁcit
2675 2319 2744 2372 ad
2773 2323 2986 2372 asterna
3015 2319 3397 2390 tendentium,
3427 2323 3724 2391 praeterita
3753 2329 3812 2378 et
3836 2324 3926 2377 fu—

2222 2412 2352 2462 tura
2379 2410 2691 2462 credamus.
2753 2407 2889 2471 Quae
2940 2406 3076 2461 ﬁdei
3121 2407 3441 2478 disciplina,
3473 2415 3538 2465 ut
3582 2413 3926 2466 auctoritate

2224 2497 2574 2567 praepolleat,
2605 2495 2798 2550 divina
2827 2495 3221 2550 misericordia
3258 2498 3634 2567 gubernatur.
3663 2501 3925 2555 Praesen-

2223 2586 2305 2640 tia
2328 2602 2482 2651 vero,
2515 2589 2793 2654 quantum
2816 2584 2889 2638 ad
2919 2589 3239 2638 creaturam
3278 2586 3545 2655 pertinet,
3581 2588 3641 2641 in
3665 2590 3929 2658 corporis

2224 2679 2280 2729 et
2307 2674 2483 2728 animi
2505 2673 2822 2727 mobilitate
2853 2677 2910 2726 et
2937 2673 3339 2740 mutabilitate,
3363 2675 3525 2744 quasi
3550 2678 3920 2732 transeuntia

2225 2762 2570 2816 sentiuntur.
2593 2762 2658 2815 In
2684 2761 2892 2832 quibus
2915 2761 3198 2832 quidquid
3218 2778 3336 2816 non
3359 2764 3712 2833 experimur,
3733 2767 3931 2835 cogni-

2224 2851 2378 2905 tione
2399 2850 2801 2921 qualicumque
2830 2855 3025 2903 tenere
3047 2866 3164 2904 non
3189 2867 3509 2921 possumus.
3535 2853 3933 2926 Quaecumque

2225 2953 2361 3006 ergo
2390 2937 2554 2991 nobis
2603 2937 2672 2990 de
2718 2937 3174 3008 quibuscumque
3203 2940 3476 2994 creaturis
3505 2943 3592 2996 vel
3635 2946 3937 3013 praeterita

2225 3027 2312 3079 vel
2356 3025 2549 3079 futura
2604 3025 2796 3079 divina
2867 3025 3202 3080 auctoritate
3253 3028 3534 3083 credenda
3594 3037 3931 3098 narrantur,

2226 3112 2484 3182 quamvis
2524 3113 2733 3183 partim
2793 3113 3134 3184 priusquam
3178 3131 3245 3168 ea
3279 3116 3502 3178 sentire
3557 3122 3930 3189 potuerimus

2225 3201 2625 3271 praeterierint,
2657 3201 2864 3271 partim
2887 3202 3142 3256 nondum
3167 3202 3226 3256 in
3251 3209 3474 3260 nostros
3501 3223 3703 3262 sensus
3723 3225 3935 3279 perve-

2225 3287 2454 3354 nerint;
2484 3293 2680 3343 tamen
2713 3289 2849 3359 quia
2873 3290 3188 3359 plurimum
3219 3292 3408 3347 valent
3431 3294 3503 3348 ad
3533 3296 3932 3352 roborandam

2227 3391 2386 3446 spem
2415 3381 2688 3441 nostram,
2715 3381 2771 3430 et
2799 3378 3212 3432 exhortandam
3228 3379 3617 3449 dilectionem,
3649 3384 3792 3439 dum
3825 3402 3932 3440 no-

2226 3465 2313 3519 bis
2346 3466 2748 3519 commendant
2790 3483 2894 3536 per
2921 3467 3404 3524 ordinatissimam
3445 3472 3652 3527 seriem
3692 3479 3929 3546 tempo-

2225 3569 2356 3608 rum
2385 3569 2559 3624 quam
2589 3571 2706 3608 non
2738 3555 2996 3625 negligat
3022 3556 3422 3613 liberationem
3462 3565 3720 3616 nostram
3747 3564 3930 3635 Deus,

2226 3641 2347 3695 sine
2377 3642 2494 3695 ulla
2522 3642 2875 3697 dubitatione
2903 3645 3184 3700 credenda
3211 3652 3362 3701 sunt.
3392 3649 3502 3703 Sed
3531 3650 3796 3722 quisquis
3830 3670 3930 3708 er-

2225 3745 2323 3784 ror
2377 3746 2679 3800 personam
2728 3731 2834 3786 sibi
2879 3731 3083 3787 divinte
3134 3735 3484 3790 auctoritatis
3543 3741 3805 3806 assumit,
3861 3759 3933 3797 ea

2227 3818 2473 3872 maxime
2490 3818 2713 3874 ratione
2743 3820 3040 3887 refellitur,
3072 3821 3119 3874 si
3151 3827 3248 3877 aut
3273 3824 3528 3894 aliquam
3559 3828 3645 3881 vel
3675 3831 3933 3885 mutabi-

2225 3907 2341 3960 lem
2366 3907 2614 3976 speciem
2637 3912 2845 3977 praater
2873 3914 3190 3964 creaturam
3218 3912 3339 3981 Dei,
3378 3918 3478 3968 aut
3507 3915 3755 3986 aliquam
3787 3934 3928 3973 mu-

2227 3995 2462 4049 tabilem
2492 3997 2739 4066 speciem
2767 3996 2828 4050 in
2875 3997 3192 4053 substantia
3238 4001 3337 4054 Dei
3379 4002 3610 4058 credere
3640 4011 3742 4059 aut
3770 4007 3930 4060 afﬁr-

2227 4099 2382 4137 mare
2411 4084 2783 4150 convincitur,
2829 4100 3070 4156 eamque
3099 4088 3479 4144 substantiam
3510 4091 3610 4145 Dei
3659 4094 3749 4147 vel
3794 4097 3931 4164 plus

2227 4173 2315 4225 vel
2346 4172 2533 4226 minus
2563 4189 2736 4243 quam
2757 4173 3090 4228 Trinitatem
3134 4191 3255 4229 esse
3302 4179 3628 4234 contendit:
3659 4181 3752 4235 cui
3793 4185 3926 4239 Tri-

2227 4260 2393 4314 nitati
2424 4261 2516 4331 pie
2536 4261 2836 4332 sobrieque
2864 4262 3248 4333 intelligendas
3278 4267 3466 4320 omnis
3495 4270 3735 4324 excubat
3775 4273 3928 4344 vigi-

2229 4348 2405 4403 lantia
2432 4349 2759 4416 christiana,
2791 4355 2850 4404 et
2873 4350 3058 4404 omnis
3103 4353 3223 4421 ejus
3253 4359 3551 4423 provectus
3576 4355 3924 4415 intenditur.

2231 4439 2312 4491 De
2340 4438 2500 4507 cujus
2523 4437 2812 4492 Trinitatis
2854 4439 3069 4494 unitate
3109 4447 3166 4494 et
3203 4443 3550 4512 aequalitate,
3578 4449 3633 4499 et
3670 4445 3932 4517 singula-

2229 4543 2358 4580 rum
2387 4527 2447 4580 in
2477 4541 2544 4580 ea
2572 4543 2950 4597 personarum
2981 4529 3227 4599 quadam
3271 4531 3641 4600 proprietate,
3675 4547 3795 4584 non
3825 4532 3924 4586 hic

2229 4615 2384 4669 locus
2413 4619 2496 4668 est
2523 4614 2859 4670 disserendi.
2895 4618 3036 4670 Nam
3069 4633 3516 4672 commemorare
3542 4619 3810 4690 quaedam
3852 4621 3928 4676 de

2231 4703 2471 4757 Domino
2527 4705 2643 4758 Deo
2691 4708 2922 4758 auctore
2951 4710 3008 4760 et
3036 4705 3345 4760 formatore
3374 4711 3432 4760 et
3459 4708 3790 4762 ordinatore
3824 4727 3929 4764 re—

2227 4807 2358 4846 rum
2383 4791 2664 4857 omnium,
2689 4809 2816 4864 quae
2847 4794 2917 4848 ad
2930 4794 3362 4849 saluberrimam
3393 4796 3566 4850 ﬁdem
3594 4797 3932 4866 pertineant

2228 4886 2284 4935 et
2331 4881 2539 4952 quibus
2571 4882 2783 4936 lactens
2813 4887 2982 4952 atque
3023 4899 3056 4936 a
3085 4883 3328 4938 terrenis
3375 4883 3434 4937 in
3495 4885 3742 4939 coelestia
3800 4904 3931 4942 sese

2227 4970 2486 5024 attollere
2511 4970 2807 5040 incipiens,
2851 4970 3069 5024 utiliter
3097 4972 3540 5028 adminiculetur
3569 4973 3840 5044 intentio,
3871 4982 3933 5031 et

2227 5059 2380 5112 factu
2410 5058 2742 5112 facillimum
2784 5062 2840 5111 et
2869 5075 2899 5111 a
2928 5059 3218 5129 plerisque
3269 5062 3390 5130 jam
3421 5061 3741 5116 factitatum
3793 5071 3924 5120 est:

2226 5150 2569 5216 pertractare
2619 5149 2815 5202 autem
2859 5145 3028 5200 istam
3084 5152 3282 5215 totam,
3335 5155 3504 5220 atque
3567 5149 3649 5204 ita
3695 5169 3932 5209 versare

2227 5287 2542 5357 «impediret
2572 5287 2917 5357 intentionem
2930 5302 3100 5357 meam
3113 5303 3216 5357 qua
3227 5295 3354 5339 tunc
3366 5291 3620 5357 adversus
3649 5306 3740 5342 eos
3755 5308 3931 5357 quan-

2227 5367 2253 5395 «
2273 5349 2823 5420 tis’poteram‘viribus
2848 5351 3089 5420 agebanm,
3115 5349 3203 5413 qui
3231 5357 3474 5420 naturain
3499 5353 3623 5420 mali
3651 5369 3748 5404 suo
3770 5349 3927 5420 prin-

2227 5429 2254 5457 ‹‹
2273 5411 2408 5473 cipio
2439 5411 2709 5476 praeditam
2727 5411 2976 5476 adversus
2998 5411 3163 5476 Deum
3180 5419 3438 5463 conantur
3463 5415 3732 5476 inducere,
3765 5411 3818 5466 i'd
3844 5427 3928 5470 est

2226 5491 2252 5518 ‹‹
2282 5478 2464 5522 contra
2505 5473 2837 5521 Manichaeos.
2869 5475 2999 5522 Nam
3024 5475 3088 5522 de
3139 5476 3548 5524 Priscillianistis
3577 5473 3753 5527 adhuc
3784 5483 3922 5531 nihil

2226 5552 2252 5580 α
2281 5535 2608 5603 audieram._..
2631 5535 2751 5603 ideo
2768 5535 3002 5603 quintam
3023 5536 3322 5598 opinionem
3345 5552 3454 5603 non
3465 5539 3664 5596 addidi,
3685 5555 3850 5603 quam
3869 5546 3926 5594 in

2230 5613 2256 5643 α
2283 5601 2371 5645 tua
2392 5595 2610 5658 epistola
2639 5595 3017 5647 intcr’creteras
3039 5595 3474 5648 commemorasti.
3504 5619 3528 5643 ιι
