  <div class='ocr_page' id='page_1' title='image "/cluster/home/n/w/nwhite01/storage/ocr_20150623/32/umn.31951002477326y/662.png"; bbox 0 0 4074 6356; ppageno 0'>
   <div class='ocr_carea' id='block_1_1' title="bbox 141 336 276 386">
    <p class='ocr_par' dir='ltr' id='par_1_1' title="bbox 141 336 276 386">
     <span class='ocr_line' id='line_1_1' title="bbox 141 336 276 386; baseline 0.015 -2"><span class='ocrx_word' id='word_1_1' title='bbox 141 336 276 386; x_wconf 77' lang='grc'>[301</span> 
     </span>
    </p>
   </div>
   <div class='ocr_carea' id='block_1_2' title="bbox 130 455 1840 527">
    <p class='ocr_par' dir='ltr' id='par_1_2' title="bbox 130 455 1840 527">
     <span class='ocr_line' id='line_1_2' title="bbox 130 455 1840 527; baseline 0.003 -22"><span class='ocrx_word' id='word_1_2' title='bbox 130 455 547 524; x_wconf 65' lang='grc' dir='ltr'>(ιιιωεὶίοῐιθῐη,</span> <span class='ocrx_word' id='word_1_3' title='bbox 578 459 644 508; x_wconf 91' lang='lat' dir='ltr'>ut</span> <span class='ocrx_word' id='word_1_4' title='bbox 673 455 984 527; x_wconf 62' lang='lat' dir='ltr'>perspicua:</span> <span class='ocrx_word' id='word_1_5' title='bbox 1039 455 1265 520; x_wconf 85' lang='lat' dir='ltr'>rationi,</span> <span class='ocrx_word' id='word_1_6' title='bbox 1300 459 1578 526; x_wconf 89' lang='lat' dir='ltr'>quantum</span> <span class='ocrx_word' id='word_1_7' title='bbox 1627 455 1685 509; x_wconf 90' lang='lat' dir='ltr'>in</span> <span class='ocrx_word' id='word_1_8' title='bbox 1734 458 1840 511; x_wconf 89' lang='lat' dir='ltr'>hac</span> 
     </span>
    </p>
   </div>
   <div class='ocr_carea' id='block_1_3' title="bbox 129 543 1835 615">
    <p class='ocr_par' dir='ltr' id='par_1_3' title="bbox 129 543 1835 615">
     <span class='ocr_line' id='line_1_3' title="bbox 129 543 1835 615; baseline 0.002 -22"><span class='ocrx_word' id='word_1_9' title='bbox 129 543 262 596; x_wconf 83' lang='lat' dir='ltr'>vita</span> <span class='ocrx_word' id='word_1_10' title='bbox 293 544 479 608; x_wconf 89' lang='lat' dir='ltr'>datur,</span> <span class='ocrx_word' id='word_1_11' title='bbox 513 544 700 597; x_wconf 91' lang='lat' dir='ltr'>omnis</span> <span class='ocrx_word' id='word_1_12' title='bbox 755 545 1009 598; x_wconf 89' lang='lat' dir='ltr'>humana</span> <span class='ocrx_word' id='word_1_13' title='bbox 1060 544 1440 615; x_wconf 82' lang='lat' dir='ltr'>intelligentia</span> <span class='ocrx_word' id='word_1_14' title='bbox 1481 544 1835 615; x_wconf 86' lang='lat' dir='ltr'>subjugetur,</span> 
     </span>
    </p>
   </div>
   <div class='ocr_carea' id='block_1_4' title="bbox 130 632 1838 704">
    <p class='ocr_par' dir='ltr' id='par_1_4' title="bbox 130 632 1838 704">
     <span class='ocr_line' id='line_1_4' title="bbox 130 632 1838 704; baseline 0.002 -21"><span class='ocrx_word' id='word_1_15' title='bbox 130 647 260 684; x_wconf 82' lang='lat' dir='ltr'>non</span> <span class='ocrx_word' id='word_1_16' title='bbox 321 633 494 685; x_wconf 92' lang='lat' dir='ltr'>modo</span> <span class='ocrx_word' id='word_1_17' title='bbox 566 633 815 702; x_wconf 87' lang='lat' dir='ltr'>eloquio,</span> <span class='ocrx_word' id='word_1_18' title='bbox 885 633 981 687; x_wconf 89' lang='lat' dir='ltr'>sed</span> <span class='ocrx_word' id='word_1_19' title='bbox 1048 651 1118 688; x_wconf 93' lang='lat' dir='ltr'>ne</span> <span class='ocrx_word' id='word_1_20' title='bbox 1191 633 1529 704; x_wconf 80' lang='lat' dir='ltr'>cogitatione</span> <span class='ocrx_word' id='word_1_21' title='bbox 1607 632 1838 704; x_wconf 90' lang='lat' dir='ltr'>quidem</span> 
     </span>
    </p>
   </div>
   <div class='ocr_carea' id='block_1_5' title="bbox 126 721 1838 792">
    <p class='ocr_par' dir='ltr' id='par_1_5' title="bbox 126 721 1838 792">
     <span class='ocr_line' id='line_1_5' title="bbox 126 721 1838 792; baseline 0.002 -20"><span class='ocrx_word' id='word_1_22' title='bbox 126 721 231 773; x_wconf 86' lang='lat' dir='ltr'>vel</span> <span class='ocrx_word' id='word_1_23' title='bbox 273 721 543 792; x_wconf 82' lang='lat' dir='ltr'>cuiquam</span> <span class='ocrx_word' id='word_1_24' title='bbox 595 721 916 787; x_wconf 86' lang='lat' dir='ltr'>hominum,</span> <span class='ocrx_word' id='word_1_25' title='bbox 948 723 1035 776; x_wconf 87' lang='lat' dir='ltr'>vel</span> <span class='ocrx_word' id='word_1_26' title='bbox 1083 727 1232 777; x_wconf 89' lang='lat' dir='ltr'>certe</span> <span class='ocrx_word' id='word_1_27' title='bbox 1264 723 1426 776; x_wconf 87' lang='lat' dir='ltr'>nobis</span> <span class='ocrx_word' id='word_1_28' title='bbox 1478 722 1608 776; x_wconf 87' lang='lat' dir='ltr'>satis</span> <span class='ocrx_word' id='word_1_29' title='bbox 1664 738 1838 791; x_wconf 87' lang='lat' dir='ltr'>expe—</span> 
     </span>
    </p>
   </div>
   <div class='ocr_carea' id='block_1_6' title="bbox 126 808 1838 881">
    <p class='ocr_par' dir='ltr' id='par_1_6' title="bbox 126 808 1838 881">
     <span class='ocr_line' id='line_1_6' title="bbox 126 808 1838 881; baseline 0.001 -20"><span class='ocrx_word' id='word_1_30' title='bbox 126 808 330 862; x_wconf 89' lang='lat' dir='ltr'>ditum</span> <span class='ocrx_word' id='word_1_31' title='bbox 362 815 418 863; x_wconf 88' lang='lat' dir='ltr'>et</span> <span class='ocrx_word' id='word_1_32' title='bbox 460 808 624 863; x_wconf 81' lang='lat' dir='ltr'>facile</span> <span class='ocrx_word' id='word_1_33' title='bbox 677 811 1131 880; x_wconf 89' lang='lat' dir='ltr'>aggredieudum</span> <span class='ocrx_word' id='word_1_34' title='bbox 1186 811 1365 865; x_wconf 90' lang='lat' dir='ltr'>videri</span> <span class='ocrx_word' id='word_1_35' title='bbox 1414 815 1617 881; x_wconf 85' lang='lat' dir='ltr'>potest.</span> <span class='ocrx_word' id='word_1_36' title='bbox 1679 811 1838 864; x_wconf 85' lang='lat' dir='ltr'>Nunc</span> 
     </span>
    </p>
   </div>
   <div class='ocr_carea' id='block_1_7' title="bbox 127 898 1840 970">
    <p class='ocr_par' dir='ltr' id='par_1_7' title="bbox 127 898 1840 970">
     <span class='ocr_line' id='line_1_7' title="bbox 127 898 1840 970; baseline 0.002 -22"><span class='ocrx_word' id='word_1_37' title='bbox 127 901 377 968; x_wconf 80' lang='lat' dir='ltr'>ergout</span> <span class='ocrx_word' id='word_1_38' title='bbox 407 899 560 968; x_wconf 90' lang='lat' dir='ltr'>quod</span> <span class='ocrx_word' id='word_1_39' title='bbox 617 898 988 964; x_wconf 83' lang='lat' dir='ltr'>instituimus,</span> <span class='ocrx_word' id='word_1_40' title='bbox 1045 906 1324 970; x_wconf 86' lang='lat' dir='ltr'>quantum</span> <span class='ocrx_word' id='word_1_41' title='bbox 1377 900 1732 970; x_wconf 81' lang='lat' dir='ltr'>adjuvamur,</span> <span class='ocrx_word' id='word_1_42' title='bbox 1783 904 1840 952; x_wconf 89' lang='lat' dir='ltr'>et</span> 
     </span>
    </p>
   </div>
   <div class='ocr_carea' id='block_1_8' title="bbox 127 985 1834 1058">
    <p class='ocr_par' dir='ltr' id='par_1_8' title="bbox 127 985 1834 1058">
     <span class='ocr_line' id='line_1_8' title="bbox 127 985 1834 1058; baseline 0 -20"><span class='ocrx_word' id='word_1_43' title='bbox 127 990 429 1056; x_wconf 86' lang='lat' dir='ltr'>quantum</span> <span class='ocrx_word' id='word_1_44' title='bbox 487 985 734 1039; x_wconf 91' lang='lat' dir='ltr'>sinimur</span> <span class='ocrx_word' id='word_1_45' title='bbox 788 1003 1179 1058; x_wconf 88' lang='lat' dir='ltr'>peragamus:</span> <span class='ocrx_word' id='word_1_46' title='bbox 1223 1004 1599 1058; x_wconf 65' lang='lat' dir='ltr'>quaecumque</span> <span class='ocrx_word' id='word_1_47' title='bbox 1651 986 1834 1051; x_wconf 91' lang='lat' dir='ltr'>nobis,</span> 
     </span>
    </p>
   </div>
   <div class='ocr_carea' id='block_1_9' title="bbox 124 1073 1836 1146">
    <p class='ocr_par' dir='ltr' id='par_1_9' title="bbox 124 1073 1836 1146">
     <span class='ocr_line' id='line_1_9' title="bbox 124 1073 1836 1146; baseline 0.001 -20"><span class='ocrx_word' id='word_1_48' title='bbox 124 1083 422 1143; x_wconf 83' lang='lat' dir='ltr'>quantum</span> <span class='ocrx_word' id='word_1_49' title='bbox 459 1073 529 1128; x_wconf 91' lang='lat' dir='ltr'>ad</span> <span class='ocrx_word' id='word_1_50' title='bbox 559 1080 877 1128; x_wconf 84' lang='lat' dir='ltr'>creaturam</span> <span class='ocrx_word' id='word_1_51' title='bbox 930 1077 1196 1146; x_wconf 80' lang='lat' dir='ltr'>pertinet,</span> <span class='ocrx_word' id='word_1_52' title='bbox 1231 1077 1317 1129; x_wconf 93' lang='lat' dir='ltr'>vel</span> <span class='ocrx_word' id='word_1_53' title='bbox 1349 1081 1653 1129; x_wconf 85' lang='lat' dir='ltr'>narrantur</span> <span class='ocrx_word' id='word_1_54' title='bbox 1682 1091 1836 1145; x_wconf 67' lang='lat' dir='ltr'>pra:-</span> 
     </span>
    </p>
   </div>
   <div class='ocr_carea' id='block_1_10' title="bbox 123 1163 1836 1236">
    <p class='ocr_par' dir='ltr' id='par_1_10' title="bbox 123 1163 1836 1236">
     <span class='ocr_line' id='line_1_10' title="bbox 123 1163 1836 1236; baseline 0 -20"><span class='ocrx_word' id='word_1_55' title='bbox 123 1163 330 1229; x_wconf 86' lang='lat' dir='ltr'>terita,</span> <span class='ocrx_word' id='word_1_56' title='bbox 363 1163 452 1217; x_wconf 89' lang='lat' dir='ltr'>vel</span> <span class='ocrx_word' id='word_1_57' title='bbox 499 1164 964 1233; x_wconf 70' lang='lat' dir='ltr'>praznuntiantur</span> <span class='ocrx_word' id='word_1_58' title='bbox 1014 1165 1226 1231; x_wconf 89' lang='lat' dir='ltr'>futura,</span> <span class='ocrx_word' id='word_1_59' title='bbox 1260 1181 1388 1236; x_wconf 59' lang='lat' dir='ltr'>qua:</span> <span class='ocrx_word' id='word_1_60' title='bbox 1437 1165 1509 1218; x_wconf 88' lang='lat' dir='ltr'>ad</span> <span class='ocrx_word' id='word_1_61' title='bbox 1541 1179 1836 1216; x_wconf 87' lang='lat' dir='ltr'>commen-</span> 
     </span>
    </p>
   </div>
   <div class='ocr_carea' id='block_1_11' title="bbox 126 1250 1835 1322">
    <p class='ocr_par' dir='ltr' id='par_1_11' title="bbox 126 1250 1835 1322">
     <span class='ocr_line' id='line_1_11' title="bbox 126 1250 1835 1322; baseline -0.001 -19"><span class='ocrx_word' id='word_1_62' title='bbox 126 1250 391 1305; x_wconf 87' lang='lat' dir='ltr'>dandam</span> <span class='ocrx_word' id='word_1_63' title='bbox 424 1252 652 1304; x_wconf 81' lang='lat' dir='ltr'>valeant</span> <span class='ocrx_word' id='word_1_64' title='bbox 676 1251 958 1321; x_wconf 85' lang='lat' dir='ltr'>integram</span> <span class='ocrx_word' id='word_1_65' title='bbox 1010 1252 1369 1322; x_wconf 85' lang='lat' dir='ltr'>religionem,</span> <span class='ocrx_word' id='word_1_66' title='bbox 1404 1251 1702 1304; x_wconf 83' lang='lat' dir='ltr'>excitando</span> <span class='ocrx_word' id='word_1_67' title='bbox 1733 1265 1835 1302; x_wconf 89' lang='lat' dir='ltr'>nos</span> 
     </span>
    </p>
   </div>
   <div class='ocr_carea' id='block_1_12' title="bbox 129 1337 1836 1410">
    <p class='ocr_par' dir='ltr' id='par_1_12' title="bbox 129 1337 1836 1410">
     <span class='ocr_line' id='line_1_12' title="bbox 129 1337 1836 1410; baseline 0 -20"><span class='ocrx_word' id='word_1_68' title='bbox 129 1339 206 1392; x_wconf 83' lang='lat' dir='ltr'>ad</span> <span class='ocrx_word' id='word_1_69' title='bbox 242 1339 683 1392; x_wconf 88' lang='lat' dir='ltr'>sincerissimam</span> <span class='ocrx_word' id='word_1_70' title='bbox 745 1339 1107 1393; x_wconf 85' lang='lat' dir='ltr'>dilectionem</span> <span class='ocrx_word' id='word_1_71' title='bbox 1165 1340 1265 1394; x_wconf 91' lang='lat' dir='ltr'>Dei</span> <span class='ocrx_word' id='word_1_72' title='bbox 1309 1344 1365 1394; x_wconf 89' lang='lat' dir='ltr'>et</span> <span class='ocrx_word' id='word_1_73' title='bbox 1415 1339 1684 1410; x_wconf 79' lang='lat' dir='ltr'>proximi,</span> <span class='ocrx_word' id='word_1_74' title='bbox 1715 1337 1836 1391; x_wconf 86' lang='lat' dir='ltr'>sine</span> 
     </span>
    </p>
   </div>
   <div class='ocr_carea' id='block_1_13' title="bbox 125 1426 1834 1481">
    <p class='ocr_par' dir='ltr' id='par_1_13' title="bbox 125 1426 1834 1481">
     <span class='ocr_line' id='line_1_13' title="bbox 125 1426 1834 1481; baseline 0 -3"><span class='ocrx_word' id='word_1_75' title='bbox 125 1426 496 1480; x_wconf 87' lang='lat' dir='ltr'>dubitatione</span> <span class='ocrx_word' id='word_1_76' title='bbox 525 1426 806 1480; x_wconf 89' lang='lat' dir='ltr'>credenda</span> <span class='ocrx_word' id='word_1_77' title='bbox 854 1431 988 1480; x_wconf 91' lang='lat' dir='ltr'>sunt</span> <span class='ocrx_word' id='word_1_78' title='bbox 1022 1426 1321 1480; x_wconf 86' lang='lat' dir='ltr'>:adversus</span> <span class='ocrx_word' id='word_1_79' title='bbox 1355 1426 1676 1481; x_wconf 87' lang='lat' dir='ltr'>incredulos</span> <span class='ocrx_word' id='word_1_80' title='bbox 1733 1441 1834 1478; x_wconf 90' lang='lat' dir='ltr'>au-</span> 
     </span>
    </p>
   </div>
   <div class='ocr_carea' id='block_1_14' title="bbox 123 1513 1836 1581">
    <p class='ocr_par' dir='ltr' id='par_1_14' title="bbox 123 1513 1836 1581">
     <span class='ocr_line' id='line_1_14' title="bbox 123 1513 1836 1581; baseline 0 -14"><span class='ocrx_word' id='word_1_81' title='bbox 123 1518 255 1568; x_wconf 87' lang='lat' dir='ltr'>tem</span> <span class='ocrx_word' id='word_1_82' title='bbox 288 1515 561 1569; x_wconf 83' lang='lat' dir='ltr'>hactenus</span> <span class='ocrx_word' id='word_1_83' title='bbox 617 1515 996 1581; x_wconf 86' lang='lat' dir='ltr'>defendenda,</span> <span class='ocrx_word' id='word_1_84' title='bbox 1046 1520 1106 1569; x_wconf 90' lang='lat' dir='ltr'>ut</span> <span class='ocrx_word' id='word_1_85' title='bbox 1134 1517 1221 1569; x_wconf 89' lang='lat' dir='ltr'>vel</span> <span class='ocrx_word' id='word_1_86' title='bbox 1270 1517 1422 1569; x_wconf 92' lang='lat' dir='ltr'>mole</span> <span class='ocrx_word' id='word_1_87' title='bbox 1481 1513 1836 1569; x_wconf 87' lang='lat' dir='ltr'>auctoritatis</span> 
     </span>
    </p>
   </div>
   <div class='ocr_carea' id='block_1_15' title="bbox 116 1603 1833 1673">
    <p class='ocr_par' dir='ltr' id='par_1_15' title="bbox 116 1603 1833 1673">
     <span class='ocr_line' id='line_1_15' title="bbox 116 1603 1833 1673; baseline 0 -19"><span class='ocrx_word' id='word_1_88' title='bbox 116 1603 444 1658; x_wconf 91' lang='lat' dir='ltr'>inﬁdelitas</span> <span class='ocrx_word' id='word_1_89' title='bbox 476 1619 675 1657; x_wconf 91' lang='lat' dir='ltr'>eorum</span> <span class='ocrx_word' id='word_1_90' title='bbox 707 1604 1023 1668; x_wconf 88' lang='lat' dir='ltr'>obteratur,</span> <span class='ocrx_word' id='word_1_91' title='bbox 1054 1605 1142 1658; x_wconf 85' lang='lat' dir='ltr'>vel</span> <span class='ocrx_word' id='word_1_92' title='bbox 1176 1604 1256 1657; x_wconf 91' lang='lat' dir='ltr'>eis</span> <span class='ocrx_word' id='word_1_93' title='bbox 1279 1604 1833 1673; x_wconf 88' lang='lat' dir='ltr'>ostendatur,quan-</span> 
     </span>
    </p>
   </div>
   <div class='ocr_carea' id='block_1_16' title="bbox 119 1691 1834 1762">
    <p class='ocr_par' dir='ltr' id='par_1_16' title="bbox 119 1691 1834 1762">
     <span class='ocr_line' id='line_1_16' title="bbox 119 1691 1834 1762; baseline 0 -18"><span class='ocrx_word' id='word_1_94' title='bbox 119 1697 265 1744; x_wconf 87' lang='lat' dir='ltr'>tum</span> <span class='ocrx_word' id='word_1_95' title='bbox 295 1697 502 1762; x_wconf 86' lang='lat' dir='ltr'>potest,</span> <span class='ocrx_word' id='word_1_96' title='bbox 537 1691 726 1761; x_wconf 92' lang='lat' dir='ltr'>primo</span> <span class='ocrx_word' id='word_1_97' title='bbox 756 1708 928 1762; x_wconf 87' lang='lat' dir='ltr'>quam</span> <span class='ocrx_word' id='word_1_98' title='bbox 969 1709 1083 1746; x_wconf 92' lang='lat' dir='ltr'>non</span> <span class='ocrx_word' id='word_1_99' title='bbox 1131 1693 1202 1745; x_wconf 93' lang='lat' dir='ltr'>sit</span> <span class='ocrx_word' id='word_1_100' title='bbox 1253 1693 1494 1745; x_wconf 88' lang='lat' dir='ltr'>stultum</span> <span class='ocrx_word' id='word_1_101' title='bbox 1544 1691 1682 1745; x_wconf 90' lang='lat' dir='ltr'>talia</span> <span class='ocrx_word' id='word_1_102' title='bbox 1711 1707 1834 1744; x_wconf 90' lang='lat' dir='ltr'>cre-</span> 
     </span>
    </p>
   </div>
   <div class='ocr_carea' id='block_1_17' title="bbox 119 1780 1827 1851">
    <p class='ocr_par' dir='ltr' id='par_1_17' title="bbox 119 1780 1827 1851">
     <span class='ocr_line' id='line_1_17' title="bbox 119 1780 1827 1851; baseline -0.001 -17"><span class='ocrx_word' id='word_1_103' title='bbox 119 1781 288 1844; x_wconf 90' lang='lat' dir='ltr'>dere,</span> <span class='ocrx_word' id='word_1_104' title='bbox 320 1781 524 1834; x_wconf 90' lang='lat' dir='ltr'>deinde</span> <span class='ocrx_word' id='word_1_105' title='bbox 556 1797 730 1851; x_wconf 90' lang='lat' dir='ltr'>quam</span> <span class='ocrx_word' id='word_1_106' title='bbox 789 1781 860 1833; x_wconf 88' lang='lat' dir='ltr'>sit</span> <span class='ocrx_word' id='word_1_107' title='bbox 925 1781 1164 1834; x_wconf 91' lang='lat' dir='ltr'>stultum</span> <span class='ocrx_word' id='word_1_108' title='bbox 1226 1781 1360 1834; x_wconf 91' lang='lat' dir='ltr'>talia</span> <span class='ocrx_word' id='word_1_109' title='bbox 1414 1796 1528 1833; x_wconf 89' lang='lat' dir='ltr'>non</span> <span class='ocrx_word' id='word_1_110' title='bbox 1582 1780 1827 1833; x_wconf 86' lang='lat' dir='ltr'>credere.</span> 
     </span>
    </p>
   </div>
   <div class='ocr_carea' id='block_1_18' title="bbox 119 1867 1834 1939">
    <p class='ocr_par' dir='ltr' id='par_1_18' title="bbox 119 1867 1834 1939">
     <span class='ocr_line' id='line_1_18' title="bbox 119 1867 1834 1939; baseline -0.001 -18"><span class='ocrx_word' id='word_1_111' title='bbox 119 1871 537 1923; x_wconf 82' lang='lat' dir='ltr'>Verumtamen</span> <span class='ocrx_word' id='word_1_112' title='bbox 567 1869 766 1923; x_wconf 82' lang='lat' dir='ltr'>falsam</span> <span class='ocrx_word' id='word_1_113' title='bbox 797 1869 1117 1923; x_wconf 89' lang='lat' dir='ltr'>doctrinam</span> <span class='ocrx_word' id='word_1_114' title='bbox 1143 1886 1260 1923; x_wconf 91' lang='lat' dir='ltr'>non</span> <span class='ocrx_word' id='word_1_115' title='bbox 1291 1873 1408 1922; x_wconf 89' lang='lat' dir='ltr'>tam</span> <span class='ocrx_word' id='word_1_116' title='bbox 1441 1869 1510 1922; x_wconf 89' lang='lat' dir='ltr'>de</span> <span class='ocrx_word' id='word_1_117' title='bbox 1531 1867 1834 1939; x_wconf 69' lang='lat' dir='ltr'>praeteritis</span> 
     </span>
    </p>
   </div>
   <div class='ocr_carea' id='block_1_19' title="bbox 119 1957 1835 2029">
    <p class='ocr_par' dir='ltr' id='par_1_19' title="bbox 119 1957 1835 2029">
     <span class='ocr_line' id='line_1_19' title="bbox 119 1957 1835 2029; baseline -0.001 -18"><span class='ocrx_word' id='word_1_118' title='bbox 119 1964 189 2011; x_wconf 88' lang='lat' dir='ltr'>et</span> <span class='ocrx_word' id='word_1_119' title='bbox 220 1959 442 2023; x_wconf 88' lang='lat' dir='ltr'>futuris,</span> <span class='ocrx_word' id='word_1_120' title='bbox 480 1975 653 2029; x_wconf 90' lang='lat' dir='ltr'>quam</span> <span class='ocrx_word' id='word_1_121' title='bbox 708 1959 775 2012; x_wconf 90' lang='lat' dir='ltr'>de</span> <span class='ocrx_word' id='word_1_122' title='bbox 826 1959 1206 2028; x_wconf 75' lang='lat' dir='ltr'>praesentibus</span> <span class='ocrx_word' id='word_1_123' title='bbox 1249 1963 1306 2012; x_wconf 90' lang='lat' dir='ltr'>et</span> <span class='ocrx_word' id='word_1_124' title='bbox 1352 1959 1596 2011; x_wconf 81' lang='lat' dir='ltr'>maxime</span> <span class='ocrx_word' id='word_1_125' title='bbox 1629 1958 1698 2011; x_wconf 89' lang='lat' dir='ltr'>de</span> <span class='ocrx_word' id='word_1_126' title='bbox 1745 1957 1835 2010; x_wconf 91' lang='lat' dir='ltr'>in-</span> 
     </span>
    </p>
   </div>
   <div class='ocr_carea' id='block_1_20' title="bbox 117 2046 1829 2118">
    <p class='ocr_par' dir='ltr' id='par_1_20' title="bbox 117 2046 1829 2118">
     <span class='ocr_line' id='line_1_20' title="bbox 117 2046 1829 2118; baseline -0.001 -19"><span class='ocrx_word' id='word_1_127' title='bbox 117 2047 636 2101; x_wconf 86' lang='lat' dir='ltr'>commutabilibus</span> <span class='ocrx_word' id='word_1_128' title='bbox 666 2053 893 2117; x_wconf 91' lang='lat' dir='ltr'>oportet</span> <span class='ocrx_word' id='word_1_129' title='bbox 920 2047 1199 2114; x_wconf 86' lang='lat' dir='ltr'>refellere,</span> <span class='ocrx_word' id='word_1_130' title='bbox 1232 2051 1288 2101; x_wconf 91' lang='lat' dir='ltr'>et</span> <span class='ocrx_word' id='word_1_131' title='bbox 1319 2051 1597 2118; x_wconf 90' lang='lat' dir='ltr'>quantum</span> <span class='ocrx_word' id='word_1_132' title='bbox 1642 2046 1829 2113; x_wconf 89' lang='lat' dir='ltr'>datur,</span> 
     </span>
    </p>
   </div>
   <div class='ocr_carea' id='block_1_21' title="bbox 117 2135 1064 2206">
    <p class='ocr_par' dir='ltr' id='par_1_21' title="bbox 117 2135 1064 2206">
     <span class='ocr_line' id='line_1_21' title="bbox 117 2135 1064 2206; baseline 0 -18"><span class='ocrx_word' id='word_1_133' title='bbox 117 2135 437 2206; x_wconf 89' lang='lat' dir='ltr'>perspicua</span> <span class='ocrx_word' id='word_1_134' title='bbox 460 2136 679 2189; x_wconf 88' lang='lat' dir='ltr'>ratione</span> <span class='ocrx_word' id='word_1_135' title='bbox 709 2135 1064 2189; x_wconf 86' lang='lat' dir='ltr'>convincere.</span> 
     </span>
    </p>
   </div>
   <div class='ocr_carea' id='block_1_22' title="bbox 202 2219 1830 2292">
    <p class='ocr_par' dir='ltr' id='par_1_22' title="bbox 202 2219 1830 2292">
     <span class='ocr_line' id='line_1_22' title="bbox 202 2219 1830 2292; baseline -0.001 -16"><span class='ocrx_word' id='word_1_136' title='bbox 202 2225 292 2276; x_wconf 88' lang='lat'>6|.</span> <span class='ocrx_word' id='word_1_137' title='bbox 327 2222 471 2276; x_wconf 91' lang='lat' dir='ltr'>Sane</span> <span class='ocrx_word' id='word_1_138' title='bbox 505 2223 563 2276; x_wconf 93' lang='lat' dir='ltr'>in</span> <span class='ocrx_word' id='word_1_139' title='bbox 595 2221 737 2276; x_wconf 88' lang='lat' dir='ltr'>serie</span> <span class='ocrx_word' id='word_1_140' title='bbox 793 2222 1195 2292; x_wconf 89' lang='lat' dir='ltr'>temporalium</span> <span class='ocrx_word' id='word_1_141' title='bbox 1227 2219 1632 2292; x_wconf 77' lang='lat' dir='ltr'>‘inquisitioni</span> <span class='ocrx_word' id='word_1_142' title='bbox 1682 2237 1830 2292; x_wconf 69' lang='lat' dir='ltr'>prie--</span> 
     </span>
    </p>
   </div>
   <div class='ocr_carea' id='block_1_23' title="bbox 114 2309 1826 2380">
    <p class='ocr_par' dir='ltr' id='par_1_23' title="bbox 114 2309 1826 2380">
     <span class='ocr_line' id='line_1_23' title="bbox 114 2309 1826 2380; baseline -0.001 -17"><span class='ocrx_word' id='word_1_143' title='bbox 114 2309 436 2364; x_wconf 89' lang='lat' dir='ltr'>teritorum</span> <span class='ocrx_word' id='word_1_144' title='bbox 493 2310 817 2364; x_wconf 88' lang='lat' dir='ltr'>futurorum</span> <span class='ocrx_word' id='word_1_145' title='bbox 877 2309 1225 2380; x_wconf 81' lang='lat' dir='ltr'>exspectatio</span> <span class='ocrx_word' id='word_1_146' title='bbox 1283 2309 1640 2380; x_wconf 67' lang='lat' dir='ltr'>przeferenda</span> <span class='ocrx_word' id='word_1_147' title='bbox 1706 2314 1826 2363; x_wconf 90' lang='lat' dir='ltr'>est:</span> 
     </span>
    </p>
   </div>
   <div class='ocr_carea' id='block_1_24' title="bbox 119 2400 1829 2471">
    <p class='ocr_par' dir='ltr' id='par_1_24' title="bbox 119 2400 1829 2471">
     <span class='ocr_line' id='line_1_24' title="bbox 119 2400 1829 2471; baseline 0.001 -18"><span class='ocrx_word' id='word_1_148' title='bbox 119 2401 598 2471; x_wconf 87' lang='lat' dir='ltr'>quandoquidem</span> <span class='ocrx_word' id='word_1_149' title='bbox 630 2401 800 2454; x_wconf 90' lang='lat' dir='ltr'>etiam</span> <span class='ocrx_word' id='word_1_150' title='bbox 832 2400 891 2454; x_wconf 90' lang='lat' dir='ltr'>in</span> <span class='ocrx_word' id='word_1_151' title='bbox 914 2400 1121 2454; x_wconf 91' lang='lat' dir='ltr'>divinis</span> <span class='ocrx_word' id='word_1_152' title='bbox 1150 2400 1331 2454; x_wconf 83' lang='lat' dir='ltr'>Libris</span> <span class='ocrx_word' id='word_1_153' title='bbox 1348 2416 1414 2454; x_wconf 88' lang='lat' dir='ltr'>ea</span> <span class='ocrx_word' id='word_1_154' title='bbox 1437 2417 1564 2470; x_wconf 68' lang='lat' dir='ltr'>quae</span> <span class='ocrx_word' id='word_1_155' title='bbox 1593 2405 1829 2470; x_wconf 81' lang='lat' dir='ltr'>praeter-</span> 
     </span>
    </p>
   </div>
   <div class='ocr_carea' id='block_1_25' title="bbox 114 2488 1830 2560">
    <p class='ocr_par' dir='ltr' id='par_1_25' title="bbox 114 2488 1830 2560">
     <span class='ocr_line' id='line_1_25' title="bbox 114 2488 1830 2560; baseline 0.001 -19"><span class='ocrx_word' id='word_1_156' title='bbox 114 2489 211 2543; x_wconf 87' lang='lat' dir='ltr'>ita</span> <span class='ocrx_word' id='word_1_157' title='bbox 241 2495 568 2557; x_wconf 88' lang='lat' dir='ltr'>narrantur,</span> <span class='ocrx_word' id='word_1_158' title='bbox 618 2490 706 2542; x_wconf 85' lang='lat' dir='ltr'>vel</span> <span class='ocrx_word' id='word_1_159' title='bbox 760 2488 1283 2560; x_wconf 70' lang='lat' dir='ltr'>prmﬁgurationem</span> <span class='ocrx_word' id='word_1_160' title='bbox 1336 2489 1682 2551; x_wconf 87' lang='lat' dir='ltr'>futurorum,</span> <span class='ocrx_word' id='word_1_161' title='bbox 1742 2491 1830 2544; x_wconf 91' lang='lat' dir='ltr'>vel</span> 
     </span>
    </p>
   </div>
   <div class='ocr_carea' id='block_1_26' title="bbox 117 2577 1831 2647">
    <p class='ocr_par' dir='ltr' id='par_1_26' title="bbox 117 2577 1831 2647">
     <span class='ocr_line' id='line_1_26' title="bbox 117 2577 1831 2647; baseline 0.001 -18"><span class='ocrx_word' id='word_1_162' title='bbox 117 2577 625 2647; x_wconf 86' lang='lat' dir='ltr'>pollicitationem,</span> <span class='ocrx_word' id='word_1_163' title='bbox 658 2577 746 2630; x_wconf 89' lang='lat' dir='ltr'>vel</span> <span class='ocrx_word' id='word_1_164' title='bbox 777 2577 1237 2630; x_wconf 89' lang='lat' dir='ltr'>testiﬁcationem</span> <span class='ocrx_word' id='word_1_165' title='bbox 1263 2592 1381 2646; x_wconf 75' lang='lat' dir='ltr'>prze</span> <span class='ocrx_word' id='word_1_166' title='bbox 1417 2592 1475 2629; x_wconf 90' lang='lat' dir='ltr'>se</span> <span class='ocrx_word' id='word_1_167' title='bbox 1505 2581 1731 2645; x_wconf 85' lang='lat' dir='ltr'>gerunt.</span> <span class='ocrx_word' id='word_1_168' title='bbox 1766 2578 1831 2630; x_wconf 87' lang='lat' dir='ltr'>Et</span> 
     </span>
    </p>
   </div>
   <div class='ocr_carea' id='block_1_27' title="bbox 115 2665 1825 2736">
    <p class='ocr_par' dir='ltr' id='par_1_27' title="bbox 115 2665 1825 2736">
     <span class='ocr_line' id='line_1_27' title="bbox 115 2665 1825 2736; baseline 0 -16"><span class='ocrx_word' id='word_1_169' title='bbox 115 2683 331 2720; x_wconf 84' lang='lat' dir='ltr'>revera</span> <span class='ocrx_word' id='word_1_170' title='bbox 360 2665 423 2720; x_wconf 90' lang='lat' dir='ltr'>in</span> <span class='ocrx_word' id='word_1_171' title='bbox 469 2666 538 2719; x_wconf 90' lang='lat' dir='ltr'>iis</span> <span class='ocrx_word' id='word_1_172' title='bbox 571 2666 767 2732; x_wconf 88' lang='lat' dir='ltr'>etiam,</span> <span class='ocrx_word' id='word_1_173' title='bbox 799 2683 925 2736; x_wconf 64' lang='lat' dir='ltr'>quae</span> <span class='ocrx_word' id='word_1_174' title='bbox 981 2666 1052 2719; x_wconf 91' lang='lat' dir='ltr'>ad</span> <span class='ocrx_word' id='word_1_175' title='bbox 1089 2666 1236 2720; x_wconf 89' lang='lat' dir='ltr'>hanc</span> <span class='ocrx_word' id='word_1_176' title='bbox 1291 2665 1467 2719; x_wconf 86' lang='lat' dir='ltr'>vitam</span> <span class='ocrx_word' id='word_1_177' title='bbox 1516 2669 1825 2735; x_wconf 89' lang='lat' dir='ltr'>pertinent,</span> 
     </span>
    </p>
   </div>
   <div class='ocr_carea' id='block_1_28' title="bbox 118 2753 1827 2826">
    <p class='ocr_par' dir='ltr' id='par_1_28' title="bbox 118 2753 1827 2826">
     <span class='ocr_line' id='line_1_28' title="bbox 118 2753 1827 2826; baseline 0 -18"><span class='ocrx_word' id='word_1_178' title='bbox 118 2755 419 2826; x_wconf 87' lang='lat' dir='ltr'>prosperis</span> <span class='ocrx_word' id='word_1_179' title='bbox 447 2754 809 2824; x_wconf 83' lang='lat' dir='ltr'>adversisque</span> <span class='ocrx_word' id='word_1_180' title='bbox 838 2754 1026 2820; x_wconf 89' lang='lat' dir='ltr'>rebus,</span> <span class='ocrx_word' id='word_1_181' title='bbox 1059 2753 1198 2824; x_wconf 90' lang='lat' dir='ltr'>quid</span> <span class='ocrx_word' id='word_1_182' title='bbox 1255 2753 1496 2824; x_wconf 87' lang='lat' dir='ltr'>quisque</span> <span class='ocrx_word' id='word_1_183' title='bbox 1533 2755 1683 2808; x_wconf 90' lang='lat' dir='ltr'>ﬁerit</span> <span class='ocrx_word' id='word_1_184' title='bbox 1710 2771 1827 2808; x_wconf 89' lang='lat' dir='ltr'>non</span> 
     </span>
    </p>
   </div>
   <div class='ocr_carea' id='block_1_29' title="bbox 117 2842 1828 2912">
    <p class='ocr_par' dir='ltr' id='par_1_29' title="bbox 117 2842 1828 2912">
     <span class='ocr_line' id='line_1_29' title="bbox 117 2842 1828 2912; baseline 0.001 -16"><span class='ocrx_word' id='word_1_185' title='bbox 117 2843 264 2896; x_wconf 87' lang='lat' dir='ltr'>satis</span> <span class='ocrx_word' id='word_1_186' title='bbox 293 2847 453 2896; x_wconf 83' lang='lat' dir='ltr'>curat</span> <span class='ocrx_word' id='word_1_187' title='bbox 483 2859 495 2896; x_wconf 89' lang='lat'><strong>:</strong></span> <span class='ocrx_word' id='word_1_188' title='bbox 527 2843 588 2896; x_wconf 91' lang='lat' dir='ltr'>in</span> <span class='ocrx_word' id='word_1_189' title='bbox 620 2842 678 2896; x_wconf 90' lang='lat' dir='ltr'>id</span> <span class='ocrx_word' id='word_1_190' title='bbox 709 2859 842 2895; x_wconf 86' lang='lat' dir='ltr'>vero</span> <span class='ocrx_word' id='word_1_191' title='bbox 874 2845 1024 2912; x_wconf 89' lang='lat' dir='ltr'>quod</span> <span class='ocrx_word' id='word_1_192' title='bbox 1073 2843 1332 2895; x_wconf 89' lang='lat' dir='ltr'>futurum</span> <span class='ocrx_word' id='word_1_193' title='bbox 1364 2849 1644 2912; x_wconf 89' lang='lat' dir='ltr'>speratur,</span> <span class='ocrx_word' id='word_1_194' title='bbox 1707 2860 1828 2898; x_wconf 90' lang='lat' dir='ltr'>sese</span> 
     </span>
    </p>
   </div>
   <div class='ocr_carea' id='block_1_30' title="bbox 119 2930 1826 3002">
    <p class='ocr_par' dir='ltr' id='par_1_30' title="bbox 119 2930 1826 3002">
     <span class='ocr_line' id='line_1_30' title="bbox 119 2930 1826 3002; baseline 0.001 -18"><span class='ocrx_word' id='word_1_195' title='bbox 119 2931 318 2985; x_wconf 90' lang='lat' dir='ltr'>omnis</span> <span class='ocrx_word' id='word_1_196' title='bbox 348 2947 614 2985; x_wconf 89' lang='lat' dir='ltr'>curarum</span> <span class='ocrx_word' id='word_1_197' title='bbox 645 2936 816 2984; x_wconf 65' lang='lat' dir='ltr'>aistus</span> <span class='ocrx_word' id='word_1_198' title='bbox 837 2930 1210 3000; x_wconf 89' lang='lat' dir='ltr'>agglomerat.</span> <span class='ocrx_word' id='word_1_199' title='bbox 1243 2930 1440 2983; x_wconf 71' lang='lat' dir='ltr'>Nescio</span> <span class='ocrx_word' id='word_1_200' title='bbox 1472 2946 1584 3000; x_wconf 90' lang='lat' dir='ltr'>quo</span> <span class='ocrx_word' id='word_1_201' title='bbox 1613 2932 1826 3002; x_wconf 89' lang='lat' dir='ltr'>quippe</span> 
     </span>
    </p>
   </div>
   <div class='ocr_carea' id='block_1_31' title="bbox 116 3017 1822 3090">
    <p class='ocr_par' dir='ltr' id='par_1_31' title="bbox 116 3017 1822 3090">
     <span class='ocr_line' id='line_1_31' title="bbox 116 3017 1822 3090; baseline -0.001 -16"><span class='ocrx_word' id='word_1_202' title='bbox 116 3020 336 3074; x_wconf 87' lang='lat' dir='ltr'>intimo</span> <span class='ocrx_word' id='word_1_203' title='bbox 376 3020 740 3090; x_wconf 87' lang='lat' dir='ltr'>naturalique</span> <span class='ocrx_word' id='word_1_204' title='bbox 770 3035 960 3084; x_wconf 88' lang='lat' dir='ltr'>sensu,</span> <span class='ocrx_word' id='word_1_205' title='bbox 993 3035 1060 3072; x_wconf 90' lang='lat' dir='ltr'>ea</span> <span class='ocrx_word' id='word_1_206' title='bbox 1093 3035 1221 3089; x_wconf 84' lang='lat' dir='ltr'>quae</span> <span class='ocrx_word' id='word_1_207' title='bbox 1253 3017 1417 3072; x_wconf 89' lang='lat' dir='ltr'>nobis</span> <span class='ocrx_word' id='word_1_208' title='bbox 1474 3018 1822 3086; x_wconf 90' lang='lat' dir='ltr'>acciderunt,</span> 
     </span>
    </p>
   </div>
   <div class='ocr_carea' id='block_1_32' title="bbox 119 3106 1825 3180">
    <p class='ocr_par' dir='ltr' id='par_1_32' title="bbox 119 3106 1825 3180">
     <span class='ocr_line' id='line_1_32' title="bbox 119 3106 1825 3180; baseline -0.001 -17"><span class='ocrx_word' id='word_1_209' title='bbox 119 3110 406 3180; x_wconf 86' lang='lat' dir='ltr'>quoniam</span> <span class='ocrx_word' id='word_1_210' title='bbox 434 3114 716 3162; x_wconf 89' lang='lat' dir='ltr'>transacta</span> <span class='ocrx_word' id='word_1_211' title='bbox 746 3112 898 3173; x_wconf 91' lang='lat' dir='ltr'>sunt,</span> <span class='ocrx_word' id='word_1_212' title='bbox 931 3106 1007 3160; x_wconf 87' lang='lat' dir='ltr'>sic</span> <span class='ocrx_word' id='word_1_213' title='bbox 1037 3107 1322 3160; x_wconf 86' lang='lat' dir='ltr'>habentur</span> <span class='ocrx_word' id='word_1_214' title='bbox 1351 3107 1423 3161; x_wconf 91' lang='lat' dir='ltr'>ad</span> <span class='ocrx_word' id='word_1_215' title='bbox 1467 3112 1825 3162; x_wconf 89' lang='lat' dir='ltr'>momentum</span> 
     </span>
    </p>
   </div>
   <div class='ocr_carea' id='block_1_33' title="bbox 115 3195 1822 3266">
    <p class='ocr_par' dir='ltr' id='par_1_33' title="bbox 115 3195 1822 3266">
     <span class='ocr_line' id='line_1_33' title="bbox 115 3195 1822 3266; baseline -0.001 -14"><span class='ocrx_word' id='word_1_216' title='bbox 115 3198 415 3252; x_wconf 89' lang='lat' dir='ltr'>felicitatis</span> <span class='ocrx_word' id='word_1_217' title='bbox 472 3202 529 3251; x_wconf 90' lang='lat' dir='ltr'>et</span> <span class='ocrx_word' id='word_1_218' title='bbox 570 3196 838 3262; x_wconf 74' lang='lat' dir='ltr'>miserim,</span> <span class='ocrx_word' id='word_1_219' title='bbox 901 3195 1063 3266; x_wconf 87' lang='lat' dir='ltr'>quasi</span> <span class='ocrx_word' id='word_1_220' title='bbox 1119 3212 1414 3266; x_wconf 87' lang='lat' dir='ltr'>nunquam</span> <span class='ocrx_word' id='word_1_221' title='bbox 1472 3195 1822 3250; x_wconf 89' lang='lat' dir='ltr'>accidissent.</span> 
     </span>
    </p>
   </div>
   <div class='ocr_carea' id='block_1_34' title="bbox 117 3284 1822 3356">
    <p class='ocr_par' dir='ltr' id='par_1_34' title="bbox 117 3284 1822 3356">
     <span class='ocr_line' id='line_1_34' title="bbox 117 3284 1822 3356; baseline -0.001 -16"><span class='ocrx_word' id='word_1_222' title='bbox 117 3285 274 3350; x_wconf 86' lang='lat' dir='ltr'>Quid</span> <span class='ocrx_word' id='word_1_223' title='bbox 305 3285 482 3356; x_wconf 90' lang='lat' dir='ltr'>igitur</span> <span class='ocrx_word' id='word_1_224' title='bbox 506 3285 645 3338; x_wconf 91' lang='lat' dir='ltr'>mihi</span> <span class='ocrx_word' id='word_1_225' title='bbox 677 3284 859 3352; x_wconf 89' lang='lat' dir='ltr'>obest,</span> <span class='ocrx_word' id='word_1_226' title='bbox 895 3284 942 3336; x_wconf 91' lang='lat' dir='ltr'>si</span> <span class='ocrx_word' id='word_1_227' title='bbox 974 3300 1093 3337; x_wconf 89' lang='lat' dir='ltr'>esse</span> <span class='ocrx_word' id='word_1_228' title='bbox 1125 3284 1354 3354; x_wconf 91' lang='lat' dir='ltr'>quando</span> <span class='ocrx_word' id='word_1_229' title='bbox 1408 3284 1677 3356; x_wconf 76' lang='lat' dir='ltr'>cceperim</span> <span class='ocrx_word' id='word_1_230' title='bbox 1725 3301 1822 3338; x_wconf 87' lang='lat' dir='ltr'>ne-</span> 
     </span>
    </p>
   </div>
   <div class='ocr_carea' id='block_1_35' title="bbox 116 3372 1824 3442">
    <p class='ocr_par' dir='ltr' id='par_1_35' title="bbox 116 3372 1824 3442">
     <span class='ocr_line' id='line_1_35' title="bbox 116 3372 1824 3442; baseline -0.001 -14"><span class='ocrx_word' id='word_1_231' title='bbox 116 3375 234 3437; x_wconf 92' lang='lat' dir='ltr'>cio,</span> <span class='ocrx_word' id='word_1_232' title='bbox 267 3390 399 3427; x_wconf 92' lang='lat' dir='ltr'>cum</span> <span class='ocrx_word' id='word_1_233' title='bbox 449 3389 570 3427; x_wconf 91' lang='lat' dir='ltr'>esse</span> <span class='ocrx_word' id='word_1_234' title='bbox 603 3389 693 3426; x_wconf 91' lang='lat' dir='ltr'>me</span> <span class='ocrx_word' id='word_1_235' title='bbox 725 3372 1002 3437; x_wconf 81' lang='lat' dir='ltr'>noverim,</span> <span class='ocrx_word' id='word_1_236' title='bbox 1035 3388 1139 3426; x_wconf 92' lang='lat' dir='ltr'>nec</span> <span class='ocrx_word' id='word_1_237' title='bbox 1180 3372 1438 3426; x_wconf 93' lang='lat' dir='ltr'>futurum</span> <span class='ocrx_word' id='word_1_238' title='bbox 1473 3389 1592 3426; x_wconf 91' lang='lat' dir='ltr'>esse</span> <span class='ocrx_word' id='word_1_239' title='bbox 1624 3373 1824 3442; x_wconf 89' lang='lat' dir='ltr'>despe-</span> 
     </span>
    </p>
   </div>
   <div class='ocr_carea' id='block_1_36' title="bbox 119 3460 1824 3532">
    <p class='ocr_par' dir='ltr' id='par_1_36' title="bbox 119 3460 1824 3532">
     <span class='ocr_line' id='line_1_36' title="bbox 119 3460 1824 3532; baseline -0.001 -15"><span class='ocrx_word' id='word_1_240' title='bbox 119 3480 251 3517; x_wconf 87' lang='lat' dir='ltr'>rem</span> <span class='ocrx_word' id='word_1_241' title='bbox 271 3465 299 3517; x_wconf 87' lang='lat'><strong>?</strong></span> <span class='ocrx_word' id='word_1_242' title='bbox 329 3465 451 3517; x_wconf 84' lang='lat' dir='ltr'>Non</span> <span class='ocrx_word' id='word_1_243' title='bbox 483 3461 634 3515; x_wconf 90' lang='lat' dir='ltr'>enim</span> <span class='ocrx_word' id='word_1_244' title='bbox 666 3461 722 3514; x_wconf 88' lang='lat' dir='ltr'>in</span> <span class='ocrx_word' id='word_1_245' title='bbox 746 3460 1037 3531; x_wconf 66' lang='lat' dir='ltr'>praeterita</span> <span class='ocrx_word' id='word_1_246' title='bbox 1055 3477 1145 3514; x_wconf 92' lang='lat' dir='ltr'>me</span> <span class='ocrx_word' id='word_1_247' title='bbox 1173 3461 1428 3527; x_wconf 90' lang='lat' dir='ltr'>attendo,</span> <span class='ocrx_word' id='word_1_248' title='bbox 1461 3466 1526 3514; x_wconf 91' lang='lat' dir='ltr'>ut</span> <span class='ocrx_word' id='word_1_249' title='bbox 1551 3465 1824 3532; x_wconf 87' lang='lat' dir='ltr'>tanquam</span> 
     </span>
    </p>
   </div>
   <div class='ocr_carea' id='block_1_37' title="bbox 119 3548 1825 3620">
    <p class='ocr_par' dir='ltr' id='par_1_37' title="bbox 119 3548 1825 3620">
     <span class='ocr_line' id='line_1_37' title="bbox 119 3548 1825 3620; baseline 0 -18"><span class='ocrx_word' id='word_1_250' title='bbox 119 3566 381 3603; x_wconf 89' lang='lat' dir='ltr'>errorem</span> <span class='ocrx_word' id='word_1_251' title='bbox 412 3548 963 3620; x_wconf 88' lang='lat' dir='ltr'>perniciosissimum</span> <span class='ocrx_word' id='word_1_252' title='bbox 990 3565 1203 3616; x_wconf 90' lang='lat' dir='ltr'>verear,</span> <span class='ocrx_word' id='word_1_253' title='bbox 1235 3549 1281 3602; x_wconf 93' lang='lat' dir='ltr'>si</span> <span class='ocrx_word' id='word_1_254' title='bbox 1314 3549 1484 3602; x_wconf 89' lang='lat' dir='ltr'>aliter</span> <span class='ocrx_word' id='word_1_255' title='bbox 1517 3549 1585 3602; x_wconf 90' lang='lat' dir='ltr'>de</span> <span class='ocrx_word' id='word_1_256' title='bbox 1611 3549 1679 3602; x_wconf 89' lang='lat' dir='ltr'>iis</span> <span class='ocrx_word' id='word_1_257' title='bbox 1703 3566 1825 3602; x_wconf 81' lang='lat' dir='ltr'>sen-</span> 
     </span>
    </p>
   </div>
   <div class='ocr_carea' id='block_1_38' title="bbox 117 3637 1823 3709">
    <p class='ocr_par' dir='ltr' id='par_1_38' title="bbox 117 3637 1823 3709">
     <span class='ocr_line' id='line_1_38' title="bbox 117 3637 1823 3709; baseline 0.001 -19"><span class='ocrx_word' id='word_1_258' title='bbox 117 3654 251 3691; x_wconf 89' lang='lat' dir='ltr'>sero</span> <span class='ocrx_word' id='word_1_259' title='bbox 281 3654 452 3708; x_wconf 92' lang='lat' dir='ltr'>quam</span> <span class='ocrx_word' id='word_1_260' title='bbox 493 3638 722 3691; x_wconf 90' lang='lat' dir='ltr'>fuerunt</span> <span class='ocrx_word' id='word_1_261' title='bbox 755 3654 768 3690; x_wconf 90' lang='lat'><strong>:</strong></span> <span class='ocrx_word' id='word_1_262' title='bbox 801 3637 898 3690; x_wconf 89' lang='lat' dir='ltr'>sed</span> <span class='ocrx_word' id='word_1_263' title='bbox 924 3638 982 3691; x_wconf 91' lang='lat' dir='ltr'>in</span> <span class='ocrx_word' id='word_1_264' title='bbox 1012 3637 1068 3691; x_wconf 92' lang='lat' dir='ltr'>id</span> <span class='ocrx_word' id='word_1_265' title='bbox 1095 3638 1249 3709; x_wconf 91' lang='lat' dir='ltr'>quod</span> <span class='ocrx_word' id='word_1_266' title='bbox 1271 3637 1498 3691; x_wconf 91' lang='lat' dir='ltr'>futurus</span> <span class='ocrx_word' id='word_1_267' title='bbox 1529 3654 1677 3697; x_wconf 88' lang='lat' dir='ltr'>sum,</span> <span class='ocrx_word' id='word_1_268' title='bbox 1702 3655 1823 3692; x_wconf 88' lang='lat' dir='ltr'>cur-</span> 
     </span>
    </p>
   </div>
   <div class='ocr_carea' id='block_1_39' title="bbox 119 3725 1823 3796">
    <p class='ocr_par' dir='ltr' id='par_1_39' title="bbox 119 3725 1823 3796">
     <span class='ocr_line' id='line_1_39' title="bbox 119 3725 1823 3796; baseline -0.001 -17"><span class='ocrx_word' id='word_1_269' title='bbox 119 3743 255 3780; x_wconf 89' lang='lat' dir='ltr'>sum</span> <span class='ocrx_word' id='word_1_270' title='bbox 284 3726 470 3796; x_wconf 87' lang='lat' dir='ltr'>dirigo</span> <span class='ocrx_word' id='word_1_271' title='bbox 502 3726 643 3780; x_wconf 92' lang='lat' dir='ltr'>duce</span> <span class='ocrx_word' id='word_1_272' title='bbox 670 3725 1058 3779; x_wconf 90' lang='lat' dir='ltr'>misericordia</span> <span class='ocrx_word' id='word_1_273' title='bbox 1088 3725 1411 3779; x_wconf 88' lang='lat' dir='ltr'>Conditoris</span> <span class='ocrx_word' id='word_1_274' title='bbox 1441 3725 1574 3778; x_wconf 92' lang='lat' dir='ltr'>mei.</span> <span class='ocrx_word' id='word_1_275' title='bbox 1607 3727 1686 3778; x_wconf 92' lang='lat' dir='ltr'>De</span> <span class='ocrx_word' id='word_1_276' title='bbox 1716 3727 1823 3778; x_wconf 88' lang='lat' dir='ltr'>hoc</span> 
     </span>
    </p>
   </div>
   <div class='ocr_carea' id='block_1_40' title="bbox 117 3812 1822 3885">
    <p class='ocr_par' dir='ltr' id='par_1_40' title="bbox 117 3812 1822 3885">
     <span class='ocr_line' id='line_1_40' title="bbox 117 3812 1822 3885; baseline -0.001 -17"><span class='ocrx_word' id='word_1_277' title='bbox 117 3815 303 3884; x_wconf 88' lang='lat' dir='ltr'>igitur</span> <span class='ocrx_word' id='word_1_278' title='bbox 331 3815 482 3885; x_wconf 91' lang='lat' dir='ltr'>quod</span> <span class='ocrx_word' id='word_1_279' title='bbox 518 3815 740 3867; x_wconf 91' lang='lat' dir='ltr'>futurus</span> <span class='ocrx_word' id='word_1_280' title='bbox 765 3830 912 3878; x_wconf 92' lang='lat' dir='ltr'>sum,</span> <span class='ocrx_word' id='word_1_281' title='bbox 929 3819 986 3867; x_wconf 91' lang='lat' dir='ltr'>et</span> <span class='ocrx_word' id='word_1_282' title='bbox 1006 3813 1074 3866; x_wconf 91' lang='lat' dir='ltr'>de</span> <span class='ocrx_word' id='word_1_283' title='bbox 1097 3812 1194 3866; x_wconf 93' lang='lat' dir='ltr'>illo</span> <span class='ocrx_word' id='word_1_284' title='bbox 1225 3813 1374 3884; x_wconf 87' lang='lat' dir='ltr'>apud</span> <span class='ocrx_word' id='word_1_285' title='bbox 1397 3829 1572 3884; x_wconf 89' lang='lat' dir='ltr'>quem</span> <span class='ocrx_word' id='word_1_286' title='bbox 1597 3813 1822 3867; x_wconf 90' lang='lat' dir='ltr'>futurus</span> 
     </span>
    </p>
   </div>
   <div class='ocr_carea' id='block_1_41' title="bbox 118 3901 1824 3973">
    <p class='ocr_par' dir='ltr' id='par_1_41' title="bbox 118 3901 1824 3973">
     <span class='ocr_line' id='line_1_41' title="bbox 118 3901 1824 3973; baseline 0 -17"><span class='ocrx_word' id='word_1_287' title='bbox 118 3919 275 3969; x_wconf 81' lang='lat' dir='ltr'>sum,</span> <span class='ocrx_word' id='word_1_288' title='bbox 309 3902 355 3955; x_wconf 89' lang='lat' dir='ltr'>si</span> <span class='ocrx_word' id='word_1_289' title='bbox 383 3902 548 3955; x_wconf 88' lang='lat' dir='ltr'>aliter</span> <span class='ocrx_word' id='word_1_290' title='bbox 572 3918 744 3973; x_wconf 91' lang='lat' dir='ltr'>quam</span> <span class='ocrx_word' id='word_1_291' title='bbox 769 3901 973 3955; x_wconf 86' lang='lat' dir='ltr'>veritas</span> <span class='ocrx_word' id='word_1_292' title='bbox 1005 3918 1124 3954; x_wconf 89' lang='lat' dir='ltr'>esse</span> <span class='ocrx_word' id='word_1_293' title='bbox 1178 3901 1350 3955; x_wconf 88' lang='lat' dir='ltr'>habet</span> <span class='ocrx_word' id='word_1_294' title='bbox 1403 3902 1692 3956; x_wconf 90' lang='lat' dir='ltr'>credidero</span> <span class='ocrx_word' id='word_1_295' title='bbox 1724 3907 1824 3956; x_wconf 88' lang='lat' dir='ltr'>aut</span> 
     </span>
    </p>
   </div>
   <div class='ocr_carea' id='block_1_42' title="bbox 122 3989 1820 4057">
    <p class='ocr_par' dir='ltr' id='par_1_42' title="bbox 122 3989 1820 4057">
     <span class='ocr_line' id='line_1_42' title="bbox 122 3989 1820 4057; baseline -0.002 -12"><span class='ocrx_word' id='word_1_296' title='bbox 122 4007 382 4057; x_wconf 90' lang='lat' dir='ltr'>sensero,</span> <span class='ocrx_word' id='word_1_297' title='bbox 442 3992 809 4044; x_wconf 87' lang='lat' dir='ltr'>vehementer</span> <span class='ocrx_word' id='word_1_298' title='bbox 861 3990 1145 4043; x_wconf 89' lang='lat' dir='ltr'>cavendus</span> <span class='ocrx_word' id='word_1_299' title='bbox 1185 3995 1270 4044; x_wconf 90' lang='lat' dir='ltr'>est</span> <span class='ocrx_word' id='word_1_300' title='bbox 1324 4006 1520 4056; x_wconf 88' lang='lat' dir='ltr'>error;</span> <span class='ocrx_word' id='word_1_301' title='bbox 1554 4006 1626 4043; x_wconf 89' lang='lat' dir='ltr'>ne</span> <span class='ocrx_word' id='word_1_302' title='bbox 1676 3989 1820 4043; x_wconf 91' lang='lat' dir='ltr'>mihi</span> 
     </span>
    </p>
   </div>
   <div class='ocr_carea' id='block_1_43' title="bbox 120 4077 1821 4148">
    <p class='ocr_par' dir='ltr' id='par_1_43' title="bbox 120 4077 1821 4148">
     <span class='ocr_line' id='line_1_43' title="bbox 120 4077 1821 4148; baseline 0 -16"><span class='ocrx_word' id='word_1_303' title='bbox 120 4084 224 4132; x_wconf 85' lang='lat' dir='ltr'>aut</span> <span class='ocrx_word' id='word_1_304' title='bbox 252 4079 570 4132; x_wconf 89' lang='lat' dir='ltr'>necessaria</span> <span class='ocrx_word' id='word_1_305' title='bbox 623 4095 739 4131; x_wconf 91' lang='lat' dir='ltr'>non</span> <span class='ocrx_word' id='word_1_306' title='bbox 791 4094 1130 4148; x_wconf 73' lang='lat' dir='ltr'>prteparem.</span> <span class='ocrx_word' id='word_1_307' title='bbox 1188 4082 1285 4131; x_wconf 92' lang='lat' dir='ltr'>aut</span> <span class='ocrx_word' id='word_1_308' title='bbox 1333 4078 1405 4132; x_wconf 91' lang='lat' dir='ltr'>ad</span> <span class='ocrx_word' id='word_1_309' title='bbox 1440 4094 1572 4131; x_wconf 91' lang='lat' dir='ltr'>eum</span> <span class='ocrx_word' id='word_1_310' title='bbox 1631 4077 1821 4148; x_wconf 91' lang='lat' dir='ltr'>ipsum</span> 
     </span>
    </p>
   </div>
   <div class='ocr_carea' id='block_1_44' title="bbox 118 4165 1817 4237">
    <p class='ocr_par' dir='ltr' id='par_1_44' title="bbox 118 4165 1817 4237">
     <span class='ocr_line' id='line_1_44' title="bbox 118 4165 1817 4237; baseline -0.001 -16"><span class='ocrx_word' id='word_1_311' title='bbox 118 4168 300 4222; x_wconf 90' lang='lat' dir='ltr'>ﬁnem</span> <span class='ocrx_word' id='word_1_312' title='bbox 331 4166 613 4237; x_wconf 90' lang='lat' dir='ltr'>propositi</span> <span class='ocrx_word' id='word_1_313' title='bbox 644 4165 778 4232; x_wconf 91' lang='lat' dir='ltr'>mei,</span> <span class='ocrx_word' id='word_1_314' title='bbox 812 4166 947 4220; x_wconf 93' lang='lat' dir='ltr'>dum</span> <span class='ocrx_word' id='word_1_315' title='bbox 969 4166 1122 4220; x_wconf 91' lang='lat' dir='ltr'>aliud</span> <span class='ocrx_word' id='word_1_316' title='bbox 1141 4183 1243 4236; x_wconf 90' lang='lat' dir='ltr'>pro</span> <span class='ocrx_word' id='word_1_317' title='bbox 1274 4167 1383 4220; x_wconf 89' lang='lat' dir='ltr'>alio</span> <span class='ocrx_word' id='word_1_318' title='bbox 1414 4166 1554 4220; x_wconf 89' lang='lat' dir='ltr'>mihi</span> <span class='ocrx_word' id='word_1_319' title='bbox 1576 4167 1817 4234; x_wconf 89' lang='lat' dir='ltr'>videtur,</span> 
     </span>
    </p>
   </div>
   <div class='ocr_carea' id='block_1_45' title="bbox 121 4254 1821 4326">
    <p class='ocr_par' dir='ltr' id='par_1_45' title="bbox 121 4254 1821 4326">
     <span class='ocr_line' id='line_1_45' title="bbox 121 4254 1821 4326; baseline 0.001 -18"><span class='ocrx_word' id='word_1_320' title='bbox 121 4255 430 4326; x_wconf 89' lang='lat' dir='ltr'>pervenire</span> <span class='ocrx_word' id='word_1_321' title='bbox 461 4271 577 4308; x_wconf 90' lang='lat' dir='ltr'>non</span> <span class='ocrx_word' id='word_1_322' title='bbox 608 4254 840 4325; x_wconf 90' lang='lat' dir='ltr'>possim.</span> <span class='ocrx_word' id='word_1_323' title='bbox 872 4255 1419 4318; x_wconf 85' lang='lat' dir='ltr'>Quamobrem,sicut</span> <span class='ocrx_word' id='word_1_324' title='bbox 1467 4255 1540 4308; x_wconf 91' lang='lat' dir='ltr'>ad</span> <span class='ocrx_word' id='word_1_325' title='bbox 1584 4272 1821 4325; x_wconf 89' lang='lat' dir='ltr'>compa—</span> 
     </span>
    </p>
   </div>
   <div class='ocr_carea' id='block_1_46' title="bbox 116 4341 1820 4413">
    <p class='ocr_par' dir='ltr' id='par_1_46' title="bbox 116 4341 1820 4413">
     <span class='ocr_line' id='line_1_46' title="bbox 116 4341 1820 4413; baseline 0.001 -18"><span class='ocrx_word' id='word_1_326' title='bbox 116 4343 363 4396; x_wconf 88' lang='lat' dir='ltr'>randam</span> <span class='ocrx_word' id='word_1_327' title='bbox 394 4348 604 4397; x_wconf 89' lang='lat' dir='ltr'>vestem</span> <span class='ocrx_word' id='word_1_328' title='bbox 634 4343 778 4396; x_wconf 90' lang='lat' dir='ltr'>nihil</span> <span class='ocrx_word' id='word_1_329' title='bbox 832 4341 972 4395; x_wconf 89' lang='lat' dir='ltr'>mihi</span> <span class='ocrx_word' id='word_1_330' title='bbox 1003 4343 1244 4409; x_wconf 90' lang='lat' dir='ltr'>obesset,</span> <span class='ocrx_word' id='word_1_331' title='bbox 1293 4343 1339 4396; x_wconf 89' lang='lat' dir='ltr'>si</span> <span class='ocrx_word' id='word_1_332' title='bbox 1367 4343 1669 4413; x_wconf 70' lang='lat' dir='ltr'>prazterita:</span> <span class='ocrx_word' id='word_1_333' title='bbox 1700 4344 1820 4398; x_wconf 90' lang='lat' dir='ltr'>hie-</span> 
     </span>
    </p>
   </div>
   <div class='ocr_carea' id='block_1_47' title="bbox 123 4430 1822 4502">
    <p class='ocr_par' dir='ltr' id='par_1_47' title="bbox 123 4430 1822 4502">
     <span class='ocr_line' id='line_1_47' title="bbox 123 4430 1822 4502; baseline 0.001 -18"><span class='ocrx_word' id='word_1_334' title='bbox 123 4432 238 4484; x_wconf 90' lang='lat' dir='ltr'>mis</span> <span class='ocrx_word' id='word_1_335' title='bbox 268 4431 477 4485; x_wconf 90' lang='lat' dir='ltr'>oblitus</span> <span class='ocrx_word' id='word_1_336' title='bbox 511 4447 713 4498; x_wconf 89' lang='lat' dir='ltr'>essem,</span> <span class='ocrx_word' id='word_1_337' title='bbox 771 4430 993 4484; x_wconf 88' lang='lat' dir='ltr'>obesset</span> <span class='ocrx_word' id='word_1_338' title='bbox 1035 4435 1222 4484; x_wconf 90' lang='lat' dir='ltr'>autem</span> <span class='ocrx_word' id='word_1_339' title='bbox 1255 4431 1300 4484; x_wconf 91' lang='lat' dir='ltr'>si</span> <span class='ocrx_word' id='word_1_340' title='bbox 1330 4431 1588 4486; x_wconf 86' lang='lat' dir='ltr'>futurum</span> <span class='ocrx_word' id='word_1_341' title='bbox 1642 4432 1822 4502; x_wconf 86' lang='lat' dir='ltr'>frigus</span> 
     </span>
    </p>
   </div>
   <div class='ocr_carea' id='block_1_48' title="bbox 121 4519 1818 4589">
    <p class='ocr_par' dir='ltr' id='par_1_48' title="bbox 121 4519 1818 4589">
     <span class='ocr_line' id='line_1_48' title="bbox 121 4519 1818 4589; baseline 0.002 -16"><span class='ocrx_word' id='word_1_342' title='bbox 121 4519 429 4573; x_wconf 88' lang='lat' dir='ltr'>imminere</span> <span class='ocrx_word' id='word_1_343' title='bbox 460 4537 573 4574; x_wconf 92' lang='lat' dir='ltr'>non</span> <span class='ocrx_word' id='word_1_344' title='bbox 602 4520 894 4574; x_wconf 88' lang='lat' dir='ltr'>crederem</span> <span class='ocrx_word' id='word_1_345' title='bbox 921 4536 933 4573; x_wconf 93' lang='lat'>:</span> <span class='ocrx_word' id='word_1_346' title='bbox 966 4519 1045 4573; x_wconf 86' lang='lat' dir='ltr'>ita</span> <span class='ocrx_word' id='word_1_347' title='bbox 1067 4519 1208 4574; x_wconf 88' lang='lat' dir='ltr'>nihil</span> <span class='ocrx_word' id='word_1_348' title='bbox 1233 4521 1632 4575; x_wconf 66' lang='lat' dir='ltr'>oberitanimaa</span> <span class='ocrx_word' id='word_1_349' title='bbox 1654 4538 1818 4589; x_wconf 82' lang='lat' dir='ltr'>meae,</span> 
     </span>
    </p>
   </div>
   <div class='ocr_carea' id='block_1_49' title="bbox 120 4607 1822 4681">
    <p class='ocr_par' dir='ltr' id='par_1_49' title="bbox 120 4607 1822 4681">
     <span class='ocr_line' id='line_1_49' title="bbox 120 4607 1822 4681; baseline 0.001 -19"><span class='ocrx_word' id='word_1_350' title='bbox 120 4607 172 4662; x_wconf 93' lang='lat' dir='ltr'>si</span> <span class='ocrx_word' id='word_1_351' title='bbox 203 4608 377 4662; x_wconf 88' lang='lat' dir='ltr'>oblita</span> <span class='ocrx_word' id='word_1_352' title='bbox 403 4613 488 4663; x_wconf 91' lang='lat' dir='ltr'>est</span> <span class='ocrx_word' id='word_1_353' title='bbox 515 4609 654 4678; x_wconf 90' lang='lat' dir='ltr'>quid</span> <span class='ocrx_word' id='word_1_354' title='bbox 684 4609 829 4663; x_wconf 89' lang='lat' dir='ltr'>forte</span> <span class='ocrx_word' id='word_1_355' title='bbox 880 4608 1200 4678; x_wconf 87' lang='lat' dir='ltr'>pertulerit,</span> <span class='ocrx_word' id='word_1_356' title='bbox 1231 4609 1278 4662; x_wconf 89' lang='lat' dir='ltr'>si</span> <span class='ocrx_word' id='word_1_357' title='bbox 1307 4610 1474 4664; x_wconf 92' lang='lat' dir='ltr'>modo</span> <span class='ocrx_word' id='word_1_358' title='bbox 1518 4609 1822 4681; x_wconf 87' lang='lat' dir='ltr'>diligenter</span> 
     </span>
    </p>
   </div>
   <div class='ocr_carea' id='block_1_50' title="bbox 120 4697 1820 4769">
    <p class='ocr_par' dir='ltr' id='par_1_50' title="bbox 120 4697 1820 4769">
     <span class='ocr_line' id='line_1_50' title="bbox 120 4697 1820 4769; baseline 0.001 -18"><span class='ocrx_word' id='word_1_359' title='bbox 120 4697 381 4752; x_wconf 89' lang='lat' dir='ltr'>advertat</span> <span class='ocrx_word' id='word_1_360' title='bbox 411 4703 468 4752; x_wconf 92' lang='lat' dir='ltr'>et</span> <span class='ocrx_word' id='word_1_361' title='bbox 495 4702 688 4751; x_wconf 87' lang='lat' dir='ltr'>teneat</span> <span class='ocrx_word' id='word_1_362' title='bbox 715 4714 828 4769; x_wconf 90' lang='lat' dir='ltr'>quo</span> <span class='ocrx_word' id='word_1_363' title='bbox 864 4714 921 4750; x_wconf 90' lang='lat' dir='ltr'>se</span> <span class='ocrx_word' id='word_1_364' title='bbox 953 4697 1219 4767; x_wconf 87' lang='lat' dir='ltr'>deinceps</span> <span class='ocrx_word' id='word_1_365' title='bbox 1266 4714 1466 4767; x_wconf 90' lang='lat' dir='ltr'>parare</span> <span class='ocrx_word' id='word_1_366' title='bbox 1496 4703 1820 4766; x_wconf 90' lang='lat' dir='ltr'>moneatur,</span> 
     </span>
    </p>
   </div>
   <div class='ocr_carea' id='block_1_51' title="bbox 122 4785 1820 4856">
    <p class='ocr_par' dir='ltr' id='par_1_51' title="bbox 122 4785 1820 4856">
     <span class='ocr_line' id='line_1_51' title="bbox 122 4785 1820 4856; baseline 0 -16"><span class='ocrx_word' id='word_1_367' title='bbox 122 4788 192 4840; x_wconf 87' lang='lat' dir='ltr'>Et</span> <span class='ocrx_word' id='word_1_368' title='bbox 220 4786 383 4850; x_wconf 89' lang='lat' dir='ltr'>sicut,</span> <span class='ocrx_word' id='word_1_369' title='bbox 419 4787 575 4840; x_wconf 90' lang='lat' dir='ltr'>verbi</span> <span class='ocrx_word' id='word_1_370' title='bbox 606 4786 809 4856; x_wconf 89' lang='lat' dir='ltr'>gratia,</span> <span class='ocrx_word' id='word_1_371' title='bbox 843 4787 1082 4841; x_wconf 84' lang='lat' dir='ltr'>Romam</span> <span class='ocrx_word' id='word_1_372' title='bbox 1120 4785 1412 4856; x_wconf 89' lang='lat' dir='ltr'>naviganti</span> <span class='ocrx_word' id='word_1_373' title='bbox 1467 4786 1608 4840; x_wconf 89' lang='lat' dir='ltr'>nihil</span> <span class='ocrx_word' id='word_1_374' title='bbox 1652 4803 1820 4840; x_wconf 91' lang='lat' dir='ltr'>noce-</span> 
     </span>
    </p>
   </div>
   <div class='ocr_carea' id='block_1_52' title="bbox 122 4874 1820 4946">
    <p class='ocr_par' dir='ltr' id='par_1_52' title="bbox 122 4874 1820 4946">
     <span class='ocr_line' id='line_1_52' title="bbox 122 4874 1820 4946; baseline -0.001 -16"><span class='ocrx_word' id='word_1_375' title='bbox 122 4879 211 4930; x_wconf 88' lang='lat' dir='ltr'>ret</span> <span class='ocrx_word' id='word_1_376' title='bbox 236 4875 280 4928; x_wconf 94' lang='lat' dir='ltr'>si</span> <span class='ocrx_word' id='word_1_377' title='bbox 313 4874 610 4929; x_wconf 84' lang='lat' dir='ltr'>excidisset</span> <span class='ocrx_word' id='word_1_378' title='bbox 656 4875 871 4941; x_wconf 90' lang='lat' dir='ltr'>animo,</span> <span class='ocrx_word' id='word_1_379' title='bbox 905 4893 936 4929; x_wconf 92' lang='lat' dir='ltr'>a</span> <span class='ocrx_word' id='word_1_380' title='bbox 967 4891 1079 4946; x_wconf 91' lang='lat' dir='ltr'>quo</span> <span class='ocrx_word' id='word_1_381' title='bbox 1134 4874 1324 4928; x_wconf 88' lang='lat' dir='ltr'>littore</span> <span class='ocrx_word' id='word_1_382' title='bbox 1382 4891 1583 4928; x_wconf 89' lang='lat' dir='ltr'>navem</span> <span class='ocrx_word' id='word_1_383' title='bbox 1640 4877 1820 4929; x_wconf 92' lang='lat' dir='ltr'>solve-</span> 
     </span>
    </p>
   </div>
   <div class='ocr_carea' id='block_1_53' title="bbox 119 4963 1824 5034">
    <p class='ocr_par' dir='ltr' id='par_1_53' title="bbox 119 4963 1824 5034">
     <span class='ocr_line' id='line_1_53' title="bbox 119 4963 1824 5034; baseline -0.001 -15"><span class='ocrx_word' id='word_1_384' title='bbox 119 4965 221 5025; x_wconf 88' lang='lat' dir='ltr'>rit,</span> <span class='ocrx_word' id='word_1_385' title='bbox 256 4964 393 5018; x_wconf 88' lang='lat' dir='ltr'>dum</span> <span class='ocrx_word' id='word_1_386' title='bbox 423 4968 617 5018; x_wconf 89' lang='lat' dir='ltr'>tamen</span> <span class='ocrx_word' id='word_1_387' title='bbox 646 4963 716 5017; x_wconf 91' lang='lat' dir='ltr'>ab</span> <span class='ocrx_word' id='word_1_388' title='bbox 742 4981 807 5018; x_wconf 91' lang='lat' dir='ltr'>eo</span> <span class='ocrx_word' id='word_1_389' title='bbox 856 4965 975 5018; x_wconf 92' lang='lat' dir='ltr'>loco</span> <span class='ocrx_word' id='word_1_390' title='bbox 1029 4963 1127 5018; x_wconf 87' lang='lat' dir='ltr'>ubi</span> <span class='ocrx_word' id='word_1_391' title='bbox 1181 4969 1327 5017; x_wconf 89' lang='lat' dir='ltr'>esset</span> <span class='ocrx_word' id='word_1_392' title='bbox 1373 4981 1488 5018; x_wconf 91' lang='lat' dir='ltr'>non</span> <span class='ocrx_word' id='word_1_393' title='bbox 1533 4963 1824 5034; x_wconf 86' lang='lat' dir='ltr'>ignoraret</span> 
     </span>
    </p>
   </div>
   <div class='ocr_carea' id='block_1_54' title="bbox 125 5051 1823 5124">
    <p class='ocr_par' dir='ltr' id='par_1_54' title="bbox 125 5051 1823 5124">
     <span class='ocr_line' id='line_1_54' title="bbox 125 5051 1823 5124; baseline -0.001 -17"><span class='ocrx_word' id='word_1_394' title='bbox 125 5069 243 5124; x_wconf 93' lang='lat' dir='ltr'>quo</span> <span class='ocrx_word' id='word_1_395' title='bbox 273 5069 506 5123; x_wconf 88' lang='lat' dir='ltr'>proram</span> <span class='ocrx_word' id='word_1_396' title='bbox 537 5051 846 5122; x_wconf 87' lang='lat' dir='ltr'>dirigeret;</span> <span class='ocrx_word' id='word_1_397' title='bbox 883 5053 1024 5106; x_wconf 88' lang='lat' dir='ltr'>nihil</span> <span class='ocrx_word' id='word_1_398' title='bbox 1059 5057 1248 5106; x_wconf 89' lang='lat' dir='ltr'>autem</span> <span class='ocrx_word' id='word_1_399' title='bbox 1297 5052 1592 5122; x_wconf 88' lang='lat' dir='ltr'>prodesset</span> <span class='ocrx_word' id='word_1_400' title='bbox 1621 5052 1823 5106; x_wconf 90' lang='lat' dir='ltr'>memi-</span> 
     </span>
    </p>
   </div>
   <div class='ocr_carea' id='block_1_55' title="bbox 125 5140 1824 5208">
    <p class='ocr_par' dir='ltr' id='par_1_55' title="bbox 125 5140 1824 5208">
     <span class='ocr_line' id='line_1_55' title="bbox 125 5140 1824 5208; baseline 0.001 -14"><span class='ocrx_word' id='word_1_401' title='bbox 125 5141 277 5195; x_wconf 90' lang='lat' dir='ltr'>nisse</span> <span class='ocrx_word' id='word_1_402' title='bbox 307 5140 515 5194; x_wconf 89' lang='lat' dir='ltr'>littoris</span> <span class='ocrx_word' id='word_1_403' title='bbox 555 5140 709 5194; x_wconf 90' lang='lat' dir='ltr'>unde</span> <span class='ocrx_word' id='word_1_404' title='bbox 764 5140 872 5194; x_wconf 90' lang='lat' dir='ltr'>iter</span> <span class='ocrx_word' id='word_1_405' title='bbox 927 5157 1161 5195; x_wconf 87' lang='lat' dir='ltr'>exorsus</span> <span class='ocrx_word' id='word_1_406' title='bbox 1220 5141 1311 5208; x_wconf 90' lang='lat' dir='ltr'>sit,</span> <span class='ocrx_word' id='word_1_407' title='bbox 1368 5141 1414 5195; x_wconf 92' lang='lat' dir='ltr'>si</span> <span class='ocrx_word' id='word_1_408' title='bbox 1475 5141 1544 5195; x_wconf 91' lang='lat' dir='ltr'>de</span> <span class='ocrx_word' id='word_1_409' title='bbox 1575 5143 1824 5196; x_wconf 82' lang='lat' dir='ltr'>Romano</span> 
     </span>
    </p>
   </div>
   <div class='ocr_carea' id='block_1_56' title="bbox 127 5227 1827 5300">
    <p class='ocr_par' dir='ltr' id='par_1_56' title="bbox 127 5227 1827 5300">
     <span class='ocr_line' id='line_1_56' title="bbox 127 5227 1827 5300; baseline 0 -20"><span class='ocrx_word' id='word_1_410' title='bbox 127 5233 295 5300; x_wconf 87' lang='lat' dir='ltr'>portu</span> <span class='ocrx_word' id='word_1_411' title='bbox 329 5229 532 5281; x_wconf 84' lang='lat' dir='ltr'>falsum</span> <span class='ocrx_word' id='word_1_412' title='bbox 563 5227 781 5299; x_wconf 90' lang='lat' dir='ltr'>aliquid</span> <span class='ocrx_word' id='word_1_413' title='bbox 815 5227 1162 5295; x_wconf 86' lang='lat' dir='ltr'>existimans,</span> <span class='ocrx_word' id='word_1_414' title='bbox 1186 5228 1244 5281; x_wconf 93' lang='lat' dir='ltr'>in</span> <span class='ocrx_word' id='word_1_415' title='bbox 1279 5245 1411 5281; x_wconf 84' lang='lat' dir='ltr'>saxa</span> <span class='ocrx_word' id='word_1_416' title='bbox 1435 5227 1827 5281; x_wconf 78' lang='lat' dir='ltr'>incidissetzita</span> 
     </span>
    </p>
   </div>
   <div class='ocr_carea' id='block_1_57' title="bbox 125 5316 1822 5387">
    <p class='ocr_par' dir='ltr' id='par_1_57' title="bbox 125 5316 1822 5387">
     <span class='ocr_line' id='line_1_57' title="bbox 125 5316 1822 5387; baseline 0 -18"><span class='ocrx_word' id='word_1_417' title='bbox 125 5333 315 5387; x_wconf 91' lang='lat' dir='ltr'>neque</span> <span class='ocrx_word' id='word_1_418' title='bbox 356 5316 403 5369; x_wconf 89' lang='lat' dir='ltr'>si</span> <span class='ocrx_word' id='word_1_419' title='bbox 454 5333 570 5370; x_wconf 87' lang='lat' dir='ltr'>non</span> <span class='ocrx_word' id='word_1_420' title='bbox 621 5322 858 5369; x_wconf 91' lang='lat' dir='ltr'>tenuero</span> <span class='ocrx_word' id='word_1_421' title='bbox 885 5316 1111 5370; x_wconf 89' lang='lat' dir='ltr'>initium</span> <span class='ocrx_word' id='word_1_422' title='bbox 1170 5317 1444 5387; x_wconf 88' lang='lat' dir='ltr'>temporis</span> <span class='ocrx_word' id='word_1_423' title='bbox 1500 5316 1627 5369; x_wconf 62' lang='lat' dir='ltr'>vitae</span> <span class='ocrx_word' id='word_1_424' title='bbox 1657 5332 1822 5384; x_wconf 66' lang='lat' dir='ltr'>mete,</span> 
     </span>
    </p>
   </div>
   <div class='ocr_carea' id='block_1_58' title="bbox 133 5405 1822 5477">
    <p class='ocr_par' dir='ltr' id='par_1_58' title="bbox 133 5405 1822 5477">
     <span class='ocr_line' id='line_1_58' title="bbox 133 5405 1822 5477; baseline -0.001 -17"><span class='ocrx_word' id='word_1_425' title='bbox 133 5406 448 5477; x_wconf 88' lang='lat' dir='ltr'>quidquam</span> <span class='ocrx_word' id='word_1_426' title='bbox 501 5405 646 5458; x_wconf 89' lang='lat' dir='ltr'>mihi</span> <span class='ocrx_word' id='word_1_427' title='bbox 675 5405 864 5459; x_wconf 90' lang='lat' dir='ltr'>oberit</span> <span class='ocrx_word' id='word_1_428' title='bbox 893 5405 1092 5459; x_wconf 90' lang='lat' dir='ltr'>scienti</span> <span class='ocrx_word' id='word_1_429' title='bbox 1122 5421 1234 5476; x_wconf 92' lang='lat' dir='ltr'>quo</span> <span class='ocrx_word' id='word_1_430' title='bbox 1291 5405 1402 5459; x_wconf 83' lang='lat' dir='ltr'>fine</span> <span class='ocrx_word' id='word_1_431' title='bbox 1433 5405 1782 5476; x_wconf 86' lang='lat' dir='ltr'>requiescam</span> <span class='ocrx_word' id='word_1_432' title='bbox 1809 5420 1822 5469; x_wconf 92' lang='lat'><strong>;</strong></span> 
     </span>
    </p>
   </div>
   <div class='ocr_carea' id='block_1_59' title="bbox 129 5493 1823 5564">
    <p class='ocr_par' dir='ltr' id='par_1_59' title="bbox 129 5493 1823 5564">
     <span class='ocr_line' id='line_1_59' title="bbox 129 5493 1823 5564; baseline -0.002 -14"><span class='ocrx_word' id='word_1_433' title='bbox 129 5512 234 5550; x_wconf 90' lang='lat' dir='ltr'>nec</span> <span class='ocrx_word' id='word_1_434' title='bbox 263 5494 554 5564; x_wconf 85' lang='lat' dir='ltr'>prodesset</span> <span class='ocrx_word' id='word_1_435' title='bbox 581 5494 798 5564; x_wconf 90' lang='lat' dir='ltr'>aliquid</span> <span class='ocrx_word' id='word_1_436' title='bbox 840 5493 937 5546; x_wconf 91' lang='lat' dir='ltr'>illa</span> <span class='ocrx_word' id='word_1_437' title='bbox 983 5493 1095 5546; x_wconf 89' lang='lat' dir='ltr'>sive</span> <span class='ocrx_word' id='word_1_438' title='bbox 1146 5493 1423 5547; x_wconf 91' lang='lat' dir='ltr'>memoria</span> <span class='ocrx_word' id='word_1_439' title='bbox 1473 5493 1584 5547; x_wconf 91' lang='lat' dir='ltr'>sive</span> <span class='ocrx_word' id='word_1_440' title='bbox 1642 5493 1823 5564; x_wconf 83' lang='lat' dir='ltr'>conje-</span> 
     </span>
    </p>
   </div>
   <div class='ocr_carea' id='block_1_60' title="bbox 193 5589 1635 5646">
    <p class='ocr_par' dir='ltr' id='par_1_60' title="bbox 193 5589 1635 5646">
     <span class='ocr_line' id='line_1_60' title="bbox 193 5589 1635 5646; baseline 0 -8"><span class='ocrx_word' id='word_1_441' title='bbox 193 5594 209 5626; x_wconf 79' lang='grc'>¹</span> <span class='ocrx_word' id='word_1_442' title='bbox 243 5590 366 5638; x_wconf 87' lang='lat' dir='ltr'>Bad.</span> <span class='ocrx_word' id='word_1_443' title='bbox 404 5589 488 5638; x_wconf 88' lang='lat' dir='ltr'>Er.</span> <span class='ocrx_word' id='word_1_444' title='bbox 513 5594 564 5638; x_wconf 89' lang='lat' dir='ltr'>et</span> <span class='ocrx_word' id='word_1_445' title='bbox 585 5591 706 5638; x_wconf 85' lang='lat' dir='ltr'>Mss.</span> <span class='ocrx_word' id='word_1_446' title='bbox 731 5594 899 5639; x_wconf 85' lang='lat' dir='ltr'>:Sane</span> <span class='ocrx_word' id='word_1_447' title='bbox 929 5589 988 5639; x_wconf 84' lang='lat' dir='ltr'>in</span> <span class='ocrx_word' id='word_1_448' title='bbox 1008 5591 1223 5639; x_wconf 78' lang='lat' dir='ltr'>miseria</span> <span class='ocrx_word' id='word_1_449' title='bbox 1244 5590 1635 5646; x_wconf 76' lang='lat' dir='ltr'>temporalium.</span> 
     </span>
    </p>
   </div>
   <div class='ocr_carea' id='block_1_61' title="bbox 1601 333 2182 390">
    <p class='ocr_par' dir='ltr' id='par_1_61' title="bbox 1601 333 2182 390">
     <span class='ocr_line' id='line_1_61' title="bbox 1601 333 2182 390; baseline 0 -2"><span class='ocrx_word' id='word_1_450' title='bbox 1601 334 1811 390; x_wconf 76' lang='lat' dir='ltr'><strong>LIBER</strong></span> <span class='ocrx_word' id='word_1_451' title='bbox 1851 333 2182 390; x_wconf 82' lang='lat' dir='ltr'>TERTIUS.</span> 
     </span>
    </p>
   </div>
   <div class='ocr_carea' id='block_1_62' title="bbox 3508 334 3644 387">
    <p class='ocr_par' dir='ltr' id='par_1_62' title="bbox 3508 334 3644 387">
     <span class='ocr_line' id='line_1_62' title="bbox 3508 334 3644 387; baseline 0.007 -2"><span class='ocrx_word' id='word_1_452' title='bbox 3508 336 3524 385; x_wconf 79' lang='grc'><strong>1</strong></span> <span class='ocrx_word' id='word_1_453' title='bbox 3541 334 3644 387; x_wconf 81' lang='grc'>302</span> 
     </span>
    </p>
   </div>
   <div class='ocr_carea' id='block_1_63' title="bbox 1950 454 3643 526">
    <p class='ocr_par' dir='ltr' id='par_1_63' title="bbox 1950 454 3643 526">
     <span class='ocr_line' id='line_1_63' title="bbox 1950 454 3643 526; baseline 0 -17"><span class='ocrx_word' id='word_1_454' title='bbox 1950 460 2108 510; x_wconf 87' lang='lat' dir='ltr'>ctura</span> <span class='ocrx_word' id='word_1_455' title='bbox 2140 455 2416 510; x_wconf 71' lang='lat' dir='ltr'>inchoatae</span> <span class='ocrx_word' id='word_1_456' title='bbox 2446 456 2597 518; x_wconf 65' lang='lat' dir='ltr'>vitae,</span> <span class='ocrx_word' id='word_1_457' title='bbox 2626 456 2672 509; x_wconf 88' lang='lat' dir='ltr'>si</span> <span class='ocrx_word' id='word_1_458' title='bbox 2702 455 2908 526; x_wconf 89' lang='lat' dir='ltr'>deipso</span> <span class='ocrx_word' id='word_1_459' title='bbox 2942 455 3074 515; x_wconf 88' lang='lat' dir='ltr'>Deo,</span> <span class='ocrx_word' id='word_1_460' title='bbox 3096 454 3354 524; x_wconf 88' lang='lat' dir='ltr'>quiuuus</span> <span class='ocrx_word' id='word_1_461' title='bbox 3384 456 3643 510; x_wconf 90' lang='lat' dir='ltr'>laborum</span> 
     </span>
    </p>
   </div>
   <div class='ocr_carea' id='block_1_64' title="bbox 1950 543 3644 615">
    <p class='ocr_par' dir='ltr' id='par_1_64' title="bbox 1950 543 3644 615">
     <span class='ocr_line' id='line_1_64' title="bbox 1950 543 3644 615; baseline 0 -17"><span class='ocrx_word' id='word_1_462' title='bbox 1950 546 2159 599; x_wconf 67' lang='lat' dir='ltr'>animae</span> <span class='ocrx_word' id='word_1_463' title='bbox 2198 545 2327 599; x_wconf 88' lang='lat' dir='ltr'>ﬁnis</span> <span class='ocrx_word' id='word_1_464' title='bbox 2358 550 2457 606; x_wconf 88' lang='lat' dir='ltr'>est,</span> <span class='ocrx_word' id='word_1_465' title='bbox 2491 545 2655 598; x_wconf 92' lang='lat' dir='ltr'>aliter</span> <span class='ocrx_word' id='word_1_466' title='bbox 2684 561 2857 614; x_wconf 89' lang='lat' dir='ltr'>quam</span> <span class='ocrx_word' id='word_1_467' title='bbox 2884 545 3124 615; x_wconf 88' lang='lat' dir='ltr'>dignum</span> <span class='ocrx_word' id='word_1_468' title='bbox 3155 548 3237 598; x_wconf 89' lang='lat' dir='ltr'>est</span> <span class='ocrx_word' id='word_1_469' title='bbox 3267 543 3552 614; x_wconf 84' lang='lat' dir='ltr'>opinatus,</span> <span class='ocrx_word' id='word_1_470' title='bbox 3585 545 3644 598; x_wconf 92' lang='lat' dir='ltr'>in</span> 
     </span>
    </p>
   </div>
   <div class='ocr_carea' id='block_1_65' title="bbox 1953 633 2792 705">
    <p class='ocr_par' dir='ltr' id='par_1_65' title="bbox 1953 633 2792 705">
     <span class='ocr_line' id='line_1_65' title="bbox 1953 633 2792 705; baseline 0 -17"><span class='ocrx_word' id='word_1_471' title='bbox 1953 636 2218 705; x_wconf 90' lang='lat' dir='ltr'>scopulos</span> <span class='ocrx_word' id='word_1_472' title='bbox 2249 633 2457 688; x_wconf 91' lang='lat' dir='ltr'>erroris</span> <span class='ocrx_word' id='word_1_473' title='bbox 2485 633 2792 688; x_wconf 90' lang='lat' dir='ltr'>irruerem.</span> 
     </span>
    </p>
   </div>
   <div class='ocr_carea' id='block_1_66' title="bbox 2023 720 3642 792">
    <p class='ocr_par' dir='ltr' id='par_1_66' title="bbox 2023 720 3642 792">
     <span class='ocr_line' id='line_1_66' title="bbox 2023 720 3642 792; baseline -0.002 -15"><span class='ocrx_word' id='word_1_474' title='bbox 2023 726 2116 777; x_wconf 71' lang='grc'>62.</span> <span class='ocrx_word' id='word_1_475' title='bbox 2154 724 2265 777; x_wconf 87' lang='lat' dir='ltr'>Nec</span> <span class='ocrx_word' id='word_1_476' title='bbox 2293 723 2399 775; x_wconf 89' lang='lat' dir='ltr'>iste</span> <span class='ocrx_word' id='word_1_477' title='bbox 2428 739 2613 775; x_wconf 91' lang='lat' dir='ltr'>sermo</span> <span class='ocrx_word' id='word_1_478' title='bbox 2643 722 2710 776; x_wconf 91' lang='lat' dir='ltr'>ad</span> <span class='ocrx_word' id='word_1_479' title='bbox 2741 721 2798 775; x_wconf 91' lang='lat' dir='ltr'>id</span> <span class='ocrx_word' id='word_1_480' title='bbox 2828 721 3086 788; x_wconf 88' lang='lat' dir='ltr'>valuerit,</span> <span class='ocrx_word' id='word_1_481' title='bbox 3112 725 3172 775; x_wconf 91' lang='lat' dir='ltr'>ut</span> <span class='ocrx_word' id='word_1_482' title='bbox 3205 720 3509 792; x_wconf 90' lang='lat' dir='ltr'>quisquam</span> <span class='ocrx_word' id='word_1_483' title='bbox 3541 738 3642 774; x_wconf 91' lang='lat' dir='ltr'>nos</span> 
     </span>
    </p>
   </div>
   <div class='ocr_carea' id='block_1_67' title="bbox 1949 809 3642 882">
    <p class='ocr_par' dir='ltr' id='par_1_67' title="bbox 1949 809 3642 882">
     <span class='ocr_line' id='line_1_67' title="bbox 1949 809 3642 882; baseline -0.001 -18"><span class='ocrx_word' id='word_1_484' title='bbox 1949 811 2256 882; x_wconf 87' lang='lat' dir='ltr'>prohibere</span> <span class='ocrx_word' id='word_1_485' title='bbox 2290 810 2598 865; x_wconf 88' lang='lat' dir='ltr'>arbitretur</span> <span class='ocrx_word' id='word_1_486' title='bbox 2630 816 2691 863; x_wconf 94' lang='lat' dir='ltr'>ut</span> <span class='ocrx_word' id='word_1_487' title='bbox 2723 816 2983 880; x_wconf 66' lang='lat' dir='ltr'>quaerant</span> <span class='ocrx_word' id='word_1_488' title='bbox 3012 809 3416 880; x_wconf 90' lang='lat' dir='ltr'>quipotuerint</span> <span class='ocrx_word' id='word_1_489' title='bbox 3444 826 3642 864; x_wconf 90' lang='lat' dir='ltr'>secun-</span> 
     </span>
    </p>
   </div>
   <div class='ocr_carea' id='block_1_68' title="bbox 1951 899 3642 970">
    <p class='ocr_par' dir='ltr' id='par_1_68' title="bbox 1951 899 3642 970">
     <span class='ocr_line' id='line_1_68' title="bbox 1951 899 3642 970; baseline -0.001 -16"><span class='ocrx_word' id='word_1_490' title='bbox 1951 900 2089 954; x_wconf 92' lang='lat' dir='ltr'>dum</span> <span class='ocrx_word' id='word_1_491' title='bbox 2119 899 2438 969; x_wconf 90' lang='lat' dir='ltr'>Scripturas</span> <span class='ocrx_word' id='word_1_492' title='bbox 2469 899 2739 953; x_wconf 90' lang='lat' dir='ltr'>divinitus</span> <span class='ocrx_word' id='word_1_493' title='bbox 2768 899 3090 970; x_wconf 85' lang='lat' dir='ltr'>inspiratas,</span> <span class='ocrx_word' id='word_1_494' title='bbox 3124 905 3320 953; x_wconf 90' lang='lat' dir='ltr'>utrum</span> <span class='ocrx_word' id='word_1_495' title='bbox 3350 899 3542 952; x_wconf 92' lang='lat' dir='ltr'>anima</span> <span class='ocrx_word' id='word_1_496' title='bbox 3574 899 3642 952; x_wconf 90' lang='lat' dir='ltr'>de</span> 
     </span>
    </p>
   </div>
   <div class='ocr_carea' id='block_1_69' title="bbox 1948 987 3642 1058">
    <p class='ocr_par' dir='ltr' id='par_1_69' title="bbox 1948 987 3642 1058">
     <span class='ocr_line' id='line_1_69' title="bbox 1948 987 3642 1058; baseline -0.001 -17"><span class='ocrx_word' id='word_1_497' title='bbox 1948 988 2142 1042; x_wconf 79' lang='lat' dir='ltr'>anima</span> <span class='ocrx_word' id='word_1_498' title='bbox 2171 991 2542 1058; x_wconf 86' lang='lat' dir='ltr'>propagetur,</span> <span class='ocrx_word' id='word_1_499' title='bbox 2574 1004 2647 1040; x_wconf 88' lang='lat' dir='ltr'>an</span> <span class='ocrx_word' id='word_1_500' title='bbox 2678 1003 2777 1040; x_wconf 86' lang='lat' dir='ltr'>suo</span> <span class='ocrx_word' id='word_1_501' title='bbox 2798 988 3001 1058; x_wconf 89' lang='lat' dir='ltr'>cuique</span> <span class='ocrx_word' id='word_1_502' title='bbox 3031 987 3308 1042; x_wconf 89' lang='lat' dir='ltr'>animanti</span> <span class='ocrx_word' id='word_1_503' title='bbox 3329 987 3642 1058; x_wconf 71' lang='lat' dir='ltr'>singulmin</span> 
     </span>
    </p>
   </div>
   <div class='ocr_carea' id='block_1_70' title="bbox 1949 1075 3640 1147">
    <p class='ocr_par' dir='ltr' id='par_1_70' title="bbox 1949 1075 3640 1147">
     <span class='ocr_line' id='line_1_70' title="bbox 1949 1075 3640 1147; baseline -0.001 -18"><span class='ocrx_word' id='word_1_504' title='bbox 1949 1076 2073 1146; x_wconf 87' lang='lat' dir='ltr'>ipso</span> <span class='ocrx_word' id='word_1_505' title='bbox 2106 1075 2264 1143; x_wconf 88' lang='lat' dir='ltr'>ﬁant,</span> <span class='ocrx_word' id='word_1_506' title='bbox 2298 1093 2372 1129; x_wconf 90' lang='lat' dir='ltr'>an</span> <span class='ocrx_word' id='word_1_507' title='bbox 2403 1077 2470 1130; x_wconf 89' lang='lat' dir='ltr'>ad</span> <span class='ocrx_word' id='word_1_508' title='bbox 2524 1077 2838 1145; x_wconf 90' lang='lat' dir='ltr'>regendum</span> <span class='ocrx_word' id='word_1_509' title='bbox 2899 1075 3382 1147; x_wconf 89' lang='lat' dir='ltr'>animandumque</span> <span class='ocrx_word' id='word_1_510' title='bbox 3435 1092 3640 1146; x_wconf 89' lang='lat' dir='ltr'>corpus</span> 
     </span>
    </p>
   </div>
   <div class='ocr_carea' id='block_1_71' title="bbox 1947 1163 3639 1234">
    <p class='ocr_par' dir='ltr' id='par_1_71' title="bbox 1947 1163 3639 1234">
     <span class='ocr_line' id='line_1_71' title="bbox 1947 1163 3639 1234; baseline -0.001 -15"><span class='ocrx_word' id='word_1_511' title='bbox 1947 1165 2138 1219; x_wconf 91' lang='lat' dir='ltr'>divino</span> <span class='ocrx_word' id='word_1_512' title='bbox 2168 1169 2312 1218; x_wconf 91' lang='lat' dir='ltr'>nutu</span> <span class='ocrx_word' id='word_1_513' title='bbox 2340 1164 2600 1218; x_wconf 87' lang='lat' dir='ltr'>alicunde</span> <span class='ocrx_word' id='word_1_514' title='bbox 2628 1163 2951 1231; x_wconf 88' lang='lat' dir='ltr'>mittantur,</span> <span class='ocrx_word' id='word_1_515' title='bbox 2983 1164 3068 1216; x_wconf 90' lang='lat' dir='ltr'>vel</span> <span class='ocrx_word' id='word_1_516' title='bbox 3091 1165 3323 1234; x_wconf 89' lang='lat' dir='ltr'>propria</span> <span class='ocrx_word' id='word_1_517' title='bbox 3352 1165 3639 1218; x_wconf 82' lang='lat' dir='ltr'>voluntate</span> 
     </span>
    </p>
   </div>
   <div class='ocr_carea' id='block_1_72' title="bbox 1948 1252 3638 1322">
    <p class='ocr_par' dir='ltr' id='par_1_72' title="bbox 1948 1252 3638 1322">
     <span class='ocr_line' id='line_1_72' title="bbox 1948 1252 3638 1322; baseline -0.001 -15"><span class='ocrx_word' id='word_1_518' title='bbox 1948 1271 2005 1307; x_wconf 91' lang='lat' dir='ltr'>se</span> <span class='ocrx_word' id='word_1_519' title='bbox 2039 1253 2364 1319; x_wconf 90' lang='lat' dir='ltr'>insinuent;</span> <span class='ocrx_word' id='word_1_520' title='bbox 2397 1253 2439 1306; x_wconf 91' lang='lat' dir='ltr'>si</span> <span class='ocrx_word' id='word_1_521' title='bbox 2475 1253 2558 1306; x_wconf 92' lang='lat' dir='ltr'>vel</span> <span class='ocrx_word' id='word_1_522' title='bbox 2602 1252 2839 1322; x_wconf 83' lang='lat' dir='ltr'>alicujus</span> <span class='ocrx_word' id='word_1_523' title='bbox 2890 1252 3255 1322; x_wconf 68' lang='lat' dir='ltr'>expediendae</span> <span class='ocrx_word' id='word_1_524' title='bbox 3309 1253 3638 1306; x_wconf 66' lang='lat' dir='ltr'>necessariae</span> 
     </span>
    </p>
   </div>
   <div class='ocr_carea' id='block_1_73' title="bbox 1947 1339 3641 1414">
    <p class='ocr_par' dir='ltr' id='par_1_73' title="bbox 1947 1339 3641 1414">
     <span class='ocr_line' id='line_1_73' title="bbox 1947 1339 3641 1414; baseline 0 -20"><span class='ocrx_word' id='word_1_525' title='bbox 1947 1342 2280 1414; x_wconf 76' lang='lat' dir='ltr'>quaestionis</span> <span class='ocrx_word' id='word_1_526' title='bbox 2311 1341 2455 1396; x_wconf 90' lang='lat' dir='ltr'>ratio</span> <span class='ocrx_word' id='word_1_527' title='bbox 2486 1339 2706 1412; x_wconf 84' lang='lat' dir='ltr'>flagitat</span> <span class='ocrx_word' id='word_1_528' title='bbox 2737 1340 2844 1394; x_wconf 89' lang='lat' dir='ltr'>ista</span> <span class='ocrx_word' id='word_1_529' title='bbox 2870 1340 3230 1394; x_wconf 88' lang='lat' dir='ltr'>considerare</span> <span class='ocrx_word' id='word_1_530' title='bbox 3259 1343 3426 1410; x_wconf 90' lang='lat' dir='ltr'>atque</span> <span class='ocrx_word' id='word_1_531' title='bbox 3457 1339 3641 1394; x_wconf 84' lang='lat' dir='ltr'>discu-</span> 
     </span>
    </p>
   </div>
   <div class='ocr_carea' id='block_1_74' title="bbox 1947 1427 3642 1499">
    <p class='ocr_par' dir='ltr' id='par_1_74' title="bbox 1947 1427 3642 1499">
     <span class='ocr_line' id='line_1_74' title="bbox 1947 1427 3642 1499; baseline -0.002 -15"><span class='ocrx_word' id='word_1_532' title='bbox 1947 1436 2086 1496; x_wconf 90' lang='lat' dir='ltr'>tere,</span> <span class='ocrx_word' id='word_1_533' title='bbox 2118 1431 2270 1484; x_wconf 91' lang='lat' dir='ltr'>vela</span> <span class='ocrx_word' id='word_1_534' title='bbox 2311 1429 2481 1484; x_wconf 92' lang='lat' dir='ltr'>rebus</span> <span class='ocrx_word' id='word_1_535' title='bbox 2531 1429 2714 1499; x_wconf 91' lang='lat' dir='ltr'>magis</span> <span class='ocrx_word' id='word_1_536' title='bbox 2770 1428 3101 1482; x_wconf 90' lang='lat' dir='ltr'>necessariis</span> <span class='ocrx_word' id='word_1_537' title='bbox 3162 1427 3342 1481; x_wconf 92' lang='lat' dir='ltr'>otium</span> <span class='ocrx_word' id='word_1_538' title='bbox 3401 1428 3470 1481; x_wconf 90' lang='lat' dir='ltr'>ad</span> <span class='ocrx_word' id='word_1_539' title='bbox 3520 1428 3642 1480; x_wconf 68' lang='lat' dir='ltr'>hare</span> 
     </span>
    </p>
   </div>
   <div class='ocr_carea' id='block_1_75' title="bbox 1947 1515 3640 1590">
    <p class='ocr_par' dir='ltr' id='par_1_75' title="bbox 1947 1515 3640 1590">
     <span class='ocr_line' id='line_1_75' title="bbox 1947 1515 3640 1590; baseline -0.002 -18"><span class='ocrx_word' id='word_1_540' title='bbox 1947 1519 2256 1590; x_wconf 70' lang='lat' dir='ltr'>quaerenda</span> <span class='ocrx_word' id='word_1_541' title='bbox 2285 1523 2340 1572; x_wconf 92' lang='lat' dir='ltr'>et</span> <span class='ocrx_word' id='word_1_542' title='bbox 2363 1518 2691 1573; x_wconf 90' lang='lat' dir='ltr'>disserenda</span> <span class='ocrx_word' id='word_1_543' title='bbox 2716 1517 3068 1572; x_wconf 88' lang='lat' dir='ltr'>conceditur.</span> <span class='ocrx_word' id='word_1_544' title='bbox 3107 1517 3316 1570; x_wconf 83' lang='lat' dir='ltr'>Verum</span> <span class='ocrx_word' id='word_1_545' title='bbox 3342 1517 3414 1570; x_wconf 89' lang='lat' dir='ltr'>ad</span> <span class='ocrx_word' id='word_1_546' title='bbox 3443 1515 3500 1569; x_wconf 92' lang='lat' dir='ltr'>id</span> <span class='ocrx_word' id='word_1_547' title='bbox 3531 1533 3640 1586; x_wconf 88' lang='lat' dir='ltr'>po-</span> 
     </span>
    </p>
   </div>
   <div class='ocr_carea' id='block_1_76' title="bbox 1945 1605 3639 1677">
    <p class='ocr_par' dir='ltr' id='par_1_76' title="bbox 1945 1605 3639 1677">
     <span class='ocr_line' id='line_1_76' title="bbox 1945 1605 3639 1677; baseline -0.002 -17"><span class='ocrx_word' id='word_1_548' title='bbox 1945 1607 2060 1662; x_wconf 88' lang='lat' dir='ltr'>tius</span> <span class='ocrx_word' id='word_1_549' title='bbox 2094 1607 2201 1661; x_wconf 90' lang='lat' dir='ltr'>ista</span> <span class='ocrx_word' id='word_1_550' title='bbox 2229 1607 2490 1676; x_wconf 83' lang='lat' dir='ltr'>dixerim,</span> <span class='ocrx_word' id='word_1_551' title='bbox 2521 1623 2593 1660; x_wconf 94' lang='lat' dir='ltr'>ne</span> <span class='ocrx_word' id='word_1_552' title='bbox 2649 1606 2776 1677; x_wconf 91' lang='lat' dir='ltr'>quis</span> <span class='ocrx_word' id='word_1_553' title='bbox 2805 1606 2864 1659; x_wconf 90' lang='lat' dir='ltr'>in</span> <span class='ocrx_word' id='word_1_554' title='bbox 2898 1621 2958 1658; x_wconf 84' lang='lat' dir='ltr'>re</span> <span class='ocrx_word' id='word_1_555' title='bbox 3006 1605 3104 1658; x_wconf 90' lang='lat' dir='ltr'>tali</span> <span class='ocrx_word' id='word_1_556' title='bbox 3156 1606 3241 1658; x_wconf 89' lang='lat' dir='ltr'>vel</span> <span class='ocrx_word' id='word_1_557' title='bbox 3271 1609 3484 1659; x_wconf 89' lang='lat' dir='ltr'>temere</span> <span class='ocrx_word' id='word_1_558' title='bbox 3516 1621 3639 1657; x_wconf 87' lang='lat' dir='ltr'>suc-</span> 
     </span>
    </p>
   </div>
   <div class='ocr_carea' id='block_1_77' title="bbox 1946 1693 3640 1767">
    <p class='ocr_par' dir='ltr' id='par_1_77' title="bbox 1946 1693 3640 1767">
     <span class='ocr_line' id='line_1_77' title="bbox 1946 1693 3640 1767; baseline -0.002 -18"><span class='ocrx_word' id='word_1_559' title='bbox 1946 1700 2173 1750; x_wconf 87' lang='lat' dir='ltr'>censeat</span> <span class='ocrx_word' id='word_1_560' title='bbox 2193 1694 2246 1749; x_wconf 89' lang='lat' dir='ltr'>ei</span> <span class='ocrx_word' id='word_1_561' title='bbox 2277 1695 2375 1767; x_wconf 89' lang='lat' dir='ltr'>qui</span> <span class='ocrx_word' id='word_1_562' title='bbox 2409 1711 2526 1748; x_wconf 64' lang='lat' dir='ltr'>sua:</span> <span class='ocrx_word' id='word_1_563' title='bbox 2551 1694 2810 1765; x_wconf 83' lang='lat' dir='ltr'>Opinioni</span> <span class='ocrx_word' id='word_1_564' title='bbox 2839 1693 3181 1748; x_wconf 87' lang='lat' dir='ltr'>humaniore</span> <span class='ocrx_word' id='word_1_565' title='bbox 3214 1694 3448 1747; x_wconf 86' lang='lat' dir='ltr'>fortasse</span> <span class='ocrx_word' id='word_1_566' title='bbox 3479 1693 3640 1747; x_wconf 89' lang='lat' dir='ltr'>dubi-</span> 
     </span>
    </p>
   </div>
   <div class='ocr_carea' id='block_1_78' title="bbox 1945 1781 3636 1852">
    <p class='ocr_par' dir='ltr' id='par_1_78' title="bbox 1945 1781 3636 1852">
     <span class='ocr_line' id='line_1_78' title="bbox 1945 1781 3636 1852; baseline -0.003 -14"><span class='ocrx_word' id='word_1_567' title='bbox 1945 1783 2161 1838; x_wconf 89' lang='lat' dir='ltr'>tatione</span> <span class='ocrx_word' id='word_1_568' title='bbox 2187 1800 2305 1838; x_wconf 89' lang='lat' dir='ltr'>non</span> <span class='ocrx_word' id='word_1_569' title='bbox 2331 1783 2476 1837; x_wconf 90' lang='lat' dir='ltr'>cedit</span> <span class='ocrx_word' id='word_1_570' title='bbox 2509 1800 2521 1838; x_wconf 91' lang='lat'><strong>:</strong></span> <span class='ocrx_word' id='word_1_571' title='bbox 2556 1788 2655 1836; x_wconf 90' lang='lat' dir='ltr'>aut</span> <span class='ocrx_word' id='word_1_572' title='bbox 2680 1783 2850 1836; x_wconf 87' lang='lat' dir='ltr'>etiam</span> <span class='ocrx_word' id='word_1_573' title='bbox 2885 1783 2928 1834; x_wconf 91' lang='lat' dir='ltr'>si</span> <span class='ocrx_word' id='word_1_574' title='bbox 2959 1781 3098 1852; x_wconf 89' lang='lat' dir='ltr'>quid</span> <span class='ocrx_word' id='word_1_575' title='bbox 3127 1782 3259 1836; x_wconf 90' lang='lat' dir='ltr'>hinc</span> <span class='ocrx_word' id='word_1_576' title='bbox 3287 1781 3424 1836; x_wconf 84' lang='lat' dir='ltr'>certi</span> <span class='ocrx_word' id='word_1_577' title='bbox 3482 1782 3636 1850; x_wconf 85' lang='lat' dir='ltr'>quis-</span> 
     </span>
    </p>
   </div>
   <div class='ocr_carea' id='block_1_79' title="bbox 1945 1870 3636 1944">
    <p class='ocr_par' dir='ltr' id='par_1_79' title="bbox 1945 1870 3636 1944">
     <span class='ocr_line' id='line_1_79' title="bbox 1945 1870 3636 1944; baseline -0.002 -19"><span class='ocrx_word' id='word_1_578' title='bbox 1945 1889 2118 1944; x_wconf 89' lang='lat' dir='ltr'>quam</span> <span class='ocrx_word' id='word_1_579' title='bbox 2167 1877 2225 1926; x_wconf 90' lang='lat' dir='ltr'>et</span> <span class='ocrx_word' id='word_1_580' title='bbox 2279 1871 2484 1942; x_wconf 88' lang='lat' dir='ltr'>liquidi</span> <span class='ocrx_word' id='word_1_581' title='bbox 2527 1871 3056 1941; x_wconf 87' lang='lat' dir='ltr'>nomprehenderit,</span> <span class='ocrx_word' id='word_1_582' title='bbox 3113 1871 3242 1924; x_wconf 91' lang='lat' dir='ltr'>ideo</span> <span class='ocrx_word' id='word_1_583' title='bbox 3270 1873 3431 1940; x_wconf 90' lang='lat' dir='ltr'>putet</span> <span class='ocrx_word' id='word_1_584' title='bbox 3460 1870 3636 1923; x_wconf 86' lang='lat' dir='ltr'>alium</span> 
     </span>
    </p>
   </div>
   <div class='ocr_carea' id='block_1_80' title="bbox 1944 1958 3634 2032">
    <p class='ocr_par' dir='ltr' id='par_1_80' title="bbox 1944 1958 3634 2032">
     <span class='ocr_line' id='line_1_80' title="bbox 1944 1958 3634 2032; baseline -0.002 -18"><span class='ocrx_word' id='word_1_585' title='bbox 1944 1979 2103 2032; x_wconf 91' lang='lat' dir='ltr'>spem</span> <span class='ocrx_word' id='word_1_586' title='bbox 2121 1961 2438 2032; x_wconf 92' lang='lat' dir='ltr'>perdidisse</span> <span class='ocrx_word' id='word_1_587' title='bbox 2463 1961 2809 2027; x_wconf 87' lang='lat' dir='ltr'>futurorum,</span> <span class='ocrx_word' id='word_1_588' title='bbox 2839 1959 2974 2030; x_wconf 86' lang='lat' dir='ltr'>quia</span> <span class='ocrx_word' id='word_1_589' title='bbox 2994 1958 3281 2030; x_wconf 55' lang='lat' dir='ltr'>praeterita</span> <span class='ocrx_word' id='word_1_590' title='bbox 3293 1974 3493 2012; x_wconf 87' lang='lat' dir='ltr'>exorsa</span> <span class='ocrx_word' id='word_1_591' title='bbox 3518 1974 3634 2011; x_wconf 87' lang='lat' dir='ltr'>non</span> 
     </span>
    </p>
   </div>
   <div class='ocr_carea' id='block_1_81' title="bbox 1941 2050 2158 2106">
    <p class='ocr_par' dir='ltr' id='par_1_81' title="bbox 1941 2050 2158 2106">
     <span class='ocr_line' id='line_1_81' title="bbox 1941 2050 2158 2106; baseline 0.009 -2"><span class='ocrx_word' id='word_1_592' title='bbox 1941 2050 2158 2106; x_wconf 90' lang='lat' dir='ltr'>recolit.</span> 
     </span>
    </p>
   </div>
   <div class='ocr_carea' id='block_1_82' title="bbox 1941 2154 3634 2225">
    <p class='ocr_par' dir='ltr' id='par_1_82' title="bbox 1941 2154 3634 2225">
     <span class='ocr_line' id='line_1_82' title="bbox 1941 2154 3634 2225; baseline -0.006 -10"><span class='ocrx_word' id='word_1_593' title='bbox 1941 2159 2166 2215; x_wconf 84' lang='lat' dir='ltr'><strong>CAPUT</strong></span> <span class='ocrx_word' id='word_1_594' title='bbox 2211 2158 2368 2211; x_wconf 80' lang='lat' dir='ltr'>XXII.</span> <span class='ocrx_word' id='word_1_595' title='bbox 2405 2186 2472 2195; x_wconf 94' lang='lat'><strong><em>—</em></strong></span> <span class='ocrx_word' id='word_1_596' title='bbox 2500 2157 2820 2224; x_wconf 79' lang='lat' dir='ltr'>Ignorantia</span> <span class='ocrx_word' id='word_1_597' title='bbox 2843 2159 2891 2208; x_wconf 89' lang='lat' dir='ltr'>ct</span> <span class='ocrx_word' id='word_1_598' title='bbox 2921 2155 3220 2225; x_wconf 81' lang='lat' dir='ltr'>difﬁcultas</span> <span class='ocrx_word' id='word_1_599' title='bbox 3269 2156 3319 2208; x_wconf 87' lang='lat' dir='ltr'>si</span> <span class='ocrx_word' id='word_1_600' title='bbox 3362 2154 3634 2207; x_wconf 81' lang='lat' dir='ltr'>naturalis</span> 
     </span>
    </p>
   </div>
   <div class='ocr_carea' id='block_1_83' title="bbox 2013 2242 3635 2314">
    <p class='ocr_par' dir='ltr' id='par_1_83' title="bbox 2013 2242 3635 2314">
     <span class='ocr_line' id='line_1_83' title="bbox 2013 2242 3635 2314; baseline -0.004 -14"><span class='ocrx_word' id='word_1_601' title='bbox 2013 2251 2090 2300; x_wconf 87' lang='lat' dir='ltr'>cst</span> <span class='ocrx_word' id='word_1_602' title='bbox 2155 2247 2380 2312; x_wconf 85' lang='lat' dir='ltr'>homini,</span> <span class='ocrx_word' id='word_1_603' title='bbox 2447 2260 2554 2299; x_wconf 84' lang='lat' dir='ltr'>non</span> <span class='ocrx_word' id='word_1_604' title='bbox 2611 2249 2900 2314; x_wconf 76' lang='lat' dir='ltr'>propterea</span> <span class='ocrx_word' id='word_1_605' title='bbox 2962 2244 3105 2298; x_wconf 80' lang='lat' dir='ltr'>deest</span> <span class='ocrx_word' id='word_1_606' title='bbox 3179 2243 3319 2296; x_wconf 85' lang='lat' dir='ltr'>unde</span> <span class='ocrx_word' id='word_1_607' title='bbox 3383 2242 3635 2296; x_wconf 77' lang='lat' dir='ltr'>laudetur</span> 
     </span>
    </p>
   </div>
   <div class='ocr_carea' id='block_1_84' title="bbox 2013 2336 2250 2391">
    <p class='ocr_par' dir='ltr' id='par_1_84' title="bbox 2013 2336 2250 2391">
     <span class='ocr_line' id='line_1_84' title="bbox 2013 2336 2250 2391; baseline -0.013 0"><span class='ocrx_word' id='word_1_608' title='bbox 2013 2336 2250 2391; x_wconf 78' lang='lat' dir='ltr'>Creator.</span> 
     </span>
    </p>
   </div>
   <div class='ocr_carea' id='block_1_85' title="bbox 1982 2436 3634 2511">
    <p class='ocr_par' dir='ltr' id='par_1_85' title="bbox 1982 2436 3634 2511">
     <span class='ocr_line' id='line_1_85' title="bbox 1982 2436 3634 2511; baseline -0.001 -19"><span class='ocrx_word' id='word_1_609' title='bbox 1982 2487 1986 2492; x_wconf 89' lang='lat'>.</span> <span class='ocrx_word' id='word_1_610' title='bbox 2013 2444 2107 2496; x_wconf 87' lang='lat'>63.</span> <span class='ocrx_word' id='word_1_611' title='bbox 2135 2441 2375 2511; x_wconf 87' lang='lat' dir='ltr'>Quoquo</span> <span class='ocrx_word' id='word_1_612' title='bbox 2397 2441 2565 2494; x_wconf 93' lang='lat' dir='ltr'>modo</span> <span class='ocrx_word' id='word_1_613' title='bbox 2588 2445 2782 2495; x_wconf 88' lang='lat' dir='ltr'>autem</span> <span class='ocrx_word' id='word_1_614' title='bbox 2802 2455 2860 2492; x_wconf 89' lang='lat' dir='ltr'>se</span> <span class='ocrx_word' id='word_1_615' title='bbox 2878 2438 3026 2492; x_wconf 89' lang='lat' dir='ltr'>istud</span> <span class='ocrx_word' id='word_1_616' title='bbox 3051 2438 3276 2502; x_wconf 85' lang='lat' dir='ltr'>habeat,</span> <span class='ocrx_word' id='word_1_617' title='bbox 3305 2436 3419 2490; x_wconf 89' lang='lat' dir='ltr'>sive</span> <span class='ocrx_word' id='word_1_618' title='bbox 3450 2436 3634 2490; x_wconf 89' lang='lat' dir='ltr'>omni-</span> 
     </span>
    </p>
   </div>
   <div class='ocr_carea' id='block_1_86' title="bbox 1942 2525 3629 2596">
    <p class='ocr_par' dir='ltr' id='par_1_86' title="bbox 1942 2525 3629 2596">
     <span class='ocr_line' id='line_1_86' title="bbox 1942 2525 3629 2596; baseline -0.004 -12"><span class='ocrx_word' id='word_1_619' title='bbox 1942 2546 2016 2584; x_wconf 91' lang='lat' dir='ltr'>no</span> <span class='ocrx_word' id='word_1_620' title='bbox 2040 2531 2444 2596; x_wconf 90' lang='lat' dir='ltr'>omittendum,</span> <span class='ocrx_word' id='word_1_621' title='bbox 2477 2529 2591 2583; x_wconf 91' lang='lat' dir='ltr'>sive</span> <span class='ocrx_word' id='word_1_622' title='bbox 2621 2546 2774 2583; x_wconf 92' lang='lat' dir='ltr'>nunc</span> <span class='ocrx_word' id='word_1_623' title='bbox 2830 2527 3212 2582; x_wconf 74' lang='lat' dir='ltr'>differendum</span> <span class='ocrx_word' id='word_1_624' title='bbox 3242 2531 3299 2579; x_wconf 91' lang='lat' dir='ltr'>et</span> <span class='ocrx_word' id='word_1_625' title='bbox 3327 2525 3465 2579; x_wconf 88' lang='lat' dir='ltr'>alias</span> <span class='ocrx_word' id='word_1_626' title='bbox 3496 2542 3629 2579; x_wconf 91' lang='lat' dir='ltr'>con-</span> 
     </span>
    </p>
   </div>
   <div class='ocr_carea' id='block_1_87' title="bbox 1939 2615 3632 2687">
    <p class='ocr_par' dir='ltr' id='par_1_87' title="bbox 1939 2615 3632 2687">
     <span class='ocr_line' id='line_1_87' title="bbox 1939 2615 3632 2687; baseline -0.003 -14"><span class='ocrx_word' id='word_1_627' title='bbox 1939 2619 2308 2673; x_wconf 88' lang='lat' dir='ltr'>siderandum</span> <span class='ocrx_word' id='word_1_628' title='bbox 2338 2618 2431 2685; x_wconf 89' lang='lat' dir='ltr'>sit,</span> <span class='ocrx_word' id='word_1_629' title='bbox 2461 2634 2712 2683; x_wconf 60' lang='lat' dir='ltr'>praesens</span> <span class='ocrx_word' id='word_1_630' title='bbox 2744 2621 2934 2670; x_wconf 90' lang='lat' dir='ltr'>tamen</span> <span class='ocrx_word' id='word_1_631' title='bbox 2963 2616 3202 2687; x_wconf 69' lang='lat' dir='ltr'>quaestio</span> <span class='ocrx_word' id='word_1_632' title='bbox 3231 2632 3349 2670; x_wconf 91' lang='lat' dir='ltr'>non</span> <span class='ocrx_word' id='word_1_633' title='bbox 3386 2615 3632 2685; x_wconf 86' lang='lat' dir='ltr'>impedi-</span> 
     </span>
    </p>
   </div>
   <div class='ocr_carea' id='block_1_88' title="bbox 1939 2703 3636 2777">
    <p class='ocr_par' dir='ltr' id='par_1_88' title="bbox 1939 2703 3636 2777">
     <span class='ocr_line' id='line_1_88' title="bbox 1939 2703 3636 2777; baseline -0.002 -17"><span class='ocrx_word' id='word_1_634' title='bbox 1939 2711 2052 2773; x_wconf 92' lang='lat' dir='ltr'>tur,</span> <span class='ocrx_word' id='word_1_635' title='bbox 2086 2705 2394 2777; x_wconf 89' lang='lat' dir='ltr'>quominus</span> <span class='ocrx_word' id='word_1_636' title='bbox 2444 2709 2714 2776; x_wconf 86' lang='lat' dir='ltr'>appareat</span> <span class='ocrx_word' id='word_1_637' title='bbox 2743 2705 3110 2774; x_wconf 89' lang='lat' dir='ltr'>integerrima</span> <span class='ocrx_word' id='word_1_638' title='bbox 3141 2709 3196 2758; x_wconf 90' lang='lat' dir='ltr'>et</span> <span class='ocrx_word' id='word_1_639' title='bbox 3220 2703 3533 2774; x_wconf 89' lang='lat' dir='ltr'>justissima</span> <span class='ocrx_word' id='word_1_640' title='bbox 3579 2709 3636 2757; x_wconf 89' lang='lat' dir='ltr'>et</span> 
     </span>
    </p>
   </div>
   <div class='ocr_carea' id='block_1_89' title="bbox 1937 2790 3626 2862">
    <p class='ocr_par' dir='ltr' id='par_1_89' title="bbox 1937 2790 3626 2862">
     <span class='ocr_line' id='line_1_89' title="bbox 1937 2790 3626 2862; baseline -0.003 -15"><span class='ocrx_word' id='word_1_641' title='bbox 1937 2793 2273 2847; x_wconf 89' lang='lat' dir='ltr'>inconcussa</span> <span class='ocrx_word' id='word_1_642' title='bbox 2303 2797 2474 2862; x_wconf 88' lang='lat' dir='ltr'>atque</span> <span class='ocrx_word' id='word_1_643' title='bbox 2503 2791 3267 2860; x_wconf 86' lang='lat' dir='ltr'>incommutabilimajestate</span> <span class='ocrx_word' id='word_1_644' title='bbox 3280 2795 3336 2842; x_wconf 92' lang='lat' dir='ltr'>et</span> <span class='ocrx_word' id='word_1_645' title='bbox 3363 2790 3626 2844; x_wconf 87' lang='lat' dir='ltr'>substan-</span> 
     </span>
    </p>
   </div>
   <div class='ocr_carea' id='block_1_90' title="bbox 1938 2879 3630 2953">
    <p class='ocr_par' dir='ltr' id='par_1_90' title="bbox 1938 2879 3630 2953">
     <span class='ocr_line' id='line_1_90' title="bbox 1938 2879 3630 2953; baseline -0.004 -15"><span class='ocrx_word' id='word_1_646' title='bbox 1938 2884 2019 2938; x_wconf 88' lang='lat' dir='ltr'>tia</span> <span class='ocrx_word' id='word_1_647' title='bbox 2045 2883 2346 2951; x_wconf 88' lang='lat' dir='ltr'>Creatoris,</span> <span class='ocrx_word' id='word_1_648' title='bbox 2378 2883 2658 2953; x_wconf 91' lang='lat' dir='ltr'>supplicia</span> <span class='ocrx_word' id='word_1_649' title='bbox 2698 2886 3060 2952; x_wconf 84' lang='lat' dir='ltr'>peccatorum</span> <span class='ocrx_word' id='word_1_650' title='bbox 3118 2897 3352 2934; x_wconf 90' lang='lat' dir='ltr'>suorum</span> <span class='ocrx_word' id='word_1_651' title='bbox 3411 2879 3630 2933; x_wconf 88' lang='lat' dir='ltr'>animas</span> 
     </span>
    </p>
   </div>
   <div class='ocr_carea' id='block_1_91' title="bbox 1938 2967 3626 3042">
    <p class='ocr_par' dir='ltr' id='par_1_91' title="bbox 1938 2967 3626 3042">
     <span class='ocr_line' id='line_1_91' title="bbox 1938 2967 3626 3042; baseline -0.003 -17"><span class='ocrx_word' id='word_1_652' title='bbox 1938 2973 2094 3025; x_wconf 91' lang='lat' dir='ltr'>luere</span> <span class='ocrx_word' id='word_1_653' title='bbox 2127 2989 2139 3024; x_wconf 94' lang='lat'>:</span> <span class='ocrx_word' id='word_1_654' title='bbox 2174 2988 2301 3042; x_wconf 84' lang='lat' dir='ltr'>quae</span> <span class='ocrx_word' id='word_1_655' title='bbox 2333 2974 2587 3040; x_wconf 80' lang='lat' dir='ltr'>peccata,</span> <span class='ocrx_word' id='word_1_656' title='bbox 2632 2975 2696 3024; x_wconf 90' lang='lat' dir='ltr'>ut</span> <span class='ocrx_word' id='word_1_657' title='bbox 2726 2970 2847 3040; x_wconf 88' lang='lat' dir='ltr'>jam</span> <span class='ocrx_word' id='word_1_658' title='bbox 2905 2969 3000 3023; x_wconf 92' lang='lat' dir='ltr'>diu</span> <span class='ocrx_word' id='word_1_659' title='bbox 3035 2967 3428 3031; x_wconf 85' lang='lat' dir='ltr'>disseruimus,</span> <span class='ocrx_word' id='word_1_660' title='bbox 3481 2983 3626 3020; x_wconf 85' lang='lat' dir='ltr'>non-</span> 
     </span>
    </p>
   </div>
   <div class='ocr_carea' id='block_1_92' title="bbox 1936 3055 3628 3130">
    <p class='ocr_par' dir='ltr' id='par_1_92' title="bbox 1936 3055 3628 3130">
     <span class='ocr_line' id='line_1_92' title="bbox 1936 3055 3628 3130; baseline -0.005 -15"><span class='ocrx_word' id='word_1_661' title='bbox 1936 3061 2049 3115; x_wconf 90' lang='lat' dir='ltr'>nisi</span> <span class='ocrx_word' id='word_1_662' title='bbox 2077 3059 2326 3130; x_wconf 72' lang='lat' dir='ltr'>propria:</span> <span class='ocrx_word' id='word_1_663' title='bbox 2349 3060 2625 3113; x_wconf 88' lang='lat' dir='ltr'>voluntati</span> <span class='ocrx_word' id='word_1_664' title='bbox 2655 3073 2850 3112; x_wconf 90' lang='lat' dir='ltr'>earum</span> <span class='ocrx_word' id='word_1_665' title='bbox 2876 3057 3178 3110; x_wconf 89' lang='lat' dir='ltr'>tribuenda</span> <span class='ocrx_word' id='word_1_666' title='bbox 3207 3059 3358 3122; x_wconf 90' lang='lat' dir='ltr'>sunt,</span> <span class='ocrx_word' id='word_1_667' title='bbox 3382 3071 3485 3108; x_wconf 89' lang='lat' dir='ltr'>nec</span> <span class='ocrx_word' id='word_1_668' title='bbox 3513 3055 3628 3107; x_wconf 90' lang='lat' dir='ltr'>ulla</span> 
     </span>
    </p>
   </div>
   <div class='ocr_carea' id='block_1_93' title="bbox 1938 3146 3125 3218">
    <p class='ocr_par' dir='ltr' id='par_1_93' title="bbox 1938 3146 3125 3218">
     <span class='ocr_line' id='line_1_93' title="bbox 1938 3146 3125 3218; baseline -0.004 -15"><span class='ocrx_word' id='word_1_669' title='bbox 1938 3148 2568 3218; x_wconf 78' lang='lat' dir='ltr'>ulterior‘peccatorum</span> <span class='ocrx_word' id='word_1_670' title='bbox 2599 3163 2768 3201; x_wconf 88' lang='lat' dir='ltr'>causa</span> <span class='ocrx_word' id='word_1_671' title='bbox 2799 3146 3125 3216; x_wconf 79' lang='lat' dir='ltr'>quaerenda.</span> 
     </span>
    </p>
   </div>
   <div class='ocr_carea' id='block_1_94' title="bbox 2007 3232 3625 3307">
    <p class='ocr_par' dir='ltr' id='par_1_94' title="bbox 2007 3232 3625 3307">
     <span class='ocr_line' id='line_1_94' title="bbox 2007 3232 3625 3307; baseline -0.005 -15"><span class='ocrx_word' id='word_1_672' title='bbox 2007 3242 2094 3293; x_wconf 76' lang='grc'>64.</span> <span class='ocrx_word' id='word_1_673' title='bbox 2131 3237 2463 3307; x_wconf 87' lang='lat' dir='ltr'>Ignorantia</span> <span class='ocrx_word' id='word_1_674' title='bbox 2492 3252 2625 3290; x_wconf 89' lang='lat' dir='ltr'>vero</span> <span class='ocrx_word' id='word_1_675' title='bbox 2682 3240 2739 3289; x_wconf 91' lang='lat' dir='ltr'>et</span> <span class='ocrx_word' id='word_1_676' title='bbox 2790 3234 3092 3288; x_wconf 88' lang='lat' dir='ltr'>difﬁcultas</span> <span class='ocrx_word' id='word_1_677' title='bbox 3123 3233 3170 3286; x_wconf 91' lang='lat' dir='ltr'>si</span> <span class='ocrx_word' id='word_1_678' title='bbox 3217 3232 3488 3286; x_wconf 86' lang='lat' dir='ltr'>naturalis</span> <span class='ocrx_word' id='word_1_679' title='bbox 3519 3237 3625 3298; x_wconf 89' lang='lat' dir='ltr'>est,</span> 
     </span>
    </p>
   </div>
   <div class='ocr_carea' id='block_1_95' title="bbox 1936 3319 3631 3394">
    <p class='ocr_par' dir='ltr' id='par_1_95' title="bbox 1936 3319 3631 3394">
     <span class='ocr_line' id='line_1_95' title="bbox 1936 3319 3631 3394; baseline -0.004 -16"><span class='ocrx_word' id='word_1_680' title='bbox 1936 3324 2068 3378; x_wconf 92' lang='lat' dir='ltr'>inde</span> <span class='ocrx_word' id='word_1_681' title='bbox 2121 3323 2322 3394; x_wconf 89' lang='lat' dir='ltr'>incipit</span> <span class='ocrx_word' id='word_1_682' title='bbox 2377 3322 2568 3376; x_wconf 90' lang='lat' dir='ltr'>anima</span> <span class='ocrx_word' id='word_1_683' title='bbox 2611 3322 2910 3393; x_wconf 87' lang='lat' dir='ltr'>proﬁcere,</span> <span class='ocrx_word' id='word_1_684' title='bbox 2945 3325 3002 3375; x_wconf 89' lang='lat' dir='ltr'>et</span> <span class='ocrx_word' id='word_1_685' title='bbox 3032 3320 3102 3374; x_wconf 90' lang='lat' dir='ltr'>ad</span> <span class='ocrx_word' id='word_1_686' title='bbox 3153 3319 3539 3389; x_wconf 86' lang='lat' dir='ltr'>cognitionem</span> <span class='ocrx_word' id='word_1_687' title='bbox 3573 3324 3631 3372; x_wconf 88' lang='lat' dir='ltr'>et</span> 
     </span>
    </p>
   </div>
   <div class='ocr_carea' id='block_1_96' title="bbox 1935 3409 3626 3484">
    <p class='ocr_par' dir='ltr' id='par_1_96' title="bbox 1935 3409 3626 3484">
     <span class='ocr_line' id='line_1_96' title="bbox 1935 3409 3626 3484; baseline -0.005 -16"><span class='ocrx_word' id='word_1_688' title='bbox 1935 3413 2215 3484; x_wconf 89' lang='lat' dir='ltr'>requiem,</span> <span class='ocrx_word' id='word_1_689' title='bbox 2250 3413 2428 3466; x_wconf 89' lang='lat' dir='ltr'>donec</span> <span class='ocrx_word' id='word_1_690' title='bbox 2456 3411 2517 3464; x_wconf 91' lang='lat' dir='ltr'>in</span> <span class='ocrx_word' id='word_1_691' title='bbox 2547 3427 2615 3464; x_wconf 91' lang='lat' dir='ltr'>ea</span> <span class='ocrx_word' id='word_1_692' title='bbox 2642 3409 2971 3481; x_wconf 88' lang='lat' dir='ltr'>perﬁciatur</span> <span class='ocrx_word' id='word_1_693' title='bbox 3013 3409 3129 3462; x_wconf 90' lang='lat' dir='ltr'>vita</span> <span class='ocrx_word' id='word_1_694' title='bbox 3157 3409 3342 3473; x_wconf 85' lang='lat' dir='ltr'>beata,</span> <span class='ocrx_word' id='word_1_695' title='bbox 3393 3423 3626 3477; x_wconf 88' lang='lat' dir='ltr'>promo-</span> 
     </span>
    </p>
   </div>
   <div class='ocr_carea' id='block_1_97' title="bbox 1937 3497 3626 3571">
    <p class='ocr_par' dir='ltr' id='par_1_97' title="bbox 1937 3497 3626 3571">
     <span class='ocr_line' id='line_1_97' title="bbox 1937 3497 3626 3571; baseline -0.003 -17"><span class='ocrx_word' id='word_1_696' title='bbox 1937 3503 2073 3557; x_wconf 89' lang='lat' dir='ltr'>veri.</span> <span class='ocrx_word' id='word_1_697' title='bbox 2103 3503 2285 3566; x_wconf 88' lang='lat' dir='ltr'>Quem</span> <span class='ocrx_word' id='word_1_698' title='bbox 2315 3500 2630 3571; x_wconf 90' lang='lat' dir='ltr'>profeetum</span> <span class='ocrx_word' id='word_1_699' title='bbox 2660 3499 2721 3553; x_wconf 91' lang='lat' dir='ltr'>in</span> <span class='ocrx_word' id='word_1_700' title='bbox 2765 3498 2968 3552; x_wconf 90' lang='lat' dir='ltr'>studiis</span> <span class='ocrx_word' id='word_1_701' title='bbox 2997 3497 3230 3568; x_wconf 87' lang='lat' dir='ltr'>optimis</span> <span class='ocrx_word' id='word_1_702' title='bbox 3282 3500 3452 3567; x_wconf 86' lang='lat' dir='ltr'>atque</span> <span class='ocrx_word' id='word_1_703' title='bbox 3504 3497 3626 3567; x_wconf 88' lang='lat' dir='ltr'>pie-</span> 
     </span>
    </p>
   </div>
   <div class='ocr_carea' id='block_1_98' title="bbox 1933 3585 3627 3661">
    <p class='ocr_par' dir='ltr' id='par_1_98' title="bbox 1933 3585 3627 3661">
     <span class='ocr_line' id='line_1_98' title="bbox 1933 3585 3627 3661; baseline -0.003 -16"><span class='ocrx_word' id='word_1_704' title='bbox 1933 3597 2068 3658; x_wconf 86' lang='lat' dir='ltr'>tate,</span> <span class='ocrx_word' id='word_1_705' title='bbox 2105 3606 2350 3661; x_wconf 91' lang='lat' dir='ltr'>quorum</span> <span class='ocrx_word' id='word_1_706' title='bbox 2374 3589 2608 3642; x_wconf 87' lang='lat' dir='ltr'>facultas</span> <span class='ocrx_word' id='word_1_707' title='bbox 2637 3587 2690 3642; x_wconf 91' lang='lat' dir='ltr'>ei</span> <span class='ocrx_word' id='word_1_708' title='bbox 2727 3603 2844 3640; x_wconf 92' lang='lat' dir='ltr'>non</span> <span class='ocrx_word' id='word_1_709' title='bbox 2879 3591 3081 3656; x_wconf 90' lang='lat' dir='ltr'>negata</span> <span class='ocrx_word' id='word_1_710' title='bbox 3133 3590 3238 3652; x_wconf 89' lang='lat' dir='ltr'>est,</span> <span class='ocrx_word' id='word_1_711' title='bbox 3292 3585 3340 3639; x_wconf 87' lang='lat' dir='ltr'>si</span> <span class='ocrx_word' id='word_1_712' title='bbox 3394 3585 3627 3656; x_wconf 84' lang='lat' dir='ltr'>propria</span> 
     </span>
    </p>
   </div>
   <div class='ocr_carea' id='block_1_99' title="bbox 1931 3673 3624 3746">
    <p class='ocr_par' dir='ltr' id='par_1_99' title="bbox 1931 3673 3624 3746">
     <span class='ocr_line' id='line_1_99' title="bbox 1931 3673 3624 3746; baseline -0.002 -15"><span class='ocrx_word' id='word_1_713' title='bbox 1931 3679 2223 3731; x_wconf 90' lang='lat' dir='ltr'>voluntate</span> <span class='ocrx_word' id='word_1_714' title='bbox 2262 3675 2598 3746; x_wconf 87' lang='lat' dir='ltr'>neglexerit,</span> <span class='ocrx_word' id='word_1_715' title='bbox 2651 3675 2805 3744; x_wconf 87' lang='lat' dir='ltr'>juste</span> <span class='ocrx_word' id='word_1_716' title='bbox 2859 3675 2920 3726; x_wconf 90' lang='lat' dir='ltr'>in</span> <span class='ocrx_word' id='word_1_717' title='bbox 2951 3673 3271 3741; x_wconf 79' lang='lat' dir='ltr'>graviorem</span> <span class='ocrx_word' id='word_1_718' title='bbox 3325 3690 3454 3744; x_wconf 62' lang='lat' dir='ltr'>qua:</span> <span class='ocrx_word' id='word_1_719' title='bbox 3503 3675 3624 3743; x_wconf 87' lang='lat' dir='ltr'>jam</span> 
     </span>
    </p>
   </div>
   <div class='ocr_carea' id='block_1_100' title="bbox 1931 3761 3628 3834">
    <p class='ocr_par' dir='ltr' id='par_1_100' title="bbox 1931 3761 3628 3834">
     <span class='ocr_line' id='line_1_100' title="bbox 1931 3761 3628 3834; baseline -0.002 -16"><span class='ocrx_word' id='word_1_720' title='bbox 1931 3765 2174 3834; x_wconf 80' lang='lat' dir='ltr'>pcenalis</span> <span class='ocrx_word' id='word_1_721' title='bbox 2212 3769 2317 3829; x_wconf 91' lang='lat' dir='ltr'>est,</span> <span class='ocrx_word' id='word_1_722' title='bbox 2369 3763 2753 3834; x_wconf 85' lang='lat' dir='ltr'>ignorantiam</span> <span class='ocrx_word' id='word_1_723' title='bbox 2809 3761 3318 3832; x_wconf 90' lang='lat' dir='ltr'>difﬁcultatemque</span> <span class='ocrx_word' id='word_1_724' title='bbox 3366 3761 3628 3832; x_wconf 63' lang='lat' dir='ltr'>praeeipi-</span> 
     </span>
    </p>
   </div>
   <div class='ocr_carea' id='block_1_101' title="bbox 1931 3848 3624 3916">
    <p class='ocr_par' dir='ltr' id='par_1_101' title="bbox 1931 3848 3624 3916">
     <span class='ocr_line' id='line_1_101' title="bbox 1931 3848 3624 3916; baseline -0.002 -11"><span class='ocrx_word' id='word_1_725' title='bbox 1931 3857 2104 3916; x_wconf 87' lang='lat' dir='ltr'>tatur,</span> <span class='ocrx_word' id='word_1_726' title='bbox 2141 3850 2538 3904; x_wconf 79' lang='lat' dir='ltr'>decentissima</span> <span class='ocrx_word' id='word_1_727' title='bbox 2574 3854 2632 3902; x_wconf 90' lang='lat' dir='ltr'>et</span> <span class='ocrx_word' id='word_1_728' title='bbox 2685 3848 3144 3902; x_wconf 90' lang='lat' dir='ltr'>eonvientissimo</span> <span class='ocrx_word' id='word_1_729' title='bbox 3195 3864 3388 3902; x_wconf 89' lang='lat' dir='ltr'>rerum</span> <span class='ocrx_word' id='word_1_730' title='bbox 3427 3849 3624 3902; x_wconf 92' lang='lat' dir='ltr'>mode-</span> 
     </span>
    </p>
   </div>
   <div class='ocr_carea' id='block_1_102' title="bbox 1932 3934 3626 4007">
    <p class='ocr_par' dir='ltr' id='par_1_102' title="bbox 1932 3934 3626 4007">
     <span class='ocr_line' id='line_1_102' title="bbox 1932 3934 3626 4007; baseline -0.002 -14"><span class='ocrx_word' id='word_1_731' title='bbox 1932 3939 2152 3993; x_wconf 90' lang='lat' dir='ltr'>ramine</span> <span class='ocrx_word' id='word_1_732' title='bbox 2183 3939 2243 3992; x_wconf 89' lang='lat' dir='ltr'>in</span> <span class='ocrx_word' id='word_1_733' title='bbox 2273 3938 2636 3992; x_wconf 89' lang='lat' dir='ltr'>inferioribus</span> <span class='ocrx_word' id='word_1_734' title='bbox 2655 3937 2917 3991; x_wconf 87' lang='lat' dir='ltr'>ordinata</span> <span class='ocrx_word' id='word_1_735' title='bbox 2943 3934 2982 3989; x_wconf 87' lang='grc'>².</span> <span class='ocrx_word' id='word_1_736' title='bbox 3019 3937 3144 3990; x_wconf 85' lang='lat' dir='ltr'>Non</span> <span class='ocrx_word' id='word_1_737' title='bbox 3169 3937 3324 3990; x_wconf 90' lang='lat' dir='ltr'>enim</span> <span class='ocrx_word' id='word_1_738' title='bbox 3351 3937 3504 4007; x_wconf 92' lang='lat' dir='ltr'>quod</span> <span class='ocrx_word' id='word_1_739' title='bbox 3528 3953 3626 3990; x_wconf 90' lang='lat' dir='ltr'>na-</span> 
     </span>
    </p>
   </div>
   <div class='ocr_carea' id='block_1_103' title="bbox 1932 4025 3625 4095">
    <p class='ocr_par' dir='ltr' id='par_1_103' title="bbox 1932 4025 3625 4095">
     <span class='ocr_line' id='line_1_103' title="bbox 1932 4025 3625 4095; baseline -0.002 -14"><span class='ocrx_word' id='word_1_740' title='bbox 1932 4027 2190 4081; x_wconf 90' lang='lat' dir='ltr'>turaliter</span> <span class='ocrx_word' id='word_1_741' title='bbox 2219 4027 2396 4080; x_wconf 84' lang='lat' dir='ltr'>nescit</span> <span class='ocrx_word' id='word_1_742' title='bbox 2421 4030 2476 4080; x_wconf 91' lang='lat' dir='ltr'>ct</span> <span class='ocrx_word' id='word_1_743' title='bbox 2504 4025 2843 4079; x_wconf 89' lang='lat' dir='ltr'>naturaliter</span> <span class='ocrx_word' id='word_1_744' title='bbox 2870 4041 2989 4078; x_wconf 89' lang='lat' dir='ltr'>non</span> <span class='ocrx_word' id='word_1_745' title='bbox 3013 4029 3219 4095; x_wconf 86' lang='lat' dir='ltr'>potest,</span> <span class='ocrx_word' id='word_1_746' title='bbox 3263 4025 3375 4080; x_wconf 91' lang='lat' dir='ltr'>hoc</span> <span class='ocrx_word' id='word_1_747' title='bbox 3417 4025 3625 4079; x_wconf 84' lang='lat' dir='ltr'>animae</span> 
     </span>
    </p>
   </div>
   <div class='ocr_carea' id='block_1_104' title="bbox 1932 4113 3623 4186">
    <p class='ocr_par' dir='ltr' id='par_1_104' title="bbox 1932 4113 3623 4186">
     <span class='ocr_line' id='line_1_104' title="bbox 1932 4113 3623 4186; baseline -0.001 -16"><span class='ocrx_word' id='word_1_748' title='bbox 1932 4116 2240 4186; x_wconf 89' lang='lat' dir='ltr'>deputatur</span> <span class='ocrx_word' id='word_1_749' title='bbox 2269 4116 2328 4168; x_wconf 90' lang='lat' dir='ltr'>in</span> <span class='ocrx_word' id='word_1_750' title='bbox 2379 4119 2644 4180; x_wconf 85' lang='lat' dir='ltr'>reatum;</span> <span class='ocrx_word' id='word_1_751' title='bbox 2676 4114 2775 4167; x_wconf 91' lang='lat' dir='ltr'>sed</span> <span class='ocrx_word' id='word_1_752' title='bbox 2830 4113 2987 4184; x_wconf 89' lang='lat' dir='ltr'>quod</span> <span class='ocrx_word' id='word_1_753' title='bbox 3042 4113 3184 4168; x_wconf 90' lang='lat' dir='ltr'>scire</span> <span class='ocrx_word' id='word_1_754' title='bbox 3238 4129 3356 4168; x_wconf 93' lang='lat' dir='ltr'>non</span> <span class='ocrx_word' id='word_1_755' title='bbox 3387 4114 3623 4182; x_wconf 89' lang='lat' dir='ltr'>studuit,</span> 
     </span>
    </p>
   </div>
   <div class='ocr_carea' id='block_1_105' title="bbox 1932 4201 3626 4275">
    <p class='ocr_par' dir='ltr' id='par_1_105' title="bbox 1932 4201 3626 4275">
     <span class='ocr_line' id='line_1_105' title="bbox 1932 4201 3626 4275; baseline -0.002 -17"><span class='ocrx_word' id='word_1_756' title='bbox 1932 4209 1988 4258; x_wconf 89' lang='lat' dir='ltr'>et</span> <span class='ocrx_word' id='word_1_757' title='bbox 2017 4205 2168 4275; x_wconf 89' lang='lat' dir='ltr'>quod</span> <span class='ocrx_word' id='word_1_758' title='bbox 2197 4203 2429 4274; x_wconf 88' lang='lat' dir='ltr'>dignam</span> <span class='ocrx_word' id='word_1_759' title='bbox 2459 4201 2713 4256; x_wconf 87' lang='lat' dir='ltr'>facilitati</span> <span class='ocrx_word' id='word_1_760' title='bbox 2735 4202 3134 4271; x_wconf 78' lang='lat' dir='ltr'>comparandae</span> <span class='ocrx_word' id='word_1_761' title='bbox 3157 4202 3227 4256; x_wconf 85' lang='lat' dir='ltr'>ad</span> <span class='ocrx_word' id='word_1_762' title='bbox 3240 4206 3389 4255; x_wconf 90' lang='lat' dir='ltr'>recte</span> <span class='ocrx_word' id='word_1_763' title='bbox 3418 4201 3626 4256; x_wconf 89' lang='lat' dir='ltr'>facien-</span> 
     </span>
    </p>
   </div>
   <div class='ocr_carea' id='block_1_106' title="bbox 1930 4290 3628 4362">
    <p class='ocr_par' dir='ltr' id='par_1_106' title="bbox 1930 4290 3628 4362">
     <span class='ocr_line' id='line_1_106' title="bbox 1930 4290 3628 4362; baseline -0.002 -15"><span class='ocrx_word' id='word_1_764' title='bbox 1930 4293 2069 4347; x_wconf 90' lang='lat' dir='ltr'>dum</span> <span class='ocrx_word' id='word_1_765' title='bbox 2093 4307 2326 4362; x_wconf 89' lang='lat' dir='ltr'>operam</span> <span class='ocrx_word' id='word_1_766' title='bbox 2356 4307 2470 4345; x_wconf 92' lang='lat' dir='ltr'>non</span> <span class='ocrx_word' id='word_1_767' title='bbox 2511 4291 2686 4346; x_wconf 88' lang='lat' dir='ltr'>dedit.</span> <span class='ocrx_word' id='word_1_768' title='bbox 2739 4291 2916 4361; x_wconf 90' lang='lat' dir='ltr'>Loqui</span> <span class='ocrx_word' id='word_1_769' title='bbox 2949 4290 3102 4344; x_wconf 91' lang='lat' dir='ltr'>enim</span> <span class='ocrx_word' id='word_1_770' title='bbox 3160 4306 3277 4344; x_wconf 90' lang='lat' dir='ltr'>non</span> <span class='ocrx_word' id='word_1_771' title='bbox 3328 4306 3492 4344; x_wconf 90' lang='lat' dir='ltr'>nosse</span> <span class='ocrx_word' id='word_1_772' title='bbox 3549 4295 3628 4344; x_wconf 88' lang='lat' dir='ltr'>at-</span> 
     </span>
    </p>
   </div>
   <div class='ocr_carea' id='block_1_107' title="bbox 1931 4379 3628 4451">
    <p class='ocr_par' dir='ltr' id='par_1_107' title="bbox 1931 4379 3628 4451">
     <span class='ocr_line' id='line_1_107' title="bbox 1931 4379 3628 4451; baseline -0.001 -17"><span class='ocrx_word' id='word_1_773' title='bbox 1931 4397 2044 4451; x_wconf 90' lang='lat' dir='ltr'>que</span> <span class='ocrx_word' id='word_1_774' title='bbox 2073 4397 2190 4435; x_wconf 90' lang='lat' dir='ltr'>non</span> <span class='ocrx_word' id='word_1_775' title='bbox 2216 4397 2400 4451; x_wconf 88' lang='lat' dir='ltr'>posse,</span> <span class='ocrx_word' id='word_1_776' title='bbox 2431 4379 2636 4434; x_wconf 84' lang='lat' dir='ltr'>infanti</span> <span class='ocrx_word' id='word_1_777' title='bbox 2684 4381 2944 4434; x_wconf 87' lang='lat' dir='ltr'>naturale</span> <span class='ocrx_word' id='word_1_778' title='bbox 2992 4384 3076 4433; x_wconf 92' lang='lat' dir='ltr'>est</span> <span class='ocrx_word' id='word_1_779' title='bbox 3103 4396 3116 4434; x_wconf 89' lang='lat'><strong>:</strong></span> <span class='ocrx_word' id='word_1_780' title='bbox 3150 4395 3279 4449; x_wconf 62' lang='lat' dir='ltr'>quae</span> <span class='ocrx_word' id='word_1_781' title='bbox 3305 4379 3628 4449; x_wconf 87' lang='lat' dir='ltr'>ignorantia</span> 
     </span>
    </p>
   </div>
   <div class='ocr_carea' id='block_1_108' title="bbox 1930 4467 3625 4539">
    <p class='ocr_par' dir='ltr' id='par_1_108' title="bbox 1930 4467 3625 4539">
     <span class='ocr_line' id='line_1_108' title="bbox 1930 4467 3625 4539; baseline 0 -17"><span class='ocrx_word' id='word_1_782' title='bbox 1930 4469 2348 4539; x_wconf 87' lang='lat' dir='ltr'>difﬁcultasque</span> <span class='ocrx_word' id='word_1_783' title='bbox 2387 4468 2667 4522; x_wconf 89' lang='lat' dir='ltr'>sermonis</span> <span class='ocrx_word' id='word_1_784' title='bbox 2722 4484 2839 4521; x_wconf 90' lang='lat' dir='ltr'>non</span> <span class='ocrx_word' id='word_1_785' title='bbox 2891 4467 3062 4522; x_wconf 89' lang='lat' dir='ltr'>modo</span> <span class='ocrx_word' id='word_1_786' title='bbox 3111 4467 3468 4538; x_wconf 88' lang='lat' dir='ltr'>inculpabilis</span> <span class='ocrx_word' id='word_1_787' title='bbox 3521 4467 3625 4522; x_wconf 90' lang='lat' dir='ltr'>sub</span> 
     </span>
    </p>
   </div>
   <div class='ocr_carea' id='block_1_109' title="bbox 1931 4555 3626 4627">
    <p class='ocr_par' dir='ltr' id='par_1_109' title="bbox 1931 4555 3626 4627">
     <span class='ocr_line' id='line_1_109' title="bbox 1931 4555 3626 4627; baseline 0 -17"><span class='ocrx_word' id='word_1_788' title='bbox 1931 4557 2437 4626; x_wconf 87' lang='lat' dir='ltr'>grammaticorum</span> <span class='ocrx_word' id='word_1_789' title='bbox 2486 4557 2728 4627; x_wconf 88' lang='lat' dir='ltr'>legibus,</span> <span class='ocrx_word' id='word_1_790' title='bbox 2769 4556 2865 4610; x_wconf 88' lang='lat' dir='ltr'>sed</span> <span class='ocrx_word' id='word_1_791' title='bbox 2896 4556 3067 4610; x_wconf 90' lang='lat' dir='ltr'>etiam</span> <span class='ocrx_word' id='word_1_792' title='bbox 3121 4555 3390 4610; x_wconf 88' lang='lat' dir='ltr'>humanis</span> <span class='ocrx_word' id='word_1_793' title='bbox 3416 4556 3626 4610; x_wconf 81' lang='lat' dir='ltr'>affecti-</span> 
     </span>
    </p>
   </div>
   <div class='ocr_carea' id='block_1_110' title="bbox 1929 4643 3627 4715">
    <p class='ocr_par' dir='ltr' id='par_1_110' title="bbox 1929 4643 3627 4715">
     <span class='ocr_line' id='line_1_110' title="bbox 1929 4643 3627 4715; baseline -0.001 -15"><span class='ocrx_word' id='word_1_794' title='bbox 1929 4645 2036 4700; x_wconf 90' lang='lat' dir='ltr'>bus</span> <span class='ocrx_word' id='word_1_795' title='bbox 2065 4645 2276 4700; x_wconf 90' lang='lat' dir='ltr'>blanda</span> <span class='ocrx_word' id='word_1_796' title='bbox 2304 4649 2359 4698; x_wconf 91' lang='lat' dir='ltr'>et</span> <span class='ocrx_word' id='word_1_797' title='bbox 2389 4649 2554 4715; x_wconf 87' lang='lat' dir='ltr'>grata</span> <span class='ocrx_word' id='word_1_798' title='bbox 2569 4649 2691 4710; x_wconf 86' lang='lat' dir='ltr'>est;</span> <span class='ocrx_word' id='word_1_799' title='bbox 2721 4659 2841 4698; x_wconf 92' lang='lat' dir='ltr'>non</span> <span class='ocrx_word' id='word_1_800' title='bbox 2872 4644 3025 4697; x_wconf 89' lang='lat' dir='ltr'>enim</span> <span class='ocrx_word' id='word_1_801' title='bbox 3053 4644 3168 4696; x_wconf 89' lang='lat' dir='ltr'>ullo</span> <span class='ocrx_word' id='word_1_802' title='bbox 3197 4643 3335 4696; x_wconf 89' lang='lat' dir='ltr'>vitio</span> <span class='ocrx_word' id='word_1_803' title='bbox 3361 4643 3519 4697; x_wconf 90' lang='lat' dir='ltr'>illam</span> <span class='ocrx_word' id='word_1_804' title='bbox 3549 4644 3627 4698; x_wconf 87' lang='lat' dir='ltr'>fa-</span> 
     </span>
    </p>
   </div>
   <div class='ocr_carea' id='block_1_111' title="bbox 1931 4730 3626 4802">
    <p class='ocr_par' dir='ltr' id='par_1_111' title="bbox 1931 4730 3626 4802">
     <span class='ocr_line' id='line_1_111' title="bbox 1931 4730 3626 4802; baseline -0.001 -15"><span class='ocrx_word' id='word_1_805' title='bbox 1931 4733 2202 4788; x_wconf 89' lang='lat' dir='ltr'>cultatem</span> <span class='ocrx_word' id='word_1_806' title='bbox 2251 4749 2584 4802; x_wconf 88' lang='lat' dir='ltr'>comparare</span> <span class='ocrx_word' id='word_1_807' title='bbox 2635 4732 2907 4802; x_wconf 86' lang='lat' dir='ltr'>neglexit,</span> <span class='ocrx_word' id='word_1_808' title='bbox 2941 4736 3040 4785; x_wconf 88' lang='lat' dir='ltr'>aut</span> <span class='ocrx_word' id='word_1_809' title='bbox 3094 4731 3208 4784; x_wconf 93' lang='lat' dir='ltr'>ullo</span> <span class='ocrx_word' id='word_1_810' title='bbox 3263 4730 3401 4785; x_wconf 92' lang='lat' dir='ltr'>vitio</span> <span class='ocrx_word' id='word_1_811' title='bbox 3451 4747 3626 4801; x_wconf 91' lang='lat' dir='ltr'>quam</span> 
     </span>
    </p>
   </div>
   <div class='ocr_carea' id='block_1_112' title="bbox 1931 4819 3630 4892">
    <p class='ocr_par' dir='ltr' id='par_1_112' title="bbox 1931 4819 3630 4892">
     <span class='ocr_line' id='line_1_112' title="bbox 1931 4819 3630 4892; baseline -0.001 -18"><span class='ocrx_word' id='word_1_812' title='bbox 1931 4826 2289 4892; x_wconf 89' lang='lat' dir='ltr'>compararat</span> <span class='ocrx_word' id='word_1_813' title='bbox 2311 4821 2521 4875; x_wconf 89' lang='lat' dir='ltr'>amisit.</span> <span class='ocrx_word' id='word_1_814' title='bbox 2555 4822 2776 4891; x_wconf 90' lang='lat' dir='ltr'>Itaque,</span> <span class='ocrx_word' id='word_1_815' title='bbox 2799 4821 2845 4874; x_wconf 91' lang='lat' dir='ltr'>si</span> <span class='ocrx_word' id='word_1_816' title='bbox 2865 4819 3026 4874; x_wconf 91' lang='lat' dir='ltr'>nobis</span> <span class='ocrx_word' id='word_1_817' title='bbox 3037 4819 3098 4873; x_wconf 91' lang='lat' dir='ltr'>in</span> <span class='ocrx_word' id='word_1_818' title='bbox 3125 4820 3452 4891; x_wconf 89' lang='lat' dir='ltr'>eloquentia</span> <span class='ocrx_word' id='word_1_819' title='bbox 3483 4824 3630 4873; x_wconf 88' lang='lat' dir='ltr'>esset</span> 
     </span>
    </p>
   </div>
   <div class='ocr_carea' id='block_1_113' title="bbox 1931 4908 3628 4980">
    <p class='ocr_par' dir='ltr' id='par_1_113' title="bbox 1931 4908 3628 4980">
     <span class='ocr_line' id='line_1_113' title="bbox 1931 4908 3628 4980; baseline -0.002 -17"><span class='ocrx_word' id='word_1_820' title='bbox 1931 4909 2220 4964; x_wconf 90' lang='lat' dir='ltr'>beatitudo</span> <span class='ocrx_word' id='word_1_821' title='bbox 2251 4908 2578 4977; x_wconf 91' lang='lat' dir='ltr'>constituta,</span> <span class='ocrx_word' id='word_1_822' title='bbox 2609 4913 2780 4980; x_wconf 91' lang='lat' dir='ltr'>atque</span> <span class='ocrx_word' id='word_1_823' title='bbox 2814 4908 2896 4962; x_wconf 90' lang='lat' dir='ltr'>ita</span> <span class='ocrx_word' id='word_1_824' title='bbox 2919 4908 3145 4962; x_wconf 89' lang='lat' dir='ltr'>crimini</span> <span class='ocrx_word' id='word_1_825' title='bbox 3169 4909 3470 4963; x_wconf 91' lang='lat' dir='ltr'>duceretur</span> <span class='ocrx_word' id='word_1_826' title='bbox 3497 4923 3628 4961; x_wconf 93' lang='lat' dir='ltr'>cum</span> 
     </span>
    </p>
   </div>
   <div class='ocr_carea' id='block_1_114' title="bbox 1931 4997 3630 5069">
    <p class='ocr_par' dir='ltr' id='par_1_114' title="bbox 1931 4997 3630 5069">
     <span class='ocr_line' id='line_1_114' title="bbox 1931 4997 3630 5069; baseline -0.002 -18"><span class='ocrx_word' id='word_1_827' title='bbox 1931 5002 2196 5069; x_wconf 90' lang='lat' dir='ltr'>peccatur</span> <span class='ocrx_word' id='word_1_828' title='bbox 2225 4997 2286 5051; x_wconf 89' lang='lat' dir='ltr'>in</span> <span class='ocrx_word' id='word_1_829' title='bbox 2312 4997 2527 5066; x_wconf 64' lang='lat' dir='ltr'>linguas</span> <span class='ocrx_word' id='word_1_830' title='bbox 2576 4997 2749 5062; x_wconf 90' lang='lat' dir='ltr'>sonis,</span> <span class='ocrx_word' id='word_1_831' title='bbox 2797 4998 3288 5068; x_wconf 82' lang='lat' dir='ltr'>quemadmodum</span> <span class='ocrx_word' id='word_1_832' title='bbox 3335 5013 3462 5051; x_wconf 91' lang='lat' dir='ltr'>cum</span> <span class='ocrx_word' id='word_1_833' title='bbox 3494 5011 3630 5064; x_wconf 88' lang='lat' dir='ltr'>pec-</span> 
     </span>
    </p>
   </div>
   <div class='ocr_carea' id='block_1_115' title="bbox 1933 5083 3626 5157">
    <p class='ocr_par' dir='ltr' id='par_1_115' title="bbox 1933 5083 3626 5157">
     <span class='ocr_line' id='line_1_115' title="bbox 1933 5083 3626 5157; baseline -0.004 -16"><span class='ocrx_word' id='word_1_834' title='bbox 1933 5091 2094 5141; x_wconf 88' lang='lat' dir='ltr'>catur</span> <span class='ocrx_word' id='word_1_835' title='bbox 2114 5086 2173 5139; x_wconf 92' lang='lat' dir='ltr'>in</span> <span class='ocrx_word' id='word_1_836' title='bbox 2187 5085 2404 5140; x_wconf 88' lang='lat' dir='ltr'>actibus</span> <span class='ocrx_word' id='word_1_837' title='bbox 2416 5085 2568 5153; x_wconf 66' lang='lat' dir='ltr'>vitae;</span> <span class='ocrx_word' id='word_1_838' title='bbox 2579 5085 2772 5140; x_wconf 92' lang='lat' dir='ltr'>nullus</span> <span class='ocrx_word' id='word_1_839' title='bbox 2784 5085 2982 5157; x_wconf 89' lang='lat' dir='ltr'>utique</span> <span class='ocrx_word' id='word_1_840' title='bbox 3002 5091 3302 5157; x_wconf 88' lang='lat' dir='ltr'>argueretu</span> <span class='ocrx_word' id='word_1_841' title='bbox 3312 5083 3626 5148; x_wconf 69' lang='lat' dir='ltr'>rinfantize,</span> 
     </span>
    </p>
   </div>
   <div class='ocr_carea' id='block_1_116' title="bbox 1933 5171 3626 5246">
    <p class='ocr_par' dir='ltr' id='par_1_116' title="bbox 1933 5171 3626 5246">
     <span class='ocr_line' id='line_1_116' title="bbox 1933 5171 3626 5246; baseline -0.002 -18"><span class='ocrx_word' id='word_1_842' title='bbox 1933 5176 2090 5246; x_wconf 91' lang='lat' dir='ltr'>quod</span> <span class='ocrx_word' id='word_1_843' title='bbox 2115 5175 2186 5228; x_wconf 89' lang='lat' dir='ltr'>ab</span> <span class='ocrx_word' id='word_1_844' title='bbox 2215 5191 2282 5228; x_wconf 91' lang='lat' dir='ltr'>ea</span> <span class='ocrx_word' id='word_1_845' title='bbox 2311 5179 2459 5228; x_wconf 88' lang='lat' dir='ltr'>esset</span> <span class='ocrx_word' id='word_1_846' title='bbox 2487 5190 2722 5228; x_wconf 86' lang='lat' dir='ltr'>exorsus</span> <span class='ocrx_word' id='word_1_847' title='bbox 2750 5175 2821 5228; x_wconf 89' lang='lat' dir='ltr'>ad</span> <span class='ocrx_word' id='word_1_848' title='bbox 2850 5173 3309 5245; x_wconf 89' lang='lat' dir='ltr'>consequendam</span> <span class='ocrx_word' id='word_1_849' title='bbox 3351 5171 3626 5240; x_wconf 85' lang='lat' dir='ltr'>eloquen-</span> 
     </span>
    </p>
   </div>
   <div class='ocr_carea' id='block_1_117' title="bbox 1933 5258 3625 5333">
    <p class='ocr_par' dir='ltr' id='par_1_117' title="bbox 1933 5258 3625 5333">
     <span class='ocr_line' id='line_1_117' title="bbox 1933 5258 3625 5333; baseline -0.004 -16"><span class='ocrx_word' id='word_1_850' title='bbox 1933 5263 2074 5318; x_wconf 89' lang='lat' dir='ltr'>tiam</span> <span class='ocrx_word' id='word_1_851' title='bbox 2107 5279 2120 5317; x_wconf 92' lang='lat'><strong>:</strong></span> <span class='ocrx_word' id='word_1_852' title='bbox 2152 5263 2248 5317; x_wconf 89' lang='lat' dir='ltr'>sed</span> <span class='ocrx_word' id='word_1_853' title='bbox 2278 5263 2446 5333; x_wconf 86' lang='lat' dir='ltr'>plane</span> <span class='ocrx_word' id='word_1_854' title='bbox 2475 5261 2680 5317; x_wconf 87' lang='lat' dir='ltr'>merito</span> <span class='ocrx_word' id='word_1_855' title='bbox 2705 5263 3075 5317; x_wconf 88' lang='lat' dir='ltr'>damnaretur</span> <span class='ocrx_word' id='word_1_856' title='bbox 3121 5261 3169 5314; x_wconf 89' lang='lat' dir='ltr'>si</span> <span class='ocrx_word' id='word_1_857' title='bbox 3200 5275 3317 5313; x_wconf 64' lang='lat' dir='ltr'>sua!</span> <span class='ocrx_word' id='word_1_858' title='bbox 3359 5258 3625 5312; x_wconf 85' lang='lat' dir='ltr'>volunta-</span> 
     </span>
    </p>
   </div>
   <div class='ocr_carea' id='block_1_118' title="bbox 1979 5398 3628 5476">
    <p class='ocr_par' dir='ltr' id='par_1_118' title="bbox 1979 5398 3628 5476">
     <span class='ocr_line' id='line_1_118' title="bbox 1979 5398 3628 5476; baseline -0.004 -23"><span class='ocrx_word' id='word_1_859' title='bbox 1979 5407 2013 5476; x_wconf 44' lang='lat' dir='ltr'>.i</span> <span class='ocrx_word' id='word_1_860' title='bbox 2052 5405 2128 5453; x_wconf 90' lang='lat' dir='ltr'>Ita</span> <span class='ocrx_word' id='word_1_861' title='bbox 2151 5405 2273 5453; x_wconf 88' lang='lat' dir='ltr'>Mss.</span> <span class='ocrx_word' id='word_1_862' title='bbox 2298 5407 2347 5452; x_wconf 89' lang='lat' dir='ltr'>et</span> <span class='ocrx_word' id='word_1_863' title='bbox 2369 5404 2691 5467; x_wconf 86' lang='lat' dir='ltr'>antiquiores</span> <span class='ocrx_word' id='word_1_864' title='bbox 2706 5403 2836 5453; x_wconf 87' lang='lat' dir='ltr'>Edd.</span> <span class='ocrx_word' id='word_1_865' title='bbox 2859 5403 2924 5452; x_wconf 86' lang='lat' dir='ltr'>At</span> <span class='ocrx_word' id='word_1_866' title='bbox 2943 5404 3066 5460; x_wconf 91' lang='lat' dir='ltr'>Lov,</span> <span class='ocrx_word' id='word_1_867' title='bbox 3091 5400 3350 5449; x_wconf 82' lang='lat' dir='ltr'>habetnec</span> <span class='ocrx_word' id='word_1_868' title='bbox 3365 5398 3479 5449; x_wconf 81' lang='lat' dir='ltr'>ulla</span> <span class='ocrx_word' id='word_1_869' title='bbox 3495 5400 3628 5448; x_wconf 81' lang='lat' dir='ltr'>intc-</span> 
     </span>
    </p>
   </div>
   <div class='ocr_carea' id='block_1_119' title="bbox 1936 5479 3628 5640">
    <p class='ocr_par' dir='ltr' id='par_1_119' title="bbox 1936 5479 3628 5640">
     <span class='ocr_line' id='line_1_119' title="bbox 1936 5479 3628 5640; baseline -0.004 -63"><span class='ocrx_word' id='word_1_870' title='bbox 1936 5479 2259 5640; x_wconf 50' lang='lat' dir='ltr'>ngglditijn</span> <span class='ocrx_word' id='word_1_871' title='bbox 2272 5528 2626 5580; x_wconf 76' lang='lat' dir='ltr'>inferioribus</span> <span class='ocrx_word' id='word_1_872' title='bbox 2644 5528 2940 5579; x_wconf 74' lang='lat' dir='ltr'>ordinante.</span> <span class='ocrx_word' id='word_1_873' title='bbox 2957 5527 3022 5574; x_wconf 82' lang='lat' dir='ltr'>At</span> <span class='ocrx_word' id='word_1_874' title='bbox 3036 5525 3157 5573; x_wconf 89' lang='lat' dir='ltr'>Mss.</span> <span class='ocrx_word' id='word_1_875' title='bbox 3177 5522 3477 5586; x_wconf 88' lang='lat' dir='ltr'>quindecim</span> <span class='ocrx_word' id='word_1_876' title='bbox 3495 5523 3628 5572; x_wconf 69' lang='lat' dir='ltr'>ordi-</span> 
     </span>
     <span class='ocr_line' id='line_1_120' title="bbox 1940 5603 2088 5640; baseline -0.014 0"><span class='ocrx_word' id='word_1_877' title='bbox 1940 5603 2011 5640; x_wconf 87' lang='lat' dir='ltr'>na</span> <span class='ocrx_word' id='word_1_878' title='bbox 2077 5625 2088 5638; x_wconf 94' lang='lat'>.</span> 
     </span>
    </p>
   </div>
   <div class='ocr_carea' id='block_1_120' title="bbox 1940 5603 2088 5640">
    <p class='ocr_par' dir='ltr' id='par_1_120' title="bbox 1940 5603 2088 5640">
     <span class='ocr_line' id='line_1_121' title="bbox 1940 5603 2088 5640; baseline -0.014 0"><span class='ocrx_word' id='word_1_879' title='bbox 1940 5603 2088 5640; x_wconf 76' lang='lat' dir='ltr'>nam.</span> 
     </span>
    </p>
   </div>
  </div>
