4074 6406
427 390 556 442 1303

417 507 491 562 tis
521 502 886 577 perversitate
907 501 995 554 vel
1025 499 1094 554 ad
1136 514 1262 551 eam
1293 496 1599 562 recidisset,
1661 495 1746 549 vel
1802 494 1864 548 in
1894 511 1960 548 ea
2013 511 2110 550 re-

420 592 733 646 mansisset.
768 590 858 644 Sic
887 589 1058 642 etiam
1087 602 1257 651 nunc,
1294 583 1340 638 si
1397 581 1718 654 ignorantia
1767 583 1885 638 veri
1915 587 1970 638 et
2001 583 2106 637 dif-

418 680 638 734 ﬁcultas
668 677 806 732 recti
839 675 1113 730 naturalis
1167 678 1252 727 est
1305 672 1544 739 homini,
1604 672 1754 726 unde
1783 671 2019 742 incipiat
2047 671 2108 725 in

419 766 712 838 sapientiae
767 763 1086 835 quietisque
1132 760 1542 816 beatitudinem
1606 775 1858 830 surgere,
1917 759 2108 812 nullus

419 858 564 910 hanc
584 871 650 908 ex
682 853 843 907 initio
874 850 1122 905 naturali
1168 855 1316 902 recte
1347 847 1574 918 arguit:
1603 847 1700 901 sed
1758 847 1801 900 si
1832 847 2106 917 proﬁcere

420 942 684 1008 noluerit,
725 945 822 994 aut
869 957 901 993 a
952 938 1210 1008 profectu
1262 940 1574 990 retrorsum
1616 935 1796 990 relabi
1845 935 2108 1004 voluerit,

411 1027 542 1097 jure
576 1024 892 1095 meritoque
923 1038 1117 1094 poenas
1145 1022 1284 1074 luet.

490 1117 577 1168 65.
611 1115 844 1166 Greater
873 1127 1004 1163 vero
1059 1109 1180 1179 ejus
1222 1107 1432 1178 ubique
1490 1107 1782 1176 laudatur,
1837 1107 1923 1161 vel
1956 1107 2109 1177 quod

419 1218 543 1256 eam
578 1202 646 1254 ab
678 1200 814 1271 ipsis
845 1196 1087 1252 exordiis
1117 1197 1185 1250 ad
1219 1195 1429 1249 summi
1458 1195 1596 1248 boni
1623 1195 1991 1265 capacitatem
2021 1194 2108 1248 in-

419 1289 725 1355 choaverit,
759 1288 843 1341 vel
875 1285 1027 1357 quod
1058 1285 1178 1355 ejus
1202 1284 1518 1354 profectum
1545 1283 1792 1354 adjuvet,
1837 1283 1923 1336 vel
1956 1282 2110 1354 quod

418 1379 654 1448 impleat
684 1375 1073 1446 proﬁcientem
1119 1378 1290 1443 atque
1348 1371 1624 1442 perﬁciat,
1662 1372 1746 1424 vel
1801 1372 1952 1443 quod
1985 1386 2110 1441 pec-

420 1470 662 1531 cantem,
699 1465 750 1518 id
780 1469 864 1518 est
889 1467 986 1516 aut
1015 1462 1082 1515 ab
1096 1460 1276 1515 initiis
1296 1460 1411 1514 suis
1441 1476 1562 1513 sese
1599 1459 1670 1514 ad
1700 1459 2112 1530 perfectionem

418 1556 677 1610 attollere
708 1556 1083 1617 recusantem,
1109 1554 1204 1604 aut
1228 1551 1348 1620 jam
1373 1565 1439 1602 ex
1468 1547 1722 1620 profectu
1749 1548 1940 1619 aliquo
1963 1548 2112 1602 rela-

419 1645 670 1711 bentem,
705 1641 1020 1712 justissima
1061 1637 1430 1693 damnatione
1479 1653 1583 1709 pro
1617 1637 1835 1691 meritis
1866 1636 2110 1691 ordinat.

422 1735 546 1788 Non
572 1730 726 1784 enim
767 1733 1067 1800 propterea
1123 1728 1332 1781 malam
1389 1726 1616 1794 creavit,
1668 1725 1805 1797 quia
1855 1727 2115 1780 nondum

423 1825 579 1874 tanta
610 1823 713 1885 est,
749 1821 963 1888 quanta
993 1821 1056 1870 ut
1086 1814 1438 1887 proﬁciendo
1491 1830 1612 1868 esse
1642 1818 1833 1885 posset
1858 1815 2115 1884 accepit;

421 1924 550 1962 cum
581 1908 702 1978 ejus
732 1905 960 1959 exordio
989 1903 1364 1975 perfectiones
1394 1918 1593 1956 omnes
1615 1918 1916 1973 corporum
1945 1902 2115 1972 longe

420 1997 720 2052 inferiores
751 1995 880 2061 sint,
914 2011 1054 2064 quas
1094 1999 1288 2047 tamen
1316 1991 1377 2046 in
1405 2009 1507 2046 suo
1548 2008 1758 2064 genere
1799 1992 2114 2046 laudabiles

422 2103 540 2141 esse
563 2084 794 2156 judicat,
819 2081 1076 2154 quisquis
1105 2081 1174 2135 de
1190 2081 1363 2136 rebus
1380 2081 1676 2135 sanissime
1699 2080 1930 2152 iudicat.
1954 2081 2118 2146 Quod

421 2190 555 2246 ergo
582 2174 811 2244 ignorat
839 2170 977 2242 quid
1008 2169 1116 2224 sibi
1164 2169 1452 2240 agendum
1509 2169 1602 2238 sit,
1635 2184 1701 2222 ex
1754 2184 1819 2222 eo
1849 2173 1934 2222 est
1961 2169 2115 2239 quod

422 2263 678 2317 nondum
722 2259 974 2331 accepit:
1008 2258 1107 2313 sed
1163 2259 1272 2311 hoc
1317 2273 1548 2328 quoque
1603 2256 1861 2327 accipiet,
1913 2256 1960 2310 si
2008 2258 2118 2312 hoc

422 2350 575 2422 quod
610 2348 846 2419 accepit,
878 2348 1023 2401 bene
1052 2362 1154 2400 usa
1183 2345 1374 2399 fuerit.
1409 2344 1625 2415 Accipit
1653 2349 1844 2399 autem
1867 2348 1927 2398 ut
1953 2345 2046 2415 pie
2064 2350 2120 2399 et

424 2438 727 2509 diligenter
757 2439 997 2508 quaerat,
1049 2433 1095 2486 si
1147 2433 1321 2486 volet.
1364 2434 1428 2486 Et
1457 2433 1608 2503 quod
1639 2448 1948 2502 agnoscens
1979 2433 2118 2503 quid

424 2527 530 2580 sibi
561 2525 845 2596 agendum
893 2523 982 2589 sit,
1043 2537 1156 2575 non
1200 2521 1472 2574 continuo
1505 2521 1652 2574 valet
1695 2520 1952 2590 implere,
2016 2521 2119 2574 hoc

423 2629 650 2684 quoque
706 2611 958 2665 nondum
1038 2609 1297 2679 accepit:
1330 2608 1616 2680 praecessit
1671 2609 1825 2662 enim
1855 2609 2117 2679 quaedam

425 2717 554 2772 pars
583 2701 705 2770 ejus
737 2698 1034 2753 sublimior
1079 2697 1152 2751 ad
1181 2697 1542 2750 sentiendum
1577 2696 1730 2768 quod
1769 2701 1921 2750 recte
1949 2697 2120 2751 faciat

424 2790 637 2844 bonum
668 2804 680 2842 :
706 2789 802 2842 sed
835 2787 1096 2858 quaedam
1120 2784 1334 2838 tardior
1363 2790 1532 2856 atque
1563 2785 1802 2838 carnalis
1833 2801 1948 2838 non
1980 2801 2116 2839 con-

424 2881 730 2948 sequenter
758 2876 816 2929 iu
867 2873 1207 2928 sententiam
1239 2872 1468 2926 ducitur
1493 2893 1508 2940 ;
1541 2878 1604 2927 ut
1632 2890 1695 2927 ex
1722 2873 1847 2944 ipsa
1875 2873 2116 2928 difﬁcul-

425 2969 538 3020 tate
567 2966 942 3020 admoneatur
971 2963 1235 3016 eumdem
1260 2961 1566 3032 implorare
1579 2962 1904 3032 adjutorum
1936 2961 2114 3032 perfe-

421 3054 622 3109 ctionis
653 3069 789 3120 sum,
807 3067 978 3124 quem
1004 3049 1382 3105 inchoationis
1407 3049 1580 3104 sentit
1604 3055 1894 3104 auctorem
1923 3065 1935 3115 ;
1963 3054 2023 3102 ut
2052 3064 2116 3102 ex

426 3143 530 3197 hoc
557 3142 608 3195 ei
639 3142 738 3195 ﬁat
764 3141 1008 3207 charior,
1041 3139 1178 3193 dum
1207 3153 1321 3192 non
1375 3138 1489 3192 suis
1537 3137 1771 3206 viribus,
1819 3137 1918 3191 sed
1956 3137 2118 3208 cujus

426 3230 683 3285 bonitate
712 3230 884 3282 habet
913 3233 976 3281 ut
1002 3226 1095 3293 sit,
1137 3226 1259 3296 ejus
1277 3225 1668 3280 misericordia
1695 3225 2024 3279 sublevatur
2056 3230 2119 3278 ut

427 3319 592 3374 beata
617 3317 707 3372 sit.
741 3317 960 3380 Quanto
974 3319 1163 3368 autem
1176 3313 1492 3367 chariorilli
1518 3318 1601 3366 est
1625 3329 1658 3366 a
1687 3329 1800 3383 quo
1833 3317 1936 3379 est,
1958 3317 2116 3366 tanto

429 3407 486 3460 in
519 3422 586 3460 eo
612 3404 833 3458 ﬁrmius
862 3401 1186 3473 acquiescit,
1245 3407 1300 3454 et
1353 3405 1511 3454 tanto
1540 3400 1772 3454 uberius
1802 3401 2116 3454 aeternitate

429 3496 551 3566 ejus
579 3493 910 3564 perfruitur.
947 3491 1004 3546 Si
1034 3491 1188 3545 enim
1218 3489 1436 3544 arboris
1459 3491 1747 3544 novellum
1775 3495 1831 3545 et
1857 3491 1996 3544 rude
2010 3490 2117 3543 vir-

429 3582 652 3653 gultum
681 3580 836 3633 nullo
866 3579 1032 3632 modo
1081 3583 1230 3632 recte
1288 3577 1479 3631 sterile
1537 3577 1798 3644 dicimus,
1858 3577 2118 3648 quamvis

429 3669 644 3739 aliquot
679 3671 900 3721 (estates
929 3667 1048 3719 sine
1079 3666 1350 3720 fructibus
1381 3664 1646 3736 trajiciat,
1695 3665 1877 3718 donec
1905 3681 2116 3736 oppor-

428 3763 567 3812 tuno
600 3762 856 3826 tempore
905 3761 1200 3825 expromat
1239 3754 1588 3808 feracitatem
1618 3769 1816 3820 suam;
1850 3769 1952 3806 cur
2002 3770 2118 3808 non

429 3850 624 3900 auctor
660 3844 866 3898 anima:
925 3843 1115 3898 debita
1143 3843 1352 3913 pietate
1410 3843 1689 3908 laudetur,
1720 3841 1763 3894 si
1796 3841 1847 3895 ei
1878 3842 1988 3896 tale
2015 3843 2116 3896 tri-

429 3934 552 3988 buit
580 3933 899 3998 exordium,
931 3936 995 3985 ut
1023 3931 1302 3985 studendo
1334 3947 1396 3984 ac
1416 3930 1765 4001 proﬁciendo
1792 3930 1860 3983 ad
1893 3930 2117 4000 frugem

427 4021 721 4092 sapientiae
747 4021 1093 4091 justitiaeque
1143 4019 1454 4089 perveniat,
1489 4023 1825 4088 tantumque
1855 4017 1937 4071 illi
1968 4034 2118 4088 prie-

427 4110 568 4164 stitit
593 4109 908 4180 dignitatis,
941 4113 1002 4160 ut
1034 4108 1092 4160 in
1123 4109 1246 4178 ejus
1271 4107 1443 4160 etiam
1471 4111 1746 4176 potestate
1777 4110 2036 4176 poneret,
2070 4106 2118 4159 si

426 4199 593 4251 vellet
619 4197 685 4250 ad
716 4195 1133 4249 beatitudinem
1162 4195 1398 4248 tendere
1420 4195 1449 4247 ?

429 4285 651 4339 CAPUT
681 4285 861 4337 XXIII.
896 4312 962 4322 —-
994 4287 1068 4337 De
1113 4283 1492 4351 parvulorum'
1521 4287 1687 4336 morte
1715 4286 1765 4335 et
1791 4283 2118 4338 cruciatibus

496 4374 734 4441 corporis
789 4371 984 4438 quibus
1034 4372 1358 4439 afﬂiguntur
1389 4373 1584 4438 iniqua
1633 4375 1710 4424 est
1747 4372 2119 4439 imperitorum

497 4461 733 4530 querela.
769 4462 927 4513 Dolor
955 4460 1090 4528 quid
1118 4462 1208 4513 sit.

497 4547 748 4602 66.11uic
779 4552 970 4601 autem
1000 4547 1377 4617 disputationi
1406 4545 1575 4617 objici
1599 4545 1666 4600 ab
1715 4545 1994 4616 imperitis
2019 4562 2118 4600 so-

425 4636 502 4690 let
531 4635 794 4704 quazdam
824 4635 1107 4688 calumnia
1131 4635 1200 4689 de
1223 4634 1502 4688 mortibus
1527 4635 1918 4705 parvulorum,
1950 4638 2006 4687 et
2037 4634 2106 4688 de

427 4722 771 4793 quibusdam
799 4723 1138 4777 cruciatibus
1166 4722 1438 4793 corporis,
1473 4723 1681 4794 quibus
1711 4738 1804 4776 eos
1834 4738 1984 4793 saepe
2027 4722 2116 4776 vi-

426 4811 626 4865 demus
656 4810 850 4881 aflligi.
886 4810 1092 4866 Dicunt
1120 4811 1274 4865 enim
1308 4827 1320 4864 :
1355 4810 1503 4875 Quid
1535 4827 1678 4880 opus
1709 4815 1832 4865 erat
1852 4813 1912 4863 ut
1935 4825 2118 4865 nasce-

427 4904 603 4965 retur,
637 4899 736 4970 qui
765 4906 1073 4970 antequam
1116 4900 1291 4954 iniret
1318 4900 1503 4954 ullum
1533 4899 1664 4954 vitae
1696 4899 1985 4965 meritum,
2017 4914 2113 4953 ex-

425 4987 590 5042 cessit
609 5003 639 5042 e
667 4987 820 5042 vita?
850 4995 947 5042 aut
977 4989 1162 5058 qualis
1182 4992 1241 5043 in
1271 4988 1462 5043 futuro
1474 4987 1692 5058 judicio
1725 4986 2112 5058 deputabitur,

423 5077 515 5130 cui
544 5092 732 5148 neque
765 5077 914 5130 inter
931 5077 1114 5147 justos
1143 5078 1303 5132 locus
1333 5083 1436 5143 est,
1472 5077 1741 5148 quoniam
1774 5076 1920 5130 nihil
1965 5081 2115 5130 recte

422 5165 592 5231 fecit;
625 5179 812 5235 neque
840 5163 988 5217 inter
1035 5165 1253 5231 malos,
1296 5166 1569 5236 quoniam
1616 5163 1762 5218 nihil
1816 5164 2115 5235 peccavit?

423 5252 642 5316 Quibus
675 5252 1092 5321 respondetur:
1117 5251 1190 5306 ad
1219 5251 1605 5306 universitatis
1644 5251 2026 5321 complexum,
2054 5255 2112 5304 et

422 5340 594 5393 totius
623 5345 896 5394 creatura:
924 5341 1010 5392 vel
1034 5355 1136 5410 per
1166 5340 1317 5393 locos
1368 5340 1455 5392 vel
1485 5355 1588 5409 per
1644 5345 1904 5409 tempora
1959 5338 2112 5393 ordi-

423 5429 776 5484 natissimam
808 5430 1246 5494 connexionem,
1277 5445 1396 5483 non
1427 5446 1589 5500 posse
1620 5430 1906 5500 superﬂue
1931 5427 2112 5482 creari

422 5519 899 5589 qualemcumque
941 5519 1254 5584 hominem,
1287 5519 1387 5573 ubi
1415 5518 1616 5572 folium
1641 5518 1862 5573 arboris
1888 5518 2111 5572 nullum

423 5606 708 5676 superﬂuo
737 5612 991 5673 creatur;
1026 5608 1121 5662 sed
1149 5624 1283 5661 sane
1313 5609 1602 5678 superﬂuo
1633 5608 1814 5678 quaeri
1846 5607 1914 5660 de
1937 5606 2107 5660 meri-

1510 379 1603 434 DE
1652 378 1910 434 LIBERO
1948 376 2308 438 ARBITRIO,
2351 375 2403 430 S.
2446 371 2830 430 AUGUSTINI

3784 371 3920 424 1304

2216 495 2288 550 tis
2318 494 2438 565 ejus
2465 493 2563 566 qui
2589 491 2732 546 nihil
2763 490 3054 545 meruerit.
3089 491 3212 544 Non
3241 489 3397 544 enim
3419 490 3800 544 metuendum
3833 494 3923 543 est

2216 599 2288 637 ne
2316 582 2424 635 vita
2449 596 2569 636 esse
2603 579 2854 650 potuerit
2908 578 3098 631 media
3148 577 3410 648 quiedam
3469 577 3621 632 inter
3650 582 3802 631 recte
3833 577 3920 631 fa-

2217 676 2370 725 ctum
2403 675 2574 740 atque
2601 671 2916 738 peccatum,
2951 670 3008 720 et
3035 665 3319 720 sententia
3329 666 3538 736 judicis
3570 666 3764 720 media
3794 681 3920 719 esse

2219 775 2331 813 non
2361 757 2538 828 possit
2561 757 2711 810 inter
2736 754 3040 826 pne-nium
3071 759 3241 825 atque
3273 753 3643 825 supplicium.

2287 849 2380 900 67.
2421 846 2543 910 Quo
2575 845 2699 898 loco
2729 843 2903 898 etiam
2958 843 3100 896 illud
3143 843 3485 912 perscrutari
3538 842 3803 897 homines
3835 859 3922 896 so-

2219 937 2334 988 lent
2365 936 2780 987 sacramentum
2809 930 3077 1002 baptismi
3104 931 3309 985 Christi
3342 931 3483 1002 quid
3507 931 3760 1002 parvulis
3791 947 3923 1002 pro-

2218 1024 2308 1088 sit,
2331 1039 2462 1077 cum
2493 1039 2556 1076 eo
2587 1025 2813 1092 accepto
2841 1020 3179 1091 plerumque
3201 1019 3550 1086 moriuntur,
3579 1007 3920 1091 priusquam

2217 1129 2285 1168 ex
2315 1129 2379 1166 co
2409 1110 2723 1182 quidquam
2753 1123 3090 1179 cognoscere
3120 1107 3430 1178 potuerint.
3465 1108 3586 1172 Qua
3603 1109 3661 1162 in
3691 1125 3750 1162 re
3784 1107 3921 1162 satis

2221 1201 2308 1273 pie
2344 1205 2606 1270 recteque
2627 1199 2898 1267 creditur,
2930 1197 3195 1268 prodesse
3226 1197 3462 1267 parvulo
3493 1212 3694 1250 eorum
3745 1197 3923 1250 ﬁdem

2221 1304 2251 1341 a
2285 1287 2492 1358 quibus
2522 1285 2932 1340 consecrandus
2959 1284 3212 1338 oﬁ‘ertur.
3242 1286 3307 1338 Et
3335 1284 3442 1338 hoc
3478 1283 3734 1338 Ecclesia:
3766 1301 3922 1338 com-

2221 1377 2454 1430 mendat
2491 1374 2864 1430 saluberrima
2889 1373 3215 1442 auctoritas,
3249 1377 3311 1428 ut
3341 1389 3403 1426 ex
3434 1389 3500 1426 eo
3524 1374 3765 1444 quisque
3783 1390 3920 1427 sen-

2220 1465 2324 1520 tiat
2352 1463 2490 1536 quid
2521 1463 2627 1518 sibi
2654 1462 2835 1535 prosit
2853 1462 2992 1516 fides
3023 1461 3388 1532 sua,quando
3413 1461 3472 1514 in
3504 1462 3750 1514 aliorum
3784 1478 3925 1532 quo-

2223 1569 2332 1625 que
2359 1551 2723 1620 beneﬁcium,
2746 1549 3154 1622 quipropriam
3186 1550 3445 1603 nondum
3471 1549 3704 1616 habent,
3739 1553 3927 1619 potest

2224 1639 2407 1694 aliena
2435 1637 2784 1694 commodari
2813 1637 2958 1702 Quid
2992 1637 3146 1690 enim
3173 1635 3290 1690 ﬁlio
3321 1636 3507 1690 viduas
3537 1635 3753 1707 profuit
3783 1636 3925 1690 fides

2223 1744 2345 1795 sua,
2378 1744 2551 1798 quam
2582 1726 2776 1796 utique
2807 1730 3065 1779 mortuus
3115 1740 3233 1778 non
3262 1725 3546 1792 habebat;
3579 1723 3670 1777 cui
3730 1728 3925 1777 tamen

2223 1817 2437 1888 profuit
2458 1815 2656 1870 matris
2677 1819 2738 1868 ut
2759 1816 3120 1885 resurgeret?
3150 1814 3304 1883 (Luc.
3330 1831 3426 1880 vu,
3455 1813 3662 1883 12-15).
3695 1812 3925 1876 Quanto

2226 1922 2362 1977 ergo
2395 1905 2584 1975 potius
2610 1904 2749 1958 ﬁdes
2779 1903 2964 1957 aliena
2991 1906 3182 1973 potest
3213 1902 3504 1956 consulere
3537 1901 3802 1971 parvulo,
3833 1901 3927 1955 cui

2227 2010 2328 2048 sua
2360 1992 2598 2063 perﬁdia
2627 2008 2744 2045 non
2782 1995 2974 2062 potest
2999 1989 3322 2061 imputari?

2297 2084 2384 2135 68.
2418 2082 2496 2134 De
2527 2079 2870 2134 cruciatibus
2904 2083 3094 2132 autem
3124 2077 3398 2148 corporis,
3436 2076 3644 2148 quibus
3666 2077 3930 2148 afﬂigun-

2225 2173 2320 2224 tur
2345 2169 2588 2241 parvuli,
2622 2183 2868 2240 quorum
2899 2183 3002 2238 per
3027 2171 3254 2220 aetatem
3276 2166 3433 2220 nulla
3459 2169 3686 2236 peccata
3707 2169 3860 2233 sunt,
3882 2164 3931 2218 si

2226 2258 2433 2312 anima:
2459 2257 2667 2329 quibus
2697 2257 3044 2321 animantur,
3077 2271 3194 2308 non
3219 2255 3375 2326 prius
3397 2269 3570 2326 quam
3605 2253 3713 2324 ipsi
3740 2253 3926 2308 homi-

2225 2363 2326 2400 nes
2357 2362 2477 2400 esse
2507 2349 2820 2416 cmperunt,
2850 2344 3036 2414 major
3056 2343 3290 2414 querela
3321 2347 3375 2396 et
3405 2342 3565 2414 quasi
3593 2342 3928 2396 misericors

2229 2434 2443 2505 deponi
2474 2435 2632 2498 solet,
2677 2449 2806 2487 cum
2833 2432 3070 2486 dicitur:
3103 2431 3248 2495 Quid
3284 2430 3419 2484 mali
3451 2431 3706 2484 fecerunt
3738 2436 3800 2484 ut
3822 2431 3931 2485 ista

2225 2526 2560 2594 paterentur
2579 2523 2608 2574 ?
2635 2519 2807 2584 Quasi
2836 2518 3017 2590 possit
3046 2536 3166 2572 esse
3220 2519 3565 2572 innocentiae
3627 2519 3926 2583 meritum,

2228 2615 2536 2680 antequam
2569 2609 2811 2679 quisque
2842 2606 3058 2676 aliquid
3091 2622 3294 2659 nocere
3324 2608 3525 2676 possit.
3561 2607 3700 2660 Cum
3733 2613 3930 2660 autem

2229 2695 2366 2750 boni
2396 2694 2610 2765 aliquid
2641 2698 2911 2764 operatur
2932 2694 3078 2746 Deus
3104 2692 3161 2745 in
3193 2691 3594 2746 emendatione
3617 2693 3934 2761 majorum,

2229 2800 2358 2838 cum
2389 2784 2755 2854 parvulorum
2785 2796 3021 2834 suorum
3067 2780 3167 2851 qui
3197 2781 3278 2833 eis
3329 2779 3491 2834 chari
3521 2784 3672 2846 sunt,
3714 2781 3933 2834 dolori-

2227 2873 2332 2927 bus
2387 2888 2452 2926 ac
2501 2870 2784 2925 mortibus
2832 2870 3233 2940 ﬂagellantur;
3285 2884 3386 2922 cur
3445 2869 3522 2922 ita
3589 2885 3702 2923 non
3764 2869 3934 2938 ﬁant,

2227 2960 2454 3031 quando
2483 2975 2612 3013 cum
2643 2958 2992 3024 transierint,
3023 2973 3129 3028 pro
3162 2972 3276 3010 non
3307 2956 3465 3010 factis
3488 2961 3676 3022 erunt,
3711 2956 3770 3010 in
3803 2959 3933 3029 qui-

2227 3048 2334 3102 bus
2363 3047 2507 3102 facta
2531 3051 2664 3101 sunt
2691 3060 2703 3102 :
2738 3050 2972 3118 propter
3028 3061 3169 3116 quos
3227 3050 3420 3099 autem
3449 3045 3593 3099 facta
3624 3049 3776 3112 sunt,
3831 3050 3934 3100 aut

2227 3136 2494 3191 meliores
2526 3139 2712 3202 erunt,
2745 3133 2792 3188 si
2843 3133 3253 3204 temporalibus
3303 3133 3682 3188 incommodis
3730 3150 3931 3189 emen-

2229 3225 2362 3288 dati,
2398 3224 2608 3278 rectius
2665 3221 2943 3292 elegerint
2997 3222 3204 3289 vivere,
3255 3227 3351 3276 aut
3402 3223 3824 3276 excusationem
3870 3223 3934 3278 in

2226 3312 2406 3367 futuri
2452 3311 2655 3382 judicii
2685 3310 2962 3381 supplicio
2997 3327 3115 3364 non
3144 3311 3454 3377 habebunt,
3506 3310 3553 3364 si
3596 3311 3726 3365 vitae
3753 3312 3934 3383 hujus

2229 3400 2536 3472 angoribus
2567 3400 2638 3454 ad
2669 3405 2941 3453 aeternam
2973 3399 3144 3453 vitam
3192 3399 3540 3454 desiderium
3591 3406 3932 3455 convertere

2228 3487 2561 3542 noluerint?
2586 3487 2721 3552 Quis
2746 3499 2937 3542 autem
2950 3487 3107 3541 novit
3134 3488 3271 3558 quid
3284 3489 3556 3559 parvulis,
3580 3489 3647 3543 de
3671 3505 3928 3560 quorum

2225 3576 2567 3631 cruciatibus
2597 3576 2804 3631 duritia
2834 3578 3115 3648 majorum
3142 3577 3532 3646 contunditur,
3579 3583 3679 3631 aut
3707 3594 3937 3633 exerce-

2225 3670 2320 3719 tur
2348 3665 2489 3719 ﬁdes
2519 3669 2617 3719 aut
2647 3664 3032 3720 misericordia
3084 3665 3394 3735 probatur;
3427 3667 3555 3737 quis
3585 3682 3721 3736 ergo
3768 3667 3937 3722 novit

2227 3753 2367 3825 quid
2398 3753 2535 3824 ipsis
2565 3754 2816 3824 parvulis
2846 3754 2906 3808 in
2935 3759 3148 3808 secreto
3179 3754 3527 3824 judiciorum
3556 3771 3792 3809 suorum
3824 3756 3927 3810 bo-

2228 3859 2317 3896 na:
2339 3842 2816 3912 compensationis
2837 3847 3084 3896 reservet
3107 3844 3274 3909 Deus,
3298 3844 3397 3915 qui
3419 3860 3748 3914 quanquam
3782 3845 3934 3900 nihil

2226 3935 2378 3985 recte
2407 3930 2664 3998 fecerint,
2696 3935 2890 3985 tamen
2922 3947 3025 3984 nec
3065 3937 3360 4001 peccantes
3417 3933 3634 4002 aliquid
3667 3933 3774 3987 ista
3803 3950 3936 4005 per-

2224 4019 2376 4089 pessi
2406 4020 2584 4072 sunt?
2607 4020 2729 4073 Non
2761 4018 2915 4072 enim
2945 4019 3155 4073 frustra
3183 4019 3355 4073 ctiam
3381 4019 3630 4074 infantes
3652 4019 3928 4092 illos,qui

2228 4125 2358 4162 cum
2389 4108 2662 4163 Dominus
2715 4110 2876 4163 Jesus
2931 4108 3186 4163 Christus
3234 4109 3524 4162 necandus
3581 4109 3652 4163 ad
3707 4109 3934 4165 Herode

2138 4205 2148 4215 '
2227 4201 2597 4267 quaereretur,
2646 4196 2812 4251 occisi
2869 4202 3002 4251 sunt
3051 4197 3263 4265 (Matth.
3301 4214 3359 4262 ιι,
3400 4199 3504 4266 16),
3559 4197 3616 4250 in
3647 4197 3930 4252 honorem

2228 4291 2545 4356 martyrum
2576 4290 2834 4355 receptos
2863 4286 3228 4340 commendat
3250 4286 3490 4340 Ecclesia
3522 4287 3622 4356 (α).

2299 4378 2386 4429 69.
2417 4374 2753 4445 Quanquam
2787 4373 2879 4428 isti
2903 4374 3265 4440 calumniosi,
3322 4379 3378 4429 et
3407 4375 3608 4428 talium
3649 4375 3928 4445 quaestio-

2228 4477 2368 4516 num
2398 4479 2515 4516 non
2538 4462 3389 4530 studiosissimiexaminatores,
3415 4463 3513 4516 sed
3540 4463 3933 4534 loquacissimi

2222 4551 2597 4610 ventilatores,
2629 4551 2800 4605 etiam
2832 4552 2901 4606 de
2928 4567 3199 4622 pecorum
3219 4551 3510 4605 doloribus
3543 4555 3599 4604 et
3628 4551 3928 4607 laboribus

2227 4639 2412 4692 solent
2442 4637 2632 4693 minus
2688 4639 3043 4694 eruditorum
3092 4638 3394 4693 sollicitare
3423 4637 3616 4704 tidem,
3676 4656 3812 4696 cum
3843 4642 3929 4696 di-

2225 4726 2582 4790 cuntzQuid
2643 4727 2818 4781 etiam
2869 4743 3077 4799 pecora
3128 4727 3212 4780 vel
3254 4732 3591 4781 meruerunt
3646 4728 3800 4793 mali,
3868 4735 3932 4783 ut

2224 4818 2380 4867 tanta
2408 4813 2704 4884 patiantur
2735 4814 3116 4881 incommoda,
3148 4816 3233 4867 vel
3291 4820 3520 4882 sperant
3578 4817 3735 4883 boni,
3788 4818 3929 4888 quia

2223 4900 2394 4954 tantis
2427 4908 2760 4957 exercentur
2806 4900 3230 4956 incommodis?
3256 4902 3362 4956 Sed
3419 4903 3542 4956 haec
3580 4903 3778 4958 dicunt
3835 4906 3926 4960 vel

2224 4988 2498 5057 sentiunt,
2532 4990 2667 5061 quia
2716 4989 3072 5060 iniquissime
3099 4990 3168 5044 de
3222 4991 3390 5045 rebus
3421 4990 3767 5060 existimant,
3819 4993 3926 5063 qui

2223 5092 2353 5130 cum
2386 5093 2673 5131 summum
2703 5079 2919 5132 bonum
2949 5078 3104 5149 quod
3157 5084 3213 5133 et
3239 5084 3520 5151 quantum
3563 5081 3636 5134 sit
3665 5080 3924 5149 aspicere

2223 5171 2532 5235 nequeant,
2565 5166 2701 5220 talia
2725 5167 2923 5220 volunt
2956 5182 3075 5220 esse
3103 5168 3314 5232 omnia,
3374 5169 3540 5239 quale
3569 5173 3778 5238 putant
3799 5186 3926 5224 esse

2221 5269 2510 5308 summum
2528 5255 2781 5309 bonum:
2815 5260 3022 5326 praeter
3065 5257 3220 5310 enim
3274 5272 3496 5310 summa
3524 5271 3760 5326 corpora
3790 5274 3925 5328 qua:

2221 5341 2468 5395 caelestia
2491 5347 2643 5408 sunt,
2677 5342 2982 5414 minusque
3007 5343 3337 5414 corruptoni
3395 5344 3709 5413 subjacent,
3763 5361 3923 5399 sum-

2222 5444 2380 5483 mum
2411 5430 2625 5484 bonum
2654 5431 2904 5502 cogitare
2965 5447 3082 5486 non
3120 5435 3387 5502 possunt;
3421 5432 3664 5503 ideoque
3696 5433 3921 5488 inordi-

2290 5618 2363 5677 (α)
2387 5615 2501 5663 Vid.
2525 5615 2684 5677 Epist.
2719 5620 2821 5675 166,
2847 5621 2911 5666 ad
2937 5617 3168 5675 Hierom,
3201 5631 3252 5666 u.
3280 5619 3355 5667 18.
