4074 6374
246 372 380 424 1305

237 493 534 548 natissime
566 493 846 564 flagitant,
875 499 937 548 ut
991 510 1094 548 nec
1137 500 1380 549 mortem
1409 511 1511 549 nec
1539 494 1712 548 ullam
1746 511 1936 549 corru-

237 583 495 653 ptionem
525 583 818 653 patiantur
848 600 1085 653 corpora
1119 583 1451 653 bestiarum,
1483 584 1646 654 quasi
1679 600 1794 638 non
1825 583 1940 637 sint

236 672 525 738 mortalia,
576 687 706 725 cum
739 670 852 724 sint
890 671 1123 740 infima;
1157 677 1255 725 aut
1283 671 1412 727 ideo
1444 673 1592 725 mala
1637 671 1772 737 sint,
1803 671 1938 742 quia

236 765 372 815 sunt
399 761 648 815 coelestia
680 761 934 814 meliora.
975 763 1144 815 Dolor
1173 766 1364 815 autem
1394 778 1564 832 quem
1596 761 1791 815 bestiae
1814 778 1937 814 sen-

235 849 408 917 tiunt,
442 848 767 903 animarum
797 849 968 903 etiam
1008 849 1335 902 bestialium
1365 849 1477 902 vim
1517 849 1828 921 quamdam
1875 848 1934 901 in

233 956 337 992 suo
385 954 596 1009 genere
663 938 987 992 mirabilem
1036 939 1503 1010 laudabilemque
1551 937 1930 992 commendat.

235 1029 351 1081 Hoc
369 1027 490 1098 ipso
514 1027 667 1080 enim
687 1026 818 1079 satis
850 1030 1086 1097 apparet
1112 1027 1171 1079 in
1207 1026 1470 1097 regendis
1501 1025 1935 1094 animandisque

230 1114 348 1168 suis
378 1115 728 1186 corporibus,
762 1131 935 1185 quam
969 1114 1084 1169 sint
1124 1119 1456 1186 appetentes
1505 1115 1753 1168 unitatis.
1789 1113 1930 1178 Quid

231 1207 317 1258 est
360 1203 512 1257 enim
543 1202 699 1258 aliud
749 1203 929 1268 dolor,
982 1203 1092 1256 nisi
1122 1203 1356 1274 quidam
1385 1220 1584 1257 sensus
1641 1203 1932 1257 divisionis

231 1291 320 1345 vel
347 1290 728 1362 corruptionis
760 1290 1108 1361 impatiens?
1156 1291 1312 1346 Unde
1348 1291 1472 1345 luce
1519 1290 1725 1345 clarius
1755 1307 1931 1362 appa-

230 1384 319 1432 ret
343 1395 515 1450 quam
549 1379 622 1432 sit
650 1378 747 1433 illa
777 1379 973 1432 anima
1019 1379 1079 1432 in
1131 1378 1219 1431 sui
1266 1379 1521 1449 corporis
1564 1381 1932 1434 universitate

229 1466 398 1520 avida
444 1466 678 1520 unitatis
708 1472 763 1521 et
803 1472 995 1534 tenax,
1024 1481 1152 1537 quae
1184 1482 1287 1520 nec
1320 1466 1583 1530 libenter,
1624 1483 1730 1520 nec
1759 1467 1930 1521 indif-

227 1555 498 1622 ferenter,
533 1557 630 1609 sed
658 1554 849 1625 potius
877 1555 1187 1609 renitenter
1213 1561 1269 1610 et
1298 1556 1643 1609 reluctanter
1685 1555 1931 1610 intendi-

228 1647 326 1697 tur
355 1644 413 1699 in
445 1659 570 1697 eam
599 1643 920 1714 passionem
952 1644 1209 1714 corporis
1235 1643 1342 1710 sui,
1377 1645 1623 1714 quaejus
1653 1645 1931 1698 unitatem

227 1737 402 1802 atque
441 1731 830 1802 integritatem
887 1731 1214 1785 labefactari
1245 1733 1486 1786 moleste
1529 1732 1751 1802 accipit.
1808 1734 1932 1786 Non

227 1837 367 1890 ergo
400 1825 704 1891 appareret
733 1825 982 1891 quantus
1014 1819 1380 1874 inferioribus
1408 1820 1684 1874 creaturis
1714 1821 1930 1874 anima-

225 1910 376 1963 libus
406 1915 551 1963 esset
602 1909 888 1979 appetitus
929 1908 1187 1977 unitatis,
1230 1910 1337 1963 nisi
1371 1910 1566 1964 dolore
1595 1909 1925 1964 bestiarum.

224 1997 387 2061 Quod
417 1997 464 2050 si
498 2013 612 2050 non
640 2002 960 2067 appareret,
983 1997 1174 2051 minus
1197 2014 1371 2068 quam
1398 2015 1540 2068 opus
1559 2003 1705 2051 esset
1725 2000 1926 2052 admo-

225 2102 499 2140 neremur
527 2087 596 2140 ab
621 2085 718 2140 illa
748 2102 970 2139 summa
990 2090 1045 2140 et
1067 2086 1298 2140 sublimi
1328 2091 1384 2140 et
1405 2087 1678 2141 inetl‘abili
1709 2087 1928 2141 unitate

224 2174 511 2229 Creatoris
543 2190 661 2228 esse
697 2173 890 2228 omnia
928 2173 1035 2228 ista
1064 2174 1392 2228 constituta.

297 2266 388 2318 70.
426 2265 492 2318 Et
516 2279 714 2318 revera
743 2263 788 2316 si
819 2263 912 2332 pie
970 2279 1034 2317 ac
1080 2263 1382 2334 diligenter
1425 2263 1704 2331 attendas,
1741 2265 1927 2319 omnis

223 2356 502 2405 creaturae
529 2352 744 2422 species
771 2357 828 2406 et
852 2357 1038 2406 motus
1069 2352 1169 2422 qui
1189 2353 1250 2406 in
1275 2351 1454 2406 animi
1482 2353 1723 2407 humani
1748 2353 1926 2407 consi-

222 2441 584 2494 derationem
617 2441 764 2494 cadit
795 2484 807 2508 ,
837 2440 1216 2494 eruditionem
1245 2447 1499 2495 nostram
1525 2442 1804 2512 loquitur,
1838 2443 1924 2496 di-

223 2529 404 2584 versis
451 2530 701 2583 motibus
758 2535 816 2584 et
862 2529 1276 2596 affectionibus,
1321 2530 1484 2601 quasi
1516 2531 1765 2601 quadam
1823 2549 1925 2586 va—

223 2620 425 2672 rietate
457 2619 804 2688 linguarum,
845 2617 1100 2688 undique
1138 2619 1388 2672 clamans
1417 2624 1587 2691 atque
1626 2620 1926 2692 increpans

221 2707 684 2777 cognoscendum
740 2722 859 2759 esse
905 2706 1246 2761 Creatorem.
1296 2708 1463 2761 Nulla
1507 2708 1660 2762 enim
1714 2723 1802 2761 res
1843 2712 1927 2762 est

223 2811 425 2851 earum
457 2811 586 2866 quia
627 2812 728 2849 nec
783 2795 1036 2849 dolorem
1095 2812 1197 2848 nec
1245 2797 1595 2866 voluptatem
1645 2797 1920 2862 sentiunt,

223 2900 356 2955 quae
387 2899 504 2937 non
534 2881 729 2952 aliqua
758 2881 975 2936 unitate
1029 2884 1196 2936 decus
1239 2883 1460 2953 proprii
1500 2884 1726 2953 generis
1772 2901 1922 2938 asse-
1959 2940 1978 2955 ν

224 2977 456 3042 quatur,
487 2972 575 3024 vel
605 2970 840 3024 omnino
877 2975 1098 3024 naturas
1139 2987 1257 3025 sum
1294 2973 1771 3043 qualemcumque
1810 2978 1922 3027 sta-

223 3061 532 3116 bilitatem.
576 3059 740 3113 Nulla
769 3059 909 3113 item
938 3075 1027 3112 res
1057 3065 1144 3114 est
1177 3075 1373 3114 earum
1407 3077 1534 3132 quae
1582 3062 1668 3115 vel
1716 3062 1924 3116 doloris

225 3149 531 3212 molestias,
566 3149 655 3202 vel
683 3148 986 3202 blanditias
1014 3149 1269 3202 sentiunt
1298 3150 1620 3220 voluptatis,
1653 3167 1782 3220 qua:
1808 3168 1923 3205 non

223 3253 293 3291 eo
333 3237 456 3306 ipso
487 3253 597 3308 quo
620 3236 874 3290 dolorem
903 3237 1071 3308 fugit,
1096 3239 1561 3310 voluptatemque
1583 3241 1818 3310 appetit,
1836 3240 1920 3293 di-

222 3325 606 3396 remptionem
631 3341 688 3378 se
727 3325 946 3394 fugere,
991 3324 1384 3397 unitatemque
1416 3331 1703 3398 appetere,
1744 3329 1920 3382 fatea-

222 3421 336 3470 tur.
371 3417 550 3485 Inque
581 3414 718 3484 ipsis
752 3413 1122 3468 rationalibus
1154 3414 1358 3468 a'nimis
1402 3414 1588 3468 omnis
1629 3415 1920 3486 appetitus

219 3503 562 3575 cognitionis
593 3519 705 3574 qua
729 3502 825 3556 illa
855 3503 1316 3569 naturalaatatur,
1352 3505 1407 3556 et
1429 3503 1500 3557 ad
1530 3503 1808 3558 unitatem
1830 3520 1918 3558 re-

217 3592 329 3646 fert
357 3607 525 3645 omne
548 3591 701 3662 quod
730 3591 994 3661 percipit,
1027 3595 1086 3644 et
1119 3590 1176 3643 in
1204 3606 1394 3644 errore
1417 3591 1564 3644 nihil
1589 3592 1736 3662 fugit
1764 3592 1919 3646 aliud

217 3696 393 3750 quam
415 3677 986 3750 incomprehensibili
1016 3677 1388 3747 ambiguitate
1421 3679 1710 3733 confundi.
1738 3680 1917 3734 Omne

217 3774 408 3823 autem
427 3768 762 3839 ambiguum
791 3767 946 3822 unde
968 3768 1274 3821 molestum
1292 3772 1394 3833 est,
1423 3767 1533 3821 nisi
1550 3768 1686 3839 quia
1705 3774 1936 3824 certam”

217 3873 332 3910 non
349 3857 520 3910 habet
547 3855 828 3909 unitatem
851 3855 877 3908 ?
905 3856 976 3908 Ex
999 3871 1110 3924 quo
1133 3860 1372 3925 apparet
1403 3855 1616 3922 omnia,
1651 3855 1765 3912 sive
1786 3873 1916 3910 cum

216 3945 517 4000 otl‘endunt
545 3945 629 3998 vel
660 3944 1047 4009 offenduntur,
1081 3943 1196 3996 sive
1228 3959 1358 3996 cum
1389 3943 1673 3998 delectant
1701 3945 1792 3999 vel
1819 3946 1916 4000 de—

217 4035 513 4100 lectantur,
550 4033 824 4086 unitatem
851 4031 1145 4085 insinuare
1176 4035 1345 4102 atque
1388 4032 1700 4102 praedicare
1743 4034 1912 4089 Crea-

214 4121 375 4178 toris.
408 4122 464 4176 Si
486 4128 675 4176 autem
704 4120 1028 4193 ignorantia
1047 4125 1105 4175 et
1125 4120 1451 4190 difficultas,
1471 4137 1502 4174 a
1523 4122 1729 4192 quibus
1745 4121 1913 4177 istam

214 4211 387 4266 vitam
418 4226 644 4265 necesse
675 4217 760 4264 est
780 4210 1052 4280 incipere,
1086 4225 1205 4262 non
1223 4214 1358 4262 sunt
1374 4209 1580 4262 animis
1600 4213 1908 4278 naturales;

215 4305 390 4354 restat
419 4304 479 4354 ut
512 4307 611 4354 aut
641 4298 825 4353 officio
857 4301 1132 4368 suscepta:
1165 4296 1296 4366 sint,
1339 4301 1436 4351 aut
1465 4297 1730 4368 irrogata:
1779 4315 1913 4369 sup-

214 4388 402 4460 plicio.
460 4389 536 4442 De
592 4387 800 4459 quibus
852 4387 973 4457 jam
1035 4385 1170 4440 satis
1237 4401 1358 4440 esse
1416 4386 1661 4441 arbitror
1717 4387 1911 4458 dispu-

215 4483 395 4532 tatum
407 4518 419 4531 .
1155 4465 1160 4468 ’

211 4566 432 4620 CAPUT
461 4565 635 4619 XXIV.
670 4593 738 4604 -—
785 4565 1001 4618 Primus
1033 4565 1186 4618 homo
1215 4578 1322 4617 non
1377 4566 1646 4633 insipiens
1697 4571 1908 4621 creatus

423 4658 519 4722 est,
570 4653 664 4708 sed
706 4655 990 4722 sapientiae
1026 4667 1205 4721 capax
1257 4653 1508 4707 Stultitia
1540 4654 1696 4723 quid.

279 4746 369 4796 7t.
401 4743 760 4812 Quapropter
785 4740 906 4811 ipse
935 4739 1154 4810 primus
1182 4740 1357 4794 homo
1390 4741 1574 4810 qualis
1605 4741 1783 4794 factus
1816 4741 1905 4806 sit,

213 4830 394 4901 magis
420 4830 794 4901 quaerendum
825 4833 928 4895 est,
957 4845 1131 4899 quam
1158 4829 1450 4898 quomodo
1465 4829 1590 4897 ejus
1613 4829 1910 4898 posteritas

212 4925 525 4991 propagata
548 4919 634 4972 sit.
656 4919 892 4972 Multum
907 4917 1063 4971 enim
1089 4916 1195 4971 sibi
1225 4917 1492 4971 videntur
1517 4922 1680 4970 acute
1707 4934 1908 4988 propo-

211 5025 347 5064 nere
382 5007 759 5079 quaestionem
812 5006 912 5077 qui
945 5006 1176 5061 dicunt:
1226 5005 1281 5060 Si
1323 5004 1549 5075 sapiens
1597 5007 1778 5060 factus
1827 5011 1909 5060 est

212 5098 431 5169 primus
456 5097 651 5164 homo,
685 5111 786 5148 cur
814 5095 1081 5148 seductus
1107 5093 1242 5149 est?
1272 5095 1319 5148 si
1349 5100 1542 5148 autem
1573 5095 1780 5149 stultus
1821 5095 1904 5148 fa-

211 5191 332 5241 ctus
363 5192 468 5254 est,
498 5184 788 5256 quomodo
819 5200 934 5238 non
957 5189 1040 5237 est
1067 5185 1212 5238 Deus
1240 5187 1435 5238 auctor
1465 5182 1753 5250 vitiorum,
1776 5199 1906 5237 cum

209 5275 283 5329 sit
309 5273 549 5329 stultitia
575 5273 891 5328 maximum
917 5272 1119 5327 vitium
1142 5273 1170 5328 ?
1197 5273 1368 5338 Quasi
1398 5289 1530 5327 vero
1563 5275 1767 5327 natura
1807 5272 1906 5326 hu-

211 5379 380 5418 mana
407 5367 612 5434 praeter
633 5363 930 5417 stultitiam
959 5366 1015 5416 et
1043 5361 1381 5432 sapientiam
1412 5363 1630 5416 nullam
1658 5361 1902 5415 mediam

208 5447 448 5519 recipiat
471 5448 851 5515 affectionem,
893 5465 1022 5520 qum
1056 5465 1160 5501 nec
1203 5448 1461 5514 stultitia,
1495 5465 1597 5502 nec
1627 5447 1904 5518 sapientia

211 5537 319 5593 dici
344 5538 544 5609 possit.
583 5539 738 5593 Tunc
769 5536 924 5592 enim
977 5537 1150 5591 homo
1182 5536 1382 5608 incipit
1409 5541 1508 5592 aut
1545 5537 1751 5592 stultus
1782 5551 1902 5590 esse

210 5631 311 5682 aut
344 5627 590 5699 sapiens,
620 5632 686 5682 ut
709 5629 954 5683 alterum
981 5626 1189 5681 horum
1219 5627 1535 5684 necessario
1567 5628 1903 5701 appelletur,

1689 371 1900 426 LIBER
1941 370 2264 427 TERTIUS.

3612 376 3628 425 1
3643 374 3745 426 306

2049 511 2179 548 cum
2205 496 2327 565 jam
2358 499 2567 565 posset,
2600 495 2708 548 nisi
2753 495 3089 564 negligeret,
3142 494 3352 547 habere
3384 493 3742 564 sapientiam,

2045 588 2112 637 ut
2133 583 2350 637 vitiosae
2379 583 2635 637 stultitiae
2667 583 2741 637 sit
2771 584 3034 636 voluntas
3071 598 3187 637 rea.
3223 584 3346 636 Non
3389 582 3542 636 enim
3589 584 3743 653 quis-

2046 687 2218 742 quam
2245 671 2320 724 ita
2351 670 2576 740 desipit,
2600 674 2664 724 ut
2686 672 2922 725 stultum
2951 671 3518 741 appelletinfantem,
3549 687 3744 740 quam-

2044 760 2127 813 vis
2157 760 2230 814 sit
2260 759 2560 814 absurdior
2580 759 2626 812 si
2658 760 2794 813 velit
2821 761 3109 830 appellare
3139 759 3478 830 sapientem.
3516 759 3584 812 Ut
3606 773 3743 826 ergo

2044 848 2230 902 infans
2288 863 2391 902 nec
2423 849 2626 901 stultus
2671 864 2776 901 nec
2805 848 3030 918 sapiens
3079 849 3188 902 dici
3231 851 3434 918 potest,
3483 848 3742 917 quamvis

2037 938 2158 1008 jam
2186 938 2360 992 homo
2390 936 2496 1004 sit;
2531 951 2600 990 ex
2631 952 2743 1006 quo
2773 942 3010 1006 apparet
3039 940 3302 990 naturam
3332 934 3581 989 hominis
3600 934 3742 988 reci-

2041 1041 2178 1095 pere
2208 1025 2427 1095 aliquid
2457 1023 2734 1089 medium,
2766 1025 2918 1093 quod
2957 1040 3142 1093 neque
3186 1023 3506 1089 stultitiam,
3549 1039 3739 1093 neque

2043 1113 2384 1184 sapientiam
2412 1117 2563 1167 recte
2591 1112 2878 1166 vocaveris
2902 1128 2914 1164 :
2935 1113 3014 1164 ita
3037 1111 3206 1166 etiam
3223 1112 3269 1165 si
3301 1112 3604 1183 quisquam
3636 1112 3738 1166 tali

2042 1203 2338 1256 affectione
2367 1201 2653 1256 animatus
2685 1206 2852 1268 esset,
2897 1201 3126 1271 qualem
3155 1201 3366 1254 habent
3390 1201 3474 1255 illi
3499 1201 3597 1271 qui
3634 1215 3737 1269 per

2041 1291 2450 1362 negligentiam
2480 1290 2756 1360 sapientia
2781 1292 2993 1355 carent,
3021 1304 3191 1342 nemo
3222 1305 3353 1343 eum
3384 1290 3622 1343 stultum
3649 1304 3737 1342 re-

2041 1385 2127 1432 cte
2158 1380 2366 1433 diceret
2395 1395 2567 1449 quem
2597 1395 2712 1432 non
2741 1377 2898 1443 vitio,
2924 1377 3023 1432 sed
3064 1382 3266 1430 natura
3296 1378 3466 1431 talem
3497 1377 3732 1431 videret.

2043 1469 2133 1521 Est
2153 1467 2305 1520 enim
2328 1468 2586 1532 stultitia,
2611 1483 2805 1520 rerum
2828 1466 3274 1536 appetendarum
3300 1470 3355 1518 et
3374 1465 3731 1519 vitandarum

2040 1572 2155 1610 non
2186 1557 2475 1626 quaslibet,
2507 1557 2606 1610 sed
2631 1555 2827 1609 vitiosa
2849 1555 3192 1625 ignorantia.
3219 1555 3375 1608 Unde
3409 1569 3593 1624 neque
3615 1554 3734 1607 ani-

2041 1646 2153 1698 mal
2173 1645 2502 1699 lrrationale
2532 1646 2770 1698 stultum
2803 1644 3062 1712 dicimus,
3087 1643 3223 1714 quia
3269 1659 3387 1696 non
3431 1642 3646 1713 accepit
3677 1647 3739 1696 ut

2039 1734 2264 1804 sapiens
2294 1749 2412 1787 esse
2443 1738 2650 1802 posset.
2682 1734 3049 1803 Appellamus
3078 1737 3269 1785 tamen
3296 1732 3636 1801 plerumque
3667 1748 3734 1784 ex

2039 1822 2412 1876 similitudine
2443 1821 2659 1892 aliquid
2687 1837 2798 1874 non
2830 1820 3082 1890 proprie.
3119 1820 3258 1873 Nam
3281 1824 3338 1872 et
3352 1819 3575 1872 caecitas
3604 1835 3733 1872 cum

2040 1911 2352 1965 maximum
2381 1911 2581 1964 vitium
2611 1910 2681 1963 sit
2720 1910 3042 1978 oculorum,
3074 1925 3186 1962 non
3216 1912 3410 1961 tamen
3441 1907 3502 1960 in
3531 1907 3734 1960 catulis

2039 1999 2402 2054 nascentibus
2427 1999 2628 2052 vitium
2643 2002 2741 2060 est,
2765 2013 2866 2051 nec
2895 1998 3123 2067 proprie
3146 1996 3368 2050 caecitas
3389 1995 3500 2050 dici
3521 2001 3730 2065 potest.

2105 2091 2195 2141 72.
2229 2087 2283 2141 Si
2307 2103 2443 2157 ergo
2473 2087 2550 2140 ita
2571 2086 2750 2140 factus
2780 2093 2866 2140 est
2895 2087 3091 2146 homo,
3117 2091 3178 2139 ut
3215 2085 3474 2156 quamvis
3505 2085 3734 2155 sapiens

2036 2176 2297 2230 nondum
2347 2180 2512 2242 esset,
2573 2179 2921 2246 praeceptum
2984 2180 3176 2228 tamen
3230 2179 3421 2245 posset
3452 2173 3729 2243 accipere,

2037 2264 2128 2318 cui
2160 2263 2355 2335 utique
2386 2265 2780 2334 obtemperare
2813 2264 3076 2324 deberet;
3121 2279 3224 2317 nec
3270 2262 3414 2318 illud
3451 2263 3574 2332 jam
3623 2261 3729 2314 mi-

2035 2369 2166 2406 rum
2225 2358 2308 2406 est
2345 2353 2497 2422 quod
2562 2352 2756 2406 seduci
2799 2351 3020 2422 potuit;
3081 2367 3184 2404 nec
3231 2351 3375 2406 illud
3425 2349 3728 2420 injustum,

2036 2441 2189 2511 quod
2218 2446 2505 2510 praecepto
2555 2456 2670 2494 non
2726 2441 3125 2510 obtemperans
3181 2455 3379 2510 poenas
3432 2439 3568 2504 luit;
3628 2454 3734 2492 nec

2036 2530 2267 2583 Creator
2298 2531 2419 2600 ejus
2447 2535 2645 2583 auctor
2672 2529 2937 2582 vitiorum
2969 2532 3070 2593 est,
3104 2527 3238 2599 quia
3268 2543 3386 2581 non
3415 2527 3624 2581 habere
3651 2541 3732 2579 sa-

2034 2617 2332 2687 pientiam,
2356 2617 2612 2671 nondum
2638 2623 2759 2671 erat
2799 2617 2995 2671 vitium
3018 2617 3286 2679 hominis,
3322 2616 3368 2669 si
3396 2616 3651 2670 nondum
3670 2619 3734 2669 ut

2033 2706 2243 2760 habere
2273 2711 2486 2776 posset,
2522 2713 2835 2776 acceperat.
2871 2706 2978 2759 Sed
3011 2711 3204 2759 tamen
3237 2706 3483 2759 habebat
3512 2704 3731 2774 aliquid

2033 2811 2147 2864 quo
2179 2794 2225 2846 si
2255 2795 2396 2848 bene
2421 2795 2508 2848 uti
2535 2795 2723 2858 vellet,
2757 2795 2824 2848 ad
2858 2793 2916 2848 id
2943 2795 3092 2864 quod
3125 2810 3240 2847 non
3268 2794 3512 2847 habebat
3542 2809 3731 2846 ascen-

2033 2883 2210 2936 deret.
2236 2882 2403 2936 Aliud
2434 2888 2516 2936 est
2545 2883 2699 2936 enim
2731 2899 2848 2936 esse
2899 2883 3257 2944 rationalem,
3293 2881 3446 2934 aliud
3478 2897 3598 2934 esse
3643 2898 3729 2934 sa-

2032 2971 2307 3040 pientem.
2342 2971 2656 3024 ltationetit
2676 2970 2916 3041 quisque
2947 2970 3221 3040 praecepti
3238 2985 3430 3040 capax,
3454 2969 3544 3022 cui
3556 2969 3728 3022 fidem

2033 3059 2220 3126 debet,
2248 3064 2312 3113 ut
2340 3060 2492 3130 quod
2525 3058 2875 3130 praecipitur,
2909 3058 3094 3112 faciat.
3127 3058 3280 3112 Sicut
3311 3062 3502 3112 autem
3524 3062 3729 3111 natura

2031 3149 2271 3202 rationis
2289 3152 2643 3219 przeceptum
2673 3147 2844 3218 capit,
2871 3147 2950 3201 sic
2981 3146 3252 3218 praecepti
3283 3145 3602 3200 observatio
3645 3161 3729 3198 sa-

2029 3236 2328 3306 pientiam.
2357 3237 2520 3300 Quod
2554 3240 2639 3290 est
2668 3240 2858 3290 autem
2884 3241 3087 3289 natura
3116 3235 3188 3289 ad
3217 3234 3560 3305 capiendum
3590 3250 3730 3304 pra:-

2029 3329 2278 3396 ceptum,
2310 3325 2418 3380 hoc
2455 3329 2539 3380 est
2587 3325 2851 3378 voluntas
2891 3325 2961 3378 ad
3007 3324 3450 3379 observandum.
3489 3325 3553 3377 Et
3583 3323 3729 3376 sicut

2029 3413 2325 3468 rationalis
2355 3418 2557 3467 natura
2575 3417 2850 3485 tanquam
2881 3412 3152 3466 meritum
3181 3416 3264 3466 est
3285 3411 3554 3482 praecepti
3581 3411 3728 3464 acci—

2028 3503 2340 3573 pieudi,sic
2368 3503 2642 3573 praecepti
2655 3501 2972 3556 observatio
2993 3501 3262 3556 meritum
3282 3505 3367 3555 est
3384 3499 3727 3571 accipiendae

2030 3608 2088 3644 sa
2093 3592 2441 3660 pientim.'Ex
2456 3608 2569 3662 quo
2591 3598 2779 3645 autem
2797 3590 2996 3661 incipit
3014 3591 3187 3644 homo
3201 3589 3472 3660 praecepti
3489 3605 3611 3643 esse
3631 3605 3726 3643 ca-

2027 3695 2156 3749 pax,
2187 3695 2250 3732 ex
2274 3679 2371 3732 illo
2390 3678 2762 3748 incipitposse
2788 3694 3042 3748 peccare.
3080 3679 3309 3732 Duobus
3339 3681 3528 3732 autem
3547 3677 3728 3731 modis

2024 3771 2221 3835 peccat
2250 3772 2560 3836 antequam
2580 3767 2679 3820 fiat
2705 3765 2962 3836 sapiens;
2991 3767 3037 3820 si
3057 3769 3156 3820 aut
3175 3783 3234 3820 se
3264 3782 3380 3820 non
3409 3781 3726 3820 accommo-

2027 3854 2123 3908 det
2141 3853 2213 3908 ad
2245 3853 2640 3922 accipiendum
2653 3860 3023 3924 praeceptum,
3045 3857 3146 3907 aut
3164 3869 3294 3907 cum
3312 3853 3593 3923 acceperit
3609 3869 3726 3906 non

2026 3943 2300 3997 observet.
2317 3942 2552 4012 Sapiens
2573 3947 2766 3996 autem
2794 3946 3007 4011 peccat,
3025 3941 3140 3994 sise
3171 3940 3724 4012 averteritasapien-

2024 4032 2121 4086 tia.
2156 4031 2312 4085 Sicut
2331 4030 2485 4084 enim
2514 4036 2864 4101 praeceptum
2883 4047 3000 4084 non
3027 4034 3111 4084 est
3139 4030 3208 4084 ab
3229 4030 3327 4084 illo
3350 4031 3442 4084 cui
3459 4030 3721 4101 praecipi-

2022 4124 2134 4187 tur,
2159 4121 2256 4173 sed
2278 4120 2348 4173 ab
2377 4119 2476 4174 illo
2507 4119 2608 4189 qui
2636 4119 2927 4190 praecipit;
2952 4119 3029 4173 sic
3050 4124 3104 4172 et
3129 4118 3406 4190 sapientia
3421 4135 3537 4173 non
3554 4124 3637 4173 est
3653 4119 3722 4174 ab

2021 4208 2120 4263 illo
2138 4208 2630 4279 quiilluminatur,
2646 4210 2739 4262 sed
2764 4209 2945 4263 abillo
2967 4209 3066 4279 qui
3087 4207 3392 4263 illuminat.
3418 4208 3564 4273 Quid
3584 4224 3720 4279 ergo

2022 4301 2107 4352 est
2144 4298 2296 4351 unde
2321 4314 2435 4351 non
2467 4297 2786 4352 laudandus
2816 4297 2890 4352 sit
2914 4297 3166 4352 hominis
3196 4297 3468 4352 Creator?
3500 4298 3721 4352 Bonum

2021 4391 2108 4440 est
2139 4386 2293 4440 enim
2323 4386 2554 4457 aliquod
2581 4386 2778 4449 homo,
2812 4390 2870 4441 et
2899 4386 3104 4441 melius
3134 4402 3308 4458 quam
3337 4393 3530 4458 pecus,
3564 4404 3631 4441 ex
3652 4403 3720 4441 eo

2021 4475 2174 4546 quod
2200 4475 2474 4545 praecepti
2502 4491 2698 4546 capax.
2734 4477 2797 4530 Et
2827 4475 2934 4530 hoc
2961 4475 3185 4542 melius,
3213 4491 3344 4529 cum
3371 4479 3722 4546 praeceptum

2012 4563 2132 4632 jam
2159 4565 2327 4633 cepit.
2360 4565 2596 4630 Rursus,
2629 4565 2738 4618 hoc
2767 4563 2993 4630 melius,
3027 4580 3156 4617 cum
3187 4569 3475 4634 praecepto
3505 4565 3716 4635 paruit.
3757 4627 3760 4632 I

2020 4653 2081 4706 Et
2105 4652 2190 4705 his
2221 4653 2488 4706 omnibus
2512 4653 2732 4720 melius,
2766 4668 2896 4706 cum
2930 4657 3146 4706 aeterno
3173 4651 3392 4707 lumine
3423 4653 3722 4723 sapientiae

2016 4740 2218 4794 beatus
2245 4745 2346 4793 est.
2386 4743 2686 4793 Peccatum
2719 4745 2910 4794 autem
2943 4742 3158 4794 malum
3193 4746 3276 4796 est
3318 4741 3379 4794 in
3423 4741 3719 4813 negligen-

2016 4827 2096 4880 tia
2120 4828 2208 4881 vel
2235 4828 2301 4880 ad
2324 4828 2665 4897 capiendum
2681 4832 3054 4899 praeceptum,
3080 4829 3166 4882 vel
3187 4829 3259 4882 ad
3276 4829 3718 4894 observandum,

2017 4917 2104 4970 vel
2130 4916 2200 4970 ad
2233 4916 2665 4970 custodiendam
2714 4917 3257 4987 contemplationem
3290 4919 3605 4989 sapientiae.
3641 4920 3715 4972 Ex

2018 5021 2132 5075 quo
2166 5004 2524 5075 intelligitur,
2558 5005 2783 5059 etiamsi
2813 5006 3039 5077 sapiens
3076 5007 3298 5078 primus
3335 5007 3507 5062 homo
3538 5008 3718 5060 factus

2016 5097 2100 5146 est
2140 5094 2180 5160 ί,
2234 5093 2490 5164 potuisse
2541 5099 2732 5148 tamen
2780 5095 2995 5150 seduci.
3046 5097 3208 5162 Quod
3259 5102 3555 5168 peccatum
3585 5112 3716 5150 cum

2015 5185 2162 5234 esset
2190 5180 2249 5235 in
2275 5181 2456 5236 libero
2486 5181 2746 5250 arbitrio,
2773 5183 2947 5255 justa,
2982 5183 3176 5240 divina
3206 5186 3352 5255 lege,
3381 5199 3550 5254 paana
3579 5199 3712 5238 con-

2015 5273 2208 5324 secuta
2231 5274 2316 5324 est
2341 5273 2380 5324 '.
2423 5271 2505 5324 Ita
2544 5271 2680 5326 dicit
2706 5272 2877 5326 etiam
2911 5275 3202 5344 apostolus
3232 5273 3439 5325 Paulus
3467 5286 3479 5327 :
3515 5272 3712 5327 Dicen-

2079 5396 2092 5428 ¹
2113 5395 2253 5452 Lov.,
2272 5395 2461 5455 factus
2485 5399 2639 5445 esset.
2665 5397 2762 5445 Sed
2797 5397 2984 5445 melius
3001 5397 3125 5444 Bad.
3149 5397 3233 5458 Er.
3253 5394 3552 5458 etplerique
3570 5398 3713 5454 Mssa,

2007 5457 2180 5517 factus
2215 5461 2324 5523 est:
2349 5471 2428 5523 ex_
2441 5457 2503 5505 iis
2528 5459 2722 5519 Regius
2752 5460 2924 5508 Codex
2957 5463 3074 5520 post
3093 5457 3488 5523 sgduqi,_qdc_lit,
3520 5464 3570 5510 et
3591 5473 3715 5523 pec-

2010 5532 2155 5585 care.
2172 5547 2242 5585 _—
2263 5519 2369 5578 Er.,
2397 5518 2576 5582 factus
2600 5518 2688 5578 est,
2702 5523 2871 5583 potuit
2895 5518 3084 5569 tamen.
3113 5519 3198 5568 Er.
3222 5519 3456 5585 Guill._in
3474 5518 3713 5585 margine

2013 5581 2129 5636 fert,
2155 5581 2334 5645 factus
2363 5581 2519 5642 easet,
2552 5587 2610 5631 ut
2633 5581 2777 5641 Lov.,
2803 5588 2873 5639 et,
2904 5594 3144 5643 peccare,
3175 5596 3289 5645 pro,
3312 5581 3514 5632 seduci.
3550 5581 3619 5633 Μῖ

2091 5645 2296 5694 ²Ρ1υτεδ
2309 5646 2662 5707 Mss.,justam
2677 5645 2856 5695 divi-na
2871 5645 2980 5706 lege
2991 5656 3208 5707 pm-nam
3245 5649 3587 5697 consecutum
3616 5651 3712 5699 est.
