4074 6366
383 339 397 388 Ι
410 337 509 388 307

375 465 450 513 tes
478 476 534 514 se
559 475 669 514 esse
696 461 982 528 sapientes,
1014 458 1170 511 stulti
1213 458 1356 522 facti
1399 460 1546 510 sunt.
1589 455 1865 525 Superbia
1910 454 2064 508 enim

373 547 576 601 avertit
605 565 638 600 a
668 545 942 617 sapientia
966 562 978 599 :
1013 545 1364 599 aversionem
1393 547 1583 598 autem
1614 543 1848 597 stultitia
1868 559 2062 595 conse-

375 637 591 706 quitur.
621 635 871 689 Stultitia
885 634 1098 704 quippe
1115 633 1334 688 caecitas
1355 633 1616 703 quaedam
1631 636 1735 695 est,
1752 633 1897 686 sicut
1911 631 2062 684 idem

376 724 511 778 dicit
545 742 557 778 :
591 727 660 779 Et
688 725 1032 780 obscuratum
1062 729 1138 776 cst
1177 725 1440 790 insipiens
1488 737 1576 774 cor
1610 737 1788 774 eorum
1819 721 1984 788 (Rom.
2023 736 2058 779 ι,

375 817 464 878 22,
487 816 594 880 2t).
618 814 772 867 Unde
793 817 985 865 autem
1007 812 1126 864 haec
1147 810 1488 877 obscuratio,
1513 809 1701 863 nisiex
1725 809 2013 862 aversione
2031 823 2064 860 a

373 901 591 954 lumine
621 899 913 971 sapientia:
931 901 959 953 ?
987 899 1140 953 unde
1161 904 1352 953 autem
1384 899 1505 952 haec
1533 898 1770 962 aversio,
1797 897 1905 950 nisi
1926 898 2062 949 dum

376 989 471 1042 ille
502 988 591 1041 cui
625 989 838 1042 bonum
895 992 978 1041 est
1010 989 1176 1053 Deus,
1209 987 1317 1040 sibi
1347 986 1466 1057 ipse
1497 988 1619 1041 vult
1655 1002 1800 1039 essse
1849 986 2063 1039 bonum

376 1091 568 1142 suum,
601 1075 767 1128 sicuti
799 1075 906 1128 sibi
935 1080 1020 1128 est
1065 1076 1247 1130 Deus?
1285 1076 1500 1144 Itaque,
1531 1075 1624 1128 Ad
1646 1077 1926 1143 meipsum,
1967 1074 2060 1126 in-

377 1164 524 1234 quit,
583 1165 902 1218 conturbata
946 1167 1023 1216 est
1075 1165 1260 1217 anima
1324 1179 1447 1216 mea
1502 1164 1664 1231 (Psal.
1707 1179 1815 1231 xu,
1849 1164 1944 1232 7):
1985 1165 2060 1225 et,

375 1253 618 1318 Gustate,
651 1256 702 1305 ct
721 1253 874 1304 eritis
902 1253 1043 1304 sicut
1061 1251 1142 1303 dii
1171 1250 1320 1320 (Gen.
1347 1268 1424 1317 ιιι,
1459 1250 1530 1320 5).

439 1343 529 1394 73.
570 1339 782 1392 Turbat
803 1343 997 1391 autern
1027 1338 1472 1403 considerantes,
1497 1337 1742 1408 quodita
1766 1341 2059 1408 quaerunt:

373 1427 695 1483 Stultitiane
724 1427 945 1496 primus
977 1427 1150 1480 homo
1181 1427 1452 1480 recessita
1475 1429 1591 1480 Deo
1611 1427 1638 1482 ?
1660 1444 1730 1480 an
1747 1427 2062 1481 recedendo

373 1517 578 1570 stultus
605 1515 784 1569 factus
813 1520 897 1568 est
921 1517 950 1568 ?
972 1515 1116 1579 Quia
1144 1515 1189 1567 si
1237 1515 1604 1585 responderis
1649 1531 1781 1569 eum
1825 1515 2064 1568 stultitia

372 1603 665 1658 recessisse
721 1621 753 1656 a
782 1603 1081 1672 sapientia,
1113 1603 1394 1656 videbitur
1441 1604 1645 1657 stultus
1701 1603 1870 1656 fuisse
1903 1607 2061 1657 ante-

374 1708 546 1761 quam
571 1692 862 1746 recederet
887 1708 920 1744 a
948 1692 1246 1762 sapientia,
1276 1697 1339 1745 ut
1355 1692 1592 1746 stultitia
1621 1692 1705 1745 illi
1730 1709 1894 1746 causa
1916 1697 2064 1746 esset

371 1780 690 1834 recedendi.
745 1781 885 1833 Item
917 1780 964 1833 si
1014 1781 1372 1850 responderis
1405 1796 1536 1833 eum
1575 1781 1890 1834 recedendo
1933 1781 2064 1834 stul-

371 1873 494 1922 tum
527 1885 645 1922 esse
676 1869 907 1936 factum,
941 1872 1205 1939 quaerunt
1230 1873 1424 1922 utrum
1459 1869 1647 1935 stulte,
1676 1884 1748 1922 an
1779 1869 2064 1939 sapienter

371 1957 566 2012 fecerit
598 1958 750 2028 quod
790 1958 1037 2012 recessit.
1088 1957 1144 2012 Si
1185 1958 1340 2011 enim
1389 1959 1674 2028 sapienter
1729 1959 1881 2027 fecit,
1913 1962 2063 2012 recte

369 2045 520 2111 fecit,
553 2045 809 2116 nihilque
838 2046 1124 2116 peccavit:
1157 2045 1206 2099 si
1237 2047 1426 2109 stulte,
1455 2047 1575 2116 jam
1609 2052 1750 2112 erat,
1771 2047 2062 2117 inquiunt,

373 2134 432 2186 in
461 2150 527 2187 eo
557 2134 818 2196 stultitia,
851 2151 965 2205 qua
994 2135 1205 2188 factum
1227 2139 1309 2188 est
1338 2139 1404 2188 ut
1417 2135 1727 2188 recederet.
1761 2136 1883 2189 Non
1908 2134 2062 2188 enim

370 2223 539 2276 stulte
573 2223 785 2294 aliquid
817 2223 936 2276 sine
993 2223 1234 2276 stultitia
1289 2223 1474 2276 facere
1525 2227 1768 2292 poterat.
1823 2225 1897 2276 Ex
1947 2240 2061 2293 quo

371 2315 608 2381 apparet
654 2327 772 2364 esse
813 2311 1085 2382 quiddam
1131 2310 1410 2371 medium,
1441 2327 1556 2380 quo
1599 2311 1671 2364 ad
1701 2311 2001 2364 stultitiam
2031 2329 2065 2365 a

370 2399 651 2469 sapientia
688 2399 984 2464 transitur,
1013 2398 1164 2468 quod
1196 2415 1379 2469 neque
1403 2399 1594 2462 stulte,
1625 2415 1812 2469 neque
1845 2400 2063 2469 sapien-

367 2491 456 2540 ter
485 2487 697 2541 factum
717 2486 827 2540 dici
856 2491 1062 2556 potest,
1095 2486 1250 2556 quod
1281 2486 1350 2539 ab
1375 2485 1708 2540 hominibus
1726 2487 1787 2540 in
1817 2488 1921 2540 hac
1951 2487 2065 2541 vita

368 2575 688 2629 constitutis
717 2591 833 2628 non
869 2574 976 2627 nisi
1006 2591 1070 2628 ex
1093 2574 1376 2628 contrario
1411 2575 1578 2628 datur
1606 2574 1868 2645 intelligi.
1909 2575 2064 2630 Sicut

370 2663 524 2716 enim
553 2663 745 2716 nullus
774 2662 1102 2716 mortalium
1133 2662 1200 2716 tit
1225 2662 1470 2731 sapiens,
1493 2661 1606 2715 nisi
1635 2663 1704 2715 ab
1735 2663 1977 2716 stultitia
2000 2664 2060 2717 in

370 2751 708 2821 sapientiam
740 2755 992 2804 transeat
1015 2767 1028 2816 ;
1052 2750 1172 2820 ipse
1193 2755 1386 2804 autem
1415 2752 1691 2804 transitus
1715 2751 1762 2804 si
1786 2754 1955 2806 stulte
1975 2754 2053 2818 tit,

372 2855 489 2892 non
530 2839 725 2910 utique
754 2839 900 2893 bene
920 2839 1005 2906 ﬁt,
1036 2839 1187 2909 quod
1215 2839 1707 2893 dementissimum
1728 2845 1811 2894 est
1834 2841 2020 2894 dicere
2046 2861 2061 2908 ;

372 2925 421 2978 si
450 2930 638 2979 autem
670 2926 956 2997 sapienter
983 2926 1066 2992 ﬁt,
1093 2927 1212 2996 jam
1243 2932 1365 2981 erat
1393 2927 1671 2997 sapientia
1719 2928 1778 2982 in
1826 2916 2061 2984 homine

369 3018 676 3084 antequam
708 3013 1002 3068 transisset
1049 3015 1118 3068 ad
1178 3015 1538 3085 sapientiam,
1577 3015 1731 3086 quod
1767 3017 2061 3071 nihilomi-

368 3118 476 3154 nus
507 3101 817 3156 absurdum
848 3107 966 3168 est;
997 3119 1060 3156 ex
1089 3119 1205 3173 quo
1248 3103 1590 3174 intelligitur
1631 3120 1750 3158 esse
1783 3105 2058 3173 medium,

369 3191 522 3260 quod
552 3194 822 3244 neutrum
853 3191 964 3245 dici
1001 3191 1216 3260 possit:
1251 3191 1331 3245 ita
1359 3196 1416 3247 et
1459 3209 1527 3245 ex
1569 3208 1695 3246 arce
1743 3193 2058 3263 sapientiae,

367 3281 431 3330 ut
456 3276 526 3330 ad
576 3277 872 3332 stultitiam
918 3278 1136 3346 primus
1165 3279 1338 3333 homo
1365 3280 1648 3344 transiret,
1691 3297 1794 3334 nec
1833 3281 2058 3343 stultus,

368 3380 472 3418 nec
505 3365 729 3435 sapiens
759 3365 1029 3419 transitus
1058 3367 1152 3419 ille
1183 3367 1315 3420 fuit.
1362 3369 1528 3422 Velut
1558 3368 1619 3421 in
1650 3385 1847 3422 somno
1883 3374 1938 3422 et
1977 3369 2061 3422 vi-

367 3451 541 3521 giliis,
572 3467 758 3522 neque
787 3451 841 3504 id
857 3456 941 3505 est
959 3452 1209 3506 dormire
1236 3455 1388 3524 quod
1403 3455 1847 3524 obdormiscere,
1873 3472 2058 3527 neque

367 3539 425 3594 id
453 3544 538 3592 est
565 3539 800 3610 vigilare
826 3540 980 3610 quod
1011 3541 1346 3612 expergisci,
1378 3543 1475 3596 sed
1513 3544 1784 3598 transitus
1827 3545 2060 3615 quidam

368 3645 432 3682 ex
463 3629 641 3682 altero
667 3629 727 3682 in
777 3629 1041 3683 alterum.
1071 3631 1279 3684 Verum
1309 3632 1417 3684 hoc
1447 3631 1702 3698 interest,
1757 3633 1906 3703 quod
1939 3633 2060 3687 sine

367 3718 660 3772 voluntate
683 3718 1022 3789 plerumque
1052 3718 1159 3772 ista
1187 3719 1371 3774 ﬁunt:
1411 3719 1510 3773 illa
1542 3723 1732 3774 autem
1764 3738 2061 3792 nunquam

367 3807 480 3861 nisi
510 3824 614 3878 per
642 3808 1029 3875 voluntatem;
1087 3808 1239 3862 unde
1270 3809 1602 3876 justissima:
1657 3811 2061 3865 retributiones

367 3901 812 3967 consequuntur.

369 3985 592 4040 CAPUT
617 3987 768 4040 XXV.
798 4015 868 4025 —
897 3985 1106 4051 Quibus
1128 3987 1263 4040 visis
1312 3988 1559 4053 tangitur
1581 3988 1867 4041 rationalis
1893 3991 2060 4042 natu-

580 4091 648 4128 ra
687 4091 804 4130 cum
854 4077 1200 4129 intentio-nem
1230 4074 1305 4128 ad
1331 4077 1533 4128 malum
1567 4078 1846 4130 convertit.

438 4164 529 4217 74.
573 4162 681 4216 Sed
735 4162 869 4232 quia
897 4164 1251 4216 voluntatem
1279 4178 1396 4216 non
1426 4163 1599 4216 allicit
1643 4163 1711 4216 ad
1741 4164 2061 4220 faciendum

370 4250 688 4321 quodlibet,
717 4251 830 4304 nisi
859 4250 1092 4320 aliquod
1118 4249 1302 4304 visum
1323 4250 1486 4319 ;quid
1510 4255 1700 4305 autem
1717 4253 1957 4324 quisque
1974 4255 2061 4307 vel

370 4342 560 4392 sumat
589 4337 676 4391 vel
700 4342 944 4407 respuat,
980 4342 1065 4391 est
1096 4337 1154 4391 in
1185 4341 1479 4408 potestate,
1516 4340 1613 4393 sed
1644 4356 1757 4410 quo
1787 4341 1905 4394 viso
1934 4345 2058 4394 tan-

371 4431 562 4496 gatur,
595 4426 754 4479 nulla
784 4429 1031 4496 potestas
1058 4430 1181 4480 est:
1216 4425 1511 4480 fatendum
1541 4432 1626 4481 est
1675 4435 1729 4482 et
1776 4446 1842 4483 ex
1890 4446 2060 4500 supe—

371 4513 620 4569 rioribus
646 4519 704 4568 et
733 4530 800 4566 ex
818 4513 1179 4568 inferioribus
1204 4513 1339 4568 visis
1368 4515 1622 4570 animum
1647 4517 1804 4587 tangi
1827 4517 2064 4571 utratio-

372 4603 517 4657 nalis
538 4602 852 4656 substantia
879 4619 946 4656 ex
965 4608 1208 4674 utroque
1235 4609 1421 4658 sumat
1448 4605 1601 4676 quod
1625 4607 1887 4671 voluerit,
1911 4613 1967 4660 et
1997 4623 2061 4660 ex

371 4691 576 4744 merito
607 4691 871 4745 sumendi
896 4692 984 4745 vel
1018 4692 1250 4746 miseria
1279 4693 1364 4746 vel
1391 4693 1631 4748 beatitas
1662 4695 2060 4765 subsequatur.

369 4781 534 4834 Velut
561 4779 621 4833 in
650 4780 912 4849 paradiso
936 4781 1119 4835 visum
1159 4799 1226 4835 ex
1256 4783 1662 4852 superioribus,
1711 4787 2062 4853 praeceptum

375 4869 510 4936 Dei;
544 4869 729 4923 visum
756 4887 821 4924 ex
853 4870 1234 4938 inferioribus,
1268 4872 1558 4943 suggestio
1589 4871 1884 4941 serpentis.
1920 4873 2061 4926 Nam

372 4974 558 5028 neque
589 4959 728 5029 quid
757 4959 863 5012 sibi
895 4959 1304 5029 praeciperetur
1324 4978 1355 5013 a
1379 4959 1643 5025 Domino,
1663 4975 1849 5029 neque
1871 4959 2010 5030 quid
2030 4975 2064 5012 a

371 5052 634 5117 serpente
666 5054 1086 5118 suggereretur,
1105 5049 1213 5103 fuit
1227 5049 1287 5102 in
1303 5049 1552 5102 hominis
1567 5053 1864 5118 potestate.
1880 5049 2062 5112 Quam

373 5134 446 5188 sit
469 5140 660 5189 autem
688 5136 932 5190 liberum
964 5140 1021 5188 et
1040 5136 1109 5189 ab
1141 5135 1409 5189 omnibus
1444 5134 1793 5188 difﬁcultatis
1822 5134 2063 5188 vinculis

375 5223 724 5292 expeditum,
759 5224 884 5294 ipsa
931 5224 1224 5294 sapientiai
1278 5223 1516 5276 sanitate
1569 5222 1897 5288 constituto,
1945 5239 2062 5276 non

371 5312 569 5365 cedere
598 5311 733 5365 visis
763 5311 1048 5365 inferioris
1069 5312 1371 5376 illecebrae,
1403 5311 1487 5364 vel
1520 5310 1651 5364 hinc
1674 5311 1913 5381 intelligi
1941 5316 2063 5380 pot-

372 5407 480 5466 est,
533 5403 683 5472 quod
741 5403 914 5456 etiam
964 5400 1120 5454 stulti
1160 5417 1225 5453 ea
1295 5404 1568 5468 superant
1616 5400 1683 5453 ad
1723 5399 2062 5470 sapientiam

371 5490 687 5558 transituri,
727 5491 899 5542 etiam
926 5505 1053 5542 cum
1077 5488 1338 5542 molestia
1365 5488 1593 5541 carendi
1618 5489 2063 5559 perniciosarum

370 5577 846 5631 consuetudinum
880 5577 1269 5646 pestilentiosa
1299 5575 1618 5631 dulcedine.

1150 332 1538 409 DE_LlBERO
1575 333 1936 398 ARBITRIO,
1977 331 2031 386 S.
2084 331 2460 388 AUGUSTINI
2502 329 2717 387 LIBER
2759 329 3089 390 TERTIUS.

3739 334 3753 382 l
3769 331 3876 384 308

2244 459 2333 508 75.
2367 454 2556 518 Quam
2581 457 2775 508 autem
2829 453 2937 506 hoc
2990 453 3113 506 loco
3142 455 3348 522 potest,
3377 451 3424 505 si
3469 450 3694 506 homini
3723 467 3876 522 prae-

2176 548 2261 596 sto
2291 543 2526 596 fuerunt
2559 559 2623 596 ex
2656 548 2898 612 utraque
2938 546 3100 610 parte
3118 540 3252 605 visa,
3284 556 3462 593 unum
3487 557 3550 594 ex
3578 545 3874 610 prmccpto

2176 632 2294 697 Dei,
2327 633 2569 684 alterum
2607 647 2671 683 ex
2701 629 3061 700 suggestione
3095 629 3410 700 serpentis;
3437 629 3586 682 unde
3617 628 3725 698 ipsi
3751 629 3873 681 dia~

2175 719 2304 772 bolo
2336 725 2668 790 suggestum
2713 718 2785 772 sit
2821 717 3155 787 appetenda
3187 716 3494 786 impietatis
3540 717 3869 779 consilium,

2175 824 2288 878 quo
2319 809 2389 862 de
2424 807 2764 862 sublimibus
2794 807 3024 861 sedibus
3067 806 3372 860 laberetur.
3415 805 3474 860 Si
3507 805 3665 860 enim
3708 806 3873 858 nullo

2172 896 2290 949 viso
2320 901 2667 967 tangeretur,
2701 912 2812 949 non
2841 895 3080 966 eligeret
3107 894 3288 947 facere
3339 893 3492 964 quod
3529 893 3662 947 fecit
3689 911 3702 948 :
3732 910 3873 946 nam

2173 985 2218 1037 si
2250 1001 2364 1038 non
2389 985 2436 1038 ei
2469 984 2684 1054 aliquid
2721 984 2966 1037 venisset
2986 983 3046 1036 in
3086 987 3356 1049 mentem,
3389 983 3546 1036 nullo
3577 983 3751 1036 modo
3783 982 3873 1034 in-

2172 1073 2488 1127 tentionem
2515 1073 2884 1127 convertisset
2913 1072 2972 1124 in
3009 1069 3184 1124 nefas.
3220 1070 3380 1124 Unde
3411 1070 3586 1141 igitur
3614 1071 3774 1124 venit
3811 1071 3874 1124 in

2174 1165 2450 1231 mentem,
2484 1161 2766 1232 quidquid
2795 1161 2938 1214 illud
2981 1165 3064 1213 est
3091 1159 3244 1230 quod
3285 1158 3440 1212 venit
3486 1158 3546 1211 in
3593 1163 3874 1225 mentem,

2173 1254 2237 1304 ut
2256 1267 2323 1303 ea
2345 1249 2644 1304 moliretur
2665 1249 2871 1320 quibus
2893 1265 2959 1302 ex
2978 1247 3128 1302 bono
3149 1247 3352 1317 angelo
3371 1245 3631 1300 diabolus
3667 1246 3877 1299 ﬁeret?

2173 1338 2281 1403 Qui
2311 1338 2464 1392 enim
2494 1338 2634 1406 vult,
2686 1339 2940 1408 profecto
2989 1335 3202 1406 aliquid
3244 1336 3395 1388 vult:
3445 1335 3599 1405 quod
3631 1334 3744 1387 nisi
3776 1339 3879 1387 aut

2173 1425 2519 1480 extrinsecus
2565 1442 2668 1496 per
2718 1440 2948 1478 sensum
3003 1423 3255 1493 corporis
3312 1422 3712 1488 admoneatur,
3773 1427 3878 1475 aut

2173 1515 2406 1568 occultis
2457 1515 2642 1568 modis
2693 1515 2753 1567 in
2782 1517 3034 1567 mentem
3073 1512 3283 1578 veniat,
3328 1511 3468 1564 velle
3508 1527 3624 1564 non
3655 1515 3874 1581 potest.

2175 1603 2558 1656 Discerncnda
2612 1601 2789 1672 igitur
2839 1606 2974 1654 sunt
3023 1616 3235 1670 genera
3290 1599 3565 1664 visorum,
3619 1615 3878 1669 quorum

2174 1708 2354 1746 unum
2407 1699 2491 1746 est
2537 1691 2691 1761 quod
2738 1689 3117 1760 proficiscitur
3166 1705 3198 1741 a
3236 1689 3526 1742 voluntate
3557 1688 3875 1756 suadentis,

2175 1781 2342 1850 quale
2372 1779 2511 1834 illud
2542 1785 2626 1834 est
2655 1779 2884 1847 diaboli,
2933 1777 3022 1831 cui
3074 1779 3247 1832 homo
3288 1777 3696 1831 consentiendo
3737 1795 3878 1847 pec-

2173 1868 2352 1935 cavit;
2415 1869 2658 1921 alterum
2715 1865 3194 1936 asubjacentibus
3225 1865 3396 1920 rebus
3425 1867 3514 1920 vel
3561 1865 3880 1920 intentioni

2173 1957 2372 2023 animi,
2403 1959 2488 2010 vel
2520 1955 2778 2010 sensibus
2806 1954 3082 2024 corporis.
3128 1954 3441 2008 Intentioni
3468 1953 3646 2007 animi
3677 1954 3877 2024 subja-

2174 2050 2281 2114 cet,
2313 2049 2541 2116 excepta
2561 2043 3130 2098 incommutabilitate
3150 2042 3461 2110 Trinitatis,
3487 2058 3616 2112 qua:
3634 2041 3877 2112 quidem

2175 2151 2290 2188 non
2319 2134 2592 2204 subjacet,
2618 2133 2718 2186 sed
2748 2131 2962 2186 eminet
2987 2131 3205 2201 potius;
3234 2130 3489 2200 subjacet
3518 2146 3654 2200 ergo
3688 2130 3877 2184 inten-

2173 2222 2320 2276 tioni
2348 2222 2522 2275 animi
2555 2221 2712 2291 prius
2740 2221 2860 2290 ipse
2879 2220 3127 2283 animus,
3158 2219 3313 2273 unde
3344 2235 3448 2272 nos
3476 2219 3649 2272 etiam
3681 2217 3874 2271 vivere

2174 2311 2477 2364 sentimus:
2511 2311 2717 2364 deinde
2751 2326 2954 2381 corpus
2985 2309 3141 2380 quod
3177 2308 3582 2375 administrat;
3613 2308 3766 2362 unde
3799 2308 3872 2360 ad

2173 2401 2467 2470 quodlibet
2495 2399 2871 2470 operandum,
2895 2397 3219 2452 membrum
3249 2399 3401 2468 quod
3433 2414 3578 2469 opus
3605 2403 3712 2464 est,
3737 2414 3872 2450 cum

2174 2505 2317 2559 opus
2357 2494 2441 2541 est
2481 2493 2686 2542 movet.
2734 2487 3038 2557 Subjacent
3071 2491 3264 2541 autem
3306 2487 3566 2540 sensibus
3614 2485 3874 2556 corporis

2173 2593 2546 2648 quaecumque
2582 2591 2870 2646 corporea.

2241 2668 2330 2719 ’76.
2361 2666 2430 2718 Ut
2458 2669 2651 2718 autem
2681 2663 2744 2717 in
2774 2662 3255 2734 contemplatione
3285 2679 3524 2716 summa:
3569 2661 3876 2732 sapientia:

2175 2753 2323 2823 (qua:
2351 2753 2550 2823 utique
2588 2752 2814 2806 animus
2844 2768 2960 2806 non
3006 2756 3124 2818 est;
3186 2767 3321 2804 nam
3378 2749 3876 2804 incommutabilis

2173 2843 2296 2912 est),
2331 2842 2501 2896 etiam
2535 2842 2808 2911 seipsum,
2827 2841 2927 2911 qui
2953 2845 3036 2894 est
3056 2839 3498 2906 commutabilis,
3519 2839 3747 2892 animus
3780 2839 3872 2892 in-

2170 2935 2416 2997 tueatur,
2449 2934 2504 2983 et
2531 2929 2639 2983 sibi
2667 2930 2787 3000 ipse
2818 2929 3243 3000 quodammodo
3283 2928 3473 2982 veniat
3503 2929 3564 2980 in
3589 2931 3870 2989 mentem,

2171 3036 2286 3072 non
2319 3020 2382 3072 Iit
2410 3018 2519 3072 nisi
2546 3018 2866 3072 ditferentia
2888 3033 3001 3088 qua
3037 3033 3154 3070 non
3193 3021 3274 3070 cst
3304 3016 3458 3086 quod
3495 3017 3662 3081 Deus,
3697 3021 3752 3068 et
3781 3020 3872 3069 ta-

2170 3123 2303 3161 men
2335 3107 2548 3177 aliquid
2568 3111 2651 3160 est
2671 3106 2823 3176 quod
2845 3105 3023 3174 possit
3043 3106 3266 3175 placere
3288 3110 3419 3175 post
3440 3106 3640 3158 Deum.
3667 3103 3874 3157 Melior

2173 3201 2255 3250 est
2283 3199 2474 3250 autem
2504 3211 2634 3249 cum
2682 3194 3033 3249 obliviscitur
3061 3194 3149 3247 sui
3178 3209 3295 3264 prae
3323 3193 3594 3246 charitate
3644 3192 3874 3246 incom-

2171 3282 2461 3337 mutabilis
2493 3282 2614 3350 Dei,
2646 3283 2727 3336 vel
2761 3282 3009 3352 seipsum
3036 3281 3262 3352 penitus
3293 3281 3354 3333 in
3385 3279 3536 3333 illius
3567 3297 3874 3350 compara-

2169 3373 2325 3426 tione
2355 3370 2687 3424 contemnit.
2722 3369 2780 3425 Si
2809 3374 3002 3424 autem
3032 3374 3306 3440 tanquam
3337 3369 3536 3423 obvius
3563 3369 3751 3438 placet
3782 3368 3868 3421 si-

2169 3459 2228 3514 bi
2258 3459 2326 3514 ad
2355 3475 2619 3528 perverse
2649 3457 2988 3512 imitandum
3016 3459 3219 3526 Deum,
3249 3470 3313 3511 ut
3338 3461 3614 3527 potestate
3629 3473 3734 3510 sua
3754 3456 3873 3510 frui

2169 3548 2324 3614 velit,
2357 3551 2511 3601 tanto
2541 3547 2606 3600 ﬁt
2633 3546 2840 3611 minor,
2875 3551 3089 3616 quanto
3122 3562 3180 3599 se
3227 3546 3383 3616 cupit
3411 3562 3532 3599 esse
3563 3545 3871 3615 majorem.

2172 3639 2238 3691 Et
2291 3637 2399 3690 hoc
2443 3639 2544 3694 est.
2597 3637 2821 3689 Initium
2875 3637 3044 3688 omnis
3098 3637 3306 3703 peccati
3335 3635 3626 3704 superbia;
3670 3639 3749 3700 et,
3781 3635 3874 3687 In-

2170 3727 2329 3780 itium
2351 3725 2620 3794 superbia
2649 3725 2879 3777 hominis
2909 3728 3220 3792 apostatare
3244 3740 3278 3776 a
3309 3725 3420 3777 Deo
3453 3723 3636 3788 (Eccii.
3667 3739 3727 3790 Χ,
3783 3724 3871 3782 15,

2176 3814 2280 3883 14).
2307 3813 2598 3882 Superbiae
2629 3817 2820 3866 autem
2872 3811 3084 3866 diaboli
3132 3810 3366 3865 accessit
3393 3810 3873 3865 malevolentissi-

2172 3919 2267 3956 ma
2303 3901 2535 3968 invidia,
2589 3906 2653 3954 ut
2680 3901 2826 3954 hanc
2855 3900 3181 3970 superbiam
3229 3899 3450 3953 homini
3477 3899 3872 3969 persuaderet,

2171 4008 2275 4062 per
2304 4007 2475 4062 quam
2507 3989 2782 4044 sentiebat
2816 4007 2873 4042 se
2905 4005 3026 4042 esse
3057 3989 3413 4043 damnatum.
3447 3989 3607 4042 Unde
3653 3989 3874 4042 factum

2173 4083 2256 4133 est
2284 4083 2348 4132 ut
2372 4094 2541 4149 poena
2569 4077 2863 4132 hominem
2904 4077 3216 4147 susciperet
3258 4076 3650 4130 emendatoria
3679 4077 3875 4146 potius

2172 4183 2345 4239 quam
2374 4166 2779 4235 interfectoria,
2799 4170 2862 4218 ut
2879 4165 2971 4219 cui
3013 4183 3070 4220 se
3101 4165 3362 4219 diabolus
3394 4164 3463 4218 ad
3483 4164 3873 4220 imitationem

2175 4255 2456 4326 superbiae
2491 4255 2832 4325 praebuerat,
2866 4254 2917 4307 ei
2961 4271 3019 4307 se
3067 4253 3342 4308 Dominus
3378 4254 3448 4306 ad
3483 4252 3870 4307 imitationem

2171 4343 2507 4398 humilitatis
2533 4342 2839 4412 praeberet,
2861 4358 2962 4412 per
2976 4357 3147 4413 quem
3176 4341 3339 4394 nobis
3360 4346 3572 4395 (eterna
3602 4341 3716 4394 vita
3732 4358 3874 4412 pro-

2172 4432 2449 4486 mittitur:
2483 4434 2547 4484 ut
2590 4434 2909 4500 praerogato
2930 4429 3103 4484 nobis
3136 4429 3341 4483 Christi
3388 4429 3686 4499 sanguine,
3738 4435 3875 4499 post

2173 4521 2395 4574 labores
2425 4518 2795 4588 miseriasque
2828 4517 3143 4572 ineffabiles
3173 4521 3330 4571 tanta
3358 4517 3629 4570 charitate
3661 4517 3872 4571 libera-

2172 4607 2282 4662 tori
2310 4611 2505 4662 nostro
2533 4607 2945 4669 adhaireamus,
2965 4610 3021 4660 et
3051 4610 3208 4660 tanta
3238 4605 3358 4674 ejus
3387 4605 3446 4658 in
3478 4621 3610 4659 eum
3641 4605 3872 4660 clarita-

2171 4701 2228 4751 te
2247 4697 2560 4767 rapiamur,
2593 4700 2658 4749 ut
2686 4697 2847 4749 nulla
2874 4713 2980 4748 nos
3027 4695 3145 4748 visa
3175 4711 3242 4748 ex
3271 4693 3636 4748 inferioribus
3667 4711 3696 4746 a
3729 4711 3872 4748 con-

2173 4792 2370 4856 spectu
2399 4785 2689 4856 superiore
2711 4785 3090 4855 detorqueant
3115 4801 3128 4849 ;
3153 4799 3482 4854 quanquam
3501 4787 3558 4836 et
3587 4782 3631 4834 si
3653 4783 3875 4853 aliquid

2171 4873 2306 4928 huic
2335 4872 2644 4927 intentioni
2664 4876 2873 4925 nostra:
2905 4875 3308 4941 suggereretur
3338 4869 3406 4924 ab
3437 4869 3692 4940 appetitu
3721 4870 3872 4923 infe-

2173 4961 2414 5028 riorum,
2450 4960 2800 5032 sempiterna
2836 4976 2940 5013 nos
2989 4958 3201 5013 diaboli
3231 4959 3521 5012 damnatio
3552 4959 3872 5012 cruciatus-

2174 5065 2286 5120 que
2317 5053 2660 5103 revocarent.

2242 5143 2330 5191 77.
2366 5139 2544 5191 Tanta
2569 5141 2655 5190 est
2683 5140 2875 5190 autem
2905 5135 3272 5206 pulchritudo
3295 5135 3555 5206 justitiae,
3588 5139 3748 5189 tanta
3777 5137 3877 5208 ju-

2173 5225 2432 5278 cunditas
2457 5225 2601 5278 lucis
2631 5227 2882 5290 ueterum,
2915 5224 3020 5278 hoc
3059 5229 3144 5278 est
3189 5223 3676 5278 incommutabilis
3718 5225 3876 5278 veri-

2173 5316 2304 5380 tatis
2335 5325 2503 5383 atque
2534 5312 2849 5382 sapientiae,
2883 5318 2946 5366 ut
2976 5312 3196 5366 etiamsi
3235 5329 3350 5365 non
3383 5313 3577 5365 liceret
3624 5313 3879 5382 amplius

2172 5403 2232 5456 in
2263 5419 2330 5456 ea
2358 5417 2590 5454 manere
2621 5417 2790 5471 quem
2822 5401 2992 5454 unius
3022 5400 3134 5454 diei
3163 5417 3342 5468 mora,
3376 5405 3612 5470 propter
3641 5401 3751 5454 hoc
3784 5419 3876 5455 so-

2173 5489 2294 5542 lum
2349 5487 2796 5542 innumerabiles
2825 5488 2961 5541 anni
2995 5488 3165 5557 hujus
3192 5486 3320 5540 vitae
3365 5487 3523 5557 pleni
3569 5487 3789 5542 deliciis
3823 5496 3880 5544 et

2175 5575 2629 5630 circumfluentia
2673 5576 3073 5646 temporalium
3121 5575 3400 5629 bonorum
3450 5578 3599 5629 recte
3632 5576 3876 5630 merito-
