4074 6364
166 356 305 408 1309
780 355 874 409 DE
913 354 1225 411 MORIBUS
1263 355 1458 411 ECCL.
1503 355 1943 423 CATHOLIC/E,
1987 355 2043 411 S.
2083 356 2469 413 AUGUSTINI
2510 357 2725 412 LIBER
2765 357 3049 414 PRIMUS.
3532 362 3666 415 1310

158 492 277 546 que
306 479 827 530 contemnerentur.
863 477 989 530 Non
1019 477 1172 532 enim
1205 479 1342 532 falso
1380 483 1480 532 aut
1511 495 1686 549 parvo
1721 479 1856 533 alfe-
1962 479 2182 549 aliquid
2209 479 2637 549 praetermisisse
2677 482 2831 551 quod
2889 497 2954 534 ex
3011 485 3206 535 nostra
3261 482 3654 553 responsione,

157 570 257 618 ctu
292 565 508 619 dictum
539 568 660 618 est:
696 565 957 630 Quoniam
981 568 1167 621 melior
1192 572 1271 621 est
1295 567 1409 622 dies
1440 583 1575 622 unus
1601 571 1659 622 in
1697 570 1857 622 atriis
1963 573 2244 638 quantum
2275 568 2550 622 Dominus
2592 569 2844 639 praebere
2905 569 3188 640 dignatus,
3245 571 3358 624 tuis
3405 570 3657 625 interro-

161 657 274 708 tm’s
301 669 469 723 super
516 656 694 707 millia
751 656 918 723 (Psul.
979 671 1204 718 Lxxxui,
1257 660 1366 725 ll).
1413 657 1753 727 Quanquam
1804 661 1861 710 et
1965 657 2289 727 gationibus
2317 657 2495 711 desit:
2525 674 2851 729 quanquam
2876 659 2993 712 etsi
3021 658 3355 729 tibialiquid
3386 660 3654 725 occurrit,

155 742 275 795 alio
301 758 468 795 sensu
497 742 679 812 possit
711 743 974 813 intelligi,
1007 748 1072 798 ut
1091 745 1273 798 millia
1305 745 1529 799 dierum
1551 745 1610 800 in
1631 751 1857 814 tempo-
1965 746 2168 800 modus
2204 745 2338 799 libri
2369 762 2472 799 nos
2499 746 2621 816 jam
2650 747 2825 802 linem
2843 748 3048 813 facere,
3080 752 3138 801 et
3171 749 3239 802 ab
3265 747 3370 802 hac
3400 747 3684 818 disputa--

159 829 241 883 ris
275 830 651 885 mutabilitate
679 831 1099 901 intelligantur;
1135 832 1306 887 unius
1326 839 1516 887 autem
1537 834 1648 888 diei
1668 833 1857 888 nomi-
1962 835 2116 889 tione
2153 834 2508 907 requiescere
2534 834 2841 905 aliquando
2871 836 3179 906 compellit.

157 934 235 971 ne
283 918 824 974 incommutabilitas
866 921 1197 976 aeternitatis
1229 930 1476 977 vocetur.
1526 923 1725 978 Nescio
1768 939 1857 977 me

1472 1133 2350 1240 ADMONITIO

1153 1303 1258 1367 DE
1305 1304 1619 1370 DUOBUS
1666 1303 2205 1380 SEQUENTIBUS
2253 1302 2506 1366 LIBRIS
2558 1301 2679 1386 (l).

241 1439 677 1513 subsequuntur
706 1440 1050 1513 deﬁMoribus
1076 1441 1379 1496 Catholicae
1411 1443 1671 1497 Ecclesia:
1701 1447 1757 1496 et
1786 1444 1856 1497 de
1882 1443 2132 1497 Moribus
2164 1443 2607 1497 Manichaeorum
2639 1443 2770 1496 libri
2792 1443 2927 1511 duo,
2961 1459 3104 1513 quos
3142 1442 3369 1496 tametsi
3396 1444 3664 1513 Augusti-

163 1526 278 1563 nus
307 1509 367 1562 in
404 1511 548 1584 libro
569 1510 755 1584 primo
783 1512 1291 1584 Retractationum.
1324 1513 1542 1568 caeteris
1568 1515 1761 1568 Romzn
1785 1530 1841 1566 se
1881 1516 2053 1584 paulo
2085 1518 2217 1583 post
2243 1514 2594 1582 baptismum
2642 1530 2811 1584 suum
2851 1509 3156 1567 elaboratis
3187 1509 3518 1582 praemittat,
3562 1516 3670 1568 hoc

163 1586 358 1655 tamen
392 1581 591 1655 ordine
621 1582 798 1655 editos
829 1583 1000 1655 fuisse
1031 1600 1321 1638 nonnemo
1351 1585 1588 1638 fortasse
1611 1581 1962 1654 refragetur:
1997 1581 2250 1655 primum
2281 1581 2415 1654 quia
2445 1584 2504 1637 in
2534 1583 2666 1637 libri
2704 1585 2876 1654 primi
2898 1585 3132 1638 exordio
3167 1581 3579 1638 commemorat
3612 1601 3671 1639 se

165 1651 228 1704 in
259 1651 384 1726 aliis
398 1652 564 1726 libris
595 1653 730 1705 satis
759 1653 940 1726 egisse
970 1655 1460 1724 quemadmodum
1491 1655 1682 1724 impiis
1710 1651 2104 1726 imperitisque
2141 1651 2580 1708 Maniéhzeorum
2625 1651 2892 1708 adversus
2921 1657 3087 1708 Vetus
3117 1657 3546 1708 Testamentum
3579 1655 3666 1708 in-

166 1722 523 1796 vectionibus
550 1739 847 1796 occurrere
880 1722 1088 1778 liceret.
1122 1727 1239 1779 Huc
1270 1743 1402 1779 vero
1431 1722 1648 1796 spectat
1674 1722 2035 1796 praemissum
2064 1743 2207 1796 opus
2239 1727 2306 1778 de
2351 1726 2554 1780 Genesi
2583 1731 2777 1780 contra
2822 1726 3179 1790 Manichaeos,
3212 1727 3366 1795 quod
3407 1727 3670 1780 videlicet

169 1810 316 1867 opus
347 1794 702 1867 apertissime
730 1800 926 1867 contra
956 1796 1183 1849 eosdem
1202 1794 1498 1850 haereticos
1527 1798 1596 1850 ab
1627 1794 1752 1866 ipso
1784 1798 2038 1867 primum
2069 1794 2285 1851 editum
2309 1797 2418 1850 fuit
2440 1801 2568 1866 post
2599 1798 2723 1864 ejus
2753 1797 3075 1850 reditumin
3103 1794 3374 1861 Africam,
3408 1797 3491 1849 uti
3523 1798 3581 1849 in
3605 1797 3668 1850 li-

169 1865 273 1916 bro
306 1866 494 1937 primo
523 1865 1028 1932 Retractationum,
1060 1867 1241 1937 capite
1272 1868 1492 1921 decimo
1510 1865 1825 1937 significat:
1856 1868 2059 1922 deinde
2091 1868 2194 1921 sub
2219 1868 2390 1920 ﬁnem
2420 1865 2551 1920 libri
2581 1867 2814 1920 secundi
2841 1867 2918 1919 sic
2943 1867 3064 1937 ipse
3092 1867 3367 1936 loquitur,
3401 1867 3578 1920 videri
3607 1873 3670 1922 ut

169 1909 348 2008 possit
369 1935 446 2008 ab
468 1936 726 2008 Romana
753 1937 894 1990 urbe
919 1909 1041 2004 jam
1071 1909 1196 1990 tu‘m
1227 1938 1510 2004 abfuisse;
1558 1909 1806 2008 denique
1831 1939 1892 1991 in
1922 1939 2179 2008 ejusdem
2213 1937 2342 1991 libri
2395 1937 2578 2007 capite
2609 1938 2945 1990 duodecimo
2969 1909 3272 2008 lquidpiam
3327 1909 3367 1991 a’
3393 1954 3450 1990 se
3482 1954 3670 2008 nuper

169 2005 323 2077 apud
356 2005 756 2076 Carthaginem
787 2007 1046 2061 auditum
1077 2009 1268 2061 refert.
1305 2010 1513 2062 Verum
1563 2011 1685 2062 haec
1713 2005 1831 2062 non
1860 2005 2107 2062 efficient
2135 2013 2201 2062 ut
2228 2007 2402 2067 dubia
2452 2005 2523 2060 sit
2552 2008 2691 2061 ﬁdes
2724 2005 3026 2076 Augustini
3062 2008 3298 2062 dicentis
3330 2025 3389 2060 se
3414 2009 3536 2077 jam
3566 2005 3668 2060 ba-

171 2076 464 2150 ptizatum,
498 2093 625 2150 cum
648 2079 843 2132 Romae
881 2085 1042 2150 esset,
1077 2084 1379 2149 sequentes
1409 2079 1584 2134 libros
1615 2080 1925 2150 scripsisse,
1963 2081 2220 2150 adeoque
2253 2079 2357 2132 sub
2388 2079 2563 2150 linem
2593 2080 2727 2150 anni
2750 2079 2954 2134 Christi
2985 2083 3107 2144 387,
3137 2095 3250 2148 quo
3280 2079 3352 2132 ad
3385 2076 3538 2131 illam
3565 2095 3669 2150 rur-

171 2147 304 2200 hem
331 2163 389 2200 se
418 2149 649 2221 recepit,
683 2154 780 2202 aut
810 2155 960 2203 certe
990 2147 1310 2203 initio‘anni
1343 2147 1908 2221 insequentia—cujus
1945 2147 2214 2221 magnam
2260 2155 2482 2218 partem
2529 2149 2611 2203 ibi
2660 2155 2746 2203 est
2803 2147 3206 2203 commoratus.
3243 2151 3354 2221 Ista
3391 2165 3524 2221 vero
3562 2149 3669 2203 hoc

173 2223 339 2288 pacto
363 2219 652 2272 conciliari
677 2225 932 2290 possunt,
962 2225 1027 2273 ut
1058 2237 1255 2274 eorum
1290 2219 1569 2274 librorum
1601 2219 1831 2290 scriptio
1861 2219 2065 2275 Romae
2102 2222 2247 2274 facta
2287 2221 2525 2282 dicatur,
2569 2221 2877 2290 publicatio
2911 2222 2999 2274 vel
3039 2220 3312 2290 perfectio
3343 2220 3404 2273 iu
3435 2220 3666 2290 aliquod

175 2290 627 2414 tempusddglata.
657 2289 945 2361 Quidquid
977 2307 1044 2344 ea
1073 2292 1140 2345 de
1169 2308 1230 2345 re
1261 2291 1350 2356 sit,
1385 2293 1455 2346 ad
1483 2293 1690 2346 horum
1715 2289 1996 2346 librorum
2026 2289 2703 2362 intelligentiamjuvabit
2733 2289 3169 2346 Manichaeorum
3192 2307 3412 2344 errores
3433 2307 3498 2345 ex
3517 2289 3668 2360 prae-

175 2376 366 2413 missxs
437 2378 454 2413 ι
499 2377 686 2414 icisse.

175 2376 331 2413 mlSSl
341 2377 366 2412 S
395 2376 426 2413 α
437 2376 490 2414 ια
499 2377 659 2414 1Ο1586
674 2402 686 2414 .

247 2432 311 2484 In
335 2430 482 2504 libro
512 2431 698 2504 primo
721 2431 790 2486 de
821 2432 1070 2486 Moribus
1102 2432 1407 2487 Catholica:
1435 2433 1697 2487 Ecclesiae
1725 2433 1980 2487 dicturus
2009 2433 2383 2504 Augustinus,
2416 2431 2611 2486 statuit
2639 2449 2928 2488 summum
2961 2433 3325 2502 bonum,quo
3351 2447 3541 2486 mores
3571 2448 3670 2504 no-

176 2506 324 2574 stros
349 2502 564 2574 referri
597 2508 848 2574 oportet,
881 2520 996 2556 non
1027 2503 1183 2574 aliud
1221 2519 1340 2557 esse
1371 2509 1580 2572 prmter
1605 2506 1803 2558 Deum.
1837 2505 1924 2558 Ad
1952 2502 2140 2574 ipsum
2162 2521 2333 2574 porro
2365 2520 2590 2558 summo
2620 2521 2816 2558 amore
2841 2505 3299 2558 contendendum
3329 2519 3469 2568 esse,
3501 2503 3588 2574 uti
3611 2503 3673 2574 in

177 2572 451 2644 catholica
477 2573 722 2626 Ecclesia
749 2573 1097 2627 Testamenti
1117 2575 1332 2628 Veteris
1356 2591 1516 2644 reque
1544 2591 1608 2628 ac
1634 2575 1772 2628 Novi
1804 2572 2139 2631 auctoritate
2161 2572 2415 2629 docetur.
2440 2575 2776 2644 Perstringit
2812 2575 3017 2629 deinde
3045 2575 3231 2628 ofﬁcia
3263 2573 3556 2627 charitatis
3610 2573 3672 2626 in

175 2643 505 2717 proximum
530 2660 544 2697 :
586 2661 649 2698 ac
680 2649 970 2713 postremo
1000 2645 1175 2698 refert
1204 2643 1465 2716 exempla
1497 2647 1868 2700 continentiae
1890 2651 1948 2700 et
1977 2663 2203 2700 morum
2224 2662 2353 2699 vere
2384 2643 2841 2714 Christianorum,
2866 2645 3070 2717 quacin
3099 2645 3390 2699 catholicae
3423 2644 3673 2698 Ecclesia:

176 2714 428 2767 alumnis
459 2715 782 2769 eluxerunt.

248 2786 314 2858 In
343 2787 588 2858 secundo
607 2801 780 2855 quem
811 2785 881 2839 de
909 2786 1352 2840 Manichmorum
1383 2787 1630 2858 Moribus
1658 2787 1963 2858 inscripsit,
2015 2787 2223 2841 refellit
2271 2787 2331 2840 in
2361 2785 2562 2856 primis
2591 2786 2800 2840 horum
2850 2787 3249 2858 haereticorum
3305 2801 3557 2858 errorem
3596 2786 3675 2858 fde

178 2856 316 2908 mali
345 2855 566 2924 origine
597 2863 655 2936 et
681 2863 903 2936 natura.
935 2858 1079 2936 Tum
1105 2858 1317 2936 excutit
1347 2857 1458 2911 tria
1486 2859 1585 2911 illa
1614 2859 1748 2936 o_ris,
1782 2855 2086 2936 manuum,
2117 2864 2173 2911 et
2201 2855 2380 2936 sinus,
2413 2858 2845 2936 utappelabant
2872 2857 3181 2936 signacula,
3226 2856 3435 2927 quibus
3464 2857 3676 2936 impios

179 2942 368 3050 {poples
397 2944 527 3049 stuos
558 2927 1404 3050 obvelabant.tSuperstitiosam
1417 2930 1752 2984 eorumdem
1780 2929 2184 2983 abstinentiam
2209 2928 2520 2999 redarguit.
2545 2928 2911 3000 Tandemque
2941 2929 3296 2998 deprehensa
3320 2928 3586 2998 quaedam
3615 2927 3675 2980 in

179 3014 248 3050 us
321 3014 409 3050 am
445 3014 497 3050 1a
526 3013 910 3050 commemora
941 3037 953 3050 .

179 3014 248 3050 us
278 3013 500 3068 uagina
518 3013 953 3068 commemorat.

283 3066 436 3157 Vide
475 3067 719 3134 librum
754 3078 814 3148 1,
851 3090 1003 3157 cap.
1051 3077 1116 3148 7,
1160 3071 1757 3152 Retractationum,
1792 3070 1915 3136 col.
1951 3073 2104 3151 591,
2147 3068 2447 3151 avcrbis,
2480 3071 2630 3135 Jam
2668 3070 3066 3154 baptizatus,
3100 3091 3167 3134 η.
3223 3077 3284 3149 1,
3337 3089 3542 3155 usque
3589 3066 3682 3132 ad

176 3155 301 3221 col.
341 3164 492 3236 594,
526 3179 593 3222 n.
622 3165 684 3237 6,
721 3155 955 3237 verbis,
1001 3160 1252 3241 Opinor
1280 3163 1509 3240 egisse
1549 3181 1705 3226 nos.
2997 3159 3082 3222 M.

241 3244 473 3308 (Dante
491 3244 656 3308 hosce
685 3245 818 3308 duos
838 3245 999 3294 libros
1027 3247 1248 3295 veniunt
1292 3247 1344 3294 in
1375 3247 1605 3295 editione
1650 3246 1988 3296 Benedictina
2022 3247 2139 3296 libri
2163 3246 2269 3296 duo
2295 3246 2358 3295 de
2375 3245 2562 3295 Genesi
2592 3249 2777 3295 contra
2800 3245 3136 3303 Maniclueos,
3163 3258 3294 3308 quos
3321 3244 3376 3292 in
3399 3247 3600 3292 tomum
3629 3245 3676 3299 3,

177 3307 270 3355 ubi
302 3306 365 3355 de
393 3307 660 3369 Scriptura
688 3307 878 3371 agitur,
907 3308 1304 3358 transferendos
1335 3308 1602 3358 duximus.
1731 3311 1799 3358 Μ.

1060 3529 1167 3632 s.
1249 3497 1898 3636 AURELII
1975 3531 2809 3636 AUGUSTINI

1480 3695 1993 3744 HIPPONENSIS
2027 3695 2384 3744 EPISCOPI

466 3823 775 3981 DE
902 3821 2026 3984 MORIBUS
2155 3818 3420 3982 ECCLESUE

1530 4046 2346 4107 CATHOLICE

872 4180 1019 4264 ET
1098 4179 1258 4263 DE
1345 4177 1920 4264 MOBIBUS
1995 4175 2996 4264 MANlCH/EORUM

1557 4337 1874 4414 LIBRI
1956 4336 2300 4422 DUO‘“).

1143 4491 2704 4704 LIBER—PRIMUS.

1325 4762 1409 4810 DE
1456 4762 1743 4811 MORIBUS
1790 4761 2118 4810 ECCLESIAS
2165 4761 2548 4811 CATHOLlCrE

247 4864 509 4931 Principio
525 4864 798 4931 constituit
811 4865 1139 4931 Augustinus
1154 4878 1327 4912 mores
1342 4863 1462 4911 illos
1481 4863 1672 4931 quibus
1695 4863 1746 4910 in
1769 4862 2002 4931 Ecclesia
2021 4866 2200 4931 sancte
2220 4861 2502 4931 vivitur,ad
2516 4875 2782 4931 summum
2798 4860 3030 4931 hominis
3048 4859 3382 4931 _bouum,l_ioc
3407 4863 3485 4908 est
3500 4861 3683 4931 Qeu‘m,

181 4927 364 4995 referri
390 4921 652 4995 oportere.
687 4921 1053 4995 Tumhsuvmmo
1093 4927 1169 4995 inA
1199 4941 1319 4974 eum
1350 4921 1527 4995 amore
1553 4925 2004 4995 contendendum,
2034 4925 2191 4995 idque
2217 4925 2409 4995 dogma
2421 4937 2544 4995 esse
2575 4924 2628 4995 ip
2660 4923 2917 4995 catholica
2945 4921 3184 4995 Ecclesia
3203 4923 3474 4995 utriusque
3503 4923 3680 4995 Testa-

180 4989 350 5037 menti
380 4984 688 5036 auctoritate
713 4988 1097 5038 conﬁrmatum.
1138 4990 1375 5046 Quatuor
1407 4987 1628 5035 virtutes
1657 5000 1722 5034 ex
1753 4987 1896 5034 vario
1926 4984 2154 5048 quodam
2181 4984 2374 5035 amoris
2421 4985 2728 5048 Deiiaﬂ‘ectu
2769 4985 2936 5033 dictas
2960 4984 3208 5048 ostendit.
3246 4985 3366 5048 Agit
3408 4985 3471 5032 de
3496 4984 3686 5048 officiis

181 5050 585 5161 cimritatisqrga
600 5051 897 5112 proximum
920 5067 932 5111 ;
955 5065 1013 5100 ac
1030 5044 1188 5100 refert
1211 5051 1423 5100 demum
1435 5049 1670 5111 exempla
1691 5044 2031 5098 continentia:
2055 5053 2107 5097 et
2132 5062 2340 5097 morum
2356 5061 2477 5097 vere
2494 5047 3045 5110 christianorum,quaa
3070 5047 3126 5096 in
3149 5044 3393 5096 Ecclesia:
3410 5044 3682 5094 catholica:

181 5127 213 5161 a
237 5113 414 5161 uninis
441 5126 468 5160 e
495 5116 743 5161 uxerunt.

181 5113 414 5161 alumnis
441 5113 743 5161 eluxerunt.

1783 5189 2097 5201 —-—

181 5263 411 5318 CAPUT
465 5263 761 5318 PRIMUM.
814 5267 883 5302 -4
917 5263 1188 5328 Quomodo
1249 5263 1552 5317 detectums
1597 5264 1672 5316 sit
1728 5263 1882 5328 fucos
1992 5260 2129 5314 dum
2156 5259 2597 5314 Manichaeorum
2625 5257 3062 5322 invectionibus,
3105 5255 3310 5328 quibus
3346 5253 3409 5307 in
3448 5254 3682 5322 Legem,

327 5352 771 5406 Manichworum.
804 5353 929 5406 Duo
963 5353 1155 5420 quibus
1197 5353 1402 5417 fallunt
1428 5352 1737 5407 Manichm'.
1991 5350 2148 5420 quod
2169 5351 2339 5403 Vetus
2369 5350 2795 5403 Testamentum
2822 5352 3076 5412 vocatur,
3100 5342 3365 5413 imperite
3386 5345 3556 5411 atque
3582 5341 3688 5394 im-

261 5445 306 5494 1.
335 5441 399 5494 In
437 5439 562 5493 aliis
593 5440 756 5494 libris
775 5440 908 5494 satis
939 5439 1146 5510 opinor
1174 5440 1354 5510 egisse
1376 5457 1479 5494 nos
1508 5440 1883 5511 quemadmo-
1990 5438 2084 5510 pie
2113 5439 2397 5504 feruntur,
2426 5437 2826 5510 sesequeinter
2847 5432 3417 5502 interimperitorum
3430 5431 3686 5500 plausus,

252 5563 324 5625 (α)
347 5563 535 5626 Scripti
559 5577 742 5612 versus
767 5563 979 5613 initium
1019 5562 1146 5612 anni
1169 5561 1359 5612 Christi
1388 5565 1498 5621 388,
1523 5563 1726 5626 vulgati
1749 5562 1882 5612 forte
1989 5525 2816 5626 ξηθηὲβδθίεξῗίοηθῇἷθηωδηλ
2854 5536 3138 5626 possum“?
3530 5516 3688 5626 (1,32%

186 5607 332 5675 an‘ﬁé
348 5607 535 5674 liii-Sir"
573 5607 740 5612 MV“
767 5607 979 5613 mum—
1021 5607 1146 5612 mm
1176 5607 1359 5612 "um
1391 5607 1498 5621 *νῆ’
1538 5607 1726 5626 ’Νοψ
1749 5607 1879 5612 ““”
1991 5615 2237 5670 breviter
2283 5614 2454 5668 etiam
2500 5614 2593 5669 hic
2633 5608 3070 5668 commemorari
3114 5625 3147 5661 ιι
3177 5623 3267 5663 me
3313 5610 3516 5677 potest.
3551 5607 3696 5669 Quis
