4074 6416
401 363 526 414 1311

399 481 556 538 enim
595 478 961 534 mediocriter
990 495 1160 532 sanus
1190 494 1306 532 non
1323 478 1486 532 facile
1516 479 1818 550 intelligat,
1848 481 2096 551 Scriptu-

401 584 599 622 rarum
629 567 1042 637 expositionem
1064 567 1134 622 ab
1163 566 1234 620 iis
1267 567 1572 637 petendam
1600 583 1740 634 esse,
1771 568 1871 639 qui
1901 583 2098 622 earum

403 657 661 710 doctores
691 673 749 709 se
780 673 899 710 esse
931 656 1303 726 proﬁtentur;
1352 655 1593 726 ﬁerique
1641 673 1824 727 posse,
1875 657 1991 711 imo
2041 657 2098 711 id

401 761 629 814 semper
685 743 960 810 accidere,
1003 749 1066 797 ut
1120 744 1300 797 multa
1351 743 1590 798 indoctis
1645 745 1949 798 videantur
2002 745 2099 798 ab-

401 833 592 896 surda,
657 849 784 903 qum
846 849 973 886 cum
1027 848 1059 884 a
1105 832 1425 886 doctoribus
1465 839 1850 902 exponuntur,
1886 850 1952 887 eo
1983 835 2101 888 lau-

409 921 596 974 danda
625 921 946 989 videantur,
1001 927 1058 974 et
1104 936 1171 974 eo
1230 921 1583 989 accipiantur
1627 926 1824 992 aperta
1855 922 2100 989 dulcius,

408 1025 523 1079 quo
557 1011 746 1063 clausa
785 1009 1072 1064 difﬁcilius
1121 1009 1521 1079 aperiebantur
1538 1011 1566 1062 ?
1597 1011 1710 1064 Hoc
1735 1009 1852 1064 fere
1882 1010 1941 1063 in
1973 1027 2094 1064 san-

406 1098 512 1151 ctis
536 1099 750 1151 Veteris
770 1097 1114 1152 Testamenti
1145 1097 1306 1151 libris
1333 1097 1538 1164 evenit,
1581 1097 1627 1150 si
1659 1098 1826 1151 modo
1871 1097 1967 1151 ille
2005 1096 2104 1167 qui

409 1186 489 1240 eis
519 1186 848 1251 offenditur,
893 1186 1183 1238 doctorem
1220 1185 1408 1255 potius
1464 1199 1662 1237 eorum
1715 1183 1896 1254 pium,
1929 1199 2100 1254 quam

406 1273 648 1344 impium
689 1275 1059 1327 laceratorem
1089 1272 1360 1342 requirat,
1389 1272 1664 1342 priusque
1708 1271 1896 1325 studio
1945 1287 2102 1342 quaa-

411 1363 615 1431 rentis,
658 1377 828 1432 quam
891 1360 1210 1414 temeritate
1259 1359 1734 1430 reprehendentis
1790 1359 2100 1421 imbuatur,

413 1450 546 1514 Nec,
579 1448 627 1501 si
656 1465 723 1501 ea
755 1447 967 1502 discere
1001 1446 1253 1516 cupiens,
1284 1446 1346 1499 in
1397 1447 1620 1517 aliquos
1647 1446 1791 1500 forte
1841 1446 2104 1500 inciderit

409 1538 497 1590 vel
547 1535 840 1606 episcopos
865 1536 952 1588 vel
1009 1535 1389 1605 presbyteros,
1423 1535 1510 1588 vel
1561 1535 1947 1605 cujuscemodi
2005 1537 2101 1589 Ec-

411 1623 598 1678 clesiae
627 1623 913 1678 catholicas
943 1622 1221 1676 antistites
1264 1629 1318 1676 et
1340 1623 1647 1689 ministros,
1696 1621 1795 1694 qui
1834 1626 1952 1690 aut,
1981 1638 2104 1691 pas-

410 1712 519 1766 sim
546 1717 780 1766 caveant
809 1711 1026 1764 nudare
1082 1711 1371 1781 mysteria,
1423 1715 1520 1764 aut
1564 1711 1817 1764 contenti
1862 1709 2104 1780 simplici

408 1801 541 1867 ﬁde,
602 1799 806 1854 altiora
855 1815 1196 1869 cognoscere
1245 1815 1360 1852 non
1391 1799 1665 1865 curarint,
1721 1799 1986 1868 desperet
2025 1799 2104 1853 ibi

407 1887 706 1942 scientiam
753 1902 872 1940 esse
911 1887 1183 1955 veritatis,
1218 1887 1313 1940 ubi
1369 1903 1556 1958 neque
1587 1903 1789 1941 omnes
1817 1903 1850 1941 a
1898 1887 2105 1958 quibus

409 1977 690 2049 quaeritur
720 1977 921 2031 docere
947 1980 1205 2047 possunt,
1255 1992 1441 2046 neque
1477 1991 1676 2029 omnes
1705 1975 1806 2047 qui
1842 1979 2106 2046 qurerunt

409 2066 625 2120 discere
655 2065 814 2136 digni
845 2069 999 2118 sunt.
1044 2066 1108 2119 Et
1136 2064 1432 2135 diligentia
1462 2064 1637 2134 igitur
1667 2068 1722 2117 et
1741 2064 1922 2134 pietas
1951 2063 2106 2117 adhi-

411 2154 600 2208 benda
625 2158 741 2207 est:
776 2154 953 2206 altero
985 2152 1085 2207 fiet
1114 2157 1177 2207 ut
1204 2152 1442 2206 scientes
1475 2151 1874 2217 inveniamus;
1909 2152 2102 2214 altero,

410 2247 474 2296 ut
504 2242 644 2296 scire
685 2257 1028 2295 mereamur.

476 2334 527 2384 2.
557 2330 667 2384 Sed
722 2329 998 2400 quoniam
1029 2329 1155 2382 dum
1189 2329 1436 2382 maxime
1468 2334 1601 2382 sunt
1624 2328 1903 2383 illecebrae
1936 2329 2106 2384 Mani-

410 2419 724 2484 ehmorum,
781 2417 987 2488 quibus
1019 2416 1383 2487 decipiuntur
1412 2417 1645 2486 incauti,
1697 2421 1759 2471 ut
1789 2433 1884 2470 eos
1932 2418 2107 2472 velint

410 2507 622 2562 habere
652 2507 947 2571 doctores;
981 2521 1113 2570 una,
1145 2521 1273 2558 cum
1306 2504 1622 2574 Scripturas
1660 2505 2100 2575 reprehendunt,

411 2596 498 2648 vel
537 2610 676 2664 quas
723 2593 870 2646 male
905 2592 1231 2662 intelligunt
1271 2594 1357 2647 vel
1389 2609 1527 2664 quas
1562 2593 1706 2647 male
1737 2593 1978 2664 intelligi
2009 2611 2104 2648 vo-

413 2683 575 2747 lunt;
631 2683 830 2750 altera,
883 2697 1010 2734 cum
1044 2680 1175 2733 vitae
1219 2684 1382 2734 castae
1430 2685 1486 2734 et
1515 2679 1903 2734 memorabilis
1933 2681 2107 2735 conti-

414 2771 626 2825 nentiae
656 2768 968 2840 imaginem
997 2769 1350 2840 przeferunt:
1381 2768 1474 2823 hic
1502 2768 1648 2823 liber
1693 2773 2106 2838 congruentem

411 2858 707 2913 catholica:
737 2857 1053 2927 disciplinae
1091 2858 1431 2912 sententiam
1465 2861 1721 2911 nostram
1770 2858 1840 2911 de
1883 2857 1993 2911 vita
2051 2861 2107 2910 et

408 2947 663 3002 moribus
721 2945 1060 3012 continebit,
1117 2944 1176 2999 in
1234 2962 1346 3017 quo
1405 2946 1638 3000 fortasse
1672 2945 2024 3017 intelligetur
2052 2950 2107 2999 et

411 3051 583 3106 quam
632 3035 703 3088 sit
750 3033 913 3088 facile
943 3034 1232 3099 simulare,
1294 3038 1350 3088 et
1406 3050 1579 3104 quam
1637 3033 1866 3087 difﬁcile
1897 3034 2104 3088 habere

411 3124 700 3178 virtutem.
737 3124 878 3177 Eum
912 3138 1046 3176 sane
1091 3122 1323 3176 modum
1378 3123 1605 3188 tenebo,
1665 3121 1713 3175 si
1768 3128 1992 3192 potero,
2044 3127 2106 3176 ut

412 3227 602 3282 neque
632 3212 690 3264 in
718 3211 948 3266 illorum
981 3210 1226 3276 morbos,
1269 3210 1366 3280 qui
1420 3210 1563 3264 mihi
1615 3214 1747 3264 sunt
1799 3208 2101 3274 notissimi,

408 3304 530 3354 tam
564 3299 812 3370 graviter
858 3299 1116 3366 invehar,
1151 3314 1323 3368 quam
1353 3299 1436 3352 illi
1463 3299 1523 3352 in
1554 3315 1620 3352 ea
1645 3315 1772 3369 quae
1801 3298 2103 3368 ignorant;

409 3385 602 3439 sanari
633 3385 787 3440 enim
845 3401 942 3439 eos
999 3387 1212 3456 potuis,
1265 3386 1312 3440 si
1366 3387 1492 3440 ﬁeri
1542 3390 1750 3457 potest,
1800 3403 1974 3457 quam
1999 3403 2103 3456 op-

402 3473 651 3545 pugnari
681 3474 831 3528 volo.
873 3475 937 3527 Et
969 3490 1035 3528 ea
1082 3475 1150 3529 de
1179 3474 1484 3546 Scripturis
1526 3491 1812 3529 assumam
1843 3475 2099 3529 testimo-

407 3561 523 3627 nia,
552 3562 761 3631 quibus
791 3578 887 3615 eos
921 3577 1146 3616 necesse
1196 3563 1267 3616 sit
1295 3562 1548 3630 credere,
1581 3563 1649 3618 de
1699 3564 1849 3618 Novo
1894 3563 2105 3618 scilicet

406 3651 788 3716 Testamento,
822 3651 891 3704 de
906 3667 1019 3721 quo
1051 3657 1243 3705 tamen
1273 3651 1414 3706 nihil
1443 3653 1724 3722 proferam
1748 3668 1949 3706 eorum
1975 3670 2103 3724 quae

409 3740 594 3792 solent
652 3739 905 3793 immissa
961 3755 1081 3794 esse
1138 3740 1346 3807 dicere,
1404 3757 1533 3794 cum
1572 3741 1796 3811 magnis
1825 3741 2104 3812 angustiis

405 3832 800 3895 coarctautur;
824 3828 918 3882 sed
949 3843 1016 3881 ea
1040 3828 1246 3898 dicam,
1279 3845 1408 3900 qua:
1438 3835 1495 3884 et
1548 3830 1864 3900 approbare
1897 3835 1952 3883 et
1978 3830 2100 3883 lau-

407 3917 543 3971 dare
574 3923 874 3986 coguntur.
898 3918 1012 3971 Nec
1039 3918 1273 3972 omnino
1315 3918 1494 3972 ullam
1549 3919 1874 3990 relinquam
1902 3923 2103 3972 testem

412 4006 756 4060 sententiam
785 4005 1124 4076 productam
1180 4006 1250 4060 de
1298 4006 1608 4077 apostolica
1650 4006 1971 4077 disciplina,
2012 4007 2103 4061 cui

410 4109 526 4148 non
552 4095 620 4148 de
654 4094 836 4148 Veteri
865 4095 1221 4148 Testamento
1266 4094 1510 4148 similem
1555 4111 1915 4165 comparem;
1962 4100 2028 4149 ut
2057 4095 2104 4148 si

414 4182 682 4252 evigilare
704 4182 958 4246 tandem,
988 4181 1244 4252 deposita
1271 4181 1584 4252 pertinacia
1603 4182 1960 4236 somniorum
1981 4200 2105 4238 suo-

413 4283 566 4334 rum,
610 4275 666 4322 et
692 4269 751 4322 in
781 4268 1102 4322 Christianae
1131 4268 1266 4322 ﬁdei
1295 4269 1478 4322 lucem
1518 4269 1769 4339 aspirare
1799 4270 2102 4334 voluerint,

408 4355 866 4410 animadvertant
898 4360 953 4409 et
976 4372 1148 4426 quam
1181 4372 1296 4409 non
1328 4356 1400 4410 sit
1429 4356 1736 4411 christiana
1778 4358 1892 4412 vita
1931 4376 2105 4430 quam

415 4449 725 4508 ostentant,
778 4449 832 4498 et
882 4460 1056 4515 quam
1101 4445 1176 4498 sit
1229 4444 1435 4499 Christi
1486 4445 1775 4516 Scriptura
1825 4464 1998 4518 quam
2027 4449 2105 4503 1a-

409 4539 620 4588 cerant.
661 4601 670 4606 ﬂ
683 4591 708 4597 ﬂ
735 4548 868 4614 κέπ-

410 4624 639 4700 ΟΑΡΗᾚ
669 4624 863 4700 ΙΙΙτλέ-
894 4622 1209 4676 Rationibus
1235 4624 1390 4691 prius
1420 4624 1558 4691 agit,
1580 4623 1867 4692 obsequens
1900 4627 2105 4680 vitiosae

619 4695 630 4736 ⁵·
840 4711 1257 4765 Manichaeorum
1297 4711 1688 4765 consuetudini.

482 4802 528 4854 3.
564 4799 719 4852 [inde
750 4797 927 4868 igitur
955 4799 1219 4852 exordiar
1248 4799 1274 4851 ?
1321 4800 1391 4854 ab
1421 4800 1774 4868 auctoritate,
1808 4818 1880 4854 an
1940 4819 1970 4855 a
2021 4819 2106 4856 ra-

408 4885 564 4941 tione
585 4886 612 4940 ?
643 4887 873 4941 Natura:
905 4886 1137 4957 quidem
1170 4889 1310 4942 ordo
1339 4888 1419 4942 ita
1447 4905 1504 4941 se
1536 4889 1727 4950 habet.
1761 4894 1821 4944 ut
1839 4906 1968 4944 cum
2000 4890 2102 4944 ali-

406 4976 538 5047 quid
601 4975 896 5044 discimus,
954 4976 1235 5030 rationem
1286 4977 1566 5047 praecedat
1599 4980 1918 5033 auctoritas.
1964 4980 2103 5032 Nam

408 5065 639 5119 infirma
667 5063 813 5118 ratio
839 5065 1018 5119 videri
1050 5069 1254 5135 potest,
1285 5081 1412 5136 quae
1462 5081 1589 5119 cum
1641 5065 1861 5120 reddita
1911 5066 2102 5132 fuerit,

411 5152 804 5208 auctoritatem
836 5157 1051 5225 postea,
1085 5169 1188 5223 per
1218 5170 1387 5224 quam
1418 5154 1697 5216 ﬁrmetur,
1725 5154 2102 5209 assumit.Scd

407 5242 542 5312 quia
580 5241 892 5313 caligantes
927 5242 1228 5296 hominum
1261 5247 1480 5298 mentes
1509 5242 1919 5296 consuetudine
1948 5246 2103 5297 tene-

410 5330 665 5395 brarum,
726 5332 933 5402 quibus
986 5331 1048 5384 in
1103 5336 1268 5386 nocte
1330 5337 1691 5401 peccatorum
1721 5329 2103 5402 vitiorumque

408 5419 689 5484 velantur,
742 5419 1137 5490 perspicuitati
1186 5419 1611 5489 sinceritatique
1660 5417 1896 5472 rationis
1939 5436 2100 5488 aspe-

409 5511 563 5560 ctum
591 5507 860 5562 idoneum
892 5508 1190 5562 intendere
1204 5512 1497 5577 nequeunt
1525 5507 1922 5572 ;saluberrime
1952 5525 2102 5562 com-

410 5599 673 5664 paratum
705 5600 807 5661 est,
850 5603 914 5650 ut
942 5597 1000 5648 in
1033 5597 1214 5650 lucem
1247 5595 1496 5650 veritatis
1528 5595 1704 5650 aciem
1760 5595 2102 5651 titubantem

1217 357 1309 411 DE
1347 356 1659 412 MOBIBUS
1696 357 2059 413 ECCLESl/E
2098 355 2543 418 CATHOLICXE,
2587 354 2640 408 S.
2684 352 3066 409 AUGUSTINI

3783 357 3930 408 1312

2215 479 2390 533 veluti
2416 477 2590 532 ramis
2610 475 2981 531 humanitatis
3011 482 3246 548 opacata
3294 477 3527 533 inducat
3581 479 3922 533 auctoritas.

2212 566 2319 620 Sed
2356 565 2628 636 quoniam
2659 579 2789 617 cum
2821 563 2890 617 iis
2911 564 3074 617 nobis
3104 581 3194 618 res
3222 568 3325 631 est,
3358 565 3458 636 qui
3487 565 3684 620 omnia
3716 572 3928 620 contra

2211 657 2473 710 ordinem
2506 659 2561 709 et
2591 655 2865 717 sentiunt,
2899 658 2954 708 et
2980 655 3316 725 loquuntur,
3353 659 3409 709 et
3455 660 3681 726 gerunt,
3737 656 3926 709 nihil-

2211 761 2322 814 que
2355 745 2511 799 aliud
2544 744 2792 798 maxime
2827 743 3044 810 dicunt,
3095 739 3207 796 nisi
3248 743 3537 797 rationem
3583 745 3746 814 prius
3797 761 3924 799 esse

2211 833 2581 898 reddendam,
2615 847 2834 886 morem
2873 831 2984 885 illis
3018 847 3215 902 geram
3241 851 3255 899 ;
3281 831 3431 902 quod
3475 831 3662 886 fateor
3700 831 3761 886 in
3803 833 3923 886 dis-

2210 921 2466 991 putando
2496 921 2760 975 vitiosum
2792 936 2934 985 esse,
2964 920 3291 991 suscipiam.
3327 921 3582 974 Delectat
3615 919 3774 974 enim
3826 936 3922 972 me

2210 1009 2442 1075 imitari,
2472 1013 2750 1080 quantum
2791 1010 2971 1076 valeo,
3003 1009 3503 1063 mansuetudinem
3536 1008 3768 1062 Domini
3801 1009 3920 1061 mei

2210 1097 2340 1150 Jesu
2373 1095 2601 1164 Christi,
2632 1095 2731 1166 qui
2762 1095 2933 1149 etiam
2961 1094 3138 1166 ipsius
3185 1093 3384 1148 mortis
3435 1095 3609 1161 malo,
3661 1111 3781 1166 quo
3815 1111 3923 1148 nos

2211 1200 2417 1238 exuere
2447 1185 2633 1249 vellet,
2668 1183 2896 1238 indutus
2925 1187 3026 1237 est.

2213 1273 2438 1328 CAPUT
2469 1273 2565 1327 III.
2615 1300 2682 1311 —
2728 1273 2924 1325 Beatus
2980 1272 3077 1340 qui
3123 1286 3179 1325 eo
3222 1272 3438 1337 fruitur
3479 1270 3624 1339 quod
3683 1272 3925 1325 hominis

2284 1364 2544 1431 optimum
2573 1365 2669 1414 est.
2711 1362 2954 1414 Hominis
2984 1361 3245 1428 optimum
3284 1360 3436 1427 quid.
3471 1360 3611 1414 Duae
3649 1360 3926 1414 conditio-

2283 1466 2372 1505 nes
2402 1451 2599 1504 summi
2630 1449 2789 1503 boni:
2827 1452 2882 1502 1⁸
2909 1453 2968 1503 ut
2996 1449 3137 1502 nihil
3166 1463 3224 1504 eo
3253 1449 3442 1503 melius
3472 1450 3579 1513 sit;
3617 1450 3678 1502 2'
3707 1451 3770 1501 ut
3818 1449 3930 1502 tale

2282 1541 2374 1606 sit,
2407 1539 2550 1608 quod
2578 1553 2683 1593 non
2713 1541 2935 1594 amittat
2963 1540 3189 1593 invitus.

2283 1629 2335 1682 4.
2361 1626 2600 1681 Ratione
2638 1625 2813 1696 igitur
2841 1643 3165 1698 quaeramus
3197 1625 3689 1697 quemadmodum
3715 1625 3788 1679 sit
3821 1625 3926 1679 bo-

2213 1715 2358 1769 mini
2384 1714 2710 1768 vivendum.
2750 1716 2916 1768 Beate
2945 1718 3096 1768 certe
3132 1730 3330 1768 omnes
3380 1714 3569 1768 vivere
3611 1715 3926 1780 volumus;

2215 1820 2400 1874 neque
2432 1801 2736 1872 quisquam
2787 1806 2866 1855 est
2926 1801 2987 1855 in
3034 1801 3338 1856 hominum
3386 1818 3614 1873 genere,
3669 1803 3773 1874 qui
3803 1819 3927 1856 non

2211 1893 2345 1947 huic
2392 1889 2710 1956 sententiae,
2743 1895 3053 1962 antequam
3084 1893 3252 1963 plene
3278 1891 3350 1946 sit
3381 1890 3607 1957 emissa,
3671 1908 3924 1946 consen—

2212 1982 2334 2035 tiat.
2372 1982 2571 2034 Beatus
2603 1983 2814 2047 autem,
2847 1985 3126 2050 quantum
3160 1980 3443 2047 existimo,
3469 1997 3658 2052 neque
3688 1980 3786 2035 ille
3809 1980 3928 2035 dici

2213 2073 2422 2141 potest,
2493 2067 2590 2139 qui
2651 2085 2766 2122 non
2823 2069 2996 2122 habet
3045 2070 3198 2140 quod
3265 2073 3435 2136 amat,
3496 2070 3926 2140 qualecumque

2216 2159 2319 2225 sit;
2344 2172 2532 2227 neque
2550 2156 2649 2227 qui
2680 2156 3024 2227 habetquod
3057 2161 3227 2223 amat,
3263 2157 3308 2211 si
3333 2157 3572 2212 noxium
3599 2158 3673 2212 sit
3695 2176 3708 2226 ;
3728 2174 3927 2229 neque

2216 2247 2316 2318 qui
2336 2262 2450 2300 non
2474 2249 2626 2299 amat
2655 2245 2808 2316 quod
2829 2245 3020 2310 habet,
3052 2246 3278 2300 etiamsi
3320 2247 3605 2318 optimum
3653 2248 3744 2302 sit.
3777 2249 3928 2303 Nam

2217 2336 2272 2389 ét
2301 2335 2399 2406 qui
2423 2334 2642 2404 appetit
2671 2334 2824 2404 quod
2855 2334 3093 2405 adipisci
3119 2351 3236 2388 non
3267 2340 3475 2405 potest,
3509 2336 3836 2402 cruciatur;
3868 2343 3928 2390 et

2217 2423 2315 2494 qui
2336 2422 2570 2492 adeptus
2601 2425 2686 2475 est
2715 2422 2870 2491 quod
2927 2415 3318 2493 appetendum
3363 2439 3478 2477 non
3509 2427 3614 2489 est,
3660 2422 3882 2477 fallitur
3910 2439 3924 2486 ;

2215 2511 2371 2582 etqui
2393 2527 2510 2564 non
2543 2509 2760 2580 appetit
2783 2510 2939 2580 quod
2972 2510 3409 2580 adipiscendum
3445 2515 3613 2573 esset,
3647 2515 3924 2581 aegrotat.

2218 2597 2369 2652 Nihil
2400 2602 2592 2652 autem
2622 2597 2861 2651 istorum
2893 2598 3088 2652 animo
3136 2598 3417 2669 contingit
3479 2599 3602 2653 sine
3650 2599 3925 2663 miseria;

2215 2702 2317 2739 nec
2350 2685 2579 2740 miseria
2611 2689 2664 2739 et
2694 2685 2988 2741 beatitudo
3018 2687 3079 2740 in
3108 2687 3342 2741 homine
3389 2703 3502 2741 uno
3549 2687 3722 2741 simul
3753 2687 3928 2742 habi-

2214 2779 2335 2829 tare
2367 2780 2822 2830 consueverunt:
2869 2777 3062 2830 nullus
3095 2775 3274 2846 igitur
3301 2777 3532 2830 illorum
3579 2777 3780 2831 beatus
3812 2782 3924 2831 est.

2216 2866 2492 2928 Quartum
2521 2867 2716 2933 restat,
2773 2868 2836 2918 ut
2887 2864 3072 2930 video,
3127 2863 3228 2918 ubi
3283 2864 3447 2918 beata
3501 2864 3612 2918 vita
3671 2865 3927 2920 inveniri

2215 2955 2422 3022 queat;
2450 2966 2580 3004 cum
2608 2951 2667 3004 id
2703 2951 2854 3021 quod
2883 2956 2967 3005 est
2995 2951 3244 3005 hominis
3263 2951 3564 3021 optimum,
3592 2957 3648 3006 et
3667 2959 3924 3020 amatur,

2215 3043 2272 3093 et
2301 3039 2561 3094 habetur.
2595 3039 2737 3103 Quid
2772 3039 2926 3093 enim
2961 3043 3045 3092 est
3093 3039 3251 3092 aliud
3283 3039 3436 3109 quod
3493 3039 3740 3093 dicimus
3780 3041 3923 3105 frui,

2214 3127 2324 3181 nisi
2346 3132 2554 3197 praesto
2585 3128 2793 3182 habere
2816 3128 2970 3198 quod
2997 3126 3187 3198 diligis
3206 3129 3234 3181 ‘?
3250 3129 3441 3198 Neque
3461 3128 3767 3198 quisquam
3783 3130 3924 3184 bea-

2213 3218 2305 3268 tus
2335 3219 2438 3280 est,
2497 3213 2596 3285 qui
2645 3231 2760 3269 non
2801 3215 3010 3268 fruitur
3053 3229 3119 3268 eo
3167 3213 3317 3284 quod
3373 3217 3457 3267 est
3485 3213 3738 3268 hominis
3773 3217 3927 3286 opti-

2218 3319 2409 3369 mum;
2440 3319 2544 3357 nec
2574 3304 2895 3374 quisquam,
2931 3303 3030 3373 qui
3058 3318 3123 3356 eo
3155 3301 3381 3368 fruitur,
3415 3318 3529 3355 non
3579 3306 3665 3356 est
3693 3303 3923 3358 beatus.

2216 3393 2424 3445 Praesto
2467 3408 2603 3461 ergo
2648 3407 2769 3445 esse
2813 3390 2980 3445 nobis
3031 3390 3200 3444 debet
3237 3389 3523 3458 optimum
3552 3394 3844 3459 nostrum,
3881 3393 3928 3445 si

2214 3480 2378 3534 beate
2397 3481 2585 3534 vivere
2616 3480 2949 3551 cogitamus.

2286 3572 2342 3623 ὅ.
2384 3567 2653 3637 Sequitur
2709 3571 2773 3621 ut
2817 3582 3146 3638 quazramus
3199 3565 3337 3637 quid
3378 3565 3451 3619 sit
3491 3563 3745 3619 hominis
3777 3565 3929 3634 opti-

2215 3671 2395 3722 mum,
2425 3656 2580 3726 quod
2619 3655 2872 3726 profecto
2905 3653 3156 3708 deterius
3207 3669 3328 3707 esse
3361 3669 3534 3722 quam
3563 3653 3686 3722 ipse
3744 3651 3929 3706 homo

2214 3758 2328 3796 non
2358 3746 2560 3811 potest.
2599 3740 2866 3812 Quisquis
2907 3739 3059 3793 enim
3093 3740 3246 3811 quod
3281 3738 3467 3809 seipse
3525 3742 3610 3792 est
3642 3738 3922 3802 deterius,

2214 3829 2492 3901 sequitur,
2525 3830 2590 3884 fit
2614 3834 2669 3883 et
2696 3830 2817 3900 ipse
2850 3827 3123 3882 deterior.
3183 3829 3428 3898 Oportet
3457 3831 3649 3881 autem
3685 3844 3921 3881 omnem

2214 3919 2506 3973 hominem
2539 3918 2594 3972 id
2623 3917 2773 3989 quod
2808 3916 3091 3986 optimum
3123 3919 3206 3969 est
3233 3915 3415 3986 sequi.
3455 3916 3576 3969 Non
3607 3919 3694 3968 est
3742 3915 3924 3985 igitur

2213 4007 2447 4062 homine
2477 4007 2726 4060 deterius
2756 4004 3007 4060 hominis
3037 4004 3341 4075 optimum.
3379 4005 3636 4058 Fortasse
3673 4004 3789 4058 tale
3822 4004 3923 4056 ali-

2215 4095 2352 4166 quid
2385 4095 2510 4160 erit,
2535 4094 2704 4166 quale
2731 4094 2850 4164 ipse
2882 4094 3056 4147 homo
3099 4093 3225 4146 est?
3254 4094 3337 4147 Ita
3368 4092 3440 4146 sit
3486 4109 3642 4159 sane,
3686 4092 3733 4145 si
3775 4092 3920 4146 nihil

2214 4189 2298 4238 est
2319 4183 2550 4238 homine
2582 4183 2804 4247 melius,
2847 4197 2960 4252 quo
3007 4179 3223 4251 perfrui
3253 4178 3450 4250 possit.
3496 4179 3553 4234 Si
3587 4183 3781 4232 autem
3833 4179 3921 4234 in-

2212 4271 2473 4326 venimus
2502 4270 2715 4341 aliquid
2760 4267 2914 4338 quod
2947 4273 3002 4322 et
3050 4266 3285 4322 homine
3322 4266 3394 4319 sit
3426 4266 3820 4331 excellentius,
3870 4273 3925 4319 et

2212 4365 2423 4430 praesto
2454 4376 2572 4412 esse
2600 4357 2816 4412 amanti
2847 4373 2967 4410 sese
2996 4355 3221 4411 homini
3258 4355 3470 4426 possit;
3523 4354 3651 4424 quis
3689 4355 3922 4409 dubita-

2213 4448 2357 4500 verit
2384 4446 2605 4500 homini
2635 4446 2702 4500 ad
2735 4446 2793 4500 id
2823 4446 3122 4499 nitendum
3151 4460 3271 4497 esse
3302 4447 3362 4497 ut
3409 4443 3609 4497 beatus
3640 4442 3732 4506 sit,
3767 4445 3923 4512 quod

2215 4553 2282 4590 eo
2329 4535 2452 4605 ipso
2500 4534 2599 4605 qui
2649 4533 2874 4600 nititur,
2932 4532 3298 4587 manifestum
3347 4536 3432 4586 est
3477 4547 3597 4584 esse
3645 4535 3923 4601 praestan-

2213 4623 2370 4676 tius?
2398 4624 2536 4676 Nam
2565 4621 2609 4675 si
2628 4620 2684 4675 id
2712 4625 2795 4674 est
2822 4621 3052 4674 beatum
3085 4635 3227 4684 esse,
3265 4619 3335 4673 ad
3362 4619 3476 4673 tale
3515 4619 3735 4672 bonum
3783 4635 3921 4688 per-

2212 4711 2429 4766 venisse
2461 4728 2574 4782 que
2604 4710 2852 4781 amplius
2878 4727 2988 4762 non
3022 4714 3228 4780 potest,
3256 4709 3314 4762 id
3367 4714 3452 4762 est
3512 4714 3705 4763 autem
3761 4711 3922 4779 quod

2213 4800 2457 4854 dicimus
2483 4800 2770 4870 optimum
2796 4816 2809 4866 ;
2848 4815 2960 4869 quo
2984 4799 3217 4852 tandem
3246 4800 3410 4868 pacto
3445 4797 3706 4866 potestin
3729 4814 3792 4850 ea
3823 4799 3920 4852 de-

2211 4887 2472 4943 ﬁnitione
2531 4888 2767 4954 includi,
2825 4886 2923 4957 qui
2978 4887 3047 4940 ad
3115 4901 3403 4940 summum
3460 4886 3675 4940 bonum
3745 4904 3922 4940 suum

2212 4975 2467 5029 nondum
2525 4974 2892 5046 pervenerit?
2935 4979 3034 5028 aut
3081 4976 3364 5045 quomodo
3404 4991 3691 5029 summum
3729 4980 3837 5040 est,
3874 4978 3920 5030 si

2214 5069 2297 5119 est
2327 5065 2546 5137 aliquid
2579 5063 2784 5118 melius
2811 5079 2924 5133 quo
2955 5062 3254 5133 pervenire
3284 5062 3615 5134 possimus?
3651 5065 3767 5118 Hoc
3808 5065 3919 5136 igi-

2211 5158 2307 5209 tur
2334 5154 2379 5207 si
2410 5158 2514 5218 est,
2547 5155 2659 5207 tale
2689 5168 2811 5207 esse
2841 5151 3006 5205 debet
3045 5153 3198 5222 quod
3244 5168 3360 5205 non
3404 5151 3631 5206 amittat
3679 5152 3918 5208 invitus.

2212 5243 2434 5314 Quippe
2479 5258 2652 5296 nemo
2702 5244 2890 5312 potest
2933 5240 3217 5294 conﬁdere
3271 5241 3340 5294 de
3390 5239 3489 5293 tali
3536 5240 3707 5305 bono,
3759 5241 3923 5310 quod

2211 5331 2317 5386 sibi
2365 5331 2511 5402 eripi
2556 5346 2724 5400 posse
2773 5329 2964 5394 sentit,
3019 5328 3240 5382 etiamsi
3280 5327 3525 5381 retinere
3581 5327 3641 5381 id
3703 5330 3922 5398 amplc-

2211 5421 2402 5491 ctique
2437 5419 2702 5473 voluerit.
2739 5418 3004 5489 Quisquis
3033 5422 3222 5471 autem
3257 5417 3324 5470 de
3365 5417 3517 5470 bono
3559 5433 3672 5486 quo
3707 5417 3923 5471 fruitur

2212 5526 2324 5564 non
2355 5507 2607 5576 conlidit,
2641 5507 2700 5562 in
2741 5513 2897 5563 tanto
2946 5507 3151 5562 timore
3209 5505 3508 5561 amittendi
3541 5505 3741 5560 beatus
3799 5523 3920 5561 esse

2213 5598 2310 5667 qui
2340 5598 2564 5667 potest?
