4074 6388
147 281 284 334 1313

585 415 809 471 CAPUT
838 415 927 468 IV.
960 442 1029 454 -
1058 415 1224 468 Homo
1255 413 1408 483 quid.

223 519 274 570 6.
307 515 641 580 Quaeramus
671 511 848 583 igitur
876 511 1012 582 quid
1062 511 1134 565 sit
1166 511 1397 564 homine
1430 509 1650 563 melius.
1687 510 1846 574 Quod

152 604 404 675 profecto
435 602 690 656 invenire
741 600 969 654 difficile
1001 605 1103 667 est,
1145 599 1255 652 nisi
1300 599 1460 669 prius
1493 599 1846 653 considerato

151 699 322 764 atque
378 691 629 745 discusso
685 689 823 760 quid
851 689 923 742 sit
953 689 1072 758 ipse
1103 688 1292 741 homo.
1331 690 1440 741 Nec
1470 705 1623 741 nunc
1651 687 1848 742 defini-

152 784 370 836 tionem
400 780 646 835 hominis
703 796 733 831 a
769 794 860 832 me
919 778 1320 848 postulandam
1355 781 1514 847 puto.
1568 777 1712 830 lllud
1763 781 1849 831 est

153 869 336 941 magis
361 869 514 940 quod
548 865 692 920 mihi
718 867 827 920 hoc
859 866 983 920 loco
1013 866 1387 936 quarendum
1442 865 1684 931 videtur,
1718 881 1848 919 cum

154 960 305 1013 inter
335 973 534 1011 omnes
567 971 711 1026 pene
739 958 976 1020 constet,
1011 957 1108 1007 aut
1136 958 1306 1020 certe,
1333 953 1393 1006 id
1423 953 1578 1023 quod
1597 954 1845 1020 satiscst,

151 1047 302 1100 inter
329 1061 421 1100 me
448 1049 616 1115 atque
648 1043 777 1097 illos
806 1059 936 1096 cum
958 1042 1166 1113 quibus
1183 1057 1336 1095 nunc
1369 1042 1558 1112 agitur
1580 1042 1689 1095 hoc
1709 1057 1846 1095 con-

157 1132 366 1201 veniat,
409 1149 474 1186 ex
517 1131 711 1185 anima
762 1136 820 1185 et
873 1147 1112 1201 corpore
1174 1145 1274 1183 nos
1315 1147 1434 1184 esse
1482 1129 1846 1200 compositos,

156 1221 293 1291 quid
323 1225 409 1274 est
439 1219 563 1290 ipse
595 1219 792 1284 homo,
821 1223 1133 1288 utrumque
1153 1218 1359 1271 horum
1381 1234 1510 1288 quae
1534 1218 1848 1288 nominavi,

156 1325 232 1362 an
286 1323 488 1378 corpus
559 1307 978 1372 tantummodo,
1035 1322 1110 1360 an
1163 1306 1561 1360 tantummodo
1637 1306 1844 1361 anima.

157 1399 494 1467 Quanquam
520 1395 674 1448 enim
710 1396 822 1450 duo
855 1395 984 1461 sint,
1021 1395 1212 1449 anima
1245 1399 1300 1448 et
1331 1411 1552 1464 corpus,
1600 1401 1655 1448 et
1702 1411 1849 1449 neu—

155 1493 310 1540 trum
340 1489 632 1539 vocaretur
681 1485 876 1551 homo,
927 1484 973 1536 si
1021 1499 1136 1537 non
1192 1488 1340 1538 esset
1393 1485 1637 1537 alterum
1695 1484 1850 1554 (nam

159 1591 342 1645 neque
397 1590 600 1644 corpus
639 1573 812 1626 homo
847 1577 1010 1640 esset,
1070 1573 1118 1626 si
1162 1573 1356 1626 anima
1383 1588 1503 1625 non
1531 1576 1713 1638 esset;
1746 1588 1851 1626 nec

159 1679 351 1716 rursus
381 1662 573 1715 anima
604 1661 800 1727 homo,
833 1661 881 1714 si
913 1678 979 1714 ea
1035 1677 1242 1731 corpus
1275 1677 1390 1714 non
1436 1660 1804 1732 animaretur)
1833 1679 1846 1728 ;

159 1751 282 1805 ﬁeri
315 1756 506 1805 tamen
532 1755 717 1820 potest
747 1754 809 1803 ut
837 1765 1017 1803 unum
1047 1750 1254 1803 horum
1285 1754 1342 1803 et
1371 1749 1648 1803 habeatur
1675 1751 1850 1802 homo

162 1847 219 1894 et
247 1844 492 1893 vocetur.
525 1837 670 1902 Quid
703 1853 838 1908 ergo
870 1837 1165 1892 hominem
1199 1837 1486 1891 dicimus?
1515 1838 1766 1891 animam
1797 1844 1854 1893 et

160 1944 388 1997 corpus,
440 1933 716 1998 tanquam
772 1927 931 1998 bigas
981 1928 1069 1980 vel
1129 1927 1506 1981 centaurum?
1545 1943 1617 1980 an
1648 1943 1852 1996 corpus

158 2022 405 2078 tantum,
438 2016 589 2086 quod
621 2017 692 2069 sit
717 2016 779 2069 in
813 2031 918 2069 usu
943 2015 1150 2069 animae
1167 2032 1226 2069 se
1259 2015 1508 2084 regentis
1537 2035 1552 2082 ;
1581 2021 1852 2086 tanquam

163 2107 470 2171 lucernam,
503 2121 622 2158 non
650 2105 844 2175 ignem
887 2104 1055 2158 simul
1109 2109 1164 2158 et
1215 2110 1440 2170 testam,
1497 2105 1613 2175 sed.
1653 2108 1852 2158 testam

161 2195 362 2262 solam,
422 2199 614 2248 tamen
646 2198 884 2263 prOpter
938 2194 1133 2263 ignem
1168 2192 1568 2262 appellamus?
1597 2208 1672 2245 an
1711 2192 1853 2246 nihil

158 2281 316 2335 aliud
344 2281 637 2335 hominem
691 2296 865 2352 quam
898 2289 1148 2334 animam
1202 2280 1465 2346 dicimus,
1492 2281 1590 2334 sed
1619 2286 1855 2351 pr0pter

159 2385 366 2440 corpus
395 2369 549 2439 quod
582 2369 748 2440 regit,
782 2369 966 2422 veluti"
1008 2369 1260 2439 equitem
1292 2385 1405 2422 non
1435 2368 1607 2423 simul
1642 2385 1855 2440 equum

159 2466 217 2513 et
242 2459 557 2520 hominem,
591 2459 689 2512 sed
718 2458 1012 2512 hominem
1043 2459 1250 2522 solum,
1285 2473 1353 2510 ex
1387 2475 1454 2512 eo
1486 2463 1681 2511 tamen
1703 2458 1856 2529 quod

162 2549 412 2619 regendo
443 2564 592 2617 equo
627 2547 699 2600 sit
739 2546 1224 2612 accommodatus,
1271 2548 1587 2600 vocamus?
1618 2546 1857 2599 Difficile

163 2641 248 2692 est
293 2636 461 2690 istam
507 2635 950 2689 controversiam
1005 2634 1354 2705 dijudicare;
1388 2640 1487 2688 aut
1537 2634 1585 2687 si
1638 2634 1858 2688 ratione

162 2725 347 2791 facile,
369 2724 626 2777 oratione
653 2724 889 2793 longum
907 2728 992 2776 est
1022 2739 1034 2776 :
1071 2739 1242 2793 quem
1265 2722 1520 2776 laborem
1552 2738 1615 2776 ac
1638 2738 1858 2776 moram

163 2813 450 2884 suscipere
490 2829 554 2866 ac
587 2812 776 2865 subire
808 2829 925 2866 non
957 2828 1101 2881 opus
1156 2817 1260 2864 est.
1294 2810 1420 2864 Sive
1453 2811 1606 2864 enim
1637 2817 1858 2865 utrum-

165 2919 297 2974 que,
330 2902 445 2955 sive
473 2901 664 2954 anima
705 2901 822 2953 sola
847 2916 1061 2953 nomen
1090 2899 1342 2952 hominis
1372 2905 1581 2968 teneat,
1626 2915 1743 2953 non
1778 2905 1862 2952 est

167 2991 415 3045 hominis
444 2989 728 3059 optimum
757 2987 913 3058 quod
969 2987 1254 3057 Optimum
1314 2992 1398 3041 est
1443 2987 1730 3058 corporis;
1762 2988 1861 3042 sed

167 3080 320 3151 quod
371 3083 471 3132 aut
524 3077 750 3146 corpori
798 3077 968 3129 simul
1005 3077 1313 3142 etanimae,
1347 3080 1444 3130 aut
1501 3076 1606 3130 soli
1654 3077 1860 3130 animas

166 3166 449 3236 optimum
480 3169 583 3232 est,
618 3165 674 3218 id
707 3169 792 3218 est
812 3163 1096 3234 optimum
1128 3164 1398 3217 hominis.

169 3273 397 3328 CAPUT
436 3272 498 3326 V.
535 3301 603 3310 —
630 3272 876 3324 Hominis
906 3273 1164 3339 optimum
1194 3286 1300 3324 non
1353 3269 1498 3338 quod
1543 3270 1708 3324 solius
1746 3284 1861 3324 cor-

449 3363 623 3429 poris,
654 3359 747 3412 sed
776 3359 919 3429 quod
949 3362 1143 3412 anima:
1172 3361 1435 3428 optimum
1469 3363 1571 3414 est.

239 3463 292 3512 7.
328 3457 594 3528 Corporis
626 3460 816 3510 autem
871 3456 916 3508 si
948 3457 1258 3526 quaerimus
1286 3456 1424 3526 quid
1456 3456 1739 3526 optimum
1769 3455 1862 3522 sit,

167 3545 227 3600 id
259 3551 413 3598 certa
446 3543 588 3596 ratio
616 3543 767 3612 cogit
796 3543 984 3608 fateri,
1017 3559 1119 3614 per
1145 3543 1299 3614 quod
1328 3544 1392 3597 fit
1416 3549 1479 3596 ut
1509 3559 1630 3597 sese
1661 3559 1868 3613 corpus

169 3649 346 3705 quam
375 3632 588 3702 optime
617 3632 842 3685 habeat.
881 3631 1029 3685 Nihil
1072 3638 1158 3686 est
1191 3636 1382 3685 autem
1429 3631 1689 3685 omnium
1740 3648 1868 3702 quae

166 3727 440 3792 vegetant
468 3737 693 3792 corpus,
721 3721 912 3774 anima
936 3720 1138 3774 melius
1169 3726 1340 3792 atque
1364 3720 1750 3790 praestantius.
1775 3722 1870 3773 Est

169 3827 310 3881 ergo
343 3808 1550 3880 summumcorporisbonum,nonvoluptas
1583 3810 1726 3879 ejus,
1753 3825 1869 3862 non

169 3896 474 3961 indoloria,
505 3912 621 3949 non
669 3895 838 3961 vires,
873 3911 988 3948 non
1018 3894 1400 3963 pulchritudo,
1434 3910 1551 3947 non
1578 3894 1865 3960 velocitas,

169 3991 228 4042 et
258 3985 304 4040 si
337 3985 469 4056 quid
502 3985 658 4039 aliud
688 3983 748 4038 in
778 3983 946 4037 bonis
977 3983 1233 4054 corporis
1254 3982 1549 4036 numerari
1583 3983 1744 4047 solet,
1771 3982 1871 4036 sed

168 4075 412 4130 omnino
443 4074 651 4128 anima.
686 4075 827 4128 Nam
860 4076 915 4127 et
943 4072 1049 4126 ista
1081 4089 1208 4140 quae
1238 4076 1685 4126 commemorata
1715 4076 1867 4139 sunt,

167 4163 478 4236 praesentia
507 4162 595 4217 sui
621 4160 850 4216 exhibet
877 4160 1122 4231 corpori,
1149 4165 1206 4214 et
1237 4161 1391 4231 quod
1424 4161 1710 4215 antecellit
1747 4177 1870 4215 om-

168 4253 365 4318 nibus,
397 4251 590 4305 vilam.
649 4250 1031 4314 Quamobrem
1063 4267 1177 4303 non
1238 4249 1459 4303 videtur
1507 4248 1650 4303 mihi
1679 4248 1874 4302 anima

168 4357 295 4395 esse
326 4355 613 4394 summum
643 4338 894 4392 hominis
924 4338 1163 4405 bonum,
1200 4338 1313 4392 sive
1345 4337 1599 4392 animam
1627 4338 1793 4392 simul
1817 4343 1874 4392 et

167 4446 402 4500 corpus,
453 4429 566 4482 sive
600 4427 852 4481 animam
913 4428 1091 4480 solam
1146 4427 1440 4481 hominem
1497 4427 1756 4481 dicimus.
1805 4429 1874 4482 Ut

168 4519 330 4572 enim
360 4517 613 4587 corporis
639 4533 928 4570 summum
951 4515 1163 4569 bonum
1196 4516 1251 4570 id
1283 4516 1501 4570 invenit
1527 4517 1696 4583 ratio,
1720 4517 1874 4588 quod

168 4611 259 4662 est
298 4622 532 4677 corpore
563 4607 785 4674 melius,
820 4609 876 4659 et
903 4622 1018 4675 quo
1041 4605 1093 4658 ei
1119 4605 1284 4675 vigor
1313 4610 1370 4659 et
1399 4606 1512 4660 vita
1541 4606 1832 4676 praebetur
1856 4624 1869 4661 :

170 4697 255 4752 ita
280 4696 395 4749 sive
422 4712 623 4766 corpus
655 4699 708 4749 et
738 4694 951 4761 anima,
986 4695 1100 4747 sive
1130 4695 1322 4748 anima
1341 4695 1464 4766 ipsa
1488 4711 1592 4765 per
1613 4711 1671 4750 se
1698 4695 1872 4751 homo

168 4786 268 4852 sit,
300 4785 710 4839 inveniendum
735 4789 838 4852 est,
870 4783 917 4837 si
947 4783 1084 4854 quid
1103 4783 1355 4837 animam
1367 4784 1639 4853 praecedit
1667 4784 1875 4855 ipsam,

169 4875 333 4947 quod
356 4891 485 4928 cum
539 4873 728 4928 anima
782 4872 1061 4944 sequitur,
1111 4871 1177 4926 fit
1208 4871 1268 4925 in
1325 4889 1425 4925 suo
1461 4889 1670 4942 genere
1702 4889 1875 4943 quam

167 4967 364 5036 potest
393 4962 630 5034 optima.
662 4962 822 5026 Quod
855 4961 903 5015 si
954 4961 1206 5033 reperire
1261 4961 1639 5032 potuerimus,
1669 4961 1730 5016 id
1770 4962 1878 5016 erit

168 5053 430 5126 profecto
456 5050 607 5123 quod
636 5050 975 5121 ambagibus
1004 5051 1240 5106 remotis
1263 5050 1550 5114 omnibus,
1583 5067 1874 5106 summum

1615 274 1825 329 LIBER
1867 273 2150 330 PRIMUS.

3520 275 3653 325 1314

1953 395 2200 450 hominis
2229 395 2442 450 bonum
2489 397 2621 467 jure
2682 396 3000 466 meritoque
3060 394 3473 451 nominandum
3535 403 3644 451 est.

2028 487 2079 538 8.
2114 487 2226 537 Aut
2251 484 2296 537 si
2323 501 2524 555 corpus
2577 489 2659 540 est
2687 485 2883 551 homo,
2917 483 3058 554 quin
3087 483 3333 537 hominis
3363 483 3643 554 optimum

1957 572 2145 626 anima
2177 571 2298 642 ipsa
2325 572 2416 638 sit,
2446 590 2707 628 recusare
2741 590 2856 627 non
2886 588 3143 644 possum.
3195 572 3302 626 Sed
3333 578 3482 625 certe
3519 589 3650 626 cum

1956 661 2024 716 de
2047 661 2298 715 moribus
2315 661 2522 731 agitur,
2555 678 2685 716 cum
2711 662 3020 732 quaerimus
3046 661 3283 731 quinam
3304 660 3432 714 vitae
3449 661 3654 714 modus

1955 749 2234 804 tenendus
2259 749 2331 803 sit
2361 754 2421 804 ut
2450 750 2866 806 beatitudinem
2903 750 3187 821 possimus
3217 748 3474 819 adipisci,
3535 765 3653 802 non

1955 838 2176 908 corpori
2205 844 2491 909 praecepta
2522 839 2748 907 dantur,
2795 856 2915 894 non
2944 838 3202 909 corporis
3253 836 3652 908 investiganda

1957 932 2042 980 est
2075 926 2363 996 diciplina.
2395 929 2687 981 Postremo
2719 928 2896 982 bonos
2936 944 3122 982 mores
3156 943 3223 982 ea
3274 931 3470 981 nostra
3519 941 3656 996 pars

1956 1019 2150 1068 actura
2178 1021 2282 1082 est,
2333 1031 2461 1086 quae
2492 1014 2750 1086 inquirit,
2806 1020 2864 1069 et
2919 1016 3119 1083 discit;
3173 1018 3229 1069 et
3264 1015 3386 1068 haec
3444 1013 3654 1068 animae

1959 1108 2088 1157 sunt
2111 1103 2383 1174 propria:
2419 1120 2532 1158 non
2562 1104 2738 1174 igitur
2767 1103 2834 1158 de
2869 1119 3126 1174 corpore,
3185 1120 3315 1156 cum
3345 1104 3414 1157 de
3443 1102 3656 1157 virtute

1957 1192 2263 1246 obtinenda
2294 1192 2627 1262 satagimus,
2659 1190 2898 1262 quaestio
2931 1196 3034 1245 est.
3067 1191 3226 1255 Quod
3257 1191 3303 1244 si
3333 1195 3420 1246 est
3449 1207 3657 1245 conse—

1959 1296 2158 1351 quens,
2192 1280 2357 1334 sicuti
2389 1285 2493 1346 est,
2525 1284 2589 1334 ut
2615 1281 2805 1351 ipsum
2835 1296 3040 1350 corpus
3072 1296 3200 1333 cum
3233 1280 3303 1333 ab
3332 1279 3524 1334 anima
3556 1295 3651 1333 rc-

1959 1369 2134 1439 gitur,
2167 1385 2295 1439 quas
2326 1369 2549 1422 virtutis
2598 1385 2832 1440 compos
2889 1374 2992 1433 est,
3030 1369 3211 1422 multo
3243 1372 3299 1422 et
3323 1367 3526 1421 melius
3557 1384 3652 1421 re-

1960 1462 2126 1527 gatur
2153 1463 2208 1510 et
2237 1457 2551 1524 honestius,
2615 1474 2796 1528 eoque
2843 1457 3058 1528 Optime
3112 1473 3234 1510 sese
3287 1456 3510 1522 habeat,
3545 1472 3656 1527 quo

1965 1552 2050 1601 est
2080 1547 2296 1618 optima
2327 1547 2443 1612 illa,
2484 1563 2613 1617 qua:
2665 1546 2775 1600 sibi
2808 1548 2962 1616 justa
3013 1547 3140 1616 lege
3192 1545 3522 1600 dominatur
3556 1561 3569 1598 :
3606 1544 3658 1598 id

1961 1636 2070 1690 erit
2098 1635 2347 1689 hominis
2373 1635 2658 1705 optimum
2688 1635 2839 1705 quod
2880 1634 3131 1688 animam
3162 1633 3441 1704 optimam
3499 1633 3660 1700 facit,

1961 1723 2184 1777 etiamsi
2216 1723 2509 1777 hominem
2549 1739 2754 1792 corpus
2783 1738 3072 1778 vocemus.
3128 1725 3216 1776 An
3247 1738 3404 1788 vero,
3437 1721 3482 1775 si
3515 1721 3659 1775 mihi

1961 1812 2162 1882 auriga
2189 1811 2611 1880 obtemperans,
2639 1812 2856 1880 (equos,
2916 1811 3123 1881 quibus
3162 1814 3390 1880 praeest,
3423 1809 3525 1863 alit
3547 1811 3566 1845 ¹
3598 1826 3663 1863 ac

1965 1900 2110 1969 regit
2135 1899 2615 1965 commodissime,
2644 1904 2813 1968 atque
2844 1899 2964 1969 ipse
2979 1916 3091 1969 quo
3113 1899 3353 1954 mihiest
3384 1899 3660 1953 obedien-

1964 1990 2093 2058 tior,
2124 2005 2250 2042 mea
2305 1988 2643 2042 liberalitate
2698 1987 3034 2058 perfruitur,
3097 2004 3307 2058 negare
3353 1988 3659 2058 quisquam

1962 2081 2146 2146 potest
2200 2092 2316 2129 nou
2344 2077 2529 2130 solum
2559 2075 2710 2144 quod
2763 2076 2986 2146 auriga,
3038 2092 3236 2130 verum
3266 2076 3438 2130 etiam
3498 2075 3657 2146 quod

1963 2165 2091 2235 equi
2143 2181 2263 2219 sese
2315 2165 2528 2235 optime
2584 2164 2816 2230 habent,
2849 2164 2994 2218 mihi
3025 2165 3271 2219 deberi?
3305 2167 3501 2235 Itaque
3543 2164 3660 2218 sive

1963 2258 2190 2306 tantum
2243 2271 2468 2324 corpus,
2503 2253 2616 2306 sive
2673 2257 2897 2307 tantum
2956 2253 3166 2320 anima,
3204 2253 3320 2307 sive
3350 2257 3660 2324 ntrum'que

1963 2339 2134 2394 homo
2162 2339 2255 2409 sit,
2286 2355 2405 2394 non
2432 2339 2575 2393 mihi
2594 2339 2842 2393 maxime
2871 2341 3245 2410 quaarendum
3271 2341 3512 2408 videtur,
3550 2341 3663 2394 nisi

1965 2429 2102 2500 quid
2133 2429 2384 2483 animam
2411 2428 2582 2482 faciat
2612 2428 2888 2499 optimam
2913 2447 2928 2481 :
2961 2445 3095 2482 nam
3125 2446 3192 2482 eo
3213 2434 3503 2500 percepto,
3546 2445 3665 2483 non

1966 2523 2154 2588 potest
2174 2519 2346 2572 homo
2368 2533 2486 2572 non
2517 2523 2615 2572 aut
2643 2517 2880 2588 optime,
2911 2522 3010 2571 aut
3039 2523 3190 2572 certe
3229 2520 3409 2574 multo
3453 2519 3666 2574 melius

1969 2621 2086 2658 sese
2115 2604 2348 2671 habere,
2385 2621 2558 2675 quam
2589 2605 2637 2658 si
2663 2605 2768 2658 hoc
2798 2620 2976 2658 unum
3008 2605 3297 2660 defuisset.

2006 2694 2228 2748 CAPUT
2254 2694 2336 2747 VI.
2354 2723 2422 2732 —
2439 2695 2624 2747 Virtus
2642 2695 2881 2746 animam
2897 2696 3156 2761 optimam
3182 2697 3348 2764 efﬁcit
3369 2713 3388 2762 ;
3412 2697 3668 2748 virtutem

2040 2766 2227 2886 anim:
2246 2768 2523 2833 comparat
2538 2765 2804 2832 sequendo
2828 2765 3033 2828 Deum;
3057 2765 3164 2818 Dei
3179 2771 3356 2819 autem
3370 2769 3667 2821 consecutio

2040 2838 2157 2888 vita
2223 2839 2362 2887 eata.

2041 2925 2091 2976 9.
2128 2923 2303 2976 Nemo
2325 2926 2516 2976 autem
2547 2921 2890 2976 dubitaverit
2917 2921 3056 2992 quin
3091 2922 3266 2976 virtus
3297 2923 3549 2977 animam
3580 2923 3666 2977 fa-

1971 3011 2082 3065 ciat
2101 3011 2397 3081 optimam.
2432 3010 2538 3064 Sed
2570 3009 2879 3064 rectissime
2911 3011 3090 3082 quaeri
3121 3017 3308 3081 potest
3342 3018 3532 3066 utrum
3565 3012 3672 3066 ista

1971 3099 2147 3153 virtus
2169 3099 2342 3152 etiam
2372 3116 2475 3170 per
2505 3115 2646 3166 sese,
2670 3116 2744 3153 an
2770 3099 2878 3152 nisi
2907 3100 2967 3153 in
2995 3100 3186 3153 anima
3229 3117 3348 3154 esse
3398 3117 3517 3154 non
3541 3117 3672 3171 pos-

1972 3189 2061 3242 sit.
2100 3187 2367 3243 Oboritur
2416 3187 2627 3242 iterum
2659 3187 2932 3242 altissima
2963 3192 3016 3243 et
3046 3189 3361 3259 longissimi
3395 3189 3672 3243 sermonis

1975 3276 2238 3346 indigens
2287 3276 2528 3346 quzestio
2555 3293 2568 3330 :
2593 3277 2689 3331 sed
2724 3277 2836 3332 hoc
2878 3277 3023 3332 bene
3075 3282 3199 3332 utar
3240 3278 3474 3332 fortasse
3524 3295 3674 3332 com-

1972 3365 2184 3436 pendio
2212 3385 2227 3432 ;
2258 3381 2422 3435 spero
2456 3366 2635 3419 Deum
2667 3366 3020 3432 adfuturum,
3079 3372 3144 3420 ut
3175 3371 3457 3437 quantum
3489 3365 3674 3421 imbe-

1975 3454 2180 3509 cillitas
2210 3459 2404 3508 nostra
2432 3454 2670 3524 patitur,
2704 3455 2772 3509 de
2793 3455 2965 3509 tantis
2993 3456 3164 3510 rebus
3193 3472 3308 3510 non
3336 3456 3510 3511 modo
3532 3457 3675 3510 dilu-

1976 3545 2118 3607 cide,
2152 3543 2249 3597 sed
2292 3543 2464 3596 etiam
2494 3543 2740 3598 breviter
2798 3545 3122 3599 doceamus.
3184 3544 3490 3608 Quodlibet
3519 3545 3676 3598 enim

1977 3648 2178 3686 eorum
2209 3632 2301 3700 sit,
2330 3632 2443 3685 sive
2465 3632 2638 3686 etiam
2688 3648 2792 3701 per
2821 3649 2941 3686 sese
2971 3649 3090 3686 esse
3123 3633 3301 3702 possit
3344 3634 3524 3687 virtus
3554 3633 3676 3686 sine

1979 3719 2190 3785 anima,
2219 3719 2334 3772 sive
2354 3718 2465 3771 nisi
2479 3718 2683 3772 animae
2710 3719 2893 3772 inesse
2923 3735 3038 3771 non
3061 3719 3262 3788 possit,
3279 3721 3477 3790 procul
3499 3719 3674 3774 dubio

1978 3807 2195 3877 aliquid
2226 3807 2418 3861 anima
2448 3808 2707 3877 sequitur
2730 3812 2792 3860 ut
2808 3807 3076 3860 virtutem
3097 3809 3538 3878 assequatur:id
3567 3808 3677 3862 erit

1979 3902 2078 3950 aut
2102 3897 2225 3966 ipsa
2257 3896 2469 3963 anima,
2503 3899 2600 3950 aut
2625 3895 2822 3961 virtus,
2853 3899 2952 3949 aut
2982 3895 3200 3966 aliquid
3224 3896 3478 3950 tertium.
3528 3899 3600 3950 At
3629 3896 3676 3948 si

1981 3985 2223 4054 seipsam
2272 3983 2530 4054 sequitur
2579 3989 2641 4038 ut
2690 3983 2960 4037 virtutem
3009 3984 3374 4054 adipiscatur,
3435 3987 3674 4040 stultum

1981 4073 2171 4127 nescio
2202 4072 2340 4144 quid
2371 4072 2629 4143 sequitur
2660 4089 2672 4126 :
2706 4072 2879 4126 stulta
2911 4076 2994 4126 est
3028 4073 3182 4127 enim
3229 4079 3360 4129 ante
3409 4075 3676 4146 adeptam

1979 4160 2266 4216 virtutem.
2297 4161 2530 4215 Summa
2560 4165 2692 4214 sunt
2718 4164 2909 4215 autem
2940 4165 3077 4214 vota
3108 4162 3490 4232 sequentium,
3523 4167 3587 4216 ut
3616 4162 3674 4216 id

1982 4249 2134 4320 quod
2163 4249 2406 4320 quisque
2436 4249 2714 4320 sequitur,
2745 4255 3095 4321 assequatur.
3118 4254 3231 4305 Aut
3257 4251 3435 4322 igitur
3457 4251 3681 4322 optabit

1983 4355 2100 4392 non
2131 4338 2354 4409 assequi
2385 4339 2534 4409 quod
2551 4339 2807 4410 sequitur
2822 4339 3034 4406 anima,
3068 4357 3180 4411 quo
3209 4340 3351 4394 nihil
3379 4340 3680 4395 absurdius

1984 4433 2042 4482 et
2061 4427 2379 4498 perversius
2401 4426 2511 4482 dici
2545 4432 2732 4498 potest
2754 4445 2766 4482 :
2788 4434 2888 4482 aut
2916 4445 3048 4482 cum
3077 4446 3133 4482 se
3165 4430 3425 4500 sequitur
3485 4431 3676 4495 stulta,

1985 4518 2244 4571 eamdem
2277 4516 2574 4570 stultitiam
2605 4533 2776 4588 quam
2831 4517 2970 4571 vitat
2997 4519 3337 4588 assequitur.
3373 4518 3432 4573 Si
3489 4523 3677 4572 autem

1984 4605 2253 4660 virtutem
2293 4605 2573 4676 sequitur,
2607 4606 2752 4659 hanc
2800 4606 3025 4676 assequi
3084 4606 3339 4676 cupiens,
3389 4607 3680 4678 quomodo

1987 4695 2248 4765 sequitur
2273 4693 2329 4748 id
2359 4694 2511 4764 quod
2534 4710 2648 4748 non
2680 4697 2810 4750 est?
2838 4699 2936 4748 aut
2960 4697 3247 4766 quomodo
3273 4697 3498 4768 assequi
3529 4696 3687 4767 cupit

1987 4783 2140 4855 quod
2170 4781 2379 4838 habet?
2412 4785 2525 4836 Aut
2554 4782 2731 4853 igitur
2780 4782 2959 4836 virtus
3016 4789 3101 4838 est
3131 4789 3339 4855 praeter
3391 4787 3640 4840 animam
3669 4807 3684 4853 ;

1988 4877 2088 4927 aut
2116 4873 2163 4926 si
2191 4889 2306 4926 non
2335 4871 2521 4942 placet
2541 4887 2736 4925 vocare
2757 4872 3042 4939 virtutem,
3074 4873 3186 4927 nisi
3215 4875 3473 4929 habitum
3495 4876 3684 4946 ipsum

1989 4968 2044 5017 et
2069 4961 2231 5032 quasi
2287 4960 2558 5031 sapientis
2613 4961 2820 5015 animae
2877 4962 3233 5033 qualitatem,
3293 4981 3422 5036 qua:
3482 4964 3590 5018 nisi
3621 4964 3682 5017 in

1991 5051 2183 5106 anima
2213 5065 2332 5104 esse
2363 5065 2479 5103 non
2513 5053 2717 5120 potest,
2750 5055 2974 5122 oportet
3022 5057 3088 5107 ut
3130 5053 3345 5124 aliquid
3393 5053 3547 5108 aliud
3595 5070 3684 5108 se-

1495 5152 1772 5188 ADHONITIO
1803 5155 1877 5190 PP.
1909 5151 2360 5191 BBNEDICTXNORUM.

237 5213 565 5276 Recognitus
579 5214 656 5261 est
673 5210 898 5276 (liberde
913 5211 1144 5276 Moribus
1162 5210 1410 5276 Ecclesiae
1427 5210 1728 5276 Catholicae)
1749 5213 1811 5261 ad
1825 5215 1947 5263 Mss.
1973 5211 2304 5276 Vaticanum,
2324 5209 2562 5276 Regium,
2585 5208 2902 5276 Sorbonicos
2937 5215 3060 5269 tres,
3092 5211 3401 5276 Navarricos
3421 5210 3567 5276 duos,
3597 5212 3681 5261 \‘i-

165 5272 410 5326 ctorinos
440 5273 930 5334 totidem,etmajori
944 5278 1209 5322 conventu
1233 5274 1740 5336 Augustinianorum
1755 5277 1916 5325 Paris.
1930 5289 2116 5336 unum,
2137 5272 2690 5336 adTheodericensem
2705 5273 2920 5335 Optimae
2938 5273 3168 5328 Βοιωβά
3193 5273 3680 5336 Gemmeticensem,

169 5338 572 5400 Arnulfensem,
601 5336 1014 5400 Cisterciensem,
1047 5334 1586 5400 Regio-Montensem,
1604 5337 1946 5388 Vedastinum
1968 5354 1980 5400 ;
2011 5337 2078 5387 ad
2098 5335 2349 5385 lectiones
2371 5334 2699 5397 Belgicorum
2729 5334 2963 5398 quinque
2985 5350 3013 5384 a
3040 5337 3162 5384 Lov.
3187 5335 3428 5397 vulgatae
3449 5351 3462 5396 ;
3485 5335 3550 5384 ad
3572 5337 3684 5386 edi-

168 5401 351 5451 tiones
382 5399 506 5447 Bad.
538 5399 621 5446 Er.
654 5399 778 5446 Lov.
807 5402 860 5446 et
884 5399 948 5446 ad
978 5394 1320 5446 recentiorem
1350 5394 1584 5446 Arualdi.

273 5461 830 5550 Comparavimus
861 5471 1182 5548 praeterea
1231 5480 1342 5525 eas
1390 5482 1608 5528 omnes
1647 5461 1962 5530 editiones
2006 5459 2195 5529 initio
2246 5463 2819 5528 Retractationum
2860 5469 2925 5524 et
2981 5461 3503 5526 Confessionum
3550 5484 3681 5528 me-

167 5562 504 5619 moratas.

241 5651 255 5682 ¹
290 5646 430 5696 Editi
460 5647 671 5709 Equos,
695 5645 884 5709 quibus
905 5645 1115 5709 praeest,
1146 5644 1255 5704 agit
1283 5655 1350 5699 ac
1373 5648 1532 5710 regit.
1566 5647 1854 5699 Duodecim
1880 5649 2025 5708 Mss.,
2057 5645 2175 5700 alit.
