4074 6358
447 277 581 328 1315

445 395 654 462 quatur
681 390 892 457 anima,
921 394 983 443 ut
1011 389 1062 443 ei
1091 389 1270 443 virtus
1298 390 1478 460 possit
1505 387 1722 443 innasci
1753 404 1766 441 ε
1793 387 1928 458 quia
1955 403 2141 458 neque

449 477 592 532 nihil
637 478 950 548 sequendo,
1000 493 1189 548 neque
1229 478 1530 532 stultitiam
1584 476 1874 546 sequendo
1931 480 2137 546 potest,

445 571 725 636 quantum
755 566 901 620 ratio
933 581 1061 620 mea
1089 567 1215 628 fert,
1247 566 1318 620 ad
1347 565 1687 636 sapientiam
1715 564 2031 634 pervenire.

522 657 606 708 l0.
642 657 757 708 Hoc
784 654 960 725 igitur
987 654 1163 721 aliud,
1196 654 1345 724 quod
1376 653 1666 725 sequendo
1698 653 1888 706 anima
1915 651 2140 707 virtutis

453 747 626 813 atque
654 742 946 813 sapientiae
965 759 1198 813 compos
1215 743 1300 809 ﬁt,
1332 747 1430 796 aut
1456 743 1630 796 homo
1661 741 1886 812 sapiens
1910 746 2014 806 est,
2043 747 2140 794 aut

454 833 624 886 Deus.
655 831 764 886 Sed
790 848 962 902 supra
984 831 1202 886 dictum
1227 836 1332 898 est,
1355 831 1466 884 tale
1496 830 1769 901 quiddam
1791 846 1910 884 esse
1933 830 2139 884 debere

452 920 602 990 quod
631 920 795 974 inviti
825 920 1087 974 amittere
1121 935 1500 990 nequeamus.
1543 919 1678 983 Quis
1706 934 1840 973 vero
1869 922 2141 972 cunctan-

448 1009 585 1063 dum
614 1013 799 1079 putet,
830 1009 1124 1062 hominem
1173 1011 1513 1078 sapientem,
1544 1005 1590 1060 si
1636 1021 1769 1060 eum
1813 1004 1978 1075 sequi
2007 1004 2140 1058 satis

450 1097 866 1168 putaverimus,
899 1095 1112 1150 auferri
1154 1095 1319 1149 nobis
1359 1111 1478 1148 non
1529 1094 1698 1148 modo
1727 1093 2140 1162 recusantibus,

450 1186 547 1240 sed
576 1185 749 1240 etiam
792 1184 1247 1255 repugnantibus
1298 1184 1508 1254 posse?
1553 1183 1700 1236 Deus
1753 1181 1933 1251 igitur
1970 1186 2144 1235 restat

449 1289 620 1344 quem
651 1273 698 1326 si
721 1272 1034 1344 sequimur,
1066 1272 1248 1338 bene;
1277 1271 1324 1324 si
1349 1270 1724 1341 assequimur,
1755 1286 1871 1324 non
1917 1274 2142 1324 tantum

452 1363 617 1428 bene,
673 1362 768 1415 sed
812 1360 984 1414 etiam
1032 1360 1196 1414 beate
1238 1359 1498 1413 vivimus.
1552 1360 1733 1422 Quem
1779 1358 1826 1412 si
1872 1358 1971 1429 qui
2019 1374 2140 1413 esse

451 1454 688 1520 negant,
721 1449 860 1519 quid
892 1465 997 1520 ego
1025 1449 1270 1518 cogitem
1300 1464 1416 1518 quo
1466 1447 1579 1501 illis
1609 1462 1870 1502 sermone
1901 1448 2141 1501 suaden-

455 1540 592 1593 dum
624 1537 713 1605 sit,
747 1553 875 1591 cum
907 1537 1114 1608 quibus
1142 1542 1340 1590 utrum
1369 1536 1604 1590 omnino
1642 1536 2141 1591 sermocinandum

450 1627 543 1690 sit,
599 1625 830 1680 nescio?
874 1626 1035 1689 Quod
1081 1630 1271 1679 tamen
1319 1625 1366 1678 si
1413 1625 1716 1692 videbitur,
1769 1625 1939 1694 longe
1988 1625 2142 1678 aliud

448 1713 816 1785 principium,
851 1714 963 1766 alia
991 1713 1156 1779 ratio,
1187 1713 1333 1766 alius
1384 1713 1673 1783 ingressus
1704 1713 1990 1767 ineundus
2038 1718 2139 1779 est,

451 1818 622 1873 quam
656 1802 1173 1873 impraasentiarum
1203 1801 1572 1871 suscepimus.
1609 1803 1770 1856 Nunc
1800 1801 1990 1872 itaque
2011 1817 2141 1856 cum

448 1891 560 1944 illis
585 1891 726 1944 mihi
754 1907 846 1944 res
875 1895 980 1959 est,
1013 1889 1112 1961 qui
1142 1891 1320 1944 Deum
1351 1906 1471 1944 esse
1503 1905 1624 1944 non
1659 1895 1874 1960 negant
1908 1907 1920 1944 :
1953 1907 2142 1962 neque

448 1979 509 2033 id
532 1983 780 2048 tantum,
811 1979 907 2032 sed
937 1979 1110 2032 etiam
1140 1994 1257 2032 non
1285 1979 1356 2032 ab
1387 1994 1452 2031 eo
1483 1978 1697 2048 negligi
1728 1994 1818 2032 res
1863 1979 2142 2034 humanas

447 2067 718 2122 fatentur.
753 2067 985 2121 Nullum
1029 2066 1185 2120 enim
1217 2065 1464 2119 arbitror
1484 2065 1676 2135 aliquo
1707 2065 2004 2135 religionis
2035 2083 2140 2120 no-

445 2156 602 2210 mine
631 2157 836 2218 teneri,
867 2155 967 2226 qui
1015 2171 1132 2208 non
1171 2154 1370 2208 saltem
1425 2153 1636 2208 animis
1687 2153 1896 2207 nostris
1952 2154 2143 2208 divina

445 2244 806 2314 providentia
835 2242 1055 2296 consuli
1084 2241 1384 2296 existimet.

449 2333 672 2386 CAPUT
704 2333 816 2385 νη.
845 2360 914 2371 ——
959 2334 1096 2385 Deus
1151 2332 1472 2384 auctoritate
1515 2331 1928 2399 Scripturan
1973 2333 2141 2386 vesti-

519 2417 754 2486 gandus.
815 2418 1140 2472 alconomia
1189 2417 1388 2471 divina
1442 2431 1572 2482 erga
1619 2422 1860 2470 nostram
1915 2419 2144 2472 salutem

515 2509 661 2561 ratio
693 2510 744 2560 et
766 2507 1050 2575 praecipua
1067 2508 1346 2573 mysteria.
1387 2507 1613 2559 Summa
1639 2505 1783 2573 ﬁdei.

523 2598 609 2648 11.
642 2593 747 2648 Sed
780 2610 894 2663 quo
934 2597 1099 2663 pacto
1154 2593 1449 2662 sequimur
1479 2608 1651 2663 quem
1699 2609 1818 2646 non
1847 2591 2139 2659 videmus;

449 2686 549 2736 aut
577 2681 865 2752 quomodo
895 2680 1170 2747 videmus,
1203 2680 1304 2750 qui
1333 2696 1448 2733 non
1495 2681 1700 2733 solum'
1726 2679 2008 2746 homines,
2044 2679 2138 2733 sed

449 2770 622 2825 etiam
669 2768 1003 2840 insipientes
1029 2769 1292 2824 homines
1323 2771 1566 2824 sumus?
1617 2770 1956 2840 Quanquam
1987 2769 2142 2823 enim

449 2876 561 2914 non
592 2859 792 2927 oculis,
822 2859 918 2913 sed
950 2863 1142 2912 mente
1194 2862 1478 2925 cernatur,
1528 2874 1658 2928 quae
1705 2857 1936 2911 tandem
1979 2873 2142 2911 mens

449 2948 655 3002 idonea
684 2945 925 3017 reperiri
951 2951 1156 3017 potest,
1189 2963 1317 3018 quas
1346 2963 1475 3000 cum
1507 2946 1764 3001 stultitiae
1798 2946 1952 3000 nube
1981 2947 2141 3000 obte-

449 3041 635 3106 gatur,
667 3036 851 3089 valeat
879 3035 1037 3089 illam
1068 3036 1254 3089 lucem
1282 3036 1370 3090 vel
1400 3035 1575 3089 etiam
1601 3039 1840 3088 conetur
1863 3034 2096 3088 haurire
2115 3037 2144 3088 ?

449 3122 910 3193 Confugiendum
950 3127 1034 3176 est
1062 3122 1241 3193 igitur
1293 3124 1364 3178 ad
1413 3139 1613 3177 eorum
1640 3128 1948 3193 prmoepta,
1999 3140 2143 3194 quos

449 3211 734 3281 sapientes
764 3211 938 3264 fuisse
967 3210 1266 3280 probabile
1314 3217 1416 3265 est.
1453 3213 1732 3265 Hactenus
1784 3211 1974 3282 potuit
2001 3211 2143 3266 ratio

445 3298 700 3369 perduci.
746 3298 1089 3352 Versabatur
1134 3315 1406 3369 namque,
1459 3316 1576 3353 non
1633 3299 1870 3354 veritate
1913 3299 2142 3366 certior,

449 3386 547 3440 sed
576 3384 987 3440 consuetudine
1014 3385 1284 3454 securior,
1315 3386 1378 3440 in
1425 3387 1596 3442 rebus
1624 3387 1909 3442 humanis.
1947 3391 2020 3442 At
2045 3388 2145 3442 ubi

448 3475 519 3529 ad
551 3473 743 3528 divina
775 3477 1113 3544 perventum
1161 3478 1262 3541 est,
1318 3475 1522 3528 avertit
1560 3492 1682 3530 sese
1712 3495 1729 3529 :
1761 3475 1970 3530 intueri
2027 3493 2145 3530 non

445 3566 651 3632 potest,
687 3563 951 3632 palpitat,
983 3567 1207 3629 aestuat,
1258 3563 1440 3617 inhiat
1483 3580 1699 3630 amore,
1747 3565 2146 3620 reverberatur

447 3651 570 3706 luce
601 3651 875 3718 veritatis,
924 3656 980 3706 et
1007 3651 1077 3706 ad
1108 3652 1555 3707 familiaritatem
1609 3655 1977 3708 tenebrarum
2008 3671 2146 3709 sua-

445 3753 596 3806 rum,
667 3754 784 3793 non
853 3739 1152 3806 electione,
1205 3741 1302 3795 sed
1369 3741 1704 3812 fatigatione
1772 3743 2140 3798 convertitur.

445 3826 626 3890 Quam
656 3827 747 3881 hic
776 3827 1205 3883 formidandum
1257 3835 1359 3892 est,
1406 3847 1580 3901 quam
1633 3823 2021 3898 tremendum,
2072 3849 2145 3886 ne

447 3916 726 3986 majorem
753 3916 884 3971 inde
933 3917 1216 3988 concipiat
1269 3919 1462 3972 anima
1518 3919 1991 3986 imbecillitatem,
2045 3921 2146 3975 ubi

444 4004 699 4074 quietem
727 4005 874 4058 fessa
923 4006 1230 4076 conquirit.
1265 4007 1410 4077 Ergo
1461 4007 1726 4077 refugere
1759 4007 1818 4061 in
1846 4009 2146 4062 tenebrosa

445 4092 811 4162 cupientibus
838 4110 944 4163 per
971 4095 1458 4164 dispensationem
1488 4095 1790 4149 ineffabilis
1820 4096 2142 4167 Sapientia,

445 4181 614 4235 nobis
643 4181 742 4235 illa
770 4183 1020 4252 opacitas
1033 4183 1387 4237 auctoritatis
1412 4189 1690 4247 occurrat,
1711 4189 1767 4238 et
1785 4185 2144 4241 mirabilibus

443 4285 659 4335 rerum,
691 4270 1036 4340 vocibusque
1069 4271 1345 4325 librorum
1371 4271 1547 4325 veluti
1574 4273 1753 4344 signis
1782 4275 2146 4344 temperatio-

443 4355 603 4409 ribus
625 4357 900 4426 veritatis,
926 4358 1259 4429 umbrisque
1291 4359 1638 4416 blandiatur.

522 4447 606 4498 l2.
637 4444 787 4508 Quid
813 4446 1002 4515 potuit
1042 4463 1148 4516 pro
1198 4447 1378 4506 salute
1430 4453 1625 4504 nostra
1653 4450 1798 4516 {ﬁeri
1845 4452 2093 4522 amplius
2115 4453 2145 4506 ?

445 4532 594 4597 Quid
623 4533 1055 4602 beneficentius,
1089 4536 1227 4607 quid
1252 4537 1543 4592 liberalius
1573 4538 1764 4594 divina
1790 4541 2146 4612 providentia

446 4621 557 4676 dici
584 4625 792 4693 potest,
824 4640 954 4694 qua:
983 4641 1016 4678 a
1046 4625 1266 4696 legibus
1314 4627 1432 4682 suis
1469 4628 1762 4683 hominem
1797 4630 2044 4700 lapsum,
2089 4636 2147 4684 et

443 4715 682 4781 propter
714 4713 1086 4781 cupiditatem
1115 4731 1308 4769 rerum
1339 4716 1668 4770 mortalium
1684 4717 1815 4788 jure
1846 4715 1910 4771 ac
1942 4717 2146 4773 merito

444 4800 746 4854 mortalem
783 4799 1032 4854 sobolem
1087 4808 1517 4874 propagantem,
1551 4821 1669 4858 non
1702 4806 1935 4860 omnino
1990 4806 2147 4862 dese-

447 4889 611 4943 ruit?
640 4889 818 4944 liabet
845 4889 998 4943 enim
1027 4895 1278 4960 potestas
1299 4892 1397 4945 illa
1418 4892 1754 4962 justissima,
1787 4892 1948 4946 miris
1977 4899 2035 4947 et
2055 4893 2143 4947 in-

445 4978 1059 5050 comprehensibilibus
1087 4980 1287 5046 modis,
1313 4997 1418 5051 per
1439 4981 1717 5051 quasdam
1739 4981 2146 5036 secretissimas

445 5068 829 5122 successiones
856 5084 1050 5121 rerum
1095 5069 1203 5122 sibi
1249 5069 1621 5123 servientium
1667 5086 1808 5140 quas
1837 5070 2046 5123 creavit
2089 5075 2146 5124 et

444 5156 804 5211 severitatem
833 5156 1178 5223 vindicandi,
1199 5162 1254 5212 et
1279 5157 1958 5212 clementiamliberandi.
1983 5159 2144 5223 Quod

446 5246 682 5315 quidem
712 5263 886 5316 quam
898 5245 968 5300 sit
982 5246 1500 5317 pulchrumﬁquam
1520 5262 1816 5317 magnum,
1833 5263 2006 5317 quam
2027 5249 2141 5302 Deo

445 5335 709 5404 dignum,
741 5352 914 5407 quam
944 5335 1308 5405 postremoid
1339 5337 1490 5405 quod
1509 5336 1788 5407 quaeritur
1808 5351 2143 5400 verum,ne-

444 5439 734 5494 quaquam
769 5424 1088 5494 intelligere
1119 5423 1454 5494 poterimus,
1487 5424 1596 5478 nisi
1646 5425 1716 5478 ab
1767 5425 2033 5479 humanis
2083 5431 2142 5480 et

447 5512 722 5580 proximis
753 5512 1110 5582 incipientes,
1143 5527 1289 5566 verte
1323 5511 1616 5582 religionis
1649 5512 1778 5578 fide,
1808 5512 2137 5582 praeceptis-

1269 273 1362 326 DE
1401 271 1714 326 MORIBUS
1752 269 2112 326 ECCLESUE
2151 268 2592 337 CATHOLICz’E,
2635 272 2690 327 S.
2733 272 3116 328 AUGUSTINI

3819 278 3962 329 1316

2251 405 2363 460 que
2395 389 2649 460 servatis,
2718 406 2837 444 non
2880 391 3303 446 deseruerimus
3348 391 3500 446 viam
3553 409 3732 464 quam
3791 394 3966 448 nobis

2252 479 2422 546 Deus,
2482 483 2538 532 et
2564 479 3019 535 Patriarcharum
3065 480 3484 551 segregatione,
3531 487 3589 536 et
3629 483 3799 552 Legis
3829 484 3964 536 vin-

2251 567 2399 634 culo,
2428 572 2486 621 et
2514 568 2928 638 Prophetarum
2967 569 3268 639 praesagio,
3330 573 3388 622 et
3414 570 3664 640 suscepti
3697 571 3966 626 Hominis

2251 659 2628 718 sacramento,
2657 660 2714 709 et
2741 658 3142 726 Apostolorum
3172 656 3522 725 testimonio,
3555 663 3613 713 et
3641 660 3966 730 Martyrum

2252 743 2550 812 sanguine,
2596 748 2653 798 et
2704 745 2970 799 Gentium
3025 746 3398 816 occupatione
3443 748 3712 802 munivit.
3758 748 3960 812 Quare

2250 831 2516 902 deinceps
2544 849 2715 887 nemo
2745 849 2815 888 ex
2844 850 2938 888 me
2972 837 3195 903 quaerat
3223 835 3564 890 sententiam
3594 852 3812 904 meam,
3859 837 3962 890 sed

2249 920 2439 990 potius
2469 921 2769 976 audiamus
2793 923 3042 990 oracula,
3071 928 3407 994 nostrasque
3437 925 3788 980 ratiunculas
3812 925 3966 981 divi-

2251 1008 2339 1061 nis
2367 1009 2770 1064 submittamus
2801 1011 3082 1065 affatibus.

2253 1097 2476 1152 CAPUT
2527 1100 2665 1154 Vlll.
2695 1101 2940 1153 —Deus
2995 1115 3262 1154 summum
3317 1101 3532 1168 bonum,
3588 1117 3695 1171 quo
3747 1117 3965 1157 summo

2745 1186 2924 1224 amore
2941 1172 3152 1225 tendere
3171 1171 3446 1238 jubemur.

2324 1260 2407 1311 l3.
2461 1257 2763 1312 Videamus
2813 1259 3298 1329 quemadmodum
3365 1259 3486 1330 ipse
3545 1259 3829 1314 Dominus
3861 1261 3954 1316 in-

2255 1345 2560 1415 Evangelia
2590 1347 2756 1401 nobis
2779 1348 3119 1418 praeceperit
3143 1363 3265 1402 esse
3284 1348 3591 1404 vivendum
3617 1366 3630 1417 ;
3659 1352 3961 1421 quomodo

2253 1433 2424 1487 etiam
2454 1436 2660 1488 Paulus
2693 1437 2983 1505 apostolus
3016 1452 3028 1489 :
3063 1436 3163 1490 has
3194 1436 3348 1490 enim
3366 1436 3687 1507 Scripturas
3708 1438 3792 1492 illi
3813 1455 3958 1492 con-

2253 1523 2524 1576 demnare
2549 1539 2666 1577 non
2691 1524 2934 1594 {audenL
2983 1524 3299 1578 Audiamus
3351 1541 3488 1596 ergo
3543 1542 3718 1596 quem
3775 1527 3962 1581 ﬁnem

2251 1610 2535 1664 bonorum
2568 1612 2753 1678 nobis,
2787 1613 3028 1679 Christe,
3060 1613 3430 1683 praescribas;
3464 1630 3568 1668 nec
3596 1615 3840 1669 dubium
3877 1623 3966 1670 est

2253 1703 2394 1774 quin
2423 1703 2469 1756 is
2498 1703 2610 1758 erit
2636 1705 2784 1767 ﬁnis,
2820 1722 2934 1776 quo
2973 1723 3077 1760 nos
3109 1723 3335 1760 summo
3367 1723 3560 1762 amore
3592 1708 3830 1762 tendere
3858 1710 3963 1778 ju-

2251 1792 2352 1846 bes
2380 1811 2396 1846 :
2434 1794 2640 1860 Diliges
2679 1793 2888 1864 inquit,
2931 1796 3227 1849 Dominum
3255 1797 3422 1848 Deum
3451 1801 3622 1849 tuum.
3681 1796 3782 1850 Dic
3810 1798 3965 1851 mihi

2254 1881 2448 1948 etiam,
2478 1898 2670 1952 quaeso
2704 1881 2978 1952 te,quisit
3005 1881 3286 1952 diligendi
3302 1884 3542 1938 modus:
3571 1901 3772 1940 vereor
3792 1886 3962 1940 enim

2254 1984 2326 2022 ne
2357 1969 2487 2038 plus
2523 1969 2780 2023 minusve
2813 1986 2988 2040 quam
3023 1975 3265 2041 oportet,
3298 1970 3628 2026 intlammer
3671 1973 3966 2029 desiderio

2251 2062 2307 2112 et
2341 2074 2537 2112 amore
2574 2058 2811 2112 Domini
2841 2059 2976 2112 mei.
3118 2059 3468 2130 toto,inquit,
3506 2061 3664 2115 corde
3694 2066 3803 2116 tuo.
3833 2063 3969 2116 Non

2255 2151 2338 2200 est
2369 2146 2524 2200 satis.
2556 2149 2643 2201 Ea:
2683 2152 2796 2202 tota
2822 2151 3009 2202 anima
3035 2153 3148 2204 tua.
3195 2150 3274 2202 Ne
3325 2149 3381 2203 id
3414 2149 3649 2220 quidem
3678 2150 3817 2204 satis
3852 2157 3964 2205 est.

2255 2238 2341 2289 Ea:
2371 2241 2494 2290 tota
2524 2243 2697 2291 mente
2723 2241 2819 2290 tua
2851 2279 2862 2290 .
2898 2237 3118 2306 (Matth.
3183 2254 3321 2306 xxn,
3353 2238 3466 2308 37).
3514 2237 3661 2301 Quid
3709 2238 3794 2292 vis
3831 2255 3970 2294 am-

2255 2325 2447 2394 plius?
2490 2324 2706 2378 Vellem
2766 2324 3025 2390 fortasse,
3084 2325 3130 2378 si
3161 2327 3412 2380 viderem
3448 2326 3585 2398 quid
3618 2332 3811 2397 posset
3837 2345 3967 2383 esse

2254 2413 2522 2483 amplius.
2544 2413 2688 2477 Quid
2707 2413 2777 2468 ad
2788 2414 2910 2467 haec
2935 2414 3179 2468 Paulus?
3202 2416 3432 2484 Scimus,
3458 2415 3669 2486 inquit,
3691 2419 3960 2483 quoniam

2255 2502 2605 2570 diligentibus
2637 2505 2802 2556 Deum
2830 2505 3009 2556 omnia
3033 2503 3333 2571 procedunt
3364 2504 3437 2572 (a)
3470 2506 3529 2557 in
3550 2504 3765 2558 bonum.
3796 2505 3966 2558 Dicat

2252 2592 2424 2644 etiam
2450 2591 2572 2659 ipse
2601 2591 2922 2645 dilectionis
2951 2592 3206 2645 modum.
3267 2593 3396 2657 Quis
3425 2607 3567 2658 ergo,
3605 2591 3812 2662 inquit,
3864 2609 3966 2646 nos

2254 2680 2528 2748 seperabit
2557 2696 2592 2733 a
2619 2680 2888 2733 charitate
2919 2681 3162 2746 Christi?
3197 2680 3539 2735 Tribulatio?
3559 2696 3630 2734 an
3660 2684 3965 2748 angustia?

2253 2785 2326 2823 an
2344 2771 2644 2838 persecutio
2665 2768 2692 2823 ?
2727 2785 2800 2822 an
2829 2771 3003 2834 fames
3022 2769 3050 2823 ?
3099 2785 3173 2823 an
3203 2769 3428 2823 nuditas
3449 2772 3477 2823 ?
3505 2785 3578 2823 an
3599 2771 3916 2839 periculum
3938 2771 3966 2826 ’ἲ

2253 2875 2326 2912 an
2381 2857 2652 2924 gladius?
2698 2860 2865 2926 (Rom.
2907 2873 3026 2924 vni,
3082 2857 3194 2926 28).
3249 2857 3584 2912 Audivimus
3640 2858 3782 2928 quid
3834 2859 3967 2914 dili-

2255 2963 2410 3017 gere,
2433 2951 2490 3000 et
2517 2951 2796 3017 quantum
2823 2946 3059 3016 diligere
3108 2945 3419 3001 debeamus
3444 2963 3457 3001 :
3489 2963 3555 3000 eo
3586 2952 3672 3000 est
3716 2948 3966 3001 omnino

2255 3035 2626 3102 tendendum,
2659 3035 2727 3089 ad
2767 3034 2826 3089 id
2873 3034 3068 3088 omnia
3110 3035 3348 3089 consilia
3391 3041 3588 3089 nostra
3631 3036 3962 3091 referenda.

2257 3126 2546 3178 Bonorum
2575 3139 2820 3189 summa,
2854 3125 3000 3178 Deus
3020 3123 3183 3177 nobis
3204 3129 3304 3178 est.
3323 3124 3470 3178 Deus
3494 3129 3580 3178 est
3607 3124 3773 3179 nobis
3799 3142 3964 3180 sum-

2257 3230 2415 3268 mum
2438 3215 2675 3268 bonum.
2713 3214 2907 3284 Neque
2929 3213 3078 3267 infra
3099 3213 3515 3268 remanendum
3536 3213 3702 3267 nobis
3736 3219 3846 3283 est,
3864 3231 3968 3270 ne-

2257 3320 2369 3374 que
2413 3303 2563 3356 ultra
2592 3301 2970 3372 quaerendum
3000 3319 3016 3354 :
3053 3302 3298 3356 alterum
3327 3302 3483 3356 enim
3541 3302 3966 3373 periculosum,

2257 3393 2501 3446 alterum
2532 3392 2757 3445 nullum
2784 3395 2885 3444 est.

2256 3481 2481 3536 CAPUT
2532 3480 2618 3534 1X.
2677 3509 2749 3518 —
2777 3480 3067 3535 Concentus
3111 3481 3317 3534 Veteris
3365 3484 3414 3534 et
3443 3481 3584 3535 Novi
3622 3482 3970 3537 Testamenti

2747 3568 2812 3621 de
2833 3570 3118 3636 praeceptis
3149 3569 3458 3623 charitatis.

2333 3661 2415 3713 14.
2449 3659 2588 3728 Age,
2611 3656 3201 3726 nuncinvestigemus,
3233 3658 3319 3710 vel
3350 3655 3537 3727 potius
3569 3657 3963 3727 attendamus,

2254 3751 2460 3820 praesto
2487 3746 2643 3801 enim
2665 3749 2816 3800 estet
2833 3744 3099 3799 facillime
3136 3743 3381 3813 videtur,
3406 3749 3601 3798 utrum
3627 3745 3716 3799 his
3735 3751 3947 3801 senten

2255 3835 2350 3890 tiis
2378 3851 2446 3888 ex
2476 3832 2775 3904 Evangelio
2821 3837 2991 3903 atque
3035 3832 3305 3902 Apostolo
3345 3832 3600 3902 prolatis,
3654 3833 3832 3887 etiam
3864 3837 3966 3889 Te-

2258 3923 2525 3978 stamenti
2554 3921 2768 3977 Veteris
2792 3921 3092 3976 auctoritas
3138 3925 3430 3990 congruat.
3475 3920 3623 3985 Quid
3667 3921 3858 3976 dicam
3895 3923 3964 3978 de

2259 4006 2550 4078 superiore
2588 4003 2886 4073 sententia,
2935 4020 3065 4057 cum
3121 4003 3491 4058 manifestum
3541 4005 3611 4058 sit
3669 4008 3965 4076 omnibus,

2259 4112 2384 4150 eam
2415 4096 2483 4149 de
2508 4095 2633 4164 lege
2663 4110 2791 4164 quas
2821 4109 2922 4162 per
2949 4093 3176 4162 Moysen
3233 4093 3365 4146 data
3407 4097 3511 4158 est,
3545 4109 3666 4146 esse
3696 4093 3966 4164 deprom-

2257 4184 2463 4256 ptam?
2494 4183 2578 4237 lbi
2609 4181 2764 4236 enim
2794 4181 3068 4251 scriptum
3097 4185 3203 4250 est,
3233 4182 3435 4248 Diliges
3471 4182 3765 4235 Dominum
3797 4185 3965 4237 Deum

2260 4281 2432 4340 tuum,
2465 4289 2532 4326 ea:
2570 4276 2676 4326 toto
2705 4270 2860 4324 corde
2889 4275 2998 4336 tuo,
3021 4274 3071 4324 et
3095 4286 3160 4324 ex
3189 4274 3302 4324 tota
3329 4271 3514 4323 anima
3544 4275 3658 4335 tua,
3687 4275 3822 4324 etem
3854 4277 3966 4325 tota

2257 4367 2429 4418 mente
2486 4366 2581 4414 tua
2637 4360 2812 4429 (Deut.
2872 4375 2945 4422 vx,
2997 4358 3067 4426 5).
3123 4357 3270 4422 Quid
3317 4363 3511 4411 autem
3545 4356 3632 4411 illi
3674 4359 3834 4427 quod
3897 4359 3965 4412 ab

2259 4449 2524 4522 Apostolo
2553 4448 2766 4503 dictum
2795 4451 2880 4502 est
2906 4462 3240 4516 comparare
3269 4445 3340 4499 de
3375 4444 3557 4499 Veteri
3598 4447 3966 4501 Testamento

2257 4540 2492 4610 possim,
2523 4555 2594 4591 ne
2617 4537 2834 4591 diutius
2864 4552 3183 4606 quasrerem
3203 4535 3325 4604 ipse
3350 4533 3610 4604 subjecit.
3634 4534 3779 4588 Cum
3806 4535 3964 4589 enim

2260 4628 2493 4682 dixisset
2523 4626 2682 4680 nulla
2709 4624 3102 4691 tribulatione,
3136 4624 3295 4678 nulla
3320 4622 3610 4694 angustia,
3650 4623 3816 4677 nulla
3840 4640 3965 4694 per-

2262 4716 2575 4784 secutione,
2607 4714 2768 4768 nulla
2799 4713 3132 4768 necessitate
3176 4712 3388 4782 inopiae
3418 4711 3759 4782 corporalis,
3801 4713 3964 4766 nullo

2259 4805 2538 4877 periculo,
2565 4805 2724 4858 nullo
2781 4803 2970 4872 gladio
3015 4818 3118 4856 nos
3162 4818 3195 4855 a
3246 4801 3520 4865 charitate
3562 4799 3777 4855 Christi
3808 4817 3966 4872 sepa-

2259 4895 2410 4964 rari;
2442 4895 2632 4948 statim
2661 4892 2954 4964 subjunxit
2983 4908 2996 4945 :
3025 4892 3178 4946 Sicut
3215 4889 3486 4960 scriptum
3516 4895 3614 4955 est,
3661 4891 3814 4955 Quia
3839 4907 3966 4960 pro-

2254 4990 2379 5054 pter
2409 4989 2457 5038 tc
2481 4983 2764 5054 efﬁcimur
2790 4987 2902 5036 tota
2926 4980 3034 5049 die,
3056 4982 3314 5035 aestimati
3323 4995 3514 5034 sumus
3537 4983 3728 5032 utoves
3750 4982 3966 5033 occisio—

2259 5075 2344 5126 nis
2377 5072 2551 5140 (Rom.
2581 5089 2698 5137 viu,
2733 5073 2834 5135 38;
2896 5070 3041 5124 Psal.
3092 5085 3244 5135 XLIII,
3283 5072 3393 5130 22).
3429 5069 3556 5121 Haec
3588 5065 3670 5120 illi
3704 5068 3898 5122 solent
3935 5083 3965 5119 a

2263 5160 2692 5229 corruptoribus
2705 5159 3125 5228 Scripturarum
3139 5156 3397 5211 immissa
3415 5172 3534 5209 esse
3552 5154 3766 5221 dicere,
3786 5172 3965 5226 usque

2265 5249 2408 5302 adeo
2433 5247 2581 5302 nihil
2610 5246 2822 5300 habent
2866 5245 3021 5316 quod
3066 5243 3478 5308 contradicant,
3515 5245 3582 5295 ut
3608 5241 3734 5294 bene
3767 5241 3963 5296 miseri

2265 5335 2608 5406 respondere
2633 5337 2932 5403 cogantur.
2965 5333 3073 5387 Sed
3092 5332 3220 5402 quis
3235 5329 3655 5399 nonintelligat
3686 5330 3964 5384 convicto-

2265 5441 2394 5478 rum
2420 5421 2723 5477 hominum
2735 5421 2907 5475 aliam
2920 5437 3036 5475 non
3049 5437 3168 5474 esse
3181 5419 3435 5490 potuisse
3455 5418 3723 5473 ultimam
3738 5420 3963 5475 vocem?

2329 5519 2399 5582 (a)
2436 5520 2534 5568 Pro
2563 5521 2825 5581 sunergel,
2857 5518 3046 5581 legisse
3070 5517 3279 5566 videtur
3304 5515 3595 5565 sunchorci.
