4074 6360
195 294 335 345 1317

278 417 360 466 15.
393 415 439 467 Α
468 413 674 484 quibus
695 415 887 465 tamen
909 426 1127 482 quaero,
1151 415 1344 466 utrum
1368 412 1531 466 istam
1554 405 1892 466 sententiam

195 499 259 553 in
294 501 481 555 Veteri
513 501 874 554 Testamento
907 517 1025 553 esse
1059 503 1290 569 negent,
1333 517 1403 554 an
1436 517 1553 553 non
1583 517 1896 570 congruere

197 589 500 643 sententiae
538 589 860 659 apostolica:
901 589 1226 642 afﬁrment?
1258 593 1328 642 At
1365 589 1506 642 illud
1548 589 1800 658 primum
1830 588 1897 642 li-

192 678 316 731 bris
351 678 603 732 docebo:
636 679 694 731 in
728 679 833 731 hoc
872 681 1061 731 autem
1102 679 1279 730 altero
1310 677 1750 748 tergiversantes
1788 677 1898 730 ho-

195 767 405 834 mines,
448 771 504 820 et
531 782 634 836 per
669 767 909 837 abrupta
946 766 1247 837 fugientes,
1281 771 1379 820 aut
1411 767 1471 820 in
1510 783 1707 837 pacem
1735 782 1897 820 revo-

193 855 359 920 cabo,
384 855 432 908 si
452 853 736 909 voluerint
755 854 1034 925 respicere
1057 855 1439 925 aliquantum,
1465 861 1521 909 et
1540 855 1898 910 considerare

193 944 336 1014 quid
367 943 580 997 dictum
610 943 711 1008 sit;
744 949 842 997 aut
875 960 971 997 eos
1005 944 1382 1014 intelligentia
1409 949 1768 1010 creterorum,
1801 943 1900 1014 qui

196 1031 323 1086 sine
354 1032 660 1104 cupiditate
680 1033 958 1102 judicent,
990 1032 1329 1087 insectabor.
1358 1033 1502 1097 Quid
1529 1033 1683 1086 enim
1713 1037 1901 1104 potest

195 1119 440 1173 amicius
469 1136 643 1191 quam
665 1120 785 1172 ista:
806 1119 913 1173 sibi
935 1137 1249 1174 consonare
1271 1120 1610 1174 sententiae?
1632 1121 1771 1174 Nam
1796 1120 1898 1173 tri-

197 1208 438 1271 bulatio,
472 1209 756 1279 angustia,
789 1209 1125 1280 persecutio,
1160 1209 1360 1276 fames,
1392 1209 1642 1278 nuditas,
1673 1209 1898 1280 pericu-

196 1297 344 1367 lum,
412 1297 708 1351 hominem
763 1297 824 1350 in
887 1298 994 1350 hac
1048 1298 1161 1350 vita
1217 1298 1588 1352 constitutum
1654 1297 1901 1368 graviter

197 1386 476 1440 afﬁciunt.
507 1387 630 1439 Hzec
648 1385 841 1457 itaque
869 1386 1064 1440 omnia
1092 1388 1264 1440 verba
1292 1388 1389 1440 illo
1411 1403 1526 1441 uno
1557 1387 1900 1441 concludun-

195 1479 295 1527 tur
324 1474 652 1528 testimonio
684 1474 890 1528 veteris
933 1475 1116 1544 Legis,
1150 1492 1262 1546 quo
1294 1476 1507 1529 dictum
1541 1481 1644 1542 est,
1677 1478 1902 1544 Propter

195 1567 247 1616 te
277 1567 571 1632 efﬁcimur.
614 1564 844 1618 Gladius
889 1564 1159 1626 restabat,
1204 1564 1302 1635 qui
1353 1581 1467 1618 non
1515 1581 1898 1618 aerumnosam

192 1651 373 1705 vitam
407 1652 586 1717 aﬁ'ert,
629 1653 724 1706 sed
769 1669 941 1723 quam
979 1653 1262 1706 invenerit
1307 1652 1527 1706 adimit.
1578 1653 1716 1706 Iluic
1763 1669 1898 1723 ergo

193 1740 524 1810 respondet,
554 1742 831 1793 .Estimati
853 1755 1038 1794 sumus
1071 1746 1131 1793 ut
1162 1757 1280 1793 ocos
1312 1743 1607 1794 occisionis.
1643 1741 1900 1794 Charitas

195 1845 332 1881 vero
362 1829 486 1898 ipsa
515 1845 632 1882 non
663 1829 850 1899 potuit
870 1828 1182 1898 significari
1210 1831 1553 1899 expressius,
1584 1846 1756 1900 quam
1785 1846 1898 1900 quo

194 1917 414 1972 dictum
445 1921 546 1981 est,
573 1920 797 1986 PrOptc-r
829 1922 894 1970 te.
924 1919 1027 1971 Fac
1053 1934 1188 1988 ergo
1214 1935 1328 1972 non
1358 1918 1416 1971 in
1443 1919 1618 1972 Paulo
1642 1920 1898 1989 apostolo

194 2011 557 2077 compertum
592 2006 740 2059 istud
777 2007 1195 2071 testimonium,
1230 2007 1327 2061 sed
1368 2024 1400 2060 a
1429 2024 1518 2061 me
1551 2023 1668 2060 esse
1709 2007 1898 2078 prola-

194 2099 343 2148 tum.
372 2094 795 2164 Numquidnam
815 2093 1454 2164 tibi;demonstrandum
1485 2100 1584 2159 est,
1610 2095 1898 2157 haeretice,

195 2183 312 2236 nisi
342 2187 441 2238 aut
471 2183 746 2252 scriptum
775 2183 837 2236 in
881 2188 1066 2236 vetere
1100 2185 1246 2253 Lege
1277 2200 1394 2236 non
1426 2199 1566 2242 esse,
1618 2187 1717 2236 aut
1746 2185 1898 2254 Apo-

196 2272 344 2325 stolo
385 2289 498 2325 non
539 2270 881 2325 convenire?
931 2272 1185 2335 Quorum
1225 2271 1271 2324 si
1304 2271 1444 2325 nihil
1495 2271 1681 2325 dicere
1726 2272 1900 2324 audes

196 2359 446 2428 (urgeris
482 2360 635 2413 enim
667 2376 794 2412 cum
827 2364 882 2412 et
909 2360 1081 2412 codex
1119 2359 1350 2430 legitur,
1395 2375 1508 2430 quo
1546 2359 1784 2429 planum
1828 2359 1902 2413 sit

197 2448 476 2518 scriptum
525 2465 666 2513 esse,
725 2452 780 2501 et
824 2449 1088 2501 homines
1135 2447 1471 2518 intelligunt
1523 2448 1595 2501 ad
1642 2447 1699 2501 id
1751 2447 1900 2518 quod

196 2538 500 2607 Apostolus
549 2537 707 2603 dixit,
758 2536 901 2590 nihil
945 2553 1110 2607 posse
1159 2536 1346 2607 aptius
1397 2535 1745 2606 convenire),
1802 2553 1902 2590 cur

199 2636 340 2689 ergo
368 2621 553 2674 valere
585 2620 805 2690 aliquid
842 2625 1030 2690 putas,
1064 2620 1214 2690 quod
1249 2620 1568 2690 Scripturas
1606 2625 1900 2691 corruptas

199 2726 324 2762 esse
374 2709 708 2762 insimulare
754 2709 966 2762 audes?
1011 2711 1305 2762 Postremo
1347 2709 1486 2779 quid
1525 2725 1902 2778 responsurus

199 2815 261 2852 es
293 2799 343 2851 ei
376 2798 475 2868 qui
506 2798 609 2852 tibi
641 2797 822 2852 dicat:
859 2799 969 2866 Ego
996 2797 1075 2850 sic
1099 2798 1375 2867 intelligo,
1407 2799 1521 2867 Ego
1553 2799 1630 2851 sic
1659 2797 1896 2867 accipio,

201 2887 286 2940 sic
317 2887 517 2953 credo;
547 2903 649 2939 nec
681 2886 751 2939 ob
798 2886 950 2939 aliud
984 2880 1109 2955 lego
1157 2886 1283 2939 illos
1335 2886 1549 2952 Libros,
1600 2886 1709 2939 nisi
1749 2887 1901 2956 quod

197 2976 281 3030 ibi
310 2975 503 3029 omnia
539 2975 862 3028 christianaa
893 2974 1026 3027 ﬁdei
1055 2974 1356 3027 concinere
1385 2973 1570 3028 video.
1605 2974 1750 3028 Illud
1795 2990 1899 3044 po-

198 3065 316 3118 tius
346 3064 456 3131 dic,
489 3064 536 3117 si
566 3063 738 3118 audes
771 3067 826 3116 et
869 3063 1134 3116 adversus
1169 3078 1259 3115 me
1291 3062 1477 3116 dicere
1513 3061 1745 3133 cogitas,
1782 3078 1901 3116 non

201 3170 324 3207 esse
371 3153 720 3207 credendum
776 3151 930 3222 quod
975 3151 1229 3221 Apostoli
1271 3156 1327 3204 et
1362 3157 1639 3222 martyres
1669 3156 1902 3221 propter

202 3241 490 3298 Christum
523 3241 708 3294 affecti
746 3240 1010 3311 gravibus
1054 3240 1326 3294 {erumnis
1369 3240 1655 3306 dicuntur,
1688 3240 1838 3310 quod
1871 3257 1904 3293 a

200 3330 662 3402 persecutoribus
687 3335 752 3383 ut
791 3347 922 3382 oves
952 3329 1247 3382 occisionis
1271 3329 1536 3382 aestimati
1557 3335 1706 3384 sunt.
1741 3329 1901 3393 Quod

200 3421 249 3474 si
280 3436 397 3473 non
425 3424 585 3490 potes
615 3417 822 3486 dicere,
845 3417 983 3488 quid
1010 3417 1379 3471 calumniaris
1404 3417 1462 3472 in
1496 3435 1609 3488 quo
1637 3419 1784 3473 libro
1815 3418 1902 3473 in-

199 3508 429 3563 veniam
459 3505 502 3573 ¹,
531 3507 686 3578 quod
713 3522 803 3560 me
835 3509 1099 3576 oportere
1129 3507 1357 3560 credere
1390 3506 1672 3560 conﬁteris
1700 3505 1816 3576 (a)?

201 3617 431 3670 CAPUT
469 3616 531 3670 Χ.
576 3645 644 3653 -
686 3619 760 3668 De
807 3617 909 3668 Dco
957 3613 1090 3682 quid
1133 3614 1317 3668 doceat
1367 3615 1623 3668 Ecclesia.
1667 3617 1781 3668 Duo
1826 3613 1908 3668 dii

830 3703 1266 3756 Manichaeorum.

280 3815 364 3866 l6.
397 3813 483 3864 An
512 3809 653 3864 illud
684 3809 844 3876 dicis,
878 3809 1186 3862 concedere
1215 3813 1268 3862 te
1300 3807 1535 3878 quidem
1571 3808 1748 3860 Deum
1783 3823 1904 3860 esse

201 3899 585 3970 diligendum,
624 3899 722 3953 sed
751 3915 869 3952 non
897 3899 1062 3952 illum
1090 3899 1268 3951 Deum
1297 3913 1471 3967 quem
1507 3896 1705 3950 colunt
1733 3894 1774 3947 ii
1805 3894 1904 3965 qui

200 3991 551 4045 Testamenti
583 3989 794 4042 Veteris
829 3987 1226 4042 auctoritatem
1258 3986 1583 4056 recipiunt?
1614 3986 1738 4038 Non
1767 4000 1903 4054 ergo

202 4079 371 4133 illum
405 4080 582 4133 Deum
613 4078 920 4132 colendum
949 4092 1070 4130 esse
1100 4075 1304 4143 dicitis,
1339 4075 1437 4145 qui
1458 4073 1591 4128 fecit
1616 4074 1822 4128 ccelum
1849 4078 1907 4127 et

202 4173 438 4222 terram.
473 4168 580 4220 Iste
611 4182 859 4236 namque
897 4182 1001 4235 per
1029 4181 1228 4218 omnes
1261 4169 1449 4235 partes
1480 4163 1715 4218 illorum
1747 4164 1904 4217 volu-

203 4259 432 4313 minum
470 4257 847 4328 praedicatur:
884 4273 982 4310 vos
1029 4261 1221 4310 autem
1269 4253 1530 4308 fatemini
1574 4253 1906 4308 universum

205 4349 382 4403 istum
412 4347 710 4414 mundum,
735 4345 835 4416 qui
858 4345 1093 4400 nomine
1116 4343 1242 4399 coeli
1263 4349 1318 4398 et
1342 4349 1510 4397 terra:
1532 4342 1902 4414 signiﬁcatur,

203 4437 420 4492 habere
447 4440 736 4489 auctorem
765 4440 821 4487 et
849 4433 1247 4487 fabricatorem
1279 4434 1474 4494 Deum,
1507 4436 1561 4486 et
1596 4434 1772 4486 Deum
1804 4431 1904 4485 bo-

205 4541 370 4580 num.
397 4525 539 4579 Cum
583 4523 911 4592 exceptione
958 4521 1172 4592 quippe
1218 4521 1515 4575 vobiscum
1552 4521 1906 4592 loquendum

205 4619 310 4675 est,
345 4613 575 4684 quando
608 4614 756 4666 Deus
783 4610 1133 4664 nominatur.
1168 4611 1319 4663 Duos
1349 4609 1503 4663 enim
1536 4609 1690 4677 deos,
1722 4625 1906 4663 unum

203 4704 446 4768 bonum,
479 4702 722 4756 alterum
751 4701 968 4754 malum
1001 4715 1120 4752 esse
1151 4698 1483 4768 perhibetis.
1513 4698 1673 4762 Quod
1699 4698 1745 4751 si
1775 4697 1908 4752 dici-

204 4792 279 4847 tis
301 4792 484 4844 colere
508 4806 608 4844 vos
637 4794 693 4843 et
713 4788 1017 4844 colendum
1041 4787 1303 4841 arbitrari
1328 4789 1507 4841 Deum
1534 4804 1566 4840 a
1595 4803 1710 4857 quo
1730 4786 1910 4841 factus

204 4885 294 4934 est
320 4879 590 4945 mundus,
622 4894 740 4931 non
765 4883 960 4931 tamen
979 4893 1111 4931 eum
1133 4893 1254 4930 esse
1276 4892 1449 4947 quem
1479 4876 1694 4929 Veteris
1723 4877 1910 4929 Testa-

205 4968 392 5024 menti
421 4961 792 5022 commendat
811 4965 1146 5032 auctoritas;
1177 4965 1542 5036 impudenter
1571 4963 1775 5031 facitis,
1809 4964 1908 5034 qui

203 5058 460 5112 alienum
485 5055 744 5110 animum
771 5059 940 5125 atque
966 5054 1308 5108 sententiam
1343 5070 1517 5125 quam
1545 5053 1688 5107 bene
1738 5057 1908 5123 atque

205 5147 426 5202 utiliter
479 5142 888 5215 acceperimus,
951 5145 1096 5198 male
1166 5143 1532 5214 interpretari
1600 5141 1908 5211 conamini,

209 5237 421 5290 frustra
449 5233 704 5288 omnino.
739 5232 932 5302 Neque
963 5231 1117 5285 enim
1147 5237 1347 5286 vestra:
1377 5234 1566 5286 stulta:
1597 5236 1766 5302 atque
1796 5232 1907 5286 im-

207 5325 322 5397 pia:
352 5323 766 5395 disputationes
793 5321 912 5375 ullo
935 5321 1104 5374 modo
1134 5337 1264 5374 cum
1294 5322 1520 5392 piorum
1553 5321 1911 5376 doctissimo—

274 5479 288 5512 ¹
319 5477 439 5524 Mss.
470 5474 665 5537 plures,
697 5474 756 5521 in
781 5484 880 5537 quo
911 5470 1044 5520 libro
1073 5471 1320 5529 credam;
1351 5475 1405 5521 et
1429 5470 1693 5533 nonnulli,
1718 5471 1774 5523 in
1805 5485 1910 5535 quo

209 5540 349 5592 libro
378 5535 644 5600 scriptum
675 5535 914 5600 credam,

270 5601 346 5663 (τι)
370 5597 741 5650 γὶᾱξιὶειτηεῐ.
774 5597 861 5645 lib.
895 5598 940 5652 1,
971 5609 1082 5657 cap.
1110 5597 1157 5652 7,
1188 5607 1242 5643 n.
1271 5597 1317 5643 2.

1684 290 1895 345 LIBER
1937 290 2222 345 PRIMUS.

3571 296 3704 348 l3l8

2002 428 2245 482 rumque
2273 412 2572 466 hominum
2619 411 3003 481 sermonibus,
3047 429 3150 484 per
3179 429 3324 484 quos
3349 414 3424 483 {in
3458 416 3704 470 Ecclesia

2007 501 2282 555 catholica
2313 501 2618 571 Scripturas
2637 502 2749 555 illae
2772 501 3089 555 volentibus
3111 501 3414 572 dignisque
3438 505 3700 572 aperiun-

2009 595 2122 656 tur,
2156 591 2474 660 comparari
2522 595 2756 660 queunt.
2815 591 3002 659 Longe
3052 606 3288 660 prorsus
3319 590 3481 644 aliter
3528 608 3701 661 quam

2009 677 2222 748 putatis
2249 679 2359 731 Lex
2401 682 2457 732 et
2501 680 2800 748 Propheta:
2831 679 3234 748 intelliguntur
3262 696 3294 732 a
3324 679 3508 733 nobis.
3543 681 3703 734 Desi~

2008 767 2126 820 nite
2155 782 2378 832 errare;
2425 783 2542 820 non
2588 767 2828 821 colimus
2882 768 3258 838 pmnitentem
3315 769 3519 838 Deum,
3580 785 3699 823 non

2010 854 2287 922 invidum,
2313 855 3172 926 nonindigum,noncredulem,
3203 871 3322 910 non
3341 862 3702 928 quaerentem

2011 943 2080 997 de
2116 945 2416 999 hominum
2443 945 2529 998 vel
2559 961 2831 1015 pecorum
2860 945 3137 1016 sanguine
3176 946 3546 1016 voluptatem,
3582 962 3701 1000 non

2010 1033 2102 1086 cni
2156 1033 2374 1104 ﬂagitia
2429 1038 2486 1087 et
2531 1033 2742 1088 scelera
2789 1033 3066 1103 placeant,
3121 1050 3239 1088 non
3282 1035 3702 1105 possessionem

2010 1137 2173 1175 suam
2209 1127 2375 1175 terra:
2406 1122 2653 1192 quadam
2699 1122 2979 1192 particula
3008 1121 3431 1176 terminantem.
3481 1123 3542 1175 In
3601 1123 3703 1176 has

2012 1209 2166 1262 enim
2195 1213 2364 1280 atque
2391 1209 2723 1280 hujusmodi
2752 1225 2932 1278 nugas
2961 1209 3206 1278 graviter
3245 1210 3585 1281 copioseque
3614 1210 3702 1264 in-

2009 1297 2140 1351 vehi
2169 1297 2374 1351 soletis.
2402 1299 2586 1361 Quare
2617 1314 2720 1351 nos
2736 1297 2979 1351 invectio
3009 1300 3193 1351 vestra
3222 1314 3338 1351 non
3368 1299 3552 1369 tangit
3575 1299 3703 1364 ;sed

2011 1387 2190 1440 aniles
2243 1387 2541 1457 quasdam,
2585 1387 2674 1440 vel
2723 1387 2896 1440 etiam
2946 1385 3193 1456 pueriles
3249 1387 3572 1456 opiniones,
3625 1404 3693 1441 eo

2011 1474 2314 1544 ineptiore,
2343 1491 2457 1545 quo
2487 1476 2915 1529 vehementiore
2943 1475 3202 1529 oratione
3230 1475 3561 1545 pervellitis.
3585 1477 3708 1539 Qua

2012 1563 2271 1633 quisquis
2321 1568 2582 1617 movetur
2633 1568 2686 1617 et
2741 1564 2811 1618 ad
2840 1580 2937 1616 vos
2990 1563 3214 1628 transit,
3273 1579 3389 1617 non
3445 1564 3704 1618 Ecclesiae

2009 1656 2218 1705 nostrae
2249 1651 2483 1706 damnat
2512 1651 2888 1722 disciplinam,
2922 1652 3019 1706 sed
3052 1667 3178 1706 eam
3203 1667 3260 1706 se
3291 1651 3560 1722 ignorare
3599 1653 3699 1708 de-

2012 1744 2310 1794 monstrat.

2085 1833 2168 1882 l7.
2221 1828 2602 1892 Quamobrem
2635 1829 2681 1882 si
2715 1827 2853 1899 quid
2899 1827 3140 1881 humani
3192 1828 3366 1883 corde
3410 1829 3630 1899 geritis,
3661 1831 3708 1884 si

2010 1931 2161 1969 curae
2183 1915 2341 1970 vobis
2369 1915 2702 1986 vosmetipsi
2724 1915 2874 1981 estis,
2905 1915 3146 1985 quaarite
3174 1915 3368 1986 potius
3397 1917 3707 1987 diligenter

2011 2008 2068 2057 et
2096 2004 2190 2074 pie
2220 2005 2508 2075 quomodo
2539 2005 2637 2058 illa
2665 2004 2947 2058 dicantur.
2991 2003 3264 2070 Quaerite,
3304 2003 3532 2059 miseri:
3570 2022 3704 2061 nam

2009 2093 2183 2146 talem
2213 2093 2406 2158 ﬁdem,
2453 2109 2566 2162 qua
2596 2094 2707 2146 Deo
2750 2091 3150 2146 inconveniens
3181 2093 3396 2164 aliquid
3429 2095 3706 2160 creditur,

2009 2197 2114 2234 nos
2154 2181 2546 2235 vehementius
2583 2185 2639 2234 et
2676 2180 2907 2236 uberius
2959 2197 3322 2248 accusamus;
3353 2198 3488 2236 nam
3543 2187 3598 2237 et
3647 2184 3708 2238 in

2010 2269 2124 2323 illis
2153 2286 2281 2340 qua:
2311 2270 2458 2323 dicta
2489 2275 2642 2336 sunt,
2671 2286 2802 2324 cum
2858 2269 2935 2322 sic
2984 2269 3384 2340 intelliguntur
3428 2275 3490 2324 ut
3520 2271 3710 2325 littera

2013 2363 2192 2423 sonat,
2235 2363 2291 2412 et
2326 2359 2750 2428 simplicitatem
2807 2357 3172 2428 corrigimus,
3229 2362 3284 2411 et
3327 2358 3706 2428 pertinaciam

2013 2447 2356 2501 deridemus.
2392 2449 2459 2501 Et
2478 2446 2588 2500 alia
2619 2449 2820 2515 multa,
2852 2462 2980 2518 quae
3007 2445 3708 2517 vosintelligerenonpot-

2011 2537 2166 2604 estis,
2197 2540 2348 2590 vetat
2375 2552 2472 2590 eos
2502 2537 2732 2590 credere
2779 2534 3053 2588 catholica
3100 2534 3418 2604 disciplina,
3454 2535 3553 2606 qui
3589 2551 3706 2588 non

2011 2624 2195 2688 annis,
2226 2624 2324 2677 sed
2355 2623 2543 2677 studio
2583 2628 2752 2694 atque
2792 2623 3084 2676 intellectu
3125 2622 3457 2676 excedentes
3504 2638 3707 2693 quam-

2014 2712 2146 2765 dam
2172 2711 2378 2765 mentis
2408 2712 2738 2782 pueritiam,
2763 2710 2823 2764 in
2854 2727 3026 2764 canos
3052 2710 3344 2780 sapientiae
3373 2727 3711 2782 promoven-

2013 2805 2124 2854 tur.
2158 2800 2300 2854 Nam
2332 2805 2388 2854 et
2413 2800 2644 2853 credere
2685 2801 2863 2853 Deum
2896 2799 3015 2852 loco
3043 2799 3234 2869 aliquo
3267 2799 3525 2870 quamvis
3571 2799 3711 2853 inﬁ-

2010 2887 2154 2952 nito,
2207 2903 2312 2957 per
2367 2885 2701 2957 quantitatis
2757 2901 3136 2956 quaecumque
3193 2887 3376 2955 spatia
3405 2885 3707 2951 contineri,

2011 2990 2186 3045 quam
2225 2975 2297 3028 sit
2325 2975 2562 3028 stultum
2602 2974 2868 3028 docetur:
2899 2978 2956 3026 et
2985 2975 3056 3028 de
3107 2976 3225 3027 loco
3256 2974 3313 3027 in
3345 2975 3552 3040 locum,
3613 2975 3703 3028 vel

2012 3063 2221 3133 ipsum,
2249 3064 2337 3116 vel
2362 3064 2614 3134 aliquam
2645 3063 2769 3132 ejus
2810 3067 3032 3132 partem
3072 3063 3290 3116 moveri
3321 3068 3492 3132 atque
3521 3067 3710 3116 trans-

2012 3153 2116 3219 ire,
2149 3153 2414 3207 arbitrari
2470 3153 2629 3206 nefas
2658 3152 2921 3206 habetur.
2975 3152 3100 3205 Jam
3149 3167 3280 3204 vero
3327 3151 3539 3222 aliquid
3586 3152 3710 3221 ejus

2011 3242 2345 3296 substantia:
2377 3246 2547 3312 atque
2570 3246 2788 3295 naturze
2818 3240 3320 3294 commutationem
3351 3241 3439 3293 vel
3471 3257 3706 3294 conver-

2015 3331 2232 3384 sionem
2263 3331 2519 3402 quolibet
2555 3330 2726 3384 modo
2780 3329 2896 3401 pati
2942 3346 3105 3399 posse
3163 3329 3210 3382 si
3263 3328 3392 3399 quis
3422 3328 3710 3399 opinetur,

2014 3416 2176 3469 mira:
2209 3416 2515 3470 dementia:
2553 3414 2980 3485 impietatisque
3007 3414 3410 3468 damnabitur:
3456 3413 3533 3467 ita
3562 3415 3626 3467 ﬁt
3652 3419 3716 3467 ut

2013 3505 2165 3576 apud
2188 3521 2288 3558 nos
2310 3503 2675 3558 inveniantur
2686 3504 2852 3574 pueri
2867 3503 3123 3573 quidam,
3139 3502 3238 3573 qui
3256 3503 3510 3556 humana
3529 3502 3713 3556 forma

2017 3597 2197 3648 Deum
2228 3594 2496 3664 cogitent,
2531 3598 2700 3663 atque
2734 3593 2814 3646 ita
2844 3609 2900 3645 se
2931 3591 3141 3646 habere
3172 3591 3568 3661 suspicentur;
3601 3607 3714 3661 qua

2016 3682 2290 3751 opinione
2321 3681 2466 3734 nihil
2491 3689 2596 3747 _est
2646 3679 2954 3750 abjectius:
3016 3680 3112 3733 sed
3167 3679 3536 3732 inveniantur
3571 3678 3712 3732 item

2014 3771 2182 3824 multi
2211 3787 2393 3836 senes,
2426 3769 2526 3840 qui
2566 3769 2688 3839 ejus
2734 3770 3113 3837 majestatem,
3165 3783 3279 3820 non
3319 3768 3504 3820 solum
3544 3784 3716 3837 super

2015 3859 2336 3913 humanum
2351 3874 2578 3928 corpus,
2609 3858 2705 3912 sed
2723 3857 2896 3911 etiam
2919 3872 3090 3926 super
3110 3855 3296 3925 ipsam
3325 3861 3576 3910 mentem
3597 3872 3716 3909 ma-

2017 3965 2155 4002 nere
2185 3947 2570 4002 inviolabilem
2599 3951 2771 4017 atque
2792 3945 3346 4009 incommutabilem,
3372 3945 3569 3999 eadem
3591 3945 3716 4015 ipsa

2014 4041 2206 4091 mente
2237 4035 2607 4105 conspiciant.
2666 4035 2814 4098 Quas
2864 4037 3078 4098 aetates,
3134 4048 3248 4086 non
3278 4037 3557 4102 tempore,
3615 4031 3714 4085 sed

2014 4124 2225 4178 virtute
2247 4128 2417 4194 atque
2445 4121 2752 4193 prudentia
2772 4121 3172 4175 discernandas
3203 4137 3326 4174 esse
3344 4120 3467 4190 jam
3500 4119 3716 4174 dictum

2017 4217 2118 4268 est.
2148 4213 2314 4282 Apud
2344 4229 2440 4266 vos
2470 4216 2665 4266 autem
2700 4227 2871 4265 nemo
2911 4210 3146 4281 quidem
3172 4209 3456 4280 reperitur
3485 4209 3585 4279 qui
3617 4209 3717 4262 Dei

2017 4301 2395 4356 substantiam
2424 4300 2663 4355 humani
2709 4301 2963 4371 corporis
3010 4299 3354 4369 ﬁguratione
3397 4297 3715 4352 describat:

2018 4391 2114 4445 sed
2136 4407 2351 4458 rursus,
2385 4406 2556 4444 nemo
2587 4389 2685 4459 qui
2716 4389 2784 4443 ab
2833 4387 3071 4442 humani
3115 4386 3324 4442 erroris
3351 4387 3476 4440 labe
3524 4388 3717 4458 sejun-

2017 4486 2113 4551 gat
2133 4483 2169 4533 ¹.
2202 4481 2397 4550 Itaque
2424 4478 2507 4532 illi
2538 4495 2679 4548 quos
2703 4478 2865 4548 quasi
2904 4477 3196 4547 vagientes
3227 4475 3485 4530 Ecclesia:
3517 4476 3718 4530 catho-

2017 4569 2140 4622 licae
2171 4568 2348 4621 ubera
2373 4571 2713 4631 sustentant,
2747 4565 2794 4619 si
2823 4567 2893 4619 ab
2917 4565 3197 4619 hazreticis
3226 4581 3344 4618 non
3373 4565 3587 4618 fuerint
3621 4565 3719 4618 de-

2015 4655 2303 4729 praedati’,
2325 4671 2430 4725 pro
2449 4671 2550 4708 suo
2568 4654 2809 4725 quisque
2826 4659 2997 4724 captu
3012 4653 3345 4724 viribusque
3360 4651 3717 4719 nutriuntur,

2018 4745 2524 4817 perducunturque
2548 4743 2692 4796 alius
2721 4742 2819 4808 sic,
2853 4743 2998 4795 alius
3020 4746 3212 4796 autem
3243 4742 3343 4808 sic,
3377 4743 3629 4813 primum
3661 4743 3720 4796 in

2017 4835 2203 4888 virum
2225 4833 2568 4904 perfectum;
2596 4831 2800 4885 deinde
2825 4831 2898 4885 ad
2913 4831 3300 4885 maturitatem
3336 4821 3719 4902 canitiemque

2019 4920 2312 4992 sapientiae
2343 4919 2707 4989 perveniunt,
2749 4922 2815 4972 ut
2845 4917 2926 4972 eis
2955 4921 3238 4989 quantum
3280 4919 3499 4987 volunt,
3529 4918 3718 4972 vivere

2020 5027 2084 5064 ac
2109 5008 2436 5064 beatissime
2456 5007 2642 5061 vivere
2668 5007 2854 5060 liceat.

2084 5101 2098 5132 1
2125 5099 2246 5145 Lov.
2265 5096 2420 5158 quise
2441 5095 2506 5144 ab
2522 5091 2749 5158 humani
2772 5093 2979 5158 erroris
3001 5095 3118 5144 labe
3131 5095 3391 5156 sejungat.
3415 5094 3478 5142 At
3498 5093 3718 5158 abestise

2021 5175 2052 5208 a
2075 5161 2200 5208 Mss.
2225 5156 2335 5207 et’a
2359 5157 2561 5206 caeteris
2600 5157 2919 5206 editionibus
2949 5157 3206 5217 debetque
3237 5159 3444 5212 abesse;
3483 5156 3608 5217 quia
3645 5157 3718 5204 ibi

2021 5221 2322 5271 Manichaeis
2339 5219 3110 5282 exprohratAugustinusjquod
3122 5218 3585 5282 Deumabhumani
3607 5219 3719 5279 qui-

2021 5285 2140 5332 dem
2162 5283 2394 5345 corporis
2406 5280 2822 5345 conﬁguratione
2837 5280 3061 5331 liberum
3073 5295 3184 5330 esse
3206 5280 3515 5345 velint,_non
3541 5284 3714 5328 tamen

2021 5348 2086 5396 ab
2112 5341 2330 5394 humani
2366 5341 2566 5393 erroris
2588 5344 2734 5393 labe:
2767 5345 2958 5407 quippe
2987 5358 3107 5391 cum
3142 5341 3716 5407 animammhumanam,

2021 5423 2139 5472 qua:
2171 5409 2350 5473 utique
2375 5407 2536 5473 errori
2566 5403 2800 5455 obnoxia
2827 5403 2922 5464 est,
2943 5410 3145 5473 partem
3172 5403 3337 5473 ipsius
3363 5403 3458 5452 Dei
3487 5417 3599 5473 esse
3630 5405 3719 5473 do-

2059 5465 2324 5519 matizent.
2358 5469 2510 5526 Quod
2544 5474 2913 5530 argumentum
2943 5465 3105 5528 'urget
3133 5465 3207 5514 in"
3236 5465 3370 5514 libro
3395 5466 3628 5514 secundo
3651 5467 3716 5516 de

2059 5486 2324 5519 mauzent.
2358 5486 2510 5526 Quoo
2544 5486 2913 5530 argumentum
2958 5486 3105 5528 urget
3133 5486 3188 5514 ιιι

2023 5486 2210 5598 genesi
2235 5537 2426 5598 contra
2455 5531 2790 5598 Manichzeos,
2829 5544 2940 5598 cap.
2973 5532 3020 5585 8,
3051 5542 3109 5598 n._
3144 5531 3220 5576 11.

2087 5597 2106 5629 ²
2133 5595 2416 5644 Vaticanus
2436 5593 2602 5643 codex
2625 5593 2801 5652 habet,
2822 5591 3126 5653 depravati.
