4074 6410
436 257 571 310 1319

434 375 655 428 CAPUT
684 374 770 427 ΧΙ.
803 402 869 410 -
897 372 1039 425 Deus
1064 373 1216 425 unice
1244 371 1583 438 diligendus;
1615 371 1837 441 ideoque
1856 387 2120 426 summum

503 461 734 513 hominis
766 458 978 513 bonum.
1012 458 1126 512 Deo
1171 460 1252 512 nil
1292 459 1509 522 melius;
1542 459 1718 512 Deum
1745 473 1895 513 nemo
1915 461 2120 512 amittit

499 547 734 602 invitus:
769 563 886 615 quae
929 550 1056 602 sunt
1093 547 1212 601 dum
1249 548 1574 602 conditiones
1616 550 1814 602 summi
1855 548 1996 612 boni,
2028 562 2118 602 su-

499 635 780 704 pradictae,
810 650 930 703 cap.
963 637 1013 688 3.
1597 639 1600 642 ‘

505 723 834 778 18.Secutio
895 722 1072 792 igitur
1118 722 1240 789 Dei,
1307 722 1595 777 beatitatis
1648 722 1934 793 appetitus
1997 727 2114 776 est:

427 812 746 867 consecutio
795 815 1005 874 autem,
1056 811 1178 880 ipsa
1229 810 1486 864 beatitas.
1519 813 1592 864 At
1635 827 1767 864 eum
1823 810 2119 881 sequimur

429 900 740 971 diligendo,
797 898 1203 970 consequimur
1238 915 1390 965 vero,
1424 915 1536 952 non
1567 915 1696 952 cum
1725 899 1832 953 hoc
1881 899 2117 954 omnino

429 990 712 1043 efﬁcimur
740 988 894 1057 quod
918 993 1002 1042 est
1028 987 1170 1056 ipse,
1197 987 1295 1040 sed
1322 986 1372 1039 ei
1389 987 1655 1057 proximi,
1678 1003 1926 1058 eumque
1959 988 2115 1041 miri-

425 1077 532 1132 ﬁco
554 1082 608 1131 et
629 1075 973 1142 intelligibili
994 1075 1164 1129 modo
1187 1074 1599 1145 contingentes,
1627 1075 1861 1146 ejusque
1883 1075 2115 1130 veritate

425 1171 482 1220 et
510 1165 806 1219 sanctitate
819 1165 1047 1234 penitus
1077 1162 1342 1216 illustrati
1365 1167 1535 1233 atque
1565 1163 1978 1232 comprehensi.
2014 1165 2114 1218 Ille

425 1271 675 1324 namque
695 1253 884 1324 ipsum
905 1253 1098 1306 lumen
1129 1256 1246 1318 est;
1269 1251 1433 1305 nobis
1451 1256 1642 1306 autem
1659 1252 1726 1305 ab
1756 1253 1956 1306 eodem
1980 1252 2112 1306 illu-

424 1341 632 1396 minari
646 1342 1102 1395 licet.Ma:rimum
1115 1356 1249 1410 ergo
1265 1341 1416 1410 quod
1429 1340 1497 1393 ad
1511 1340 1734 1393 beatam
1748 1341 1922 1394 vitam
1936 1339 2108 1407 ducit,

415 1433 760 1499 primumque
777 1430 1098 1483 mandatum
1120 1434 1215 1495 est,
1245 1429 1454 1496 Diliges
1476 1431 1755 1482 Dominum
1771 1429 1946 1482 Deum
1961 1432 2111 1482 tuum

418 1534 486 1570 ea:
515 1522 622 1571 toto
648 1518 804 1570 corde
831 1523 918 1571 tuo
945 1521 996 1570 et
1019 1519 1204 1570 anima
1229 1523 1277 1570 et
1322 1521 1508 1571 mente.
1551 1519 1910 1586 Diligentibus
1955 1517 2109 1570 enim

419 1608 585 1658 Deum
610 1607 788 1659 omnia
811 1605 1109 1673 procedunt
1159 1607 1217 1658 in
1247 1605 1456 1659 bonum.
1501 1606 1883 1670 Quamobrem
1937 1607 2109 1676 paulo

419 1698 545 1762 post
562 1693 710 1746 idem
731 1693 967 1746 Paulus:
993 1695 1178 1748 Certus
1208 1708 1345 1760 sum,
1372 1693 1576 1763 inquit,
1601 1694 1746 1762 quod
1765 1710 1932 1762 neque
1945 1709 2106 1756 mors,

414 1797 582 1848 neque
605 1783 740 1846 vita,
767 1796 936 1849 neque
961 1782 1180 1846 Angeli,
1207 1797 1376 1850 neque
1396 1784 1594 1847 virtus,
1623 1799 1791 1850 neque
1819 1785 2105 1844 instantia,

413 1885 583 1938 neque
609 1872 824 1936 futura,
858 1885 1027 1937 neque
1055 1869 1315 1936 altitudo,
1348 1886 1515 1939 neque
1542 1872 1899 1940 profundum,
1940 1887 2108 1939 neque

417 1962 668 2010 creatura
693 1958 809 2010 alia
834 1961 1034 2026 poterit
1062 1972 1157 2012 nos
1194 1974 1448 2027 separare
1467 1975 1502 2012 α
1532 1960 1798 2013 charitate
1831 1960 1954 2024 Dei,
1988 1975 2106 2026 qua:

413 2050 493 2101 est
523 2047 577 2098 in
604 2046 1408 2100 ChristoJesuDominonostro
1429 2047 1605 2117 (Rom.
1630 2065 1745 2116 Vill,
1768 2051 1856 2113 28,
1880 2049 1967 2113 38,
1991 2047 2100 2116 39).

408 2133 468 2188 Si
486 2133 661 2202 igitur
679 2134 1046 2204 diligentibus
1063 2136 1241 2188 Deum
1258 2136 1451 2188 omnia
1463 2135 2100 2205 proceduntinbonum;

411 2226 465 2276 et
486 2238 778 2276 summum
801 2222 1038 2284 bonum,
1069 2223 1222 2294 quod
1244 2223 1415 2277 etiam
1437 2224 1717 2294 optimum
1737 2224 1965 2292 dicitur,
1986 2240 2102 2278 non

414 2311 585 2365 modo
615 2311 972 2380 diligendum
1003 2328 1123 2365 esse
1154 2327 1324 2366 nemo
1345 2313 1604 2382 ambigit,
1637 2314 1735 2367 sed
1766 2314 1843 2367 ita
1864 2313 2101 2385 diligen-

412 2397 551 2451 dum
576 2402 640 2452 ut
657 2397 801 2451 nihil
832 2397 1078 2466 amplius
1107 2397 1346 2468 diligere
1364 2399 1704 2465 debeamus;
1727 2399 1899 2470 idque
1920 2400 2097 2470 signi-

408 2485 611 2540 ﬁcatur
639 2490 696 2539 et
712 2485 1050 2556 exprimitur
1077 2487 1230 2556 quod
1252 2486 1464 2540 dictum
1498 2493 1602 2554 est,
1637 2491 1724 2542 Ea:
1755 2493 1866 2542 tota
1891 2491 2097 2558 anima,

409 2578 459 2627 et
487 2590 553 2626 ea:
585 2578 692 2627 toto
715 2574 874 2626 corde
919 2578 969 2626 et
997 2589 1064 2627 ex
1093 2579 1205 2628 tota
1235 2580 1439 2628 mente:
1473 2576 1624 2645 quis,
1655 2592 1871 2646 quaeso,
1927 2575 2094 2630 dubi-

405 2661 629 2727 taverit,
670 2661 758 2714 his
801 2661 1067 2716 omnibus
1114 2662 1455 2729 constitutis,
1507 2669 1564 2718 et
1618 2663 1944 2718 ﬁrmissime
1975 2681 2096 2718 cre-

407 2747 561 2814 ditis,
592 2749 737 2802 nihil
766 2749 928 2802 nobis
952 2749 1108 2803 aliud
1144 2766 1263 2804 esse
1292 2750 1597 2820 optimum,
1628 2751 1699 2806 ad
1731 2753 1885 2823 quod
1915 2752 2094 2824 adipi-

401 2837 674 2891 scendum
695 2837 1024 2906 postpositis
1077 2839 1294 2892 caeteris
1317 2839 1587 2893 festinare
1617 2846 1898 2910 oporteat,
1921 2858 2093 2911 quam

401 2927 629 2982 Deum?
653 2929 793 2980 ltem
824 2927 872 2980 si
901 2928 1057 2982 nulla
1086 2945 1175 2981 res
1205 2929 1274 2983 ab
1292 2930 1412 3000 ejus
1438 2931 1710 2984 charitate
1726 2947 1829 2984 nos
1847 2937 2088 3002 separat,

397 3015 539 3086 quid
566 3032 686 3069 esse
720 3032 832 3070 non
862 3017 1047 3070 solum
1102 3017 1328 3085 melius,
1378 3019 1474 3073 sed
1523 3019 1695 3074 etiam
1729 3018 1936 3073 certius
1983 3020 2091 3075 hoc

396 3103 544 3158 bono
574 3106 806 3174 potest?

472 3196 556 3248 l9.
601 3193 706 3246 Sed
762 3193 988 3264 singula
1040 3193 1290 3249 breviter
1333 3197 1712 3251 attendamus.
1767 3199 1941 3251 Nemo
1986 3215 2087 3254 nos

397 3279 532 3334 inde
572 3285 814 3350 separat,
847 3281 1118 3336 minando
1173 3288 1433 3338 mortem.
1467 3285 1525 3338 Id
1564 3285 1756 3354 ipsum
1786 3285 1939 3338 enim
1971 3303 2085 3357 quo

395 3368 688 3439 diligimus
719 3370 897 3423 Deum
928 3372 968 3438 1,
995 3371 1141 3425 mori
1170 3388 1289 3426 non
1311 3377 1518 3442 potest,
1545 3373 1658 3426 nisi
1685 3373 1821 3427 dum
1861 3391 1976 3428 non
2006 3375 2087 3429 di-

394 3457 522 3527 ligit
549 3459 756 3524 Deum;
789 3474 919 3512 cum
972 3475 1126 3513 mors
1172 3459 1293 3530 ipsa
1344 3460 1418 3513 sit
1448 3477 1564 3514 non
1609 3461 1847 3531 diligere
1879 3464 2081 3531 Deum,

395 3546 549 3617 quod
582 3546 722 3600 nihil
753 3552 838 3601 est
884 3547 1039 3602 aliud
1065 3564 1237 3618 quam
1269 3547 1322 3602 ei
1351 3547 1666 3618 quidquam
1696 3550 1755 3602 in
1795 3549 2082 3620 diligendo

393 3639 564 3704 atque
602 3635 891 3706 sequendo
919 3653 1274 3707 praeponere.
1311 3638 1485 3690 Nemo
1515 3637 1648 3692 inde
1679 3644 1905 3708 separat
1923 3640 2084 3709 polli-

394 3723 573 3777 cendo
613 3723 783 3778 vitam
811 3741 823 3778 :
849 3741 1018 3778 nemo
1048 3724 1202 3778 enim
1223 3724 1293 3778 ab
1322 3724 1446 3794 ipso
1479 3725 1632 3780 fonte
1663 3732 1889 3797 separat
1913 3728 2080 3798 polli-

392 3814 573 3865 cendo
605 3829 832 3883 aquam.
891 3814 1016 3866 Non
1068 3817 1291 3882 separat
1341 3815 1612 3884 angelus:
1647 3832 1762 3869 non
1804 3815 1958 3870 enim
1997 3822 2082 3871 est

389 3901 645 3970 angelus,
669 3917 798 3956 cum
822 3901 1168 3956 inhaeremus
1187 3903 1319 3969 Deo,
1343 3907 1538 3956 nostra
1557 3907 1748 3958 mente
1771 3905 2075 3973 potentior.

392 3991 519 4043 Non
549 3994 774 4059 separat
810 3990 1016 4044 virtus:
1069 4005 1200 4043 nam
1232 3991 1277 4044 si
1305 3990 1483 4045 virtus
1511 3991 1603 4044 hic
1648 3991 1746 4046 illa
1786 3993 2079 4050 nominata

387 4082 493 4142 est,
517 4094 644 4148 quae
664 4077 916 4148 aliquam
935 4078 1348 4147 potestatemin
1369 4079 1478 4133 hoc
1497 4081 1710 4134 mundo
1742 4082 1931 4149 habet,
1955 4088 2074 4138 toto

388 4165 603 4220 mundo
626 4171 709 4220 est
737 4165 974 4220 omnino
995 4166 1296 4220 sublimior
1314 4183 1474 4220 mens
1490 4167 1778 4222 inhaerens
1809 4172 1945 4226 Deo.
1977 4174 2074 4227 Sin

385 4254 563 4307 virtus
592 4254 688 4306 illa
705 4253 851 4307 dicta
879 4258 980 4318 est,
1014 4269 1142 4324 quae
1163 4254 1342 4323 ipsius
1359 4255 1535 4309 animi
1558 4258 1737 4312 nostri
1766 4261 2074 4315 rectissima

382 4340 604 4396 affectio
630 4344 713 4394 est
736 4357 748 4394 :
771 4341 818 4394 si
846 4341 904 4394 in
938 4341 1050 4395 alio
1083 4347 1186 4408 est,
1213 4343 1364 4397 favet
1381 4348 1444 4397 ut
1468 4345 1888 4417 conjungamnr
1926 4351 2070 4414 Deo;

385 4429 430 4484 si
461 4430 521 4484 in
552 4429 713 4483 nobis
743 4435 846 4497 est,
879 4430 1003 4500 ipsa
1031 4431 1343 4502 eonjungit.
1374 4434 1496 4487 Non
1517 4438 2073 4505 separantinstantes

385 4518 704 4572 molestiae:
745 4519 852 4572 hoc
908 4519 1062 4572 enim
1093 4519 1332 4574 leviores
1380 4539 1473 4576 eas
1523 4525 1820 4589 sentimus,
1857 4543 1968 4597 quo
2018 4529 2070 4582 ei

381 4607 535 4662 unde
565 4624 669 4662 nos
689 4624 950 4678 separare
979 4609 1312 4676 moliuntur,
1329 4612 1537 4666 arctius
1551 4613 1914 4670 inhaeremus.
1947 4619 2070 4673 Non

380 4699 608 4764 separat
634 4695 938 4764 promissio
975 4695 1338 4752 futurorum:
1373 4715 1505 4754 nam
1534 4705 1590 4754 et
1631 4702 1911 4773 quidquid
1935 4704 2069 4759 boni

377 4783 638 4837 futurum
666 4787 770 4850 est,
803 4783 1008 4838 certius
1046 4786 1330 4855 promittit
1356 4789 1539 4854 Deus;
1573 4792 1629 4842 et
1658 4790 1802 4844 nihil
1832 4797 1917 4846 est
1943 4791 2066 4861 ipso

382 4872 494 4925 Deo
528 4872 752 4938 melius,
793 4872 892 4943 qui
914 4873 1036 4942 jam
1065 4874 1314 4944 profecto
1345 4876 1490 4930 bene
1520 4877 1632 4930 sibi
1657 4877 2067 4935 inhaerentibus

382 4976 634 5030 praesens
656 4965 756 5015 est.
797 4962 920 5016 Non
942 4967 1166 5033 separat
1194 4964 1434 5018 altitudo
1458 4981 1644 5035 neque
1671 4967 2022 5036 profundum
2048 4986 2060 5023 :

376 5049 587 5103 etenim
610 5049 656 5103 si
676 5051 796 5104 ha3c
819 5052 989 5106 verba
1006 5052 1254 5107 scientiae
1278 5053 1421 5107 forte
1447 5053 1805 5109 altitudinem
1826 5057 1913 5110 vel
1936 5073 2064 5128 pro-

377 5137 620 5192 fundum
652 5138 994 5210 signiﬁcant,
1024 5157 1139 5194 non
1168 5157 1265 5195 ero
1305 5141 1582 5204 curiosus,
1615 5159 1687 5196 ne
1719 5145 1986 5215 sejungar
2031 5165 2063 5202 a

376 5226 512 5292 Deo;
541 5243 645 5282 nec
683 5229 1020 5299 cujusquam
1069 5229 1321 5284 doctrina
1365 5247 1456 5284 me
1504 5231 1574 5285 ab
1603 5248 1670 5286 eo
1725 5239 1966 5303 separat,
1998 5241 2062 5291 ut

437 5317 450 5348 ι
483 5315 604 5385 Bad.
626 5315 710 5385 Er.
733 5317 856 5385 bov.
879 5320 931 5385 et
946 5316 1146 5385 aliquot
1167 5318 1288 5385 Mss.
1311 5317 1543 5385 idipsum
1569 5323 1710 5371 enim
1739 5323 1883 5385 quod
1892 5322 2061 5385 diligi-

372 5389 506 5450 mus.
538 5381 636 5426 etc.
671 5377 967 5457 sed-verius
991 5377 1149 5427 editio
1170 5380 1300 5457 Arn.
1328 5377 1526 5457 e‘t'Ms‘s.
1556 5377 2060 5457 quatudr,_idip.w_{m

370 5441 644 5506 eui-mque,
667 5440 865 5506 scilicet
882 5441 1108 5506 animus,
1131 5445 1189 5488 ut
1209 5441 1372 5506 liquet
1394 5455 1452 5489 ex
1477 5440 1633 5506 hujus
1670 5440 1948 5496 locutionis
1979 5450 2057 5496 iu-

368 5501 742 5562 terpretatione
773 5501 826 5548 in
855 5502 1020 5563 capite
1045 5501 1301 5564 sequenti.

1256 249 1350 303 DE
1388 248 1700 304 MORIBUS
1737 247 2099 304 ECCLESUE
2139 248 2576 314 CATHOLICzE,
2624 247 2675 303 S.
2723 248 3104 305 AUGUSTINI

3804 255 3946 308 1320

2234 371 2395 442 quasi
2423 371 2671 442 depellat
2699 387 2973 441 errorem,
3000 388 3034 426 a
3062 387 3176 444 quo
3208 388 3377 428 nemo
3409 390 3645 445 prorsus
3687 375 3804 429 nisi
3851 391 3944 430 se-

2232 463 2463 529 paratus
2487 463 2718 512 erraret.
2745 459 2801 513 Si
2823 476 2955 512 vero
2980 458 3277 514 altitudine
3301 466 3355 514 et
3375 461 3659 532 profundo
3683 479 3946 535 superna

2232 551 2287 600 et
2314 546 2538 602 inferna
2559 547 2727 618 hujus
2749 547 2947 602 mundi
2974 547 3386 618 signiﬁcantur,
3408 550 3536 622 quis
3560 551 3704 605 mihi
3723 551 3942 605 coelum

2230 635 2583 705 polliceatur,
2615 640 2677 690 ut
2706 652 2739 690 a
2769 635 2897 690 coeli
2925 635 3262 690 fabricatore
3299 638 3608 708 sejungar?
3647 639 3762 692 Aut
3805 637 3942 709 quis

2229 729 2441 778 terreat
2464 724 2740 791 infernus,
2773 729 2838 779 ut
2860 726 3036 778 Deum
3062 725 3322 779 deseram
3351 743 3523 797 quem
3553 726 3599 780 si
3631 743 3938 797 nunquam

2229 811 2625 880 deseruissem,
2674 813 2893 867 inferna
2949 813 3264 868 nescirem?
3305 815 3619 878 Postremo,
3665 815 3798 886 quis
3843 831 3938 868 me

2226 899 2386 955 locus
2413 901 2482 955 ab
2513 903 2635 972 ejus
2664 902 2936 956 charitate
2968 901 3215 969 divellet,
3249 903 3350 974 qui
3378 920 3496 958 non
3524 902 3742 975 ubique
3772 909 3938 959 totus

2227 993 2393 1057 esset,
2424 989 2471 1042 si
2500 990 2617 1044 ullo
2647 989 3037 1044 contineretur
3063 990 3224 1046 loco?

2227 1077 2450 1132 CAPUT
2491 1079 2604 1132 XII.
2657 1110 2723 1117 —
2776 1080 3051 1136 Charitatc
3097 1081 3202 1134 Deo
3249 1083 3628 1149 connectimur,
3670 1081 3805 1136 dum
3848 1083 3937 1136 illi

2905 1159 3027 1228 subj
3033 1161 3245 1213 icimur.

2293 1248 2381 1301 20.
2422 1249 2562 1313 Non,
2595 1245 2800 1318 inquit,
2846 1253 3072 1318 separat
3102 1248 3214 1301 alia
3242 1253 3511 1303 creatura.
3547 1249 3588 1304 Ο
3615 1245 3930 1304 altissimo-

2223 1349 2352 1387 rum
2382 1334 2783 1404 mysteriorum
2821 1333 3036 1388 viruml
3074 1336 3195 1388 Non
3228 1335 3337 1389 fuit
3373 1341 3674 1390 contentus
3713 1338 3932 1404 dicere,

2222 1426 2498 1487 creatura;
2532 1422 2631 1476 sed
2661 1424 2795 1489 alia,
2829 1423 3037 1493 inquit,
3081 1429 3350 1490 creatura,
3393 1425 3711 1478 admonens
3751 1426 3930 1479 etiam

2221 1507 2468 1578 idipsum
2490 1526 2603 1580 quo
2633 1509 2924 1580 diligimus
2958 1513 3158 1578 Deum,
3188 1515 3244 1566 et
3264 1529 3377 1582 quo
3404 1511 3752 1566 inhaeremus
3785 1515 3931 1576 Deo,

2220 1596 2276 1650 id
2307 1601 2390 1651 est
2417 1597 2675 1652 animum
2715 1604 2885 1669 atque
2935 1604 3184 1653 mentem
3236 1605 3555 1654 creaturam
3601 1618 3742 1654 esse.
3801 1602 3933 1656 Alia

2221 1699 2356 1754 ergo
2399 1691 2656 1740 creatura
2697 1703 2902 1758 corpus
2934 1693 3054 1742 cst:
3091 1689 3227 1743 etsi
3268 1689 3494 1743 animus
3523 1706 3613 1743 res
3656 1691 3928 1760 quaid-am

2219 1779 2304 1828 est
2332 1774 2726 1845 intelligibilis,
2757 1776 2809 1830 id
2839 1783 2922 1831 est
2951 1795 3079 1848 quae
3102 1783 3322 1832 tantum
3353 1778 3730 1849 intelligendo
3759 1779 3930 1834 inno-

2216 1862 2397 1928 tescit,
2440 1862 2548 1916 alia
2587 1869 2846 1918 creatura
2883 1869 2967 1918 est
3005 1882 3174 1920 omne
3215 1867 3504 1936 sensibile,
3541 1867 3598 1921 id
3638 1872 3723 1922 est
3766 1871 3928 1940 quod

2214 1967 2319 2020 per
2351 1951 2564 2016 oculos,
2601 1953 2686 2005 vel
2722 1969 2905 2017 aures,
2941 1954 3028 2008 vel
3073 1955 3364 2022 olfactum,
3408 1956 3493 2009 vel
3537 1961 3793 2026 gustum,
3833 1959 3926 2012 vel

2215 2043 2448 2105 tactum,
2499 2040 2661 2109 quasi
2701 2041 3009 2111 quamdam
3061 2043 3320 2096 notitiam
3348 2043 3434 2096 sui
3463 2045 3709 2112 praebet;
3745 2052 3926 2116 atque

2212 2126 2269 2181 id
2292 2127 2543 2182 deterius
2572 2128 2646 2182 sit
2687 2145 2910 2183 necesse
2959 2135 3063 2196 est,
3114 2148 3286 2202 quam
3335 2132 3484 2203 quod
3530 2132 3927 2205 intelligentia

2212 2216 2330 2269 sola
2349 2218 2587 2286 capitur.
2617 2219 2759 2288 Ergo
2780 2235 2910 2272 cum
2936 2219 3106 2273 etiam
3142 2221 3287 2274 Deus
3307 2220 3494 2291 dignis
3518 2221 3724 2276 animis
3745 2229 3926 2278 notus

2211 2322 2325 2358 non
2356 2305 2464 2358 nisi
2494 2322 2595 2376 per
2616 2307 3051 2378 intelligentiam
3082 2309 3264 2378 possit
3288 2325 3427 2373 esse,
3460 2326 3590 2363 cum
3622 2316 3818 2366 tamen
3843 2313 3925 2367 sit

2210 2393 2333 2462 ipsa
2363 2409 2476 2463 qua
2506 2393 2846 2465 intelligitur
2892 2401 3084 2450 mente
3131 2397 3521 2466 praestantior;
3564 2398 3778 2468 quippe
3813 2401 3923 2470 qui

2211 2486 2431 2534 creator
2461 2483 2582 2552 ejus
2614 2488 2781 2554 atque
2812 2489 3009 2537 auctor
3039 2490 3150 2551 est;
3186 2486 3497 2539 verendum
3529 2491 3651 2540 erat
3682 2503 3754 2540 ne
3783 2489 3918 2542 ani-

2209 2585 2335 2622 mus
2355 2570 2661 2636 humanus,
2687 2588 2752 2624 eo
2775 2571 2928 2642 quod
2955 2572 3103 2626 inter
3127 2572 3430 2627 invisibilia
3453 2578 3507 2628 et
3527 2574 3922 2646 intelligibilia

2207 2663 2562 2726 numeratur,
2593 2660 2848 2728 ejusdem
2871 2677 2926 2713 se
2951 2666 3169 2715 natura:
3191 2662 3565 2716 arbitraretur
3585 2679 3724 2728 esse,
3745 2666 3920 2734 cujus

2207 2749 2291 2799 est
2321 2747 2442 2816 ipse
2469 2745 2568 2817 qui
2604 2747 2840 2813 creavit;
2875 2752 2930 2802 et
2959 2749 3038 2802 sic
3079 2750 3150 2804 ab
3185 2767 3250 2804 eo
3291 2750 3556 2822 superbia
3596 2752 3916 2820 decideret,

2205 2832 2299 2887 cui
2345 2834 2619 2889 charitate
2668 2835 3000 2907 jungendus
3044 2842 3145 2894 est.
3201 2839 3286 2893 Fit
3341 2839 3495 2894 enim
3545 2841 3657 2894 Deo
3703 2841 3918 2896 similis

2206 2926 2483 2992 quantum
2499 2924 2692 2978 datum
2710 2930 2811 2990 est,
2829 2926 2964 2980 dum
2979 2927 3379 2982 illustrandum
3403 2928 3483 2981 illi
3501 2933 3670 3000 atque
3687 2929 3913 2985 illumi-

2201 3011 2453 3065 nandum
2485 3028 2541 3065 se
2573 3012 2821 3082 subjicit.
2855 3015 2920 3068 Et
2948 3013 2995 3067 si
3024 3015 3271 3070 maxime
3299 3016 3352 3070 ei
3385 3017 3737 3089 propinquat
3767 3020 3912 3075 sub-

2193 3098 2440 3169 jectione
2481 3099 2590 3154 ista
2629 3117 2742 3171 qua
2771 3100 2973 3155 similis
3006 3103 3089 3166 ﬁt,
3125 3104 3296 3175 longe
3327 3105 3396 3159 ab
3437 3123 3501 3160 eo
3540 3105 3641 3160 ﬁat
3674 3125 3912 3163 necesse

2199 3191 2284 3240 est
2312 3187 2546 3241 audacia
2585 3206 2697 3258 qua
2725 3189 2845 3243 vult
2875 3206 2993 3244 esse
3031 3191 3291 3246 similior.
3332 3194 3459 3262 Ipsa
3497 3199 3582 3248 est
3621 3198 3772 3265 qua1
3812 3197 3908 3251 le--

2198 3274 2365 3344 gibus
2398 3277 2498 3330 Dei
2525 3277 2922 3347 obtemperare
2953 3279 3246 3347 detrectat,
3281 3281 3417 3336 dum
3448 3299 3566 3336 sua:
3596 3286 3908 3353 potestatis

2197 3380 2316 3417 esse
2347 3364 2502 3434 cupit
2533 3370 2594 3419 ut
2626 3367 2774 3420 Deus
2803 3371 2903 3422 est.

2266 3454 2353 3506 2t.
2401 3453 2620 3517 Quanto
2662 3471 2798 3524 ergo
2838 3456 3020 3526 magis
3062 3457 3231 3528 longe
3270 3458 3504 3512 discedit
3536 3475 3566 3513 a
3607 3460 3744 3528 Deo,
3777 3478 3903 3516 non

2195 3541 2337 3609 loco,
2360 3541 2458 3595 sed
2485 3542 2781 3597 affectione
2803 3549 2973 3615 atque
2995 3545 3305 3615 cupiditate
3331 3547 3399 3601 ad
3425 3547 3695 3601 inferiora
3716 3566 3900 3620 quam

2193 3635 2277 3684 est
2305 3631 2444 3701 ipse,
2482 3635 2638 3685 tanto
2681 3632 2862 3703 magis
2892 3634 3130 3688 stultitia
3159 3635 3504 3706 miseriaque
3533 3638 3890 3708 completur.

2193 3717 2502 3773 Dilectione
2528 3718 2704 3789 igitur
2741 3720 2886 3774 redit
2914 3720 2974 3774 in
3011 3722 3212 3786 Deum,
3246 3739 3359 3794 qua
3389 3740 3446 3776 se
3475 3723 3558 3776 illi
3588 3739 3701 3777 non
3735 3740 3900 3780 com-

2189 3823 2425 3877 ponere,
2454 3808 2550 3861 sed
2581 3824 2900 3879 supponere
2946 3810 3186 3866 affectat.
3229 3811 3386 3875 Quod
3433 3817 3648 3883 quanto
3692 3813 3900 3869 fecerit

2189 3895 2495 3949 instantius
2525 3911 2588 3949 ac
2618 3895 2945 3963 studiosius,
2981 3902 3140 3953 tanto
3183 3899 3288 3953 erit
3326 3900 3546 3954 beatior
3573 3905 3749 3971 atque
3790 3919 3896 3956 su-

2189 3979 2442 4050 blimior,
2473 3988 2529 4037 et
2552 3982 2650 4036 illo
2684 3984 2804 4038 solo
2835 3985 3166 4040 dominante
3208 3987 3553 4042 liberrimus.
3595 3990 3897 4053 Quamob-

2187 4084 2309 4123 rem
2339 4086 2502 4124 nosse
2533 4071 2700 4126 debet
2730 4088 2789 4127 se
2819 4089 2940 4128 esse
2970 4079 3311 4131 creaturam.
3347 4077 3524 4131 Debet
3550 4078 3707 4132 enim
3739 4095 3897 4134 crea-

2185 4163 2371 4213 torem
2397 4175 2562 4214 suum
2581 4161 2808 4215 credere
2830 4162 2992 4218 sicuti
3015 4169 3117 4226 est,
3145 4163 3457 4219 inviolabili
3484 4170 3539 4225 et
3568 4166 3896 4222 incommu-

2185 4246 2344 4300 tabili
2364 4263 2588 4318 semper
2609 4265 2841 4304 manere
2863 4256 3068 4306 natura
3085 4253 3342 4307 veritatis
3361 4259 3530 4325 atque
3551 4255 3889 4324 sapientiae:

2183 4333 2245 4387 in
2283 4350 2341 4388 se
2371 4339 2563 4389 autem
2601 4337 2801 4391 cadere
2840 4355 3006 4409 posse
3029 4339 3327 4394 stultitiam
3361 4346 3530 4412 atque
3574 4342 3888 4412 fallaciam,

2181 4424 2267 4476 vel
2298 4427 2534 4494 propter
2561 4440 2783 4480 errores
2829 4427 3037 4498 quibus
3086 4431 3217 4482 exui
3247 4430 3548 4500 desiderat,
3598 4433 3887 4489 conﬁteri.

2181 4511 2289 4566 Sed
2318 4528 2515 4566 rursus
2561 4530 2756 4569 cavere
2801 4516 2987 4585 debet,
3019 4535 3088 4572 ne
3127 4519 3196 4572 ab
3228 4519 3407 4589 ipsius
3446 4519 3546 4574 Dei
3579 4519 3887 4588 charitate,

2181 4617 2296 4671 qua
2324 4601 2709 4657 sanctiﬁcatur
2732 4608 2796 4658 ut
2815 4605 3173 4660 beatissimus
3193 4613 3442 4673 maneat,
3468 4609 3702 4662 alterius
3728 4626 3890 4664 crea-

2178 4694 2344 4756 turae,
2377 4689 2435 4744 id
2467 4695 2552 4744 est
2581 4691 2752 4762 hujus
2789 4695 3072 4750 sensibilis
3101 4696 3302 4751 mundi
3332 4713 3527 4751 amore
3558 4704 3884 4768 separetur.

2181 4779 2303 4832 Non
2332 4778 2508 4848 igitur
2537 4786 2763 4850 separat
2793 4798 2897 4836 nos
2928 4783 3051 4838 alia'
3067 4789 3346 4853 creatura,
3373 4786 3656 4856 siquidem
3689 4791 3746 4840 et
3778 4805 3888 4842 nos

2177 4867 2288 4936 ipsi
2309 4872 2570 4923 creatura
2591 4886 2807 4938 sumus,
2822 4889 2855 4925 a
2874 4872 3148 4928 charitate
3171 4874 3290 4941 Dei,
3311 4891 3439 4945 quae
3461 4880 3546 4930 est
3569 4874 3630 4930 in
3652 4875 3883 4932 Christo

2173 4957 2300 5010 Jesu
2336 4957 2576 5012 Domino
2608 4963 2823 5013 nostro.

2177 5046 2399 5100 CAPUT
2435 5048 2572 5101 XIII.
2620 5079 2688 5086 —
2727 5050 2826 5101 Per
2869 5049 3144 5104 Christum
3185 5054 3235 5102 et
3273 5050 3390 5118 ejus
3425 5051 3696 5120 Spiritum
3737 5055 3882 5122 jun-

2619 5130 2801 5195 gimur
2828 5129 3270 5197 inseparabiliter
3297 5133 3421 5184 Dco.

2244 5217 2330 5269 2‘2.
2371 5215 2529 5270 Dicat
2561 5216 2727 5270 nobis
2755 5215 2909 5270 idem
2939 5217 3169 5284 Paulus,
3211 5218 3339 5289 quis
3375 5218 3481 5274 iste
3517 5220 3591 5274 sit
3619 5221 3882 5278 Christus

2169 5303 2329 5356 Jesus
2378 5305 2652 5358 Dominus
2698 5308 2923 5360 noster:
2976 5307 3210 5369 Vocatis,
3260 5306 3468 5377 inquit,
3506 5309 3879 5376 praedicamus

2235 5393 2247 5424 ί
2277 5391 2360 5438 Er.
2393 5392 2514 5456 Lov.
2547 5395 2599 5439 et
2625 5391 2779 5456 Arn:
2806 5396 2930 5456 Ipsa
2957 5397 3040 5444 est
3059 5407 3190 5456 qum.
3219 5395 3284 5443 At
3307 5395 3428 5442 Mss.
3455 5399 3508 5443 et
3528 5396 3652 5444 Bad.
3675 5397 3880 5448 habent

2167 5465 2294 5525 qua,
2311 5458 2361 5500 et
2381 5453 2566 5524 melius
2586 5467 2596 5500 :
2613 5453 3168 5525 explicaturpiniirum
3192 5456 3411 5518 quaiilla
3433 5458 3499 5506 sit
3514 5459 3756 5519 audacia,
3771 5477 3877 5525 qua

2169 5514 2282 5561 vult
2309 5515 2518 5562 animus
2542 5529 2655 5564 esse
2680 5514 2773 5565 Dei
2801 5518 3038 5565 similior.
