4074 6360
132 264 263 317 1321

124 386 407 443 Christum
451 391 549 444 Dei
601 390 866 446 Virtutem
913 393 964 444 et
1008 391 1106 444 Dei
1149 390 1485 461 Sapientiam
1540 391 1579 462 (Ι
1625 392 1744 447 Cor.
1793 409 1831 459 ι,

122 478 220 543 23,
249 476 357 546 24).
397 476 583 543 Quid?
618 477 738 549 ipse
780 478 1036 533 Christus
1081 494 1272 533 nonne
1312 478 1521 551 inquit,
1566 481 1679 547 Ego
1716 495 1833 534 sum

130 565 395 621 Veritas?
414 566 471 619 Si
493 583 629 637 ergo
653 565 965 637 quaarimus
996 566 1134 638 quid
1161 566 1233 621 sit
1256 566 1402 622 bene
1431 567 1639 635 vivere,
1671 568 1726 623 id
1751 572 1835 622 est

125 654 203 709 ad
242 654 655 709 beatitudinem
692 655 838 710 bene
879 654 1114 711 vivendo
1163 655 1417 726 tendere,
1454 657 1512 712 id
1552 656 1659 711 erit
1698 672 1833 727 pro-

126 741 281 797 fecto
311 759 505 798 amare
545 743 847 811 Virtutem,
879 760 1071 798 amare
1101 743 1473 815 Sapientiam,
1506 761 1698 800 amare
1726 746 1831 798 Ve-

125 831 384 898 ritatem,
417 836 485 886 et'
510 848 702 886 amare
735 849 803 887 ex
828 835 951 887 toto
984 832 1173 900 corde,
1207 836 1262 886 et
1290 849 1357 887 ex
1386 837 1507 887 tota
1536 833 1745 900 anima,
1778 837 1833 887 et

127 936 203 974 ex
231 924 350 975 tota
380 924 603 989 mente;
653 920 930 976 Virtutem
977 937 1106 993 quas
1153 921 1493 976 inviolabilis
1541 927 1597 976 et
1624 921 1832 977 invicta

128 1012 241 1079 est,
273 1009 620 1080 Sapientiam
664 1009 755 1064 cui
784 1009 1027 1065 stultitia
1056 1026 1172 1065 non
1210 1010 1481 1080 succedit,
1527 1010 1831 1065 Veritatem

129 1113 267 1168 qua:
299 1097 548 1151 converti
576 1101 746 1170 atque
777 1098 943 1153 aliter
979 1114 1151 1170 quam
1191 1115 1416 1170 semper
1450 1103 1536 1154 est
1569 1115 1690 1154 esse
1730 1100 1831 1154 ha-

126 1184 271 1240 bere
295 1200 413 1240 non
443 1185 618 1241 novit.
650 1188 757 1240 Per
784 1186 930 1241 hanc
959 1185 1081 1257 ipse
1112 1186 1363 1240 cernitur
1390 1188 1585 1255 Pater;
1618 1187 1833 1241 dictum

131 1279 222 1329 est
268 1274 460 1330 enim:
505 1276 665 1331 Nemo
704 1276 850 1329 venit
876 1275 950 1329 ad
994 1278 1224 1342 Patrem,
1263 1276 1374 1330 nisi
1414 1292 1511 1345 per
1540 1291 1620 1330 me
1658 1277 1830 1345 (Joan.

129 1378 250 1432 xw,
291 1362 362 1435 6).
408 1362 549 1418 Huic
585 1363 871 1417 haeremus
908 1379 1011 1435 per
1050 1363 1589 1418 sanctiﬁcationem.’
1614 1363 1831 1419 Sancti-

129 1450 289 1505 ﬁcati
320 1451 474 1506 enim
502 1453 674 1523 plena
704 1457 761 1507 et
789 1452 1014 1523 integra
1041 1453 1315 1507 charitate
1350 1452 1679 1524 ﬂagramus,
1721 1468 1834 1524 qua

128 1540 257 1594 sola
296 1540 541 1595 efﬁcitur
576 1546 638 1595 ut
675 1558 707 1595 a
743 1541 857 1595 Deo
899 1557 1014 1595 non
1052 1546 1395 1605 avertamur,
1436 1541 1601 1613 eique
1645 1541 1834 1612 potius

129 1645 311 1701 quam
337 1628 471 1683 huic
498 1629 715 1684 mundo
749 1629 1208 1684 conformemur:
1240 1629 1654 1684 Prwdestinavit
1672 1631 1829 1695 enim,

132 1721 201 1773 ut
257 1717 336 1771 ait
379 1717 530 1772 idem
570 1718 895 1788 Apostolus,
941 1720 1236 1786 conformes
1277 1733 1374 1773 nos
1418 1719 1538 1786 ﬁeri
1578 1719 1834 1785 imaginis

129 1808 267 1862 Filii
291 1807 408 1877 ejus
437 1806 611 1876 (Rom.
643 1823 761 1877 vm,
789 1807 899 1878 29).

206 1899 297 1951 23.
336 1895 424 1950 Fit
449 1911 584 1966 ergo
631 1911 735 1965 per
776 1894 1110 1949 charitatem
1144 1898 1205 1949 ut
1232 1893 1655 1949 conformemur
1694 1894 1830 1959 Deo,

131 1988 192 2037 et
223 2000 292 2039 ex
329 1999 395 2039 eo
434 1982 774 2038 conformati
812 1988 982 2055 atque
1020 1982 1379 2054 conﬁgurati,
1424 1986 1481 2037 et
1517 1980 1835 2036 circumcisi

133 2071 207 2127 ab
242 2073 350 2127 hoc
379 2073 616 2141 mundo,
650 2088 765 2126 non
796 2071 1216 2127 confundamur
1254 2087 1383 2126 cum
1411 2070 1480 2125 iis
1511 2086 1639 2141 quas
1668 2068 1833 2124 nobis

132 2161 349 2216 debent
377 2177 497 2216 esse
518 2161 788 2232 subjecta.
818 2160 905 2215 Fit
927 2164 1119 2215 autem
1148 2160 1255 2215 hoc
1280 2176 1384 2230 per
1413 2159 1685 2230 Spiritum
1713 2174 1836 2213 san-

131 2253 314 2305 ctum.
348 2250 477 2320 Spes
508 2252 669 2320 enim,
698 2249 907 2321 inquit,
936 2265 1043 2303 non
1068 2249 1381 2316 confundit;
1418 2250 1673 2317 quoniam
1698 2248 1832 2301 cha-

128 2342 277 2394 ritas
321 2341 419 2394 Dei
454 2339 660 2408 di,7‘usa
693 2343 771 2394 est
814 2340 873 2391 in
904 2338 1152 2392 cordibus
1199 2338 1397 2392 nostris
1431 2352 1533 2407 per
1566 2337 1835 2405 Spiritum

129 2433 381 2483 sanctum
425 2430 522 2498 qui
569 2428 731 2483 datus
769 2432 846 2482 est
892 2428 1044 2481 nobis
1088 2427 1193 2495 (Id.
1237 2444 1291 2493 v,
1334 2426 1407 2497 5).
1447 2425 1613 2481 Nullo
1662 2426 1833 2480 modo

130 2521 329 2570 autem
360 2514 737 2587 redintegrari
777 2531 1073 2585 possemus
1112 2530 1215 2585 per
1245 2512 1521 2584 Spiritum
1552 2516 1830 2580 sanctum,

129 2604 247 2658 nisi
278 2607 334 2659 et
362 2603 481 2675 ipse
512 2619 739 2674 semper
765 2608 822 2657 et
847 2602 1071 2673 integer
1101 2605 1157 2656 et
1184 2599 1666 2655 incommutabilis
1699 2617 1833 2671 per-

127 2696 412 2748 maneret.
443 2688 604 2757 Quod
641 2692 890 2763 protecto
927 2707 1045 2745 non
1072 2694 1282 2761 posset,
1317 2689 1428 2744 nisi
1470 2689 1571 2744 Dei
1611 2694 1833 2746 natura:

129 2786 285 2837 esset
311 2797 375 2836 ac
404 2780 581 2852 ipsius
620 2780 974 2846 substantiae,
1015 2780 1106 2833 cui
1143 2778 1250 2833 soli
1288 2777 1835 2833 incommutabilitas

128 2875 306 2941 atque
341 2873 403 2923 ut
430 2868 508 2923 ita
536 2869 743 2935 dicam,
784 2866 1180 2922 invertibilitas
1221 2883 1447 2938 semper
1487 2870 1573 2922 est
1602 2868 1642 2922 ¹.
1671 2867 1834 2923 Crea—

131 2966 262 3014 tura
298 2960 439 3012 enim
486 2973 672 3028 neque
710 2957 819 3011 hoc
856 2972 983 3027 ego,
1026 2956 1123 3011 sed
1166 2955 1317 3010 idem
1354 2956 1562 3010 Paulus
1600 2955 1826 3021 clamat,

125 3050 372 3102 vanitati
397 3046 641 3116 subjecta
678 3050 755 3100 est
790 3044 895 3116 (Id.
930 3061 1049 3114 vm,
1078 3044 1188 3114 20).
1226 3045 1422 3115 Neque
1451 3059 1556 3099 nos
1584 3048 1773 3115 potest
1802 3061 1836 3099 a

128 3136 380 3191 vanitate
411 3151 696 3206 separare,
738 3132 1079 3204 veritatique
1119 3137 1473 3201 connectere,
1519 3132 1669 3204 quod
1702 3133 1832 3187 sub-

123 3226 346 3297 jectum
388 3228 473 3279 est
515 3222 768 3277 vanitati.
815 3224 887 3276 Et
933 3221 1039 3276 hoc
1085 3221 1252 3276 nobis
1284 3220 1549 3293 Spiritus
1607 3225 1835 3275 sanctus

128 3317 401 3387 prestat:
425 3315 683 3366 creatura
705 3310 882 3382 igitur
904 3327 1018 3365 non
1044 3317 1147 3365 est.
1175 3308 1319 3374 Quia
1348 3326 1517 3365 omne
1543 3310 1697 3381 quod
1729 3313 1832 3378 est,

131 3408 238 3458 aut
270 3404 439 3471 Deus,
471 3404 570 3455 aut
596 3404 856 3454 creatura
883 3402 987 3453 est.

207 3491 430 3548 CAPUT
467 3489 602 3544 XIV.
645 3518 709 3529 --
754 3488 1016 3543 Trinitati
1058 3501 1264 3542 summo
1313 3486 1443 3542 bono
1482 3486 1765 3543 dilectione

847 3575 1126 3629 haeremus.

204 3664 295 3719 24.
332 3663 511 3717 Deum
540 3664 708 3733 ergo'
729 3660 967 3731 diligere
994 3660 1268 3715 debemus
1288 3661 1499 3715 trinam
1527 3660 1833 3732 quamdam

130 3751 438 3817 unitatem,
462 3752 687 3805 Patrem
710 3753 765 3803 et
787 3748 991 3803 Filium
1005 3752 1061 3803 et
1075 3747 1350 3819 Spiritum
1371 3752 1653 3815 sanctum,
1678 3747 1832 3819 quod

131 3841 284 3896 nihil
334 3840 488 3896 aliud
533 3840 717 3894 dicam
757 3854 900 3905 esse,
930 3837 1043 3892 nisi
1081 3837 1331 3909 idipsum
1378 3854 1518 3893 esse.
1554 3839 1649 3892 Est
1677 3838 1831 3892 enim

130 3947 267 3987 vere
298 3944 635 4000 summeque
666 3929 833 3994 Deus,
869 3943 936 3981 ex
966 3941 1070 3996 quo
1091 3928 1290 3993 omnia,
1316 3942 1420 3995 per
1448 3942 1604 3996 quem
1631 3928 1832 3991 omnia,

132 4022 205 4076 in
235 4034 339 4088 quo
368 4020 585 4073 omnia:
609 4018 731 4071 haec
751 4015 922 4070 verba
935 4014 1098 4069 Pauli
1127 4018 1279 4069 sunt.
1314 4013 1461 4079 Quid
1482 4014 1687 4069 deinde
1710 4014 1839 4069 sub-

128 4108 299 4179 jicit?
326 4109 443 4177 Ipsi
470 4107 647 4173 gloria
682 4108 848 4176 (Rom.
881 4120 957 4172 ιι,
992 4103 1105 4175 36).
1149 4102 1539 4158 Sincerissime
1577 4102 1831 4159 omnino.

138 4199 339 4269 Neque
374 4194 529 4251 enim
559 4194 658 4262 ait,
690 4192 865 4265 ipsis:
896 4208 1031 4246 nam
1070 4207 1221 4246 unus
1251 4195 1336 4246 est
1370 4192 1544 4248 Deus.
1580 4190 1728 4256 Quid
1756 4194 1841 4246 est

137 4290 357 4352 autem,
389 4286 502 4355 ipsi
518 4285 716 4351 gloria,
751 4323 765 4350 ,
796 4280 909 4336 nisi
928 4280 1040 4352 ipsi
1067 4280 1286 4350 optima
1313 4283 1371 4334 et
1398 4295 1622 4334 summa
1644 4284 1701 4334 et
1727 4280 1839 4335 late

134 4379 343 4447 patens
370 4372 559 4428 fama?
589 4373 812 4438 Quanto
834 4370 988 4425 enim
1013 4368 1217 4423 melius
1238 4372 1410 4440 atque
1441 4367 1703 4423 diffusius
1736 4367 1839 4423 dif-

135 4464 407 4528 famatur,
463 4465 621 4516 tanto
668 4458 929 4531 diligitur
958 4463 1016 4514 et
1046 4461 1271 4513 amatur
1317 4456 1628 4513 ardentius.
1676 4456 1841 4521 Quod

138 4568 274 4608 cum
303 4551 387 4622 fit,
415 4549 562 4606 nihil
588 4550 741 4605 aliud
770 4549 841 4603 ab
870 4548 1124 4603 humano
1155 4562 1368 4619 genere
1399 4562 1571 4618 quam
1603 4549 1755 4601 certo
1785 4549 1843 4601 et

138 4638 428 4697 constanti
473 4638 651 4710 gradu
700 4638 764 4693 in
803 4636 1082 4709 Optimam
1130 4635 1311 4690 vitam
1350 4638 1407 4690 et
1449 4633 1842 4690 beatissimam

137 4728 421 4803 pergitur.
454 4728 582 4782 Non
604 4726 847 4782 arbitror
866 4741 998 4780 cum
1019 4724 1089 4780 de
1112 4723 1371 4779 moribus
1398 4726 1453 4778 et
1471 4723 1586 4778 vita
1606 4722 1673 4777 ﬁt
1693 4739 1845 4794 quaa-

139 4820 274 4888 stio,
321 4816 570 4889 amplius
616 4831 737 4870 esse
791 4813 1223 4886 requirendum,
1268 4811 1424 4883 quod
1466 4810 1540 4865 sit
1591 4810 1845 4867 hominis

142 4922 438 4963 summum
464 4905 704 4971 bonum,
737 4919 851 4975 quo
874 4902 1173 4957 referenda
1192 4905 1327 4955 sunt
1347 4899 1563 4955 omnia.
1597 4900 1658 4955 Id
1690 4899 1844 4955 enim

143 5012 268 5051 esse
295 4994 502 5066 patuit,
534 4996 590 5048 et
630 4992 855 5046 ratione
887 4995 1169 5064 quantum
1197 4989 1501 5056 valuimus,
1533 4992 1591 5043 et
1619 5005 1687 5044 ea
1715 5005 1844 5061 qua:

142 5087 358 5139 nostra
385 5080 595 5137 rationi
617 5079 904 5134 antecellit
924 5078 1258 5134 auctoritate
1292 5077 1503 5147 divina,
1522 5075 1670 5131 nihil
1688 5076 1846 5132 aliud

144 5188 324 5245 quam
351 5170 542 5243 ipsum
572 5171 770 5224 Deum.
796 5167 938 5221 Nam
968 5167 1106 5239 quid
1132 5167 1238 5223 erit
1265 5165 1423 5221 aliud
1444 5164 1724 5237 optimum
1743 5164 1847 5219 ho-

143 5261 344 5329 minis,
388 5259 499 5313 nisi
536 5257 629 5313 cui
664 5257 947 5312 inhaerere
985 5260 1071 5310 est
1100 5254 1534 5310 beatissimum?
1563 5254 1627 5309 Id
1656 5260 1848 5309 autem

211 5352 227 5385 1
249 5348 494 5410 Quinque
516 5347 662 5404 Mss.,
682 5342 1155 5395 inconvertibilitas
1174 5346 1485 5409 semperest.
1504 5341 1741 5404 Aliiduo,
1762 5342 1849 5393 in-

144 5409 591 5464 conuersibilitas.

212 5475 235 5509 ε
254 5474 380 5523 Lov.
413 5475 465 5521 et
502 5471 646 5528 Arn.,
677 5467 808 5519 dum
838 5480 971 5531 ergo.
998 5466 1361 5529 Restituimus,
1407 5471 1576 5518 Deum
1606 5478 1750 5529 ergo,
1784 5479 1850 5516 ex

146 5537 272 5587 Mss.
301 5538 355 5585 et
384 5534 502 5583 aliis
531 5531 870 5583 editionibus.

509 5632 785 5699 Paeon.
834 5628 1085 5696 XXXII.

1617 268 1830 357 LIBER
1870 268 2155 329 PRIMUS.

3500 289 3521 339 1
3534 288 3637 342 322

1940 397 2031 447 est
2059 393 2214 448 solus
2251 395 2419 465 Deus,
2462 395 2552 451 cui
2599 396 2816 451 haerere
2848 401 2997 453 certe
3047 416 3163 455 non
3210 402 3486 474 valemus,
3524 408 3644 463 nisi

1946 480 2267 549 dilectione,
2299 500 2514 553 amore,
2546 485 2837 541 charitate.

2022 570 2247 626 CAPUT
2272 573 2376 628 XV.
2406 605 2472 614 —
2503 575 2747 641 Quatuor
2768 577 2997 631 virtutes
3018 576 3213 649 deﬁnit
3236 580 3552 638 christiane.

2012 661 2101 713 25.
2156 660 2317 725 Quod
2364 661 2411 715 si
2462 662 2641 718 virtus
2692 665 2763 719 ad
2817 665 3044 720 beatam
3092 666 3269 723 vitam
3311 686 3417 725 nos
3458 671 3633 737 ducit,

1943 745 2089 801 nihil
2111 748 2345 803 omnino
2360 766 2479 805 esse
2495 750 2759 806 virtutem
2773 752 3199 823 affirmaverim,
3218 756 3330 811 nisi
3346 774 3637 814 summum

1944 850 2198 890 amorem
2224 837 2345 892 Dei.
2370 838 2625 909 Namque
2647 838 2782 894 illud
2804 839 2968 911 {quod
2997 843 3412 915 quadripartita
3432 847 3641 903 dicitur

1942 924 2138 991 virtus,
2171 941 2238 980 ex
2275 925 2454 997 ipsius
2484 927 2690 981 amoris
2719 929 2873 983 vario
2914 932 3166 999 quodam
3197 934 3423 1003 affectu,
3456 953 3637 1007 quan-

1941 1016 2066 1067 tum
2110 1013 2393 1086 intelligo,
2434 1014 2661 1072 dicitur.
2694 1017 2890 1087 Itaque
2922 1017 3045 1073 illas
3083 1026 3330 1092 quatuor
3378 1024 3637 1093 virtutes,

1942 1116 2188 1171 quarum
2220 1102 2439 1157 utinam
2486 1103 2566 1158 ita
2604 1104 2683 1181 sit
2710 1103 2773 1159 in
2804 1106 3089 1161 mentibus
3112 1108 3195 1162 vis
3225 1107 3268 1178 ‘,
3309 1115 3373 1165 ut
3401 1112 3639 1168 nomina

1940 1187 2003 1243 in
2032 1206 2129 1245 ore
2160 1196 2292 1246 sunt
2317 1192 2600 1262 omnium,
2630 1193 2709 1247 sic
2739 1193 2912 1249 etiam
2939 1194 3177 1250 definire
3211 1214 3327 1253 non
3356 1200 3635 1269 dubitem,

1941 1282 2008 1331 ut
2036 1280 2411 1350 temperantia
2434 1280 2506 1335 sit
2534 1298 2697 1335 amor
2721 1281 3013 1353 integrum
3040 1300 3098 1338 se
3123 1285 3382 1355 praebens
3404 1289 3455 1342 ei
3481 1290 3637 1360 quod

1943 1370 2203 1433 amatur;
2231 1366 2524 1435 fortitudo,
2553 1384 2713 1422 amor
2733 1369 2895 1423 facile
2919 1370 3168 1425 tolerans
3189 1374 3382 1429 omnia
3407 1381 3641 1447 propter

1943 1454 2097 1524 quod
2145 1460 2408 1523 amatur;
2444 1455 2687 1526 justitia,
2720 1473 2884 1512 amor
2922 1459 3026 1512 soli
3063 1465 3252 1515 amato
3284 1462 3551 1531 serviens,
3586 1470 3645 1519 et

1943 1546 2249 1613 propterea
2270 1548 2422 1597 recte
2445 1543 2749 1599 dominans
2773 1563 2786 1613 ;
2810 1546 3141 1617 prudentia,
3165 1565 3328 1603 amor
3348 1566 3416 1604 ea
3436 1550 3644 1621 quibus

1943 1630 2244 1700 adjuvatur
2271 1631 2342 1685 ab
2379 1631 2461 1685 eis
2491 1632 2701 1702 quibus
2726 1633 3059 1704 impeditur,
3091 1635 3371 1705 sagaciter
3400 1636 3643 1707 seligens

1942 1717 2050 1772 Sed
2093 1718 2247 1772 hunc
2293 1735 2549 1774 amorem
2579 1736 2698 1774 non
2728 1721 3048 1791 eujuslibet,
3080 1722 3179 1777 sed
3213 1724 3315 1778 Dei
3345 1741 3463 1778 esse
3494 1724 3641 1779 dixi-

1943 1820 2098 1874 mus,
2128 1804 2183 1859 id
2216 1810 2299 1860 est
2330 1807 2537 1862 summi
2564 1808 2722 1875 boni,
2754 1825 2993 1864 summa:
3022 1810 3334 1881 sapientius,
3371 1828 3640 1866 summm-

1944 1909 2056 1964 que
2086 1894 2427 1950 concordias.
2456 1896 2640 1961 Quare
2666 1896 2903 1952 deﬁnire
2930 1897 3101 1952 etiam
3132 1898 3211 1952 sic
3236 1899 3384 1965 licet,
3414 1905 3478 1953 ut
3502 1904 3644 1954 tem-

1942 1982 2263 2051 perantiam
2294 1982 2547 2039 dicamus
2580 2000 2700 2039 esse
2739 2000 2991 2041 amorem
3035 1986 3151 2040 Deo
3178 1986 3316 2058 :sese
3351 1987 3641 2059 integrum

1944 2069 2457 2144 incorruptumque
2500 2077 2857 2141 servantem;
2912 2074 3330 2144 fortitudinem,
3386 2092 3642 2132 amorem

1943 2158 2135 2213 omnia
2175 2165 2410 2231 propter
2468 2163 2647 2216 Deum
2690 2161 2852 2216 facile
2887 2161 3271 2234 perferentem
3297 2182 3310 2232 ;
3336 2165 3643 2236 justitiam,

1946 2261 2199 2302 amorem
2231 2249 2345 2303 Deo
2366 2252 2587 2305 tantum
2610 2250 2968 2318 servientem,
2995 2255 3050 2306 et
3070 2253 3141 2307 ob
3163 2252 3273 2307 hoc
3296 2253 3441 2308 bene
3463 2254 3638 2326 impe-

1945 2340 2169 2391 rantem
2191 2339 2408 2392 cmteris
2422 2355 2549 2410 qua:
2564 2339 2789 2395 homini
2800 2340 3051 2412 subjecta
3066 2346 3228 2410 sunt;
3250 2343 3639 2413 prudentiam,

1947 2440 2198 2480 amorem
2237 2426 2381 2479 bene
2428 2426 2844 2482 discernentem
2896 2444 2963 2482 ea
3007 2429 3216 2500 quibus
3246 2431 3545 2503 adjuvetur
3582 2431 3641 2486 in

1947 2515 2149 2580 Deum,
2182 2514 2253 2567 ab
2282 2513 2351 2567 iis
2380 2515 2587 2586 quibus
2616 2516 2881 2587 impediri
2908 2522 3117 2588 potest.

1945 2603 2171 2657 CAPUT
2201 2603 2336 2658 XVI.
2369 2634 2438 2642 —
2481 2604 2809 2659 Tcstamenti
2855 2606 3065 2660 Veteris
3095 2611 3145 2661 et
3171 2608 3309 2663 Novi
3337 2612 3638 2664 concentus.

2016 2693 2104 2745 26.
2139 2690 2236 2744 His
2274 2691 2342 2745 de
2381 2691 2623 2763 singulis
2657 2692 2961 2747 virtutibus
2998 2694 3233 2765 quinam
3266 2696 3491 2751 vivendi
3518 2713 3641 2751 mo-

1947 2778 2052 2833 dus
2089 2779 2347 2845 ducatur,
2377 2772 2580 2850 paucis'
2626 2779 2945 2851 explicabo,
2996 2782 3044 2836 si
3091 2782 3253 2853 prius
3301 2784 3643 2839 testimoniis

1945 2866 2086 2922 Novi
2106 2867 2469 2930 Testamenti,
2496 2867 2703 2940 quibus
2724 2873 2858 2923 utor
2877 2870 2997 2940 jam
3024 2869 3144 2939 diu,
3174 2871 3242 2925 de
3262 2872 3448 2925 Veteri
3469 2873 3641 2926 etiam

1944 2953 2125 3024 paria,
2171 2958 2235 3008 ut
2263 2954 2549 3025 pollicitus
2576 2971 2723 3024 sum,
2756 2972 3155 3027 comparavero
3185 2957 3285 3029 (a).
3312 2960 3458 3013 Num
3487 2960 3641 3014 enim

1946 3043 2155 3097 Paulus
2176 3046 2400 3097 tantum
2419 3042 2574 3109 dicit,
2599 3044 2712 3099 Deo
2734 3060 2839 3098 nos
2861 3061 2981 3099 esse
3006 3045 3213 3100 debere
3240 3046 3572 3116 subjunctos
3598 3051 3642 3117 ³,

1945 3132 2024 3187 ita
2053 3137 2117 3187 ut
2142 3132 2202 3187 in
2230 3133 2420 3187 medio
2448 3134 2599 3205 quod
2629 3138 2853 3206 separet
2880 3134 3023 3189 nihil
3048 3135 3165 3192 sit?
3195 3137 3395 3191 Nonne
3425 3141 3480 3191 et
3506 3153 3641 3208 pro-

1943 3221 2119 3293 pheta
2173 3221 2635 3277 commodissime
2690 3223 2799 3277 hoc
2849 3226 2906 3277 et
2959 3223 3289 3279 brevissime
3337 3225 3639 3295 signiﬁcat,

1946 3326 2078 3365 cum
2108 3310 2282 3365 dicit:
2335 3312 2475 3366 Mihi
2504 3315 2683 3365 autem
2724 3312 2999 3367 adhzerere
3042 3315 3150 3368 Deo
3193 3314 3384 3368 bonum
3408 3318 3437 3369 ?
3467 3314 3641 3385 (Psal.
3740 3327 3755 3341 '

1946 3415 2113 3466 Lxxu,
2145 3398 2253 3469 28.)
2288 3399 2490 3453 Nonne
2526 3398 2679 3471 quod
2709 3399 2789 3454 ibi
2824 3399 3097 3456 latissime
3141 3401 3210 3456 de
3254 3401 3525 3457 charitate
3557 3402 3643 3457 di-

1948 3491 2100 3542 ctum
2125 3491 2226 3548 est,
2255 3487 2347 3541 hic
2368 3504 2481 3542 uno
2498 3488 2669 3543 verbo
2691 3488 3019 3544 continetur
3041 3490 3196 3561 quod
3217 3490 3318 3552 ait,
3340 3492 3601 3545 inhaerere
3616 3491 3646 3544 9

1948 3575 2087 3630 item
2111 3575 2263 3647 quod
2293 3575 2523 3638 addidit,
2558 3576 2752 3631 bonum
2779 3581 2878 3647 est,
2908 3594 3101 3632 nonne
3131 3578 3201 3632 ad
3222 3578 3361 3633 illud
3391 3578 3642 3649 respicit,

1946 3663 2104 3735 quod
2132 3662 2212 3718 ibi
2236 3663 2489 3733 positum
2519 3668 2623 3727 est,
2660 3666 3021 3731 Diligentibus
3053 3670 3220 3721 Deum
3249 3670 3430 3721 omnia
3462 3683 3641 3736 proce-

1948 3752 2087 3807 dunt
2114 3754 2173 3805 in
2204 3751 2397 3805 bonum
2425 3754 2597 3823 (Rom.
2634 3769 2750 3821 VIII,
2782 3754 2872 3823 35,
2900 3753 2989 3825 28)
3011 3753 3039 3806 ?
3067 3754 3145 3808 ita
3174 3759 3239 3808 ut
3264 3771 3382 3809 una
3411 3759 3643 3809 senten-

1946 3839 2083 3895 tiola
2127 3839 2465 3911 duobusque
2494 3840 2680 3895 verbis
2729 3841 3009 3912 propheta
3038 3845 3095 3895 et
3139 3841 3255 3896 vim
3297 3848 3353 3897 et
3394 3842 3638 3897 fructum

1947 3927 2238 3983 charitatis
2267 3927 2547 3982 ostendat.

2016 4020 2107 4072 27.
2143 4017 2399 4087 Cumque
2435 4016 2514 4070 ibi
2543 4015 2758 4071 dictum
2801 4016 2893 4085 sit,
2927 4019 3025 4074 Dei
3058 4018 3286 4086 Filium,
3320 4018 3421 4073 Dei
3451 4018 3640 4074 Virtu-

1947 4109 2064 4161 tem
2109 4120 2228 4160 esse
2278 4109 2451 4176 atque
2504 4104 2853 4175 Sapientiam
2898 4105 2944 4174 (Ι
2982 4108 3102 4163 Cor.
3148 4125 3188 4175 ι,
3229 4106 3357 4177 24);
3400 4122 3645 4177 cumque
3722 4094 3727 4109 ί

1947 4192 2127 4247 virtus
2155 4192 2229 4257 ad
2257 4192 2675 4264 operationem,
2709 4194 2985 4265 sapientia
3011 4211 3145 4249 vero
3175 4194 3243 4251 ad
3282 4194 3646 4266 disciplinam

1948 4280 2237 4353 pertinere
2284 4280 2641 4353 intelligatur
2679 4280 2858 4352 (unde
2904 4281 2964 4336 in
3012 4282 3314 4353 Evangelio
3363 4283 3477 4337 duo
3524 4282 3651 4353 ipsa

1951 4367 2271 4441 signantur,
2317 4385 2447 4423 cum
2481 4369 2711 4437 dicitur,
2748 4369 2939 4426 Omnia
2965 4386 3066 4440 per
3092 4372 3274 4441 ipsum
3300 4372 3453 4437 facta
3477 4376 3643 4435 sunt;

1950 4472 2087 4512 nam
2116 4457 2225 4513 hoc
2252 4457 2602 4529 operationis
2636 4461 2806 4530 atque
2834 4458 3063 4513 virtutis
3092 4465 3214 4513 est:
3250 4458 3455 4513 deinde
3495 4458 3651 4529 quod

1952 4545 2025 4600 ad
2060 4545 2418 4617 disciplinam
2449 4545 2683 4616 verique
2722 4544 3109 4617 cognitionem
3149 4545 3375 4613 attinet,
3403 4548 3475 4600 Et
3510 4549 3649 4614 vita,

1951 4633 2164 4705 inquit,
2195 4638 2313 4689 erat
2369 4635 2466 4688 tua:
2517 4634 2789 4688 hominum
2837 4631 3098 4705 [Joan.1,
3140 4635 3193 4700 3,
3240 4630 3341 4705 4]:
3389 4634 3653 4704 potuitne

1955 4721 2271 4793 quidquam
2288 4721 2473 4793 magis
2494 4721 2795 4776 concinere
2820 4720 2908 4775 his
2924 4720 3269 4776 testimoniis
3291 4720 3435 4777 Novi
3455 4723 3651 4777 Testa-

1953 4810 2155 4878 menti,
2188 4826 2359 4882 quam
2390 4810 2533 4864 illud
2571 4809 2729 4881 qnod
2773 4808 2836 4863 in
2878 4809 3077 4863 Vetere
3116 4808 3332 4864 dictum
3362 4814 3448 4865 est
3472 4804 3547 4865 de
3572 4827 3656 4865 sa-

1952 4898 2171 4970 pientia
2196 4900 2447 4966 Attingit
2475 4902 2654 4952 autem
2682 4913 2717 4952 a
2744 4900 2850 4966 ﬁne
2873 4912 3043 4966 usque
3061 4899 3121 4952 in
3147 4901 3305 4968 ﬁnem
3332 4901 3571 4966 fortiter,
3604 4903 3658 4953 et

1957 4988 2199 5060 disponit
2242 4990 2423 5042 omnia
2470 4985 2754 5042 suaviter?
2799 4986 3059 5057 Namque
3107 4986 3387 5058 attingere
3432 4986 3657 5041 fortiter

1956 5075 2142 5146 magis
2172 5075 2444 5130 virtutem
2478 5073 2799 5145 signiﬁcat:
2830 5075 3136 5148 disponere
3165 5080 3357 5131 autem
3387 5075 3651 5137 suaviter,

1959 5164 2125 5237 quasi
2152 5167 2335 5218 artem
2363 5164 2545 5235 ipsam
2572 5167 2743 5235 atque
2767 5162 3069 5219 rationem.
3092 5164 3195 5219 Sed
3224 5162 3271 5217 si
3298 5164 3407 5218 hoc
3434 5161 3659 5217 videtur

2023 5278 2485 5348 iTheodoricensis
2493 5278 2684 5348 code}:
2700 5279 2783 5348 Ita
2793 5277 2866 5329 sit
2879 5276 3107 5348 umectus
3118 5279 3175 5348 in
3183 5275 3437 5348 mentibus
3446 5279 3655 5348 vestris.

1960 5340 2290 5391 Arnulfensis
2306 5355 2317 5389 :
2335 5342 2425 5391 Ila
2435 5340 2704 5391 sitnotitia
2723 5340 2778 5390 in
2798 5338 3059 5389 mentibus
3068 5338 3272 5389 castris.
3302 5338 3660 5388 Cisterciensis

1962 5403 2174 5453 demum
2210 5402 2397 5451 habet:
2428 5404 2516 5466 Ita
2551 5402 3058 5466 essenteﬂ‘eetusuin
3085 5400 3355 5466 mentibus
3374 5400 3595 5466 uestris.

2024 5467 2047 5502 ³
2062 5466 2119 5514 In
2137 5466 2364 5530 ρξᾳιιεξε,
2375 5464 2649 5530 subjectos.
2663 5465 2729 5514 At.
2739 5460 3098 5530 in'potioribus
3108 5462 3228 5509 Mss.
3240 5497 3252 5520 ,
3271 5460 3391 5524 subj
3396 5466 3595 5513 unctos.

2034 5529 2104 5589 (α)
2137 5526 2267 5577 Vide
2297 5524 2523 5577 Retract.
2556 5526 2646 5577 lib.
2681 5530 2726 5586 1,
2756 5524 2871 5588 cap.
2901 5527 2949 5584 7,
2983 5537 3037 5572 n.
3073 5524 3121 5571 2.

2677 5617 3309 5705 (Quarante-deux.)
