4074 6364
439 332 575 385 1323

436 454 762 513 obscurum,
793 445 922 501 vide
966 457 1095 514 quae
1135 439 1486 510 sequuntur:
1514 434 1585 488 Et
1619 429 1875 493 omnium,
1910 421 2122 494 inquit,

436 542 691 597 Dominus
722 512 918 591 dilexit
943 512 1096 586 illam
1121 546 1133 584 :
1162 526 1375 581 doctrin
1405 526 1483 577 est
1505 522 1644 574 enim
1674 516 1977 585 disciplinae
2006 512 2120 576 Dei,

437 635 485 685 et
519 632 742 686 electrim
789 638 1007 695 operum
1039 620 1207 674 illius.
1264 614 1498 668 Videtur
1543 609 1635 664 hic
1682 605 1825 661 nihil
1871 601 2027 658 aliud
2055 601 2123 655 de

439 718 768 790 operatione
800 713 1015 768 dictum
1043 729 1058 776 ;
1096 722 1211 762 non
1241 703 1393 758 enim
1424 701 1533 754 hoc
1567 701 1652 752 est
1683 695 1894 765 eligere
1929 706 2122 762 opera,

438 779 587 879 quod
627 800 889 875 operari:
939 814 1074 869 ergo
1104 797 1225 851 haec
1274 791 1345 846 ad
1388 786 1749 858 disciplinam
1796 779 2125 879 pertinent;

439 865 582 967 dpus
605 865 801 947 virtuti
830 865 1086 952 debetur,
1113 888 1179 939 ut
1205 881 1277 935 sit
1308 879 1501 967 plena,
1535 889 1708 946 quam
1739 871 2000 967 volumus
2029 865 2126 921 de-

439 956 782 1049 monstrare,
816 975 1117 1033 sententia.
1163 972 1306 1040 Lege
1339 966 1517 1038 igitur
1548 962 1812 1030 deinceps
1843 956 1998 1029 quod
2027 970 2128 1009 an-

441 1086 653 1127 nexum
684 1043 787 1122 est.
822 1064 977 1132 Quod
1005 1064 1055 1117 si
1093 1061 1312 1115 honesta
1340 1058 1437 1121 est,
1470 1050 1677 1122 inquit,
1718 1043 1984 1118 possessio
2014 1058 2133 1112 quae

441 1159 836 1228 concupiscitur
864 1156 923 1208 in
948 1153 1087 1213 vita,
1117 1146 1253 1218 quid
1282 1143 1552 1213 sapientia
1581 1142 1659 1193 est
1688 1136 1980 1200 honestius,
2015 1146 2134 1202 qua

442 1220 624 1305 omnia
656 1243 960 1314 operatur?
1004 1240 1268 1293 Potestne
1309 1230 1620 1302 quidquam
1660 1220 1991 1295 praclarius
2037 1222 2136 1314 aut

444 1331 822 1397 manifestius,
874 1333 971 1383 aut
1006 1341 1143 1379 vero
1175 1321 1346 1376 etiam
1382 1315 1611 1371 uberius
1639 1310 1930 1384 proferri?
1985 1305 2135 1362 Audi

445 1423 623 1489 aliud,
656 1420 703 1474 si
733 1433 935 1489 parum
972 1417 1159 1486 putas,
1191 1409 1343 1482 quod
1374 1406 1527 1460 idem
1554 1405 1752 1457 sonet:
1787 1399 2135 1455 Sobrietatem

444 1514 584 1566 enim
628 1508 901 1577 sapientia
935 1504 1102 1568 docet,
1136 1498 1342 1569 inquit,
1375 1500 1425 1548 et
1457 1493 1739 1563 justitiam
1768 1493 1817 1543 et
1860 1489 2132 1541 virtutem.

444 1576 726 1663 Sobrietas
746 1593 889 1649 mihi
913 1591 983 1645 ad
1008 1590 1189 1660 ipsam
1216 1582 1598 1655 cognitionem
1617 1577 1737 1632 veri
1757 1576 1978 1631 videtur
2007 1588 2138 1643 per-

446 1661 650 1748 tincrc,
683 1684 741 1738 id
774 1687 858 1736 est
888 1680 958 1735 ad
1003 1675 1390 1746 disciplinam:
1433 1668 1653 1741 justitia
1698 1681 1830 1720 vero
1878 1667 1935 1718 et
1966 1661 2138 1715 virtus

447 1774 520 1829 ad
549 1772 830 1827 actionem
868 1770 1036 1837 atque
1083 1762 1153 1818 ad
1200 1757 1613 1831 operationem.
1649 1753 1865 1819 Quibus
1893 1749 2138 1818 duobus,

449 1862 505 1916 id
551 1864 635 1915 est
687 1855 894 1929 agendi
930 1836 1199 1910 efficacia,
1251 1853 1307 1902 et
1350 1845 1654 1900 sobrietate
1697 1836 2138 1909 contemplandi,

449 1966 579 2021 quae
629 1925 749 2002 Dei‘
766 1945 956 1999 Virtus
1005 1945 1060 1995 et
1110 1937 1210 1994 Dei
1249 1933 1558 2006 Sapientia,
1597 1931 1659 1987 id
1698 1932 1784 1984 est
1813 1926 1912 1982 Dei
1945 1925 2140 1991 Filius,

451 2013 815 2095 dilectoribus
832 2032 948 2086 suis
971 2030 1166 2095 donat,
1189 2025 1329 2097 quid
1353 2019 1807 2093 comparandum
1834 2016 1908 2071 sit
1929 2013 2139 2082 nescio,

452 2143 583 2182 cum
616 2124 769 2179 idem
792 2120 1074 2193 propheta
1103 2114 1297 2170 statim
1329 2112 1477 2168 dicat
1502 2108 1701 2181 quanti
1725 2107 1839 2162 sint
1868 2104 1976 2158 ista
2004 2117 2147 2175 pen-

454 2215 670 2271 denda:
696 2227 833 2267 nam
857 2210 937 2263 ita
963 2205 1219 2278 positum
1249 2206 1354 2268 est,
1385 2200 1750 2257 Sobrietatem
1772 2195 1912 2249 enim
1932 2193 2148 2261 sapien-

457 2307 535 2359 tia
577 2303 745 2369 docet,
781 2302 831 2353 et
860 2296 1157 2366 justitiam,
1191 2296 1240 2346 et
1266 2292 1540 2357 virtutem,
1572 2286 1767 2356 quibus
1792 2284 1983 2339 utilius
2007 2279 2147 2335 nihil

459 2396 536 2447 est
563 2393 622 2444 in
651 2391 769 2444 vita
807 2384 1107 2440 hominibus
1138 2378 1229 2450 (a).

528 2481 615 2534 28.
658 2477 788 2531 Haec
826 2474 1061 2527 fortasse
1096 2465 1382 2539 quispiam
1412 2479 1530 2518 non
1559 2462 1627 2517 de
1669 2458 1812 2515 Filio
1863 2456 1963 2512 Dei
2000 2454 2149 2511 dicta

460 2582 581 2621 esse
605 2564 932 2619 arbitretur.
955 2556 1102 2623 Quid
1133 2571 1268 2626 ergo
1299 2548 1454 2607 aliud
1485 2548 1730 2606 ostendit
1758 2545 2151 2618 quoddictum

462 2658 567 2720 est,
584 2652 1000 2707 Generositatem
1015 2646 1348 2714 magniﬁcat,
1371 2639 1774 2695 contubernium
1799 2635 1997 2689 habens
2012 2633 2108 2687 Dei
2126 2633 2154 2685 ?

465 2746 614 2815 (Sap.
644 2755 762 2807 VIII,
787 2738 857 2809 3).
880 2728 967 2791 An
985 2750 1116 2789 vero
1137 2728 1483 2803 generositas
1504 2727 1644 2780 solet
1664 2722 1982 2795 significare
1997 2720 2152 2775 aliud

464 2808 639 2904 quam
668 2808 931 2900 parentes
952 2822 979 2878 ?
1009 2816 1463 2878 Contubernium
1489 2831 1621 2869 vero
1654 2828 1842 2867 nonne
1868 2826 1999 2866 cum
2026 2808 2153 2880 ipso

462 2899 624 2992 patre
652 2899 1035 2988 aequalitatem
1057 2911 1264 2965 clamat
1293 2910 1462 2978 atque
1485 2902 1729 2959 asserit?
1759 2899 1991 2967 Deinde,
2022 2912 2157 2952 cum

466 2988 674 3063 Paulus
716 3005 866 3060 dicat
909 3000 1116 3056 Filium
1170 2995 1269 3053 Dei
1308 3012 1428 3049 esse
1474 2990 1822 3064 Sapientiam
1848 2988 1892 3061 (Ι
1938 2989 2058 3044 Cor.
2104 2990 2154 3053 l,

464 3095 583 3166 24);
613 3098 670 3150 et
711 3093 831 3164 ipse
875 3088 1172 3153 Dominus,
1219 3087 1382 3143 Nemo
1417 3084 1567 3136 novit
1603 3083 1840 3147 Patrem,
1876 3078 1990 3131 nisi
2026 3077 2155 3129 uni-

464 3163 676 3252 genitus
725 3181 894 3235 Filius
923 3175 1136 3248 (Matth.
1169 3189 1245 3240 x1,
1276 3171 1390 3241 27),
1421 3169 1559 3241 quid
1586 3165 1776 3239 potuit
1802 3182 1836 3220 a
1876 3163 2159 3236 propheta

467 3267 868 3342 congruentius
914 3262 1046 3330 dici,
1096 3272 1269 3332 quam
1316 3258 1460 3312 illud
1500 3256 1652 3328 quod
1696 3255 1911 3310 dictum
1946 3255 2048 3318 est,
2088 3253 2160 3306 Et

473 3341 641 3414 tecum
674 3355 954 3425 Sapientia
983 3366 1101 3421 quae
1125 3350 1275 3402 novit
1310 3361 1472 3415 opera
1506 3348 1619 3411 tua,
1661 3357 1779 3412 quae
1809 3341 1992 3407 adfuit
2034 3343 2158 3393 tunc

472 3462 591 3502 cum
609 3444 787 3500 orbem
816 3444 1084 3495 terrarum
1110 3437 1333 3504 faceres,
1370 3437 1420 3487 et
1443 3432 1642 3487 sciebat
1669 3430 1805 3500 quid
1825 3430 2159 3500 placiturum

473 3538 606 3590 esset
629 3532 795 3587 oculis
817 3531 925 3584 tuis
949 3530 976 3582 ?
1002 3527 1151 3595 (Sap.
1185 3540 1256 3589 1x,
1292 3520 1363 3591 9.)
1394 3519 1559 3585 Quod
1579 3522 1772 3573 autem
1801 3516 2056 3572 Christus
2077 3519 2160 3569 est

472 3622 701 3691 veritas,
740 3618 892 3691 quod
934 3615 1089 3671 idem
1132 3610 1451 3667 ostenditur
1498 3622 1627 3663 cum
1674 3605 1942 3678 splendor
1980 3604 2161 3660 Patris

473 3713 834 3781 nuncupatur
871 3705 1054 3775 (Hebr.
1085 3720 1119 3766 ι,
1161 3701 1243 3770 3);
1296 3715 1413 3753 non
1443 3701 1526 3753 est
1557 3695 1712 3752 enim
1743 3694 2061 3767 quidquam
2098 3693 2160 3747 in

474 3800 710 3857 c‘ircuitu
738 3795 893 3863 solis,
933 3792 1040 3847 nisi
1068 3789 1335 3863 splendor
1365 3787 1485 3859 ipse
1515 3802 1688 3857 quem
1716 3783 1902 3856 gignit
1928 3785 1947 3821 ί
1977 3799 1989 3837 :
2022 3781 2162 3854 quid

474 3907 610 3961 ergo
639 3886 822 3961 potuit
857 3881 1110 3955 apertius
1141 3882 1197 3933 et
1230 3876 1436 3931 clarius
1466 3891 1536 3930 ex
1562 3875 1763 3927 Vetere
1799 3872 2160 3926 Testamento

473 3956 608 4032 huic
640 3956 943 4029 sententiae
990 3978 1317 4030 consonare,
1369 3977 1542 4032 quam
1582 3959 1724 4013 illud
1762 3956 1915 4029 quod
1946 3957 2163 4012 dictum

478 4068 581 4131 est,
626 4064 839 4119 Veritas
878 4063 974 4113 tua
1013 4058 1070 4110 in
1116 4054 1349 4109 circuitu
1383 4056 1470 4106 tuo
1498 4052 1526 4103 ?
1569 4048 1732 4119 (Psal.
1776 4062 2035 4113 Lxxxvm,
2084 4045 2160 4116 9.)

476 4155 769 4208 Postremo
817 4145 957 4202 dicit
1003 4144 1127 4215 ipsa
1177 4138 1471 4210 Sapientia
1524 4136 1585 4190 in
1627 4134 1954 4207 Evangelio,
2002 4136 2163 4191 Nemo

476 4243 623 4296 venit
651 4239 724 4293 ad
752 4239 989 4302 Patrem,
1030 4230 1141 4285 nisi
1164 4244 1263 4298 per
1290 4242 1372 4281 me
1400 4225 1573 4297 (Joan.
1601 4240 1712 4291 xxv,
1747 4223 1799 4294 6)
1823 4240 1835 4277 :
1870 4222 2003 4277 dicit
2030 4238 2163 4293 pro-

477 4329 669 4400 pheta,
701 4327 922 4381 Sensum
952 4326 1104 4376 tuum
1146 4330 1270 4385 ergo
1300 4317 1421 4384 quis
1458 4316 1580 4381 scit,
1611 4314 1721 4367 nisi
1746 4316 1806 4366 tu
1834 4311 2043 4366 dederis
2072 4327 2163 4366 sa-

472 4399 779 4488 pientiam?
801 4416 858 4466 et
878 4409 1048 4481 paulo
1075 4409 1220 4477 post,
1246 4406 1317 4459 Et
1343 4418 1460 4471 qum
1483 4401 1585 4456 tibi
1598 4401 1832 4470 placent,
1856 4399 2166 4455 didicerunt

481 4507 735 4574 homines,
756 4507 805 4557 et
828 4516 929 4571 per
955 4496 1278 4567 sapientiam
1302 4494 1487 4547 sanati
1511 4494 1636 4545 sunt
1665 4490 1815 4560 (Sap.
1846 4505 1927 4558 1x,
1965 4490 2161 4560 l7-l9).

548 4596 638 4648 29.
674 4590 817 4647 Dicit
843 4587 1069 4653 Paulus,
1104 4584 1358 4642 Charitas
1383 4582 1478 4635 Dei
1498 4579 1703 4649 diffusa
1723 4583 1802 4633 est
1828 4582 1886 4633 in
1915 4579 2165 4634 cordibus

479 4684 680 4738 nostris
696 4695 797 4751 per
819 4678 1093 4748 Spiritum
1122 4676 1366 4729 sanctum
1396 4671 1492 4739 qui
1511 4668 1672 4723 datus
1696 4671 1774 4722 est
1800 4668 1952 4723 nobis
1980 4668 2157 4739 (Rom.

482 4786 534 4825 v.
568 4769 647 4840 5):
678 4767 812 4822 dicit
838 4764 1141 4836 propheta,
1171 4762 1405 4815 Sanctus
1436 4758 1577 4812 enim
1599 4756 1841 4826 Spiritus
1862 4756 2167 4825 disciplinae

481 4858 700 4929 effugiet
737 4856 917 4910 dolum
958 4853 1106 4924 (Sap.
1150 4868 1188 4920 ι,
1240 4848 1314 4919 5).
1366 4846 1472 4903 Ubi
1509 4844 1663 4900 enim
1701 4844 1884 4914 dolus,
1923 4843 2166 4898 charitas

481 4946 641 5002 nulla
668 4948 769 4999 est.
804 4941 952 4997 Dicit
982 4938 1207 5005 Paulus,
1237 4937 1555 5003 Conformes
1601 4931 1727 5005 ﬁeri
1758 4947 1854 4987 nos
1899 4934 2167 4999 imaginis

504 5034 636 5089 Filii
663 5032 761 5087 Dei
787 5031 959 5101 (Rom.
982 5043 1100 5096 vm,
1129 5023 1252 5096 29):
1282 5022 1419 5078 dicit
1445 5020 1747 5093 propheta,
1777 5019 2061 5086 Signatum
2089 5022 2169 5073 est

483 5137 646 5193 super
690 5134 785 5175 nos
837 5119 1012 5174 lumen
1063 5115 1242 5169 vultus
1299 5113 1397 5178 tui,
1462 5110 1681 5167 Domine
1735 5107 1898 5178 (Psal.
1956 5123 2032 5174 ιγ,
2089 5106 2164 5177 7).

485 5190 742 5266 ostendit
795 5207 1001 5262 Paulus
1045 5204 1226 5259 Deum
1272 5217 1392 5256 esse
1431 5197 1708 5269 Spiritum
1756 5198 2036 5261 sanctum,
2111 5200 2167 5249 et
2212 5190 2217 5193 ’

483 5300 613 5354 ideo
641 5313 756 5353 non
786 5312 908 5350 esse
944 5298 1301 5349 creaturam:
1335 5286 1470 5343 dicit
1508 5284 1812 5356 propheta,
1848 5285 1921 5337 Et
1947 5284 2166 5339 miseris

483 5389 759 5456 Spiritum
789 5388 1039 5442 sanctum
1084 5382 1149 5436 de
1193 5376 1483 5434 altissimis
1515 5375 1663 5441 (Sap.
1706 5388 1785 5438 x1,
1843 5372 1951 5440 l7).
2004 5371 2166 5427 Solus

552 5476 563 5503 '
587 5475 672 5523 Er.
693 5474 824 5522 Ven.
849 5473 970 5531 Lov,
993 5471 1092 5519 sic:
1117 5471 1259 5519 Num
1276 5470 1355 5531 est
1368 5460 1658 5531 quidquam
1677 5461 1735 5510 in
1748 5460 1988 5511 circuitu
2013 5461 2165 5522 solis,

485 5538 589 5587 nisi
616 5534 865 5595 splendor
889 5524 994 5595 ipse
1017 5524 1408 5595 quemigignit‘z
1453 5524 1522 5572 Μ.

546 5585 620 5659 (a)
643 5585 778 5648 'Vide
796 5585 1142 5645 Retfactflib.
1165 5585 1212 5652 1;
1241 5585 1355 5653 cap.
1379 5589 1428 5647 7,
1451 5599 1506 5635 n.
1537 5585 1584 5633 3.

1248 312 1344 368 DE
1382 305 1694 367 MORIBUS
1733 298 2096 359 ECCLESIIE
2134 293 2578 360 CATHOLICIE,
2621 290 2674 346 S.
2717 284 3101 344 AUGUSTINI

3815 278 3836 328 ι
3851 275 3958 329 324

2233 417 2388 475 enim
2429 418 2577 472 Deus
2623 409 2947 475 altissimus,
2995 422 3108 479 quo
3134 402 3282 460 nihil
3325 403 3411 457 e'st
3441 399 3637 456 altius.
3683 396 3960 454 Ostendit

2232 508 2439 563 Paulus
2463 502 2801 559 Trinitatem
2823 498 2992 553 istam
3012 510 3194 551 unum
3224 494 3407 548 Deum
3432 506 3576 555 esse,
3610 503 3750 543 cum
3779 485 3951 552 dicit,

2234 596 2350 666 Ipsi
2394 595 2571 663 gloria
2619 591 2785 662 (Rom.
2834 604 2911 651 x1,
2953 584 3075 656 36):
3132 581 3341 638 dicitur
3384 580 3447 634 in
3492 577 3685 633 Veteri
3738 576 3953 630 Testa-

2236 687 2451 751 mento,
2488 680 2660 748 Audi,
2704 676 2893 743 Israel,
2938 674 3194 748 Dominus
3242 672 3381 725 Deus
3429 671 3576 735 tuus,
3619 668 3768 720 Deus
3811 678 3958 719 unus

2238 777 2314 828 est
2345 773 2516 842 (Deut.
2544 786 2616 833 vr,
2650 766 2730 838 4).

2240 876 2464 933 CAPUT
2506 873 2665 929 XVII.
2712 900 2781 912 —
2834 867 3179 940 Apostrophe
3223 864 3298 919 ad
3344 863 3691 928 Manichzos,
3748 863 3821 915 ut
3873 874 3964 912 res

2949 956 3231 1025 sipiscant.

2312 1053 2400 1109 30.
2423 1048 2570 1115 Quid
2588 1045 2759 1102 vultis
2784 1042 3065 1116 amplius?
3098 1040 3234 1113 quid
3266 1038 3531 1111 imperite
3558 1041 3735 1109 atque
3768 1033 3964 1105 impie

2242 1139 2487 1195 smvitis?
2514 1135 2655 1209 quid
2682 1134 2937 1217 inductas
2964 1130 3184 1186 animas
3211 1128 3385 1184 noxia
3412 1126 3680 1182 suasione
3710 1139 3963 1196 perver-

2241 1229 2398 1284 titis?
2435 1214 2739 1296 Utriusque
2778 1218 3128 1278 Testamenti
3167 1219 3316 1273 Deus
3363 1232 3513 1271 unus
3551 1218 3657 1269 est.
3699 1214 3853 1268 Nam
3901 1214 3967 1266 ut

2243 1316 2351 1370 ista
2379 1313 2487 1369 sibi
2536 1313 2881 1383 congruunt,
2922 1325 3051 1381 qua:
3090 1308 3160 1362 de
3187 1311 3433 1377 utroque
3486 1302 3834 1375 posuimus;
3884 1299 3967 1355 ita

2245 1404 2420 1459 etiam
2444 1407 2668 1465 caetera,
2696 1400 2743 1454 si
2770 1398 3075 1469 diligenter
3100 1400 3157 1450 et
3194 1411 3360 1466 atquo
3393 1391 3608 1464 judicio
3638 1390 3843 1445 velitis
3874 1393 3964 1442 at-

2245 1493 2495 1548 tendere.
2528 1489 2636 1545 Sed
2666 1488 2803 1559 quia
2827 1486 3006 1540 multa
3026 1484 3294 1540 dicuntur
3314 1479 3679 1547 submissius,
3706 1484 3766 1533 et
3789 1476 3966 1533 humi

2245 1579 2575 1651 repentibus
2604 1574 2812 1631 animis
2839 1570 3340 1636 accommodatius,
3372 1573 3438 1623 ut
3462 1584 3567 1639 per
3598 1569 3876 1623 humana
3904 1564 3965 1618 in

2245 1665 2438 1721 divina
2465 1661 2852 1733 consurgant‘
2874 1681 2890 1729 ;
2912 1660 3093 1714 multa
3122 1656 3295 1712 etiam
3322 1656 3568 1727 ﬁgurate
3599 1657 3665 1708 ut
3693 1651 3969 1707 studiosa

2248 1769 2430 1820 mens,
2461 1756 2517 1806 et
2544 1749 2793 1822 quaesitis
2829 1751 3156 1803 exerceatur
3194 1743 3407 1810 utilius,
3437 1745 3495 1795 et
3526 1738 3764 1794 uberius
3799 1739 3967 1793 laete-

2248 1848 2344 1898 tur
2371 1839 2643 1907 inventis;
2677 1854 2775 1893 vos
2799 1834 3042 1891 mirifica
3071 1831 3446 1903 dispositione
3476 1827 3725 1899 Spiritus
3749 1824 3967 1890 sancti,

2250 1930 2320 1985 ad
2345 1927 2711 1999 decipiendos
2745 1928 2962 1981 vestros
3000 1920 3285 1977 auditores
3326 1923 3383 1974 et
3409 1914 3815 1989 illaqueandos
3865 1914 3970 1967 ab-

2250 2016 2503 2073 utimini.
2536 2015 2700 2081 Quod
2728 2014 2916 2085 ipsum
2934 2027 3035 2066 cur
3048 2009 3239 2066 divina
3267 2005 3630 2080 providentia
3648 2019 3749 2059 vos
3770 2003 3970 2058 facere

2254 2107 2423 2174 sinat,
2463 2119 2753 2177 quamque
2794 2099 3083 2169 verissime
3116 2095 3420 2168 Apostolus
3461 2092 3688 2158 dixerit,
3737 2091 3973 2159 Oportet

2253 2196 2451 2251 multas
2492 2194 2712 2249 hereses
2750 2205 2861 2245 esse
2880 2187 2923 2257 ³,
2963 2193 3025 2243 ut
3057 2186 3279 2258 probati
3317 2183 3601 2250 manifesti
3635 2183 3780 2252 ﬁant
3820 2182 3976 2234 inter

2252 2298 2344 2339 vos
2370 2283 2416 2354 (Ι
2446 2283 2567 2339 Cor.
2597 2297 2674 2347 x1,
2707 2277 2827 2349 l9);
2860 2280 2916 2331 et
2937 2276 3175 2347 longum
3204 2277 3291 2328 est
3333 2271 3644 2343 disputare,
3677 2274 3759 2339 et,
3806 2268 3975 2340 quod

2256 2370 2562 2426 dicendum
2591 2373 2677 2424 est
2705 2366 2884 2432 vobis,
2918 2380 3037 2419 non
3065 2367 3152 2418 est
3179 2364 3433 2417 vestrum
3460 2358 3570 2413 ista
3596 2357 3966 2429 intelligere.

2259 2458 2383 2513 Non
2411 2472 2616 2529 parum
2641 2454 2787 2509 mihi
2807 2450 3021 2523 cogniti
3046 2450 3199 2506 estis.
3228 2449 3453 2505 Crassas
3474 2445 3715 2501 omnino
3736 2449 3974 2499 mentes

2260 2550 2317 2600 et
2344 2558 2752 2616 corporeorum
2782 2540 3220 2595 simulacrorum
3246 2535 3518 2608 pestifero
3547 2538 3721 2605 pastu
3745 2532 3976 2587 morbi-

2264 2634 2364 2689 das
2393 2632 2465 2687 ad
2490 2631 2683 2686 divina
2722 2627 3035 2701 judicanda
3080 2624 3332 2694 defertis,
3366 2640 3497 2696 qua
3524 2623 3709 2678 multo
3757 2622 3978 2676 altiora

2262 2725 2396 2779 sunt
2425 2737 2597 2794 quam
2627 2717 2860 2791 putatis.

2334 2814 2420 2865 3t.
2455 2810 2638 2874 Quare
2668 2806 2962 2863 vobiscum
2988 2803 3162 2860 modo
3186 2803 3266 2858 sic
3296 2800 3583 2873 agendum
3612 2803 3717 2865 est,
3751 2815 3883 2853 non
3916 2803 3980 2853 ut

2264 2917 2330 2955 ea
2353 2900 2476 2971 jam
2503 2894 2853 2967 intelligetis,
2897 2894 3052 2965 quod
3090 2891 3215 2949 ﬁeri
3250 2907 3368 2946 non
3401 2893 3616 2961 potest;
3649 2887 3749 2942 sed
3783 2892 3851 2943 ut
3884 2888 3977 2943 in-

2262 2988 2519 3059 telligere
2548 2984 2854 3056 aliquando
2891 2980 3151 3053 cupiatis.
3201 2980 3354 3036 Facit
3382 2978 3539 3034 enim
3583 2978 3692 3031 hoc
3720 2976 3977 3048 simplex

2265 3082 2322 3132 et
2349 3093 2495 3149 pura
2523 3074 2769 3130 charitas
2799 3071 2921 3140 Dei,
2949 3087 3063 3143 qua
3100 3068 3347 3125 maxime
3376 3070 3665 3139 spectatur
3693 3065 3758 3120 in
3788 3066 3979 3120 mori-

2263 3166 2391 3233 bus,
2426 3165 2496 3220 de
2525 3179 2640 3235 qua
2673 3162 2852 3217 multa
2885 3161 3005 3233 jam
3034 3157 3320 3213 diximus:
3360 3172 3490 3228 qua:
3528 3154 3814 3225 inspirata
3846 3154 3976 3226 Spi-

2265 3254 2382 3309 ritu
2407 3256 2598 3307 sancto
2627 3249 2889 3322 perducit
2914 3249 2985 3304 ad
3017 3246 3246 3313 Filium,
3278 3244 3337 3300 id
3361 3249 3464 3311 est,
3499 3242 3570 3298 ad
3600 3242 3981 3313 Sapientiam

2266 3343 2388 3408 Dei,
2433 3359 2537 3414 per
2583 3358 2758 3413 quam
2800 3343 2966 3395 Pater
3007 3338 3130 3410 ipse
3178 3334 3557 3407 cognoscitur.
3606 3334 3753 3388 Nam
3787 3332 3840 3386 si
3893 3350 3981 3386 sa-

2265 3431 2482 3505 pientia
2514 3434 2570 3484 et
2598 3429 2804 3483 veritas
2833 3443 2952 3482 non
2978 3425 3111 3481 totis
3135 3423 3314 3480 animi
3345 3421 3565 3478 viribus
3603 3421 3985 3493 concupisca-

2266 3529 2381 3591 tur,
2413 3519 2659 3576 inveniri
2685 3519 2843 3574 nullo
2882 3521 3049 3589 pacto
3079 3518 3281 3587 potest.
3334 3515 3406 3569 At
3434 3513 3483 3567 si
3524 3512 3607 3567 ita
3649 3517 3981 3583 quaeratur,

2266 3616 2332 3667 ut
2359 3610 2602 3682 dignum
2647 3610 2751 3671 est,
2795 3605 3129 3661 subtrahere
3161 3619 3283 3658 sese
3329 3606 3502 3674 atque
3543 3601 3907 3656 abscondere
3950 3616 3985 3653 a

2266 3699 2385 3755 suis
2414 3696 2780 3754 dilectoribus
2814 3711 2932 3750 non
2969 3696 3171 3765 potest.
3214 3691 3357 3746 Hinc
3398 3694 3483 3745 est
3511 3689 3677 3756 illud,
3709 3689 3879 3761 quod
3922 3689 3983 3743 in

2269 3805 2368 3844 ore
2395 3787 2606 3843 habere
2636 3785 2810 3840 etiam
2847 3799 2945 3838 vos
2982 3780 3199 3844 soletis,
3235 3778 3391 3851 quod
3424 3778 3541 3833 ait:
3568 3779 3768 3847 Petite,
3800 3782 3856 3832 et
3889 3793 3982 3832 ac—

2269 3877 2513 3945 cipietis;
2572 3875 2814 3943 quaerite,
2861 3876 2913 3926 et
2955 3870 3272 3935 invenietis;
3316 3868 3553 3937 pulsate,
3594 3870 3646 3920 et
3694 3868 3983 3935 aperietur

2267 3964 2414 4019 vobis
2449 3962 2665 4034 (Matth.
2697 3977 2793 4026 vn,
2838 3959 2916 4032 7).
2947 3960 3041 4016 Nil
3067 3961 3147 4013 est
3185 3958 3470 4021 occultum,
3515 3954 3661 4023 quod
3689 3969 3804 4009 non
3832 3970 3980 4010 reve-

2271 4052 2473 4107 labitur
2519 4051 2630 4122 (Id.
2654 4066 2712 4118 x,
2741 4048 2852 4118 26).
2899 4050 3110 4101 Amore
3151 4045 3393 4117 petitur,
3434 4059 3629 4098 amore
3672 4043 3981 4113 quaeritur,

2270 4158 2466 4198 amore
2504 4142 2786 4214 pulsatur,
2828 4154 3023 4193 amore
3061 4136 3365 4203 reveletur,
3406 4149 3602 4189 amore
3631 4131 3895 4205 denique
3924 4132 3983 4186 in

2271 4249 2339 4288 eo
2366 4231 2521 4304 quod
2546 4228 2862 4285 revelatum
2888 4226 3062 4283 fuerit
3100 4227 3492 4298 permanetur.
3522 4221 3607 4276 Ab
3635 4222 3749 4276 hoc
3785 4236 3982 4276 amore

2271 4319 2564 4391 sapientiai
2608 4315 3018 4389 diligentiaque
3068 4312 3385 4386 quaerendi,
3422 4324 3557 4366 'non
3608 4308 3983 4365 deterremur

2272 4407 2462 4464 Veteri
2486 4409 2866 4474 Testamento,
2905 4403 3061 4476 quod
3099 4416 3325 4471 semper
3364 4396 3814 4454 mendacissime
3847 4397 3985 4454 dici-

2272 4493 2367 4563 tis,
2389 4492 2490 4548 sed
2521 4491 2591 4547 ad
2618 4491 2742 4545 haec
2770 4487 3270 4544 vehementissime
3295 4485 3676 4540 concitemur.

2346 4583 2433 4636 32.
2464 4579 2669 4635 Audite
2706 4578 2898 4650 itaque
2942 4574 3273 4649 aliquando,
3316 4577 3374 4629 et
3409 4571 3708 4635 advertite,
3759 4588 3983 4643 quaeso,

2274 4669 2398 4724 sine
2432 4666 2747 4739 pertinacia
2785 4665 2924 4738 quid
2966 4680 3069 4737 per
3113 4663 3455 4735 prophetam
3502 4659 3767 4715 dicatur:
3821 4662 3986 4717 Clara

2275 4762 2373 4821 est,
2412 4755 2619 4828 inquit,
2656 4759 2706 4810 et
2744 4770 2862 4825 quae
2902 4767 3183 4824 nunquam
3228 4754 3524 4805 marcescat
3570 4750 3881 4818 sapientia,
3940 4754 3986 4803 et

2273 4846 2436 4913 facile
2469 4844 2687 4899 videtur
2714 4843 2784 4900 ab
2813 4845 2883 4898 iis
2921 4843 3020 4912 qui
3046 4841 3287 4907 diligunt
3313 4839 3489 4909 illam,
3518 4842 3569 4892 et
3604 4838 3891 4892 invenitur
3920 4837 3986 4891 ab

2273 4935 2345 4989 iis
2375 4936 2472 5004 qui
2498 4936 2746 5002 quaerunt
2782 4932 2971 4985 illam:
2993 4930 3338 5000 praeoccupat
3366 4928 3464 4995 qui
3493 4940 3549 4981 se
3571 4928 3983 4995 concupiscunt,

2274 5024 2336 5076 ut
2363 5021 2476 5075 illis
2503 5034 2560 5075 se
2591 5018 2856 5075 ostendat.
2900 5018 3005 5084 Qui
3034 5016 3346 5083 vigilaverit
3374 5013 3450 5069 ad
3475 5014 3651 5079 illam,
3682 5027 3794 5067 non
3835 5013 3987 5067 labo‘

2274 5109 2457 5165 rabit:
2490 5107 2811 5163 assidentem
2839 5106 2979 5159 enim
3012 5105 3166 5160 illam
3194 5105 3429 5158 inveniet
3466 5101 3682 5169 foribus
3712 5102 3851 5156 suis.
3890 5102 3986 5157 Co-

2339 5216 2357 5250 ί
2383 5213 2467 5264 Sic
2496 5214 2637 5269 Mss.,
2667 5210 3078 5269 praestantiorem
3107 5209 3174 5260 At
3196 5208 3328 5259 Edd.
3354 5206 3582 5257 habent:
3609 5204 3913 5269 submissis
3940 5208 3985 5255 et

2339 5226 2357 5250 ι
2383 5226 2467 5264 διο
2496 5226 2637 5269 mss.,
2704 5226 3078 5260 rmsmnuores.
3107 5226 3174 5260 At
3197 5226 3328 5259 nua.
3355 5226 3582 5257 nwent:
3609 5226 3913 5257 ουστηιδδιε
3940 5226 3981 5255 τι

2277 5273 2433 5348 humi
2454 5226 2753 5338 repentidJus
2768 5274 2987 5348 animis,
3008 5276 3069 5323 ut
3084 5270 3542 5323 accommodatius
3549 5281 3657 5332 per
3670 5268 3923 5319 humana
3934 5270 3981 5317 in

2278 5338 2464 5389 divina
2490 5337 2830 5398 consurgant.

2337 5402 2360 5435 ³
2380 5398 2553 5448 Codex
2568 5391 2743 5446 Vatiba
2752 5410 2782 5444 n
2791 5410 2851 5446 us
2864 5399 2915 5446 et
2925 5394 3284 5446 Cisterciensis
3295 5393 3569 5455 omittunt,
3581 5391 3807 5456 multas,
3827 5404 3984 5456 quam

2277 5474 2458 5511 vocem
2480 5459 2677 5522 habent
2699 5458 2785 5507 alii
2806 5458 3047 5522 plerique
3058 5461 3172 5522 tum
3196 5456 3376 5522 scripti
3399 5459 3515 5522 tum
3537 5455 3722 5522 excusi
3739 5470 3751 5515 ;
3767 5454 3984 5522 jamque

2279 5521 2673 5593 observavimus
2684 5516 2900 5593 reperiri
2912 5516 3052 5593 apud
3072 5520 3194 5591 μεθ.
3208 5519 3262 5593 in
3275 5516 3710 5593 ead-emﬁpostpli
3724 5516 3983 5593 tia

2278 5585 2443 5635 relata
2459 5583 2595 5634 libro
2623 5579 2794 5647 primo
2820 5583 2886 5633 de
2915 5579 3102 5633 Genesi
3128 5584 3314 5631 contra
3332 5579 3680 5639 Manichaeos,
3712 5591 3833 5642 cap.
3853 5582 3899 5627 1.
