4074 6408
199 337 333 390 I325

181 459 365 524 gitare
393 456 535 509 enim
571 454 638 510 de
685 455 806 524 illa,
846 469 1032 510 sensus
1084 459 1162 510 est
1214 459 1646 523 consummatus;
1703 461 1754 512 et
1791 459 1887 525 qui

183 546 505 614 vigilaverit
532 549 754 614 propter
780 545 953 611 illam,
986 547 1088 599 cito
1117 546 1222 598 erit
1246 560 1461 600 securus
1488 561 1500 598 :
1530 548 1661 614 quia
1691 546 1883 612 dignos

186 637 369 704 seipsa
398 633 597 688 circuit
624 646 886 701 quarens,
910 636 961 686 et
989 635 1047 686 in
1075 635 1180 686 viis
1211 634 1445 688 ostendit
1473 649 1527 688 se
1555 635 1667 688 illis
1689 635 1883 688 hilari-

185 727 286 790 ter,
333 727 383 777 et
434 725 582 777 omni
630 723 976 792 providentia
1024 726 1257 777 occurrit
1285 724 1417 778 illis.
1468 723 1696 778 Initium
1743 725 1886 779 enim

185 813 337 868 illius
378 815 724 868 verissimum
762 813 1062 880 disciplina
1100 815 1526 882 concupiscentia
1578 817 1681 868 est.
1745 813 1887 869 Cura

187 917 317 970 ergo
346 902 649 971 disciplinae
686 900 900 954 dilectio
920 905 997 954 est
1021 917 1034 967 ;
1061 905 1110 954 et
1139 901 1352 955 dilectio
1391 902 1673 955 custoditio
1713 902 1886 968 legum

187 991 339 1044 illius
368 996 481 1045 est:
509 990 799 1044 custoditio
829 993 1004 1044 autem
1038 991 1233 1056 legum,
1273 990 1609 1061 conﬁrmatio
1647 992 1889 1045 incorru-

187 1081 392 1149 ptionis
419 1085 529 1145 est;
553 1080 889 1148 incorruptio
914 1083 1088 1132 autem
1103 1080 1241 1145 facit
1255 1082 1565 1149 proximum
1591 1079 1728 1135 Deo.
1765 1081 1888 1136 Con-

188 1171 522 1238 cupiscentia
552 1171 737 1237 itaque
762 1169 1040 1236 sapientiae
1064 1167 1280 1222 deducit
1301 1168 1374 1222 ad
1385 1183 1606 1235 regnum
1623 1169 1778 1239 (Sap.
1810 1184 1884 1235 v1,

191 1256 405 1329 i3-2l).
437 1258 596 1312 Itane
616 1256 848 1311 tandem
877 1257 1061 1310 adhuc
1091 1257 1390 1311 adversum
1436 1257 1543 1311 ista
1573 1255 1889 1312 latrabitis?

190 1347 392 1400 Nonne
421 1346 500 1400 ita
532 1345 714 1416 posita
747 1351 804 1399 et
833 1346 1089 1400 nondum
1121 1346 1425 1413 intellecta,
1456 1345 1634 1400 cuivis
1671 1344 1884 1416 signiﬁ—

188 1438 321 1489 cant
350 1436 527 1489 altum
558 1449 616 1487 se
644 1433 917 1504 quiddam
949 1437 1003 1487 et
1035 1434 1323 1488 ineffabile
1341 1433 1674 1488 continere?
1704 1435 1746 1489 Ο
1778 1434 1888 1488 uti-

187 1539 325 1577 nam
354 1521 596 1593 possetis
643 1521 964 1593 intelligere
1014 1538 1143 1592 quas
1177 1521 1324 1577 dicta
1355 1525 1519 1576 sunt!
1577 1521 1889 1576 Confestim

189 1611 514 1682 abjiceretis
571 1627 770 1665 omnes
800 1611 1045 1682 ineptias
1073 1611 1434 1679 fabellarum,
1468 1614 1525 1665 et
1555 1610 1891 1664 vanissimas

187 1700 630 1772 imagination’es
660 1715 986 1771 corporum,
1033 1703 1296 1770 totosque
1326 1716 1422 1753 vos
1451 1716 1661 1770 magna
1690 1699 1888 1753 alacri-

190 1793 329 1856 tate,
390 1789 612 1843 sincero
685 1804 904 1855 amore,
962 1787 1291 1842 ﬁrmissima
1341 1788 1471 1855 ﬁde,
1539 1788 1891 1842 sanctissimo

193 1877 458 1933 Ecclesiae
483 1876 777 1930 catholicae
807 1875 1028 1946 gremio
1055 1874 1393 1930 conderetis.

193 1960 420 2015 CAPUT
449 1959 638 2014 XVIII.
677 1989 750 1999 —
781 1961 847 2014 In
876 1960 1152 2015 Catholica
1180 1961 1295 2014 sola
1318 1960 1563 2029 perfecta
1593 1962 1796 2015 veritas
1824 1976 1892 2014 ex

568 2050 849 2117 utriusque
879 2049 1203 2102 Testamenti
1234 2062 1508 2104 consensu.

269 2139 356 2192 33.
390 2138 653 2192 Poteram
699 2153 804 2208 pro
849 2153 975 2190 mea
1021 2136 1411 2191 mediocritate
1442 2136 1722 2191 discutere
1769 2135 1889 2190 sin-

193 2226 349 2298 gula,
381 2230 439 2280 et
487 2241 691 2280 eruere
742 2242 804 2279 ac
826 2225 1216 2279 demonstrare
1246 2241 1374 2296 quas
1405 2225 1613 2295 accepi,
1646 2225 1705 2279 in
1740 2241 1890 2295 quo-

192 2331 324 2369 rum
377 2314 708 2369 excellentia
737 2318 791 2368 et
839 2314 1140 2368 altitudine
1179 2314 1520 2385 plerumque
1550 2315 1722 2368 verba
1751 2313 1890 2367 deﬁ-

191 2403 393 2458 ciunt:
423 2404 520 2458 sed
557 2402 836 2474 quamdiu
864 2402 1105 2464 latratis,
1137 2417 1253 2456 non
1282 2405 1364 2455 est
1389 2401 1732 2456 faciendum.
1767 2402 1893 2455 Non

191 2491 350 2546 enim
403 2491 612 2546 frustra
643 2491 860 2545 dictum
891 2494 993 2557 est,
1025 2492 1207 2547 Nolite
1233 2495 1479 2545 sanctum
1511 2491 1642 2544 dare
1672 2490 1892 2545 canibus

191 2581 421 2651 (Matth.
459 2597 555 2648 vn,
582 2581 659 2650 6).
685 2581 765 2634 Ne
793 2579 1193 2635 succenseatis.
1229 2581 1293 2634 Et
1309 2595 1412 2650 ego
1443 2579 1641 2633 latravi
1659 2583 1717 2633 et
1740 2579 1893 2633 canis

191 2668 298 2735 fui,
331 2669 561 2740 quando
611 2685 835 2723 mecum
879 2669 1010 2739 jure
1048 2685 1164 2722 non
1212 2668 1452 2723 docendi
1491 2667 1634 2733 cibo,
1676 2667 1772 2722 sed
1805 2683 1891 2722 re-

191 2757 430 2813 fellendi
459 2757 709 2812 fustibus
741 2760 758 2794 ι
791 2757 1086 2827 agebatur.
1127 2757 1182 2812 Si
1214 2761 1404 2811 autem
1435 2756 1497 2810 in
1542 2755 1700 2810 vobis
1747 2759 1895 2809 esset

191 2846 460 2915 charitas,
494 2847 564 2901 de
595 2863 709 2916 qua
737 2862 890 2900 nunc
920 2846 1128 2916 agitur,
1162 2847 1251 2900 vel
1290 2846 1462 2900 etiam
1495 2845 1541 2899 si
1587 2844 1761 2899 fuerit
1789 2844 1892 2898 ali-

192 2937 453 3008 quando,
511 2939 788 3006 quantam
832 2934 1238 3004 cognoscendae
1277 2934 1529 2988 veritatis
1559 2933 1892 3004 magnitudo

195 3025 503 3089 desiderat,
539 3023 720 3078 aderit
750 3024 898 3077 Deus
929 3023 1028 3093 qui
1058 3023 1316 3077 ostendat
1345 3023 1501 3077 vobis
1531 3038 1716 3093 neque
1740 3022 1894 3091 apud

205 3114 546 3170 Manichaaos
574 3127 696 3167 esse
728 3111 1096 3166 christianam
1118 3110 1308 3177 ﬁdem,
1345 3127 1473 3182 quas
1503 3112 1572 3165 ad
1603 3125 1892 3165 summum

199 3202 426 3272 apicem
463 3200 757 3271 sapientiae
787 3199 1154 3270 veritatisque
1180 3199 1462 3270 perducit,
1496 3215 1609 3270 qua
1637 3197 1892 3269 ‘perfrui,

200 3289 349 3345 nihil
380 3293 464 3344 est
492 3288 649 3342 aliud
679 3287 789 3342 nisi
819 3287 981 3342 beate
1009 3287 1230 3354 vivere;
1262 3303 1458 3358 neque,
1477 3303 1598 3341 esse
1648 3286 1892 3358 uspiam,

199 3378 313 3434 nisi
341 3378 404 3431 in
434 3377 708 3432 catholica
737 3376 1058 3446 disciplina.
1091 3375 1239 3441 Quid
1270 3376 1422 3429 enim
1471 3375 1628 3430 aliud
1675 3375 1896 3430 videtur

199 3464 497 3537 apostolus
550 3464 762 3518 Paulus
789 3467 985 3534 Optare
1033 3478 1161 3517 cum
1201 3462 1370 3518 dicit:
1401 3463 1580 3532 Hujus
1606 3465 1689 3518 rei
1713 3464 1898 3530 gratia

196 3557 350 3623 ﬂecto
379 3569 554 3621 genua
581 3569 699 3607 mea
725 3553 799 3606 ad
827 3555 1038 3608 Patrem
1060 3553 1283 3607 Domini
1305 3554 1479 3607 nostri
1503 3554 1644 3608 Jesu
1673 3553 1895 3619 Christi,

198 3660 236 3698 a
268 3658 371 3711 quo
398 3644 570 3697 omnis
596 3644 901 3713 paternitas
931 3645 989 3696 in
1042 3643 1184 3696 cretis
1212 3646 1263 3696 et
1291 3644 1349 3696 in
1377 3646 1522 3695 terra
1558 3643 1894 3706 nominatur,

199 3737 272 3787 ut
298 3731 389 3785 det
415 3731 565 3785 vobis
592 3730 885 3787 secundum
905 3730 1134 3784 divitias
1153 3730 1340 3796 gloriae
1359 3745 1467 3784 suae
1495 3729 1897 3797 fortitudinem,

197 3819 543 3876 corroborari
582 3836 684 3888 per
724 3821 982 3888 spiritum
1009 3821 1068 3872 in
1093 3820 1342 3872 interiori
1387 3819 1616 3878 homine,
1653 3817 1900 3870 habitare

199 3911 476 3966 Christum
500 3924 600 3979 per
627 3908 786 3978 ﬁdem
807 3910 864 3962 in
892 3907 1142 3962 cordibus
1173 3909 1397 3961 vestris:
1442 3911 1505 3960 ut
1532 3909 1590 3960 in
1636 3908 1902 3962 charitate

197 3997 447 4053 radicati
462 4001 512 4051 et
539 3997 784 4063 fundati,
808 3998 1030 4065 possitis
1051 3995 1490 4065 comprehendere
1510 4010 1630 4049 cum
1659 3995 1901 4050 omnibus

113 4119 120 4122 -
199 4087 434 4148 sanctis,
465 4100 583 4153 qua
607 4087 681 4138 sit
731 4084 984 4150 altitudo,
1039 4088 1090 4138 et
1143 4083 1444 4153 longitudo,
1492 4087 1542 4138 et
1571 4083 1821 4150 latitudo,
1853 4086 1904 4138 et

198 4174 576 4246 profundum;
611 4187 917 4240 cognoscere
943 4174 1106 4227 etiam
1148 4174 1623 4242 supereminentem
1668 4174 1905 4228 scientiae

203 4266 529 4320 charitatem
569 4264 775 4320 Christi
806 4261 849 4330 ³,
890 4267 950 4317 ut
981 4263 1316 4332 impleamini
1345 4264 1405 4316 in
1444 4275 1648 4316 omnem
1671 4263 1906 4331 plenitu-

201 4354 389 4410 dinem
439 4354 546 4407 Dei
569 4353 603 4408 ?.
646 4352 865 4423 (Ephes.
916 4368 995 4420 ιιι,
1043 4351 1248 4422 14-19.)
1303 4352 1567 4406 Potestne
1593 4351 1904 4423 quidquam

204 4442 324 4497 dici
353 4440 718 4496 manifestius
733 4442 763 4495 ?
1363 4485 1365 4487 .

284 4529 372 4585 34.
406 4530 670 4598 Obsecro,
717 4527 947 4600 vigilate
984 4528 1306 4599 paululum,
1338 4527 1524 4583 videte
1563 4526 1910 4582 Testamenti

204 4619 514 4691 utriusque
546 4618 932 4685 concordiam,
952 4617 1052 4688 qui
1078 4616 1151 4671 sit
1174 4617 1235 4671 in
1250 4617 1508 4671 moribus
1530 4617 1660 4671 vitae
1680 4617 1906 4683 modus,

205 4712 268 4764 et
298 4723 414 4779 quo
443 4708 558 4763 sint
593 4708 890 4763 referenda
920 4705 1134 4773 omnia,
1167 4706 1301 4760 satis
1344 4705 1694 4777 aperientem
1727 4709 1782 4760 et
1810 4706 1908 4760 do-

204 4802 453 4854 centem.
486 4799 753 4852 Amorem
787 4797 887 4852 Dei
910 4793 932 4830 ⁸
961 4794 1245 4850 concitant
1272 4795 1593 4865 Evangelia,
1620 4810 1749 4848 cum
1781 4793 1912 4849 dici-

205 4891 328 4951 tur,
361 4887 552 4952 Petite,
608 4888 854 4957 quaerite,
896 4886 1110 4956 pulsate
1152 4883 1377 4954 (Matth.
1423 4899 1513 4950 vn,
1543 4883 1635 4951 7):
1668 4882 1913 4938 concitat

206 4973 444 5036 Paulus,
460 4973 718 5041 dicendo,
740 4975 806 5028 Ut
826 4975 885 5027 in
913 4973 1182 5027 charitate
1205 4972 1449 5026 radicati
1476 4976 1525 5026 et
1543 4970 1769 5040 fundati
1779 4987 1910 5040 pos-

203 5063 330 5118 sitis
349 5061 791 5130 comprehendere
821 5061 1041 5132 (Ephes.
1067 5079 1149 5131 III,
1182 5061 1266 5132 l7)
1293 5076 1306 5114 :
1331 5060 1576 5115 concitat
1587 5060 1758 5114 etiam
1776 5077 1911 5130 pro-

209 5151 408 5222 pheta,
442 5165 574 5204 cum
599 5149 754 5215 dicit,
786 5149 949 5203 facile
980 5149 1322 5220 sapientiam
1344 5149 1414 5204 ab
1435 5148 1504 5203 iis
1521 5148 1619 5221 qui
1639 5164 1764 5204 eam
1792 5148 1916 5204 dili-

278 5241 294 5274 ί
326 5238 724 5300 Μεωῳιίῑιίῃιθ,
755 5235 1054 5300 repellendi
1081 5236 1334 5300 fustibus.

275 5301 299 5335 ²
318 5299 403 5350 Sic
412 5298 656 5363 plerique
669 5298 1737 5363 Mss.At‘lgdd.habent:Supereminentem
1756 5299 1918 5350 scien-

211 5359 655 5427 tiamcliaritdtis
677 5359 1064 5411 Christi.Paulo
1085 5359 1547 5423 post,Mss.duo:In
1569 5374 1780 5412 omnem
1794 5363 1915 5427 ple-

209 5424 507 5474 nitudinem
545 5422 656 5473 Dei.

277 5489 298 5522 ³
309 5485 614 5548 Editi:Satis
623 5487 895 5548 aperiente
911 5487 963 5535 et
972 5483 1188 5534 docente
1199 5497 1385 5548 amore
1395 5485 1502 5534 Dei.
1512 5486 1914 5548 Concitant,etc.

211 5550 282 5600 At
300 5546 697 5611 Mss.ptredecim
712 5547 999 5611 praeferunt
1022 5550 1256 5611 nostram
1273 5547 1570 5611 lectionem,
1598 5547 1837 5611 quamvis
1852 5560 1915 5596 ex

216 5613 283 5661 iis
313 5609 553 5674 plerique
588 5610 686 5659 sub
713 5609 824 5658 alia
850 5623 1040 5662 vocum
1066 5609 1510 5672 interpunctione.

1689 334 1901 390 LIBER
1941 333 2225 390 PRIMUS.

3555 336 3686 390 1326

1995 459 2156 527 gunt,
2174 460 2456 528 quaerunt,
2473 456 2902 528 concupiscunt,
2917 455 3175 528 vigilant,
3189 456 3684 528 cogitant,curant,

1993 560 2159 615 posse
2189 546 2470 615 cognosci.
2513 545 2673 600 Salus
2715 545 2891 600 animi
2921 549 2976 600 et
3013 546 3104 599 via
3132 545 3501 601 beatitudinis
3529 551 3687 601 utra—

1993 648 2236 704 rumque
2267 633 2685 703 Scripturarum
2716 650 2850 704 pace
2881 637 3250 700 monstratur,
3272 637 3328 688 et
3353 651 3452 688 vos
3482 636 3687 689 latrare

1995 721 2189 792 potius
2206 721 2473 775 adversus
2502 721 2644 787 haec,
2677 738 2846 792 quam
2880 722 2968 776 his
2999 722 3397 792 obtemperare
3427 723 3683 794 diligitis.

1998 809 2160 864 Brevi
2190 809 2373 864 dicam
2407 810 2558 880 quod
2593 809 2805 865 sentio:
2842 811 3032 865 audite
3064 811 3254 865 doctos
3299 811 3556 866 Ecclesiae
3595 828 3688 866 ca-

1994 898 2219 952 tholicae
2249 897 2400 952 viros
2423 902 2579 952 tanta
2607 914 2743 968 pace
2764 898 2962 966 animi,
2994 903 3050 952 et
3068 915 3135 953 eo
3165 903 3295 953 voto
3327 916 3441 970 quo
3463 917 3562 954 vos
3582 915 3688 969 ego

1996 986 2221 1054 audivi;
2256 986 2400 1041 nihil
2430 1003 2574 1057 opus
2603 987 2710 1040 erit
2738 1003 2942 1040 novem
2971 987 3134 1041 annis
3163 988 3371 1058 quibus
3401 1006 3493 1043 me
3529 988 3688 1043 ludi-

1995 1075 2202 1130 ﬁcastis
2261 1076 2350 1146 (α).
2411 1077 2601 1147 Longe
2686 1075 2945 1141 omnino,
3003 1076 3176 1146 longe
3230 1077 3489 1132 breviore
3543 1081 3689 1132 tem-

1996 1180 2154 1236 pore,
2221 1164 2361 1236 quid
2438 1164 2663 1218 intersit
2718 1164 2868 1218 inter
2917 1164 3210 1219 veritatem
3264 1166 3688 1238 vanitatemque

1997 1251 2238 1307 cernetis
2251 1293 2265 1306 .

1998 1342 2221 1395 CAPUT
2248 1341 2380 1396 XIX.
2411 1371 2476 1379 —-
2524 1342 2911 1410 Temperantia:
2947 1342 3129 1410 ofﬁcia
3148 1357 3215 1395 ear:
3243 1345 3411 1396 sacris
3467 1345 3688 1398 Litteris

2353 1439 2360 1448 '
2703 1429 2984 1483 describit.

2070 1519 2155 1571 35.
2188 1516 2292 1571 Sed
2322 1520 2548 1587 tempus
2577 1521 2661 1570 est
2691 1517 2758 1570 ad
2781 1517 2905 1571 illas
2935 1517 3170 1572 virtutes
3191 1522 3438 1588 quatuor
3465 1519 3689 1587 reverti,

2001 1609 2056 1660 et
2087 1621 2152 1659 ex
2184 1605 2273 1658 his
2303 1604 2542 1675 singulis
2579 1621 2777 1659 eruere
2827 1621 2892 1659 ac
2918 1605 3122 1659 ducere
3170 1606 3396 1662 vivendi
3430 1609 3688 1664 modum.

2001 1696 2196 1764 Itaque
2226 1693 3317 1764 priustemperantiamvideamus,quae
3347 1697 3512 1750 nobis
3543 1713 3695 1751 amo-

2000 1783 2078 1837 ris
2103 1782 2256 1836 illius
2285 1799 2396 1852 quo
2428 1783 2772 1836 innectimur
2792 1783 2929 1849 Deo,
2961 1782 3345 1853 integritatem
3384 1785 3693 1854 quamdam

2000 1876 2057 1926 et
2085 1870 2574 1940 incorruptionem
2612 1871 2937 1942 pollicetur.
2978 1872 3178 1925 Munus
3208 1871 3363 1925 enim
3392 1874 3512 1942 ejus
3532 1874 3692 1926 estin

2000 1958 2327 2013 coercendis
2342 1959 2718 2030 sedandisque
2733 1959 3160 2029 cupiditatibus,
3176 1960 3384 2030 quibus
3404 1960 3692 2015 inhiamus

1999 2048 2061 2102 in
2086 2064 2153 2101 ea
2192 2064 2320 2118 quae
2351 2064 2453 2102 nos
2483 2052 2746 2103 avertunt
2777 2065 2809 2102 a
2836 2049 3058 2117 legibus
3089 2048 3189 2102 Dei
3220 2053 3278 2102 et
3306 2065 3338 2102 a
3374 2049 3560 2104 fructu
3590 2051 3691 2104 bo—

1999 2137 2197 2191 nitatis
2224 2137 2384 2206 ejus:
2435 2137 2590 2207 quod
2629 2141 2732 2203 est,
2766 2140 2828 2190 ut
2864 2135 2986 2191 brvi
3031 2135 3328 2206 explicem,
3365 2137 3528 2192 beata
3557 2139 3688 2193 vita.
3769 2164 3788 2171 κ

2001 2225 2086 2279 Ibi
2118 2225 2272 2279 enim
2303 2229 2388 2279 est
2426 2226 2586 2280 sedes
2615 2225 2870 2280 veritatis
2913 2227 2952 2292 ί,
3004 2225 3164 2296 cujus
3213 2227 3692 2296 contemplatione

1999 2314 2378 2384 perfruentes,
2409 2314 2576 2385 eique
2607 2315 2833 2386 penitus
2863 2314 3238 2384 adhaerentes,
3271 2317 3469 2386 procul
3518 2317 3692 2372 dubio

2001 2402 2154 2456 beati
2179 2419 2410 2456 sumus:
2445 2403 2578 2456 inde
2611 2409 2803 2456 autem
2843 2403 3189 2473 decidentes,
3217 2404 3440 2475 magnis
3485 2407 3694 2460 errori-

2002 2491 2548 2561 busdoloribusque
2578 2491 2962 2562 implicantur.
2998 2494 3275 2564 Namque,
3322 2500 3387 2549 ut
3424 2496 3503 2550 ait
3543 2499 3693 2568 Apo-

2002 2579 2379 2646 stolus,radi.r
2409 2582 2644 2634 omnium
2669 2582 2931 2635 malorum
2953 2583 3247 2652 cupiditas,
3264 2600 3423 2652 quam
3447 2586 3691 2653 quidam,

2001 2672 2296 2736 sequentes,
2318 2671 2789 2735 naufragaverunt
2817 2687 2851 2723 α
2878 2671 3001 2738 ﬁde,
3035 2676 3085 2725 et
3126 2674 3465 2728 inseruerunt
3493 2689 3547 2728 se
3592 2674 3693 2727 do-

2004 2757 2206 2810 loribus
2230 2757 2414 2810 multis
2470 2757 2513 2826 (l
2545 2760 2680 2811 Tim.
2713 2775 2786 2820 v1,
2837 2758 2937 2828 10).
2969 2759 3129 2822 Quod
3163 2766 3455 2831 peccatum
3486 2761 3693 2816 animai

2001 2844 2062 2898 in
2091 2844 2279 2898 Veteri
2307 2845 2665 2899 Testamento
2702 2845 2834 2899 satis
2874 2851 3087 2916 aperte,
3133 2849 3278 2903 bene
3317 2850 3693 2921 intelligenti—

2003 2933 2130 3000 bus,
2164 2933 2223 2986 in
2252 2932 2429 3002 ipsius
2455 2934 2707 2987 hominis
2737 2934 2836 3005 qui
2863 2939 2984 2989 erat
3012 2935 3074 2988 in
3104 2938 3388 3006 paradiso,
3420 2939 3692 3009 praevari-

2003 3021 2225 3076 catione
2256 3021 2534 3092 signatur.
2559 3023 2621 3075 In
2643 3023 2824 3076 Adam
2855 3023 3067 3094 quippe
3097 3040 3272 3080 omnes
3297 3030 3586 3095 morimur,
3629 3032 3696 3082 ut

2004 3110 2082 3164 ait
2119 3109 2291 3172 idem,
2323 3114 2374 3164 et
2401 3112 2459 3164 in
2490 3111 2712 3165 Christo
2741 3112 2914 3166 amnes
2944 3128 3281 3181 resurgemus
3323 3115 3366 3186 (Ι
3416 3118 3544 3170 Cor.
3602 3133 3692 3185 xv,

2001 3199 2110 3267 22}.
2134 3197 2176 3252 Ο
2208 3197 2321 3251 alta
2352 3199 2620 3268 mysteria
2651 3199 2663 3253 l
2699 3200 2809 3254 Sed
2837 3201 3148 3272 reprimam
3201 3219 3294 3257 me
3323 3220 3335 3257 :
3395 3220 3510 3258 non
3540 3205 3694 3259 enim

2003 3286 2175 3341 modo
2207 3287 2429 3356 suscepi
2454 3287 2659 3341 docere
2687 3305 2783 3343 vos
2812 3293 2988 3358 recta,
3019 3289 3117 3343 sed
3171 3289 3446 3345 dedocere
3498 3308 3693 3363 prava,

2005 3374 2052 3428 si
2080 3377 2303 3442 potero,
2336 3375 2396 3430 id
2434 3379 2537 3447 est,
2564 3375 2611 3429 si
2643 3377 2791 3432 Deus
2848 3378 3114 3433 annuerit
3168 3381 3460 3451 proposito
3509 3381 3571 3435 in
3598 3397 3697 3435 vos

2005 3479 2154 3517 meo.

2079 3555 2166 3606 36.
2216 3551 2361 3606 Dicit
2399 3567 2534 3622 ergo
2563 3553 2774 3608 Paulus
2805 3554 3055 3609 radicem
3107 3555 3365 3610 omnium
3416 3558 3698 3612 malorum

2007 3657 2128 3694 esse
2157 3640 2550 3710 cupiditatem,
2575 3657 2678 3712 per
2703 3657 2876 3712 quam
2908 3642 3080 3696 etiam
3111 3643 3218 3696 Lex
3239 3648 3397 3698 vetus
3443 3645 3698 3715 primum

2005 3728 2298 3784 hominem
2349 3729 2573 3798 lapsum
2633 3746 2754 3783 esse
2812 3729 3111 3800 signiﬁcat.
3171 3732 3357 3786 Monet
3397 3735 3606 3787 Paulus
3634 3738 3701 3788 ut

2008 3831 2283 3871 eruamus
2339 3833 2443 3870 nos
2487 3822 2735 3872 veterem
2791 3818 3106 3886 hominem,
3165 3824 3222 3874 et
3259 3820 3564 3876 induamus
3593 3839 3698 3876 no-

2010 3921 2143 3959 vum
2173 3904 2401 3975 (Coloss.
2443 3923 2522 3972 III,
2551 3908 2606 3974 9,
2646 3907 2748 3978 l0).
2791 3907 2924 3960 Vult
2974 3912 3164 3962 autem
3200 3907 3466 3980 intelligi,
3517 3911 3699 3965 Adam

2010 3993 2110 4064 qui
2141 3993 2412 4064 peccavit,
2445 3997 2692 4048 veterem
2720 3994 3050 4064 hominem;
3092 3995 3257 4050 illum
3297 4002 3488 4051 autem
3528 4015 3701 4069 quem

2012 4083 2258 4153 suscepit
2287 4082 2346 4136 in
2389 4088 2739 4138 sacramento
2763 4083 2864 4138 Dei
2895 4084 3067 4138 Filius
3098 4085 3168 4138 ad
3210 4101 3314 4140 nos
3356 4085 3700 4154 liberandos,

2013 4187 2249 4226 novum.
2285 4171 2432 4226 Dicit
2459 4188 2707 4244 namque
2737 4172 2848 4226 alio
2877 4173 3018 4241 loco,
3051 4175 3264 4228 Primus
3279 4176 3428 4229 homo
3441 4175 3506 4229 de
3536 4181 3704 4243 terra,

2015 4265 2252 4317 terrenus
2280 4277 2294 4329 ;
2325 4263 2590 4318 secundus
2619 4263 2772 4318 homo
2802 4263 2868 4317 de
2891 4265 3033 4330 creto,
3065 4265 3303 4319 coalestis.
3364 4265 3552 4331 Qualis
3599 4271 3706 4321 ter-

2012 4366 2194 4419 renus,
2236 4352 2368 4406 tales
2397 4356 2448 4406 et
2467 4355 2702 4419 terreni;
2737 4355 2914 4421 qualis
2946 4354 3190 4422 caelestis,
3222 4355 3354 4408 tales
3385 4357 3704 4411 ctccclestcs.

2014 4440 2167 4496 Sicut
2200 4444 2540 4510 portavimus
2569 4443 2860 4508 imaginem
2892 4442 3109 4508 terreni,
3140 4446 3410 4510 portemus
3440 4448 3490 4496 ct
3514 4445 3707 4510 imagi-

2014 4545 2134 4584 nem
2162 4531 2383 4584 caelestis
2415 4529 2459 4600 (Ι
2490 4532 2608 4586 Cor.
2641 4546 2731 4598 xv,
2785 4530 3016 4601 47—49):
3061 4530 3170 4584 hoc
3225 4534 3328 4597 est,
3381 4531 3568 4585 exuite
3614 4548 3708 4585 ve-

2017 4622 2220 4685 terem,
2255 4621 2309 4672 et
2337 4617 2556 4672 induite
2587 4634 2819 4673 novum.
2855 4619 3034 4672 Omne
3065 4617 3244 4688 igitur
3281 4618 3532 4674 ofﬁcium
3561 4625 3710 4674 tem-

2018 4707 2312 4778 perantiae,
2364 4710 2445 4760 est
2501 4723 2706 4761 exuere
2757 4710 3006 4760 veterem
3034 4706 3348 4774 hominem,
3397 4708 3537 4762 etin
3599 4710 3714 4762 Deo

2019 4794 2320 4861 renovari;
2355 4794 2414 4849 id
2443 4799 2548 4862 est,
2579 4799 2946 4849 contemnere
2995 4810 3194 4848 omnes
3242 4811 3538 4866 corporeas
3592 4795 3715 4850 ille-

2022 4884 2238 4950 cebras,
2268 4883 2617 4954 laudemque
2639 4884 2998 4953 popularem,
3028 4887 3328 4955 totumque
3361 4901 3615 4939 amorem
3644 4884 3715 4938 ad

2021 4971 2334 5027 invisibilia
2389 4976 2448 5026 et
2495 4971 2686 5026 divina
2733 4971 3007 5026 conferre.
3063 4972 3220 5026 Unde
3265 4972 3408 5026 illud
3450 4963 3719 5042 'sequitur

2025 5061 2178 5132 quod
2208 5060 2451 5114 mirifice
2482 5059 2696 5114 dictum
2726 5066 2828 5126 est,
2861 5062 2924 5116 Si
2978 5065 3029 5115 et
3083 5063 3317 5116 eacterior
3346 5062 3496 5114 homo
3540 5065 3719 5114 noster

2025 5151 2412 5218 corrumpitur,
2486 5149 2582 5202 sed
2631 5151 2857 5203 interior
2912 5155 3204 5203 renovatur
3246 5149 3312 5203 de
3346 5149 3432 5202 die
3475 5150 3532 5200 in
3577 5147 3719 5201 diem

2091 5241 2107 5273 1
2133 5237 2387 5300 Bad.Am.
2407 5237 2496 5287 Er.
2515 5240 2576 5300 et
2589 5238 2958 5300 Lov.,necnon
2970 5237 3203 5300 plerique
3223 5237 3364 5300 _M_ss.,
3390 5234 3586 5300 habent
3598 5231 3722 5296 ﬁdes

2025 5302 2154 5352 veri.
2167 5300 2232 5367 _At
2244 5299 2472 5367 Antonio
2497 5299 2622 5347 Arn.
2633 5299 2804 5367 magis
2817 5297 3086 5367 probatur,
3105 5297 3244 5367 quod
3266 5298 3317 5345 in
3330 5297 3564 5367 margine
3576 5310 3721 5367 qure-

2025 5361 2269 5410 rumdam
2293 5361 2586 5410 editionum
2632 5357 2870 5420 habétu'r,
2901 5361 3048 5410 sedes
3075 5357 3195 5409 veri
3213 5374 3224 5416 ;
3265 5357 3345 5406 cui
3369 5357 3723 5420 astipulantur

2028 5425 2156 5495 Mss.
2178 5424 2429 5495 quinque,
2465 5424 2520 5471 in
2550 5424 2741 5486 quibus
2776 5423 2984 5495 legitur,
3013 5421 3154 5495 sedes
3183 5420 3449 5495 veritatis.

2090 5485 2161 5548 (α)
2180 5482 2504 5548 Augustinus
2517 5482 2707 5548 ndvem
2723 5482 2876 5548 annis
2888 5482 3226 5548 Manichteus,
3239 5482 3645 5548 abannomtatis
3666 5484 3722 5531 19

2028 5543 2322 5658 ἓάἐίῐωιιῑιι
2344 5550 2403 5658 ξΒ
2429 5562 2439 5596 :
2463 5547 2582 5597 vide
2607 5547 2743 5596 infra
2763 5547 2852 5596 lib.
2876 5549 2922 5602 2,
2945 5558 3063 5607 cap.
3098 5545 3175 5602 19,
3191 5556 3244 5592 n.
3261 5545 3319 5591 68
3335 5546 3404 5598 :et
3423 5543 3513 5593 lib.
3537 5547 3562 5592 4
3585 5545 3721 5592 Con-

2051 5623 2173 5658 ess..
2204 5623 2316 5658 can.
2384 5644 2397 5657 .

2051 5611 2173 5666 'ess.,
2204 5623 2316 5673 cap.
2348 5611 2397 5658 2.
