4074 6414
409 306 537 359 i327

407 422 634 495 (Il‘Cor.
673 439 746 490 1v,
782 424 889 492 16).
941 420 1090 476 Audi
1137 423 1193 474 et
1235 419 1578 492 prophetam
1624 422 1944 485 canentem,
1993 418 2093 474 Cor

403 513 663 568 mundum
689 527 811 566 crea
837 514 898 565 in
925 525 1021 574 me,
1078 512 1240 575 Deus,
1272 513 1322 563 et
1349 511 1608 578 spiritum
1635 513 1836 563 rectum
1889 510 2092 562 innoua

403 605 462 656 in
486 603 777 656 visceribus
826 602 954 654 meis
1011 599 1176 667 (Psal.
1235 615 1289 666 L,
1337 598 1437 664 12).
1487 597 1630 662 Quid
1682 601 1878 652 contra
1922 597 2091 650 istam

403 689 856 745 convenientiam
904 688 1033 756 dici,
1085 687 1195 741 nisi
1245 704 1278 742 a
1335 687 1494 742 caecis
1573 687 1937 760 latratoribus
1983 703 2090 757 po-

403 781 556 832 test?

404 867 629 923 CAPUT
669 867 775 920 XX.
803 895 872 906 —
900 865 1190 921 Sensibilia
1232 867 1413 920 omnia
1449 868 1796 930 contemnere,
1839 865 1887 916 et
1916 859 2089 916 solum

888 955 1059 1008 Deum
1097 969 1280 1008 amare
1315 953 1570 1022 jubemur
1582 993 1595 1006 .

473 1047 558 1098 3’7.
580 1042 863 1097 Illecebras
894 1046 1085 1096 autem
1113 1041 1368 1112 corporis
1398 1040 1519 1095 sitae
1550 1039 1753 1094 suntin
1780 1037 1871 1092 his
1901 1037 2086 1092 omni-

399 1131 505 1186 bus
538 1147 667 1202 quie
697 1146 1003 1200 corporeus
1049 1145 1244 1183 sensus
1277 1129 1525 1200 attingit,
1558 1144 1685 1199 quae
1733 1143 1766 1180 a
1794 1126 2089 1180 nonnullis

386 1219 573 1273 etiam
603 1217 894 1272 sensibilia
919 1216 1290 1271 nominantur
1318 1234 1331 1269 :
1367 1216 1426 1269 in
1457 1215 1664 1286 quibus
1712 1213 1957 1268 maxime
1991 1214 2088 1268 lux

399 1307 508 1361 ista
535 1305 784 1377 vulgaris
836 1304 1072 1363 excellit,
1105 1304 1239 1375 quia
1271 1309 1326 1358 et
1368 1303 1505 1374 ipsis
1553 1302 1811 1357 sensibus
1857 1303 2086 1368 nostris,

400 1395 606 1465 quibus
622 1393 814 1447 anima
837 1408 941 1462 per
971 1409 1176 1462 corpus
1195 1391 1394 1458 utitur,
1409 1390 1552 1444 nihil
1580 1395 1664 1444 est
1685 1390 1861 1445 oculis
1883 1390 2085 1462 praefe-

399 1482 673 1547 rendum;
708 1485 765 1534 et
793 1480 918 1534 ideo
949 1479 1007 1532 in
1051 1479 1354 1550 Scripturis
1387 1478 1614 1538 sanctis,
1645 1478 1955 1532 visibilium
1983 1495 2086 1532 no-

399 1569 555 1622 mine
583 1567 872 1624 sensibilia
917 1571 1119 1622 cuncta
1147 1567 1470 1638 signiﬁcant
1502 1567 1540 1620 ¹.
1575 1568 1769 1636 Itaque
1827 1566 1885 1620 in
1935 1568 2088 1621 Novo

397 1660 754 1712 Testamento
801 1655 880 1709 sic
909 1656 978 1710 ab
1010 1655 1248 1709 istorum
1280 1671 1474 1709 amore
1506 1655 1916 1726 prohibemur:
1973 1657 2088 1712 Non

396 1737 754 1813 respicientes;
779 1743 982 1813 inquit,
1005 1759 1122 1811 quae
1138 1745 1410 1809 videntur,
1435 1744 1528 1796 sed
1555 1759 1671 1811 quae
1687 1759 1790 1797 non
1810 1744 2084 1799 videntur.

399 1835 524 1900 Qua:
543 1835 684 1888 enim
729 1833 1002 1897 videntur,
1038 1832 1355 1900 temporalia
1393 1835 1555 1884 sunt:
1590 1846 1708 1900 qua
1763 1836 1939 1886 autem
1984 1847 2088 1886 non

397 1922 667 1987 videntur,
699 1927 899 1975 aeterna
926 1921 995 1990 (II
1032 1921 1149 1975 Cor.
1184 1936 1256 1984 1v,
1293 1921 1404 1988 18).
1440 1920 1516 1972 Ex
1547 1935 1660 1988 quo
1693 1918 1937 1990 intelligi
1978 1937 2086 1989 po-

397 2014 525 2076 test,
553 2026 725 2080 quam
756 2007 1028 2062 christani
1051 2024 1169 2061 non
1196 2007 1308 2060 sint
1338 2006 1438 2077 qui
1471 2007 1649 2060 solem
1681 2011 1736 2060 et
1757 2007 1951 2060 lunam
1973 2023 2087 2062 non

396 2098 567 2152 modo
629 2097 966 2167 diligendos,
1023 2097 1117 2150 sed
1155 2097 1328 2150 etiam
1377 2095 1642 2148 colendos
1687 2099 1910 2163 putant.
1943 2094 2087 2158 Quid

396 2186 551 2240 enim
588 2187 863 2255 videmus,
895 2185 940 2238 si
971 2186 1149 2238 solem
1180 2189 1235 2238 et
1262 2185 1460 2238 lunam
1493 2199 1610 2237 non
1649 2182 1946 2237 videmus?
1983 2185 2087 2237 Ve-

395 2275 486 2328 titi
517 2279 704 2329 autem
736 2291 932 2328 sumus
969 2273 1224 2327 converti
1269 2273 1339 2326 ad
1386 2289 1451 2325 ea
1483 2289 1612 2342 quae
1641 2272 1925 2326 videntur.
1963 2273 2088 2326 Non

397 2366 528 2416 sunt
557 2363 732 2432 igitur
761 2363 933 2416 etiam
963 2361 1072 2414 ista
1113 2360 1403 2432 diligenda
1432 2360 1483 2414 ei
1514 2360 1614 2430 qui
1642 2376 1897 2414 amorem
1923 2361 2085 2415 illum

396 2451 792 2520 incorruptum
811 2451 927 2504 Deo
959 2449 1170 2518 cogitat
1190 2448 1477 2502 exhibere.
1511 2448 1619 2501 Sed
1642 2447 1751 2501 erit
1773 2447 1915 2501 mihi
1944 2447 2089 2502 alius

395 2539 555 2592 locus
583 2555 696 2608 quo
736 2538 804 2592 de
841 2537 962 2591 istis
1013 2536 1344 2605 diligentius
1384 2536 1727 2606 requiratur.
1762 2537 1885 2589 Non
1933 2536 2088 2590 enim

396 2642 549 2680 nunc
579 2627 647 2680 de
676 2626 806 2691 ﬁde,
866 2625 962 2679 sed
1008 2625 1076 2680 de
1109 2625 1220 2678 vita
1246 2624 1430 2678 dicere
1485 2624 1725 2691 institui,
1757 2612 1864 2693 per
1915 2641 2086 2695 quam

401 2729 688 2768 meremur
718 2713 857 2766 scire
890 2713 1042 2784 quod
1072 2712 1374 2766 credimus.
1407 2712 1700 2766 Amandus
1721 2711 1897 2782 igitur
1936 2713 2088 2767 solus

399 2804 545 2856 Deus
575 2806 698 2856 est:
759 2801 946 2865 omnis
991 2817 1123 2855 vero
1179 2801 1284 2855 iste
1327 2801 1590 2867 mundus,
1627 2800 1686 2854 id
1731 2804 1836 2868 est,
1895 2801 2087 2855 omnia

397 2889 687 2944 sensibilia
715 2889 1132 2944 contemnenda
1157 2905 1170 2956 ;
1219 2889 1500 2943 utendum
1541 2892 1732 2942 autem
1763 2888 1851 2942 his
1880 2889 1950 2943 ad
1978 2889 2084 2943 hu-

391 2979 488 3048 jus
518 2980 646 3032 vitae
673 2977 1086 3032 necessitatem.

396 3067 620 3121 CAPUT
651 3067 784 3120 XXI.
823 3097 890 3105 —
922 3067 1107 3122 Gloria
1159 3066 1443 3134 popularis
1481 3070 1532 3119 et
1576 3067 1864 3121 curiositas
1915 3065 2087 3120 sacris

984 3155 1205 3208 Litteris
1235 3153 1515 3207 damnata.

466 3246 552 3297 38.
587 3241 774 3296 Gloria
823 3257 956 3296 vero
987 3242 1278 3311 popularis
1311 3242 1387 3294 sic
1426 3243 1487 3296 in
1533 3243 1686 3296 Novo
1728 3245 2085 3297 Testamento

395 3330 657 3400 abjicitur
689 3333 858 3399 atque
903 3329 1325 3382 contemnitur:
1387 3329 1448 3384 Si
1505 3329 1832 3395 hominibus,
1874 3331 2083 3400 inquit,

387 3417 598 3483 placere
625 3416 829 3480 vellem,
871 3417 1076 3470 Christi
1103 3431 1287 3470 servus
1325 3431 1430 3470 non
1467 3432 1631 3471 essem
1661 3419 1859 3483 tGalat.
1910 3436 1949 3487 ι,
1980 3419 2080 3487 10).

393 3504 486 3556 Est
513 3503 651 3557 item
679 3502 832 3557 aliud
860 3504 1014 3573 quod
1027 3504 1094 3557 de
1126 3503 1463 3574 corporibus
1485 3505 2035 3576 perimaginationes
2064 3510 2086 3542 ²

391 3591 666 3662 quasdam
706 3591 952 3662 concipit
980 3592 1189 3658 anima,
1241 3597 1296 3646 et
1341 3609 1468 3646 eam
1497 3597 1656 3648 vocat
1685 3611 1879 3648 rerum
1910 3595 2087 3649 scien-

392 3680 550 3735 tiam.
589 3680 968 3744 Quamobrem
997 3685 1144 3734 recte
1195 3681 1367 3735 etiam
1424 3683 1632 3736 curiosi
1662 3699 1782 3738 esse
1814 3684 2084 3754 prohibe-

392 3783 542 3834 mur,
575 3768 725 3838 quod
777 3784 1047 3839 magnum
1097 3769 1492 3840 temperantiae
1529 3786 1738 3824 munus
1795 3776 1898 3826 est.
1945 3773 2085 3827 Hinc

387 3855 530 3909 illud
561 3861 645 3910 est
668 3858 886 3913 :Cavete
910 3873 976 3910 ne
995 3859 1115 3926 quis
1144 3872 1235 3911 vos
1261 3857 1482 3912 seducat
1506 3875 1608 3927 per
1629 3860 2079 3929 philossophiam.

388 3945 455 3997 Et
500 3944 631 4015 quia
683 3944 872 4014 ipsum
900 3961 1112 3999 nomen
1140 3945 1520 4017 philosophiae
1560 3947 1607 4000 si
1664 3948 2077 4012 consideretur,

388 4049 511 4087 rem
541 4049 807 4104 magnam
838 4037 1071 4104 totoque
1097 4032 1119 4067 ³
1148 4034 1339 4088 animo
1370 4035 1748 4105 appetendam
1781 4036 2080 4107 signiﬁcat,

388 4120 672 4191 siquidem
701 4121 1065 4191 philosophia
1094 4126 1176 4174 est
1194 4138 1357 4175 amor
1379 4122 1748 4194 studiumque
1766 4124 2079 4194 sapientiae,

385 4208 710 4261 cautissime
742 4209 1064 4278 Apostolus,
1097 4225 1168 4262 ne
1190 4209 1259 4262 ab
1279 4225 1470 4263 amore
1491 4211 1782 4280 sapientia:
1798 4212 2080 4267 deterrere

385 4296 690 4362 videretur,
749 4295 1005 4366 subjecit,
1040 4301 1090 4349 et
1116 4298 1372 4351 elementa
1429 4299 1591 4368 hujus
1638 4300 1828 4353 mundi
1857 4301 2076 4371 (Coloss.

383 4402 441 4451 ιι,
470 4387 546 4454 8).
576 4385 718 4439 Sunt
748 4384 900 4437 enim
930 4383 1029 4454 qui
1061 4383 1297 4439 desertis
1325 4386 1646 4453 virtutibus,
1675 4393 1731 4442 et
1761 4389 2077 4444 nescientes

386 4471 524 4542 quid
558 4471 628 4525 sit
656 4473 822 4542 Deus,
845 4477 902 4526 et
922 4476 1131 4543 quanta
1152 4475 1417 4545 majestas
1438 4491 1664 4545 semper
1689 4477 1891 4531 eodem
1909 4479 2079 4533 modo

385 4560 670 4614 manentis
723 4565 943 4614 naturae
993 4577 1268 4633 magnum
1318 4563 1536 4634 aliquid
1567 4581 1624 4617 se
1654 4581 1822 4635 agerc
1851 4570 2075 4636 putant,

385 4649 432 4702 si
463 4649 786 4703 universam
825 4649 992 4704 istam
1026 4651 1280 4721 corporis
1312 4652 1546 4720 molem,
1596 4669 1770 4722 quam
1800 4655 2078 4709 mundum

383 4753 799 4808 nuncupamus,
856 4739 1238 4794 curiosissime
1301 4739 1800 4813 intentissimeque
1845 4744 2078 4815 perqui-

381 4831 530 4881 rant.
575 4827 729 4881 Unde
758 4831 914 4882 tanta
945 4828 1115 4882 etiam
1148 4829 1416 4900 superbia
1469 4829 1745 4900 gignitur,
1778 4831 1923 4885 utin
1952 4832 2075 4902 ipso

379 4916 544 4984 coelo,
603 4916 671 4970 de
727 4933 840 4987 quo
873 4934 1023 4988 saepe
1075 4916 1386 4988 disputant,
1421 4918 1652 4972 sibimet
1714 4919 1972 4974 habitare
2000 4921 2078 4974 vi-

381 5006 641 5060 deantur.
683 5005 976 5075 Reprimat
1004 5006 1184 5077 igitur
1213 5023 1271 5061 se
1285 5006 1476 5061 anima
1489 5006 1556 5060 ab
1579 5007 2076 5078 hujusmodivanze

377 5092 716 5161 cognitionis
766 5094 1074 5164 cupiditate
1122 5099 1164 5158 ι,
1215 5095 1261 5147 si
1311 5111 1369 5148 se
1415 5099 1629 5168 castam
1683 5097 1799 5150 Deo
1854 5113 2075 5152 servare

377 5179 672 5250 disposuit.
706 5182 828 5236 Tali
857 5183 1010 5236 enim
1055 5197 1250 5236 amore
1305 5183 1648 5254 plerumque
1679 5184 1978 5255 decipitur,
2009 5192 2076 5241 ut

440 5296 455 5328 ¹
489 5295 548 5342 In
583 5296 693 5342 Ess.
727 5299 863 5353 octo,
895 5295 1272 5356 deputantur;
1305 5296 1360 5343 in
1381 5295 1496 5343 aliis
1517 5297 1702 5356 tribus,
1725 5297 2068 5350 damnantur.

437 5356 459 5421 ξ’
491 5357 646 5421 _E_diti,
664 5370 763 5421 per
796 5360 1075 5421 imagines.
1100 5357 1335 5418 Plerique
1367 5357 1508 5421 9155.,
1525 5371 1630 5421 per
1649 5360 2069 5421 imaginationes.

434 5418 608 5480 3_Mss.
633 5419 862 5466 melioris
880 5423 1036 5474 notae,
1055 5421 1337 5480 totamque.
1365 5418 1608 5468 Porro'in
1631 5420 1745 5469 aliis
1761 5418 1994 5472 habetur
2015 5429 2072 5474 ut

375 5475 607 5542 inﬁda,
647 5484 861 5542 totoque
884 5483 1084 5542 animo.

335 5538 343 5546 '
436 5540 456 5572 ⁴
473 5540 684 5602 Aliquot
698 5538 839 5599 Mss,
853 5542 919 5591 ab
930 5539 1242 5606 hujusmodi
1255 5554 1394 5606 vagae
1408 5543 1736 5603 cogitationis
1757 5545 2061 5609 cupiditate.

1225 299 1316 352 DE
1357 296 1666 353 MORIBUS
1706 293 2066 352 ECCLESI/‘E
2104 292 2545 361 GATHOLICZE,
2590 295 2624 346 S
2690 293 3067 348 AUGUSTINI

3780 297 3916 350 l3‘28

2199 420 2296 470 aut
2331 417 2478 472 nihil
2511 420 2676 487 putet
2702 432 2844 483 esse,
2877 417 2988 471 nisi
3018 433 3255 488 corpus;
3292 422 3389 473 aut
3418 418 3648 474 etiamsi
3706 391 3914 474 auctri-

2198 504 2362 558 ritate
2387 509 2694 572 commota,
2741 504 2982 558 fateatur
3011 504 3227 576 aliquid
3285 521 3406 560 esse
3465 505 3912 578 incorporeum,

2197 593 2266 647 de
2294 593 2392 646 illo
2418 597 2611 647 tamen
2640 591 2748 646 nisi
2785 609 2890 662 per
2944 593 3224 664 imagines
3279 611 3584 666 corporeas
3643 597 3913 667 cogitare

2197 696 2314 734 non
2335 677 2535 751 possit,
2569 685 2624 735 et
2652 681 2762 735 tale
2793 681 3012 753 aliquid
3060 697 3181 737 esse
3212 683 3465 753 credere,
3525 685 3698 756 quale
3731 683 3914 738 fallax

2196 769 2451 840 corporis
2480 785 2677 823 sensus
2703 769 2932 838 inﬂigit.
2962 770 3046 824 Ad
3076 762 3184 825 hOc
3209 771 3382 826 etiam
3412 772 3562 827 valet
3577 772 3738 844 quod
3763 789 3912 844 pree-

2197 857 2405 928 cipitur
2435 857 2751 912 cavendum
2783 874 2905 912 esse
2937 875 2968 910 a
3000 859 3338 915 simulacris.

2269 949 2355 1000 39.
2389 945 2529 999 Huic
2558 961 2693 1016 ergo
2719 945 3041 1000 auctoritati
3072 947 3214 1001 Novi
3243 949 3610 1016 Testamenti,
3643 965 3765 1021 qua
3818 950 3914 1020 ju-

2195 1033 2400 1087 bemur
2429 1033 2568 1088 nihil
2600 1034 2801 1088 mundi
2828 1035 3000 1105 hujus
3031 1035 3269 1106 diligere
3305 1036 3350 1106 (I
3378 1039 3534 1091 Joan.
3566 1054 3629 1106 ιι,
3666 1040 3775 1106 15),
3807 1038 3914 1091 illa

2194 1120 2442 1174 maxime
2493 1122 2776 1176 sententia
2803 1138 2917 1192 qua
2946 1121 3160 1176 dictum
3191 1129 3296 1190 est,
3328 1126 3504 1181 Nolite
3557 1126 3913 1192 conformari

2197 1210 2320 1264 huic
2349 1210 2547 1264 mundo
2579 1209 2755 1280 (Rom.
2801 1226 2897 1277 xu,
2937 1211 3030 1281 2):
3065 1210 3236 1266 simul
3283 1212 3438 1266 enim
3495 1214 3911 1268 demonstran-

2195 1298 2332 1352 dum
2363 1303 2446 1352 est
2471 1298 2524 1352 ei
2550 1299 2632 1352 rei
2650 1315 2937 1371 quemque
2957 1300 3303 1355 conformari
3324 1317 3498 1372 quam
3520 1302 3737 1374 diligit:
3766 1303 3914 1358 huic

2196 1402 2330 1458 ergo
2388 1387 2727 1457 auctoritati,
2784 1389 2831 1442 si
2873 1388 2942 1443 de
2999 1389 3184 1442 Veteri
3240 1391 3602 1445 Testamento
3635 1408 3912 1462 quaeram

2196 1472 2334 1544 quid
2364 1491 2713 1545 comparem,
2741 1477 2906 1546 plura
2927 1477 3158 1547 quidem
3196 1477 3425 1532 invenio
3450 1495 3462 1532 :
3493 1480 3593 1533 sed
3623 1495 3780 1533 unus
3810 1480 3912 1534 Sa-

2196 1562 2440 1617 lomonis
2469 1564 2631 1630 liber,
2670 1564 3025 1618 Ecclesiastes
3059 1564 3159 1636 qui
3216 1565 3442 1632 dicitur,
3497 1566 3913 1635 copiosissime

2196 1649 2254 1703 in
2290 1666 2578 1705 summum
2609 1655 3000 1723 contemptum
3021 1652 3214 1706 omnia
3233 1653 3342 1706 ista
3371 1653 3655 1723 perducit.
3691 1653 3915 1723 Incipit

2197 1737 2349 1792 enim
2383 1739 2495 1792 sic:
2534 1741 2762 1793 Vanitas
2811 1742 3176 1794 vanitantium
3217 1740 3306 1810 (a),
3343 1741 3489 1795 dixit
3521 1743 3910 1806 Ecclesiastes,

2194 1830 2410 1881 vanitas
2440 1831 2828 1896 uanitantium,
2849 1833 2898 1882 et
2927 1831 3107 1883 omnia
3123 1832 3360 1884 vanitas.
3394 1830 3520 1896 Quae
3549 1831 3914 1885 abundantia

2197 1916 2402 1969 homini
2428 1918 2487 1969 in
2517 1919 2662 1970 omni
2679 1917 2858 1971 labore
2885 1933 3001 1986 suo,
3033 1933 3187 1986 quem
3216 1920 3332 1987 ipse
3361 1919 3571 1972 laborat
3592 1921 3693 1974 sub
3733 1921 3853 1974 sole
3881 1919 3912 1974 ἲ)

2198 2005 2386 2073 (Eccle.
2418 2022 2454 2070 ι,
2505 2008 2554 2072 2,
2593 2006 2670 2075 3.)
2702 2006 2831 2059 Haec
2859 2005 3029 2060 verba
3057 2005 3251 2060 omnia
3309 2005 3356 2059 si
3403 2007 3800 2074 attendantur,
3864 2009 3914 2061 si

2195 2093 2648 2162 perpendantur,
2725 2093 2773 2146 si
2827 2092 3224 2160 discutiantur,
3285 2094 3466 2148 multa
3519 2094 3916 2150 inveniuntur

2196 2181 2617 2248 pernecessaria
2631 2181 2698 2234 iis
2718 2180 2815 2252 qui
2837 2182 2988 2236 hunc
3006 2183 3288 2236 mundum
3303 2182 3524 2253 fugere,
3547 2189 3606 2237 et
3628 2184 3913 2254 refugere

2197 2267 2258 2321 in
2287 2269 2468 2322 Deum
2498 2269 2821 2324 desiderant
2850 2286 2863 2324 :
2896 2271 2993 2324 sed
3024 2271 3262 2340 longum
3295 2275 3399 2340 est,
3432 2275 3488 2325 et
3517 2271 3631 2326 alio
3663 2273 3913 2327 festinat

2195 2357 2397 2411 oratio.
2447 2358 2566 2412 Tali
2619 2361 2810 2412 tamen
2865 2358 3150 2428 principio
3189 2359 3525 2426 constituto,
3557 2361 3914 2432 exsequitur

2197 2445 2410 2508 omnia,
2463 2445 2775 2500 vanitantes
2814 2461 2934 2500 esse
2983 2463 3081 2500 eos
3112 2447 3211 2517 qui
3242 2447 3412 2501 rebus
3439 2447 3775 2519 hujusmodi
3803 2449 3913 2503 fal-

2195 2533 2391 2587 luntur
2417 2551 2430 2600 ;
2457 2534 2707 2604 idipsum
2758 2539 2952 2588 autem
2981 2551 3094 2605 quo
3125 2535 3404 2589 falluntur
3431 2537 3742 2590 vanitatem
3797 2554 3910 2592 vo-

2197 2637 2348 2688 cans,
2382 2637 2498 2676 non
2553 2623 2709 2693 quod
2763 2624 2909 2676 Deus
2968 2623 3078 2676 ista
3108 2639 3223 2677 non
3267 2623 3564 2692 creaverit,
3614 2625 3714 2678 sed
3762 2625 3915 2696 quia

2196 2709 2474 2779 subjicere
2532 2726 2591 2763 se
2639 2710 2902 2765 homines
2932 2711 3133 2765 volunt
3179 2711 3249 2765 iis
3281 2713 3452 2767 rebus
3482 2729 3590 2783 per
3637 2719 3911 2784 peccata,

2198 2814 2326 2868 quae
2356 2797 2467 2852 illis
2496 2813 2600 2868 per
2628 2803 2778 2853 recte
2815 2799 2962 2853 facta
3017 2799 3207 2854 divina
3235 2801 3361 2871 lege
3413 2801 3686 2872 subjectae
3739 2810 3911 2858 sunt.

2197 2886 2345 2950 Quid
2374 2891 2456 2940 est
2485 2887 2640 2941 enim
2671 2887 2847 2950 aliud,
2879 2887 3034 2941 falsis
3063 2888 3227 2942 bonis
3255 2889 3421 2944 illudi
3459 2894 3634 2962 atque
3685 2891 3911 2963 decipi,

2197 2991 2371 3049 quam
2426 2975 2607 3046 teipso
2661 2975 2952 3043 inferiora,
3008 2977 3271 3031 miranda
3299 2983 3355 3032 et
3384 2980 3708 3049 appetenda
3742 2981 3914 3034 arbi-

2195 3045 2378 3117 trari?
2407 3063 2584 3117 Habet
2612 3064 2790 3135 igitur
2819 3064 2905 3118 vir
2930 3063 3259 3135 temperans
3285 3067 3346 3120 in
3374 3045 3776 3138 hujuscemodi
3814 3086 3913 3124 re-

2196 3152 2302 3207 bus
2332 3152 2666 3206 mortalibus
2697 3157 2753 3207 et
2782 3153 3114 3224 ﬂuentibus,
3147 3154 3278 3208 vitae
3335 3157 3593 3225 regulam
3646 3161 3913 3228 utroque

2193 3241 2550 3295 Testamento
2579 3241 2903 3316 ﬁrmatam;
2941 3247 3007 3296 ut
3033 3258 3237 3297 eorum
3281 3243 3424 3298 nihil
3459 3244 3683 3315 diligat,
3745 3246 3908 3300 nihil

2193 3341 2298 3394 per
2335 3345 2392 3381 se
2425 3329 2806 3399 appetendum
2837 3334 3015 3400 putet,
3067 3331 3166 3385 sed
3215 3331 3286 3386 ad
3332 3331 3462 3386 vita:
3493 3333 3667 3404 hujus
3722 3337 3916 3406 atque

2192 3412 2512 3468 ofﬁciorum
2562 3415 2952 3470 necessitatem
3008 3421 3289 3487 quantum
3339 3423 3425 3489 sat
3457 3423 3562 3487 est,
3623 3425 3909 3490 usurpet,

2193 3500 2408 3555 utentis
2434 3502 2732 3570 modestia,
2755 3519 2871 3558 non
2904 3505 3148 3558 amantis
3179 3505 3402 3561 affectu.
3430 3508 3557 3561 Haec
3589 3507 3744 3562 dicta
3783 3510 3918 3564 sint

2193 3591 2262 3645 de
2291 3592 2692 3662 temperantia,
2737 3609 2840 3663 pro
2889 3609 3083 3648 rerum
3138 3594 3537 3666 magnitudine
3599 3595 3910 3664 breviter;

2193 3696 2296 3750 pro
2325 3680 2588 3736 instituto
2619 3686 2812 3736 tamen
2857 3698 3031 3753 opere
3083 3683 3318 3739 fortasse
3375 3684 3666 3756 copiosius
3720 3703 3912 3757 quam

2193 3769 2512 3838 oportebat.

2264 3857 2489 3912 CAPUT
2521 3858 2678 3912 XXII.
2717 3888 2776 3898 —
2809 3859 3199 3915 Fortitudinem
3247 3866 3483 3930 praestat
3508 3878 3663 3918 amor
3695 3863 3831 3919 Dei.

2260 3947 2349 4000 40.
2386 3947 2464 4000 De
2492 3946 2825 4002 fortitudine
2871 3963 3003 4002 vero
3060 3965 3176 4003 non
3221 3951 3404 4004 multa
3461 3950 3706 4006 dicenda
3737 3957 3908 4008 sunt.

2189 4035 2364 4088 Amor
2393 4052 2638 4106 namque
2666 4036 2762 4090 ille
2792 4036 2860 4090 de
2891 4053 3005 4107 quo
3036 4037 3345 4108 loquimur,
3402 4055 3579 4109 quem
3608 4044 3736 4095 tota
3767 4059 3910 4097 san-

2189 4121 2358 4178 citate
2415 4123 2838 4179 inﬂammatum
2890 4140 3012 4180 esse
3059 4130 3289 4197 oportet
3329 4127 3389 4182 in
3417 4129 3622 4196 Deum,
3680 4130 3746 4184 in
3778 4147 3909 4186 non

2189 4212 2526 4282 appetendis
2556 4213 2679 4267 istis
2708 4217 3052 4286 temperans,
3086 4215 3149 4270 in
3176 4216 3505 4274 emittendis
3534 4218 3703 4272 tortis
3733 4236 3908 4275 voca-

2189 4303 2302 4354 tur.
2345 4301 2453 4355 Sed
2482 4301 2630 4356 inter
2687 4303 2881 4356 omnia
2932 4319 3060 4374 quae
3091 4303 3152 4358 in
3202 4305 3308 4358 hac
3356 4305 3467 4360 vita
3496 4306 3906 4377 possidentur,

2188 4405 2390 4459 corpus
2418 4389 2640 4444 homini
2671 4391 3068 4461 gravissimum
3099 4392 3392 4448 vinculum
3424 4399 3526 4457 est,
3553 4395 3911 4465 justissimis

2188 4477 2287 4531 Dei
2327 4476 2566 4547 legibus,
2594 4483 2830 4549 propter
2875 4480 3174 4552 antiquum
3227 4486 3544 4552 peccatum,
3591 4499 3711 4554 quo
3745 4486 3908 4541 nihil

2188 4569 2272 4619 est
2300 4567 2367 4620 ad
2396 4567 2823 4637 praedicandum
2849 4561 3061 4634 notius,
3121 4569 3267 4624 nihil
3315 4571 3386 4625 ad
3443 4571 3908 4644 intelligendum

2187 4656 2472 4709 secretius.
2511 4657 2623 4711 Ploc
2651 4673 2787 4728 ergo
2818 4657 3110 4712 vinculum
3166 4675 3238 4712 ne
3291 4659 3655 4715 concutiatur
3715 4668 3908 4736 atque

2185 4748 2436 4811 vexetur,
2469 4744 2677 4799 laboris
2706 4750 2762 4798 et
2790 4746 3033 4813 doloris;
3064 4762 3137 4801 ne
3190 4747 3485 4802 auferatur
3535 4753 3710 4820 atque
3758 4769 3908 4823 per-

2183 4831 2416 4900 imatur,
2434 4834 2633 4887 mortis
2658 4839 2878 4889 terrore
2899 4835 3150 4890 animam
3165 4837 3367 4906 quatit.
3383 4839 3554 4891 Amat
3569 4839 3728 4893 enim
3749 4840 3904 4897 illud

2184 4920 2238 4975 vi
2267 4922 2710 4990 consuetudinis,
2743 4939 2860 4977 non
2887 4923 3238 4994 intelligens,
3297 4924 3346 4978 si
3403 4942 3471 4979 eo
3516 4926 3666 4980 bene
3718 4934 3908 5000 atque

2183 5010 2426 5065 scienter
2475 5015 2689 5078 utatur,
2769 5012 3242 5067 resurrectionem
3293 5013 3904 5089 reformationemque

2183 5099 2304 5168 ejus
2334 5115 2440 5169 ope
2468 5115 2531 5154 ac
2577 5100 2701 5170 lege
2751 5099 2943 5153 divina
2995 5101 3118 5156 sine
3175 5103 3295 5157 ulla
3341 5103 3607 5157 molestia
3631 5104 3757 5175 juri
3786 5124 3902 5162 suo

2181 5187 2466 5242 subditam
2494 5188 2643 5242 fore:
2679 5187 2778 5240 sed
2807 5203 2936 5242 cum
2970 5205 3030 5244 se
3072 5189 3180 5243 hoc
3225 5207 3422 5244 amore
3452 5196 3573 5245 tota
3605 5193 3667 5247 in
3701 5195 3902 5251 Deum

2181 5276 2580 5342 converterit',
2607 5275 2695 5328 his
2745 5276 2986 5346 cognitis
3043 5282 3291 5333 mortem
3329 5295 3447 5333 non
3475 5280 3651 5334 modo
3695 5288 3905 5339 conte-

2244 5428 2256 5460 ι
2281 5427 2414 5497 Mss.
2433 5428 2553 5474 tres.
2577 5423 2679 5474 Sed
2708 5439 2828 5476 cum
2857 5424 2995 5478 hunc
3014 5440 3256 5479 amorem
3277 5431 3449 5481 totum
3470 5431 3523 5480 in
3555 5433 3726 5483 Deum
3757 5447 3896 5487 con-

2176 5491 2430 5538 verterit.

2242 5551 2310 5612 (α)
2339 5549 2453 5599 Vid.
2483 5549 2710 5599 Retract.
2743 5549 2830 5600 lib.
2865 5554 2911 5610 1,
2942 5566 3054 5617 cap.
3077 5555 3126 5613 7,
3154 5567 3208 5603 n.
3241 5556 3287 5602 3.
