  <div class='ocr_page' id='page_1' title='image "/cluster/home/n/w/nwhite01/storage/ocr_20150623/32/umn.31951002477326y/676.png"; bbox 0 0 4074 6354; ppageno 0'>
   <div class='ocr_carea' id='block_1_1' title="bbox 191 337 332 389">
    <p class='ocr_par' dir='ltr' id='par_1_1' title="bbox 191 337 332 389">
     <span class='ocr_line' id='line_1_1' title="bbox 191 337 332 389; baseline 0 -1"><span class='ocrx_word' id='word_1_1' title='bbox 191 337 332 389; x_wconf 80' lang='grc'><strong>1329</strong></span> 
     </span>
    </p>
   </div>
   <div class='ocr_carea' id='block_1_2' title="bbox 185 456 1194 522">
    <p class='ocr_par' dir='ltr' id='par_1_2' title="bbox 185 456 1194 522">
     <span class='ocr_line' id='line_1_2' title="bbox 185 456 1194 522; baseline 0.004 -12"><span class='ocrx_word' id='word_1_2' title='bbox 185 460 370 522; x_wconf 87' lang='lat' dir='ltr'>mnet,</span> <span class='ocrx_word' id='word_1_3' title='bbox 397 471 595 510; x_wconf 89' lang='lat' dir='ltr'>verum</span> <span class='ocrx_word' id='word_1_4' title='bbox 625 456 796 511; x_wconf 92' lang='lat' dir='ltr'>etiam</span> <span class='ocrx_word' id='word_1_5' title='bbox 832 458 1194 515; x_wconf 82' lang='lat' dir='ltr'>desiderabit.</span> 
     </span>
    </p>
   </div>
   <div class='ocr_carea' id='block_1_3' title="bbox 263 544 1884 620">
    <p class='ocr_par' dir='ltr' id='par_1_3' title="bbox 263 544 1884 620">
     <span class='ocr_line' id='line_1_3' title="bbox 263 544 1884 620; baseline 0.007 -23"><span class='ocrx_word' id='word_1_6' title='bbox 263 547 348 598; x_wconf 76' lang='grc'>41.</span> <span class='ocrx_word' id='word_1_7' title='bbox 382 544 489 598; x_wconf 88' lang='lat' dir='ltr'>Sed</span> <span class='ocrx_word' id='word_1_8' title='bbox 519 549 693 599; x_wconf 81' lang='lat' dir='ltr'>restat</span> <span class='ocrx_word' id='word_1_9' title='bbox 734 562 862 600; x_wconf 90' lang='lat' dir='ltr'>cum</span> <span class='ocrx_word' id='word_1_10' title='bbox 916 548 1108 602; x_wconf 91' lang='lat' dir='ltr'>dolore</span> <span class='ocrx_word' id='word_1_11' title='bbox 1155 565 1364 620; x_wconf 86' lang='lat' dir='ltr'>magna</span> <span class='ocrx_word' id='word_1_12' title='bbox 1395 552 1694 608; x_wconf 87' lang='lat' dir='ltr'>conﬂictio.</span> <span class='ocrx_word' id='word_1_13' title='bbox 1732 554 1884 609; x_wconf 87' lang='lat' dir='ltr'>Nihil</span> 
     </span>
    </p>
   </div>
   <div class='ocr_carea' id='block_1_4' title="bbox 182 635 1887 712">
    <p class='ocr_par' dir='ltr' id='par_1_4' title="bbox 182 635 1887 712">
     <span class='ocr_line' id='line_1_4' title="bbox 182 635 1887 712; baseline 0.006 -25"><span class='ocrx_word' id='word_1_14' title='bbox 182 637 274 687; x_wconf 89' lang='lat' dir='ltr'>est</span> <span class='ocrx_word' id='word_1_15' title='bbox 299 638 635 691; x_wconf 77' lang='lat' dir='ltr'>tamentam</span> <span class='ocrx_word' id='word_1_16' title='bbox 667 635 874 691; x_wconf 88' lang='lat' dir='ltr'>durum</span> <span class='ocrx_word' id='word_1_17' title='bbox 902 641 1073 708; x_wconf 89' lang='lat' dir='ltr'>atque</span> <span class='ocrx_word' id='word_1_18' title='bbox 1102 638 1373 707; x_wconf 86' lang='lat' dir='ltr'>ferreum,</span> <span class='ocrx_word' id='word_1_19' title='bbox 1402 643 1556 712; x_wconf 91' lang='lat' dir='ltr'>quod</span> <span class='ocrx_word' id='word_1_20' title='bbox 1585 659 1702 696; x_wconf 90' lang='lat' dir='ltr'>non</span> <span class='ocrx_word' id='word_1_21' title='bbox 1735 659 1887 698; x_wconf 88' lang='lat' dir='ltr'>amo-</span> 
     </span>
    </p>
   </div>
   <div class='ocr_carea' id='block_1_5' title="bbox 181 719 1880 801">
    <p class='ocr_par' dir='ltr' id='par_1_5' title="bbox 181 719 1880 801">
     <span class='ocr_line' id='line_1_5' title="bbox 181 719 1880 801; baseline 0.008 -29"><span class='ocrx_word' id='word_1_22' title='bbox 181 719 265 772; x_wconf 90' lang='lat' dir='ltr'>ris</span> <span class='ocrx_word' id='word_1_23' title='bbox 293 720 427 791; x_wconf 85' lang='lat' dir='ltr'>igne</span> <span class='ocrx_word' id='word_1_24' title='bbox 458 720 733 777; x_wconf 82' lang='lat' dir='ltr'>vincatur.</span> <span class='ocrx_word' id='word_1_25' title='bbox 767 725 888 789; x_wconf 91' lang='lat' dir='ltr'>Quo</span> <span class='ocrx_word' id='word_1_26' title='bbox 909 740 1040 780; x_wconf 90' lang='lat' dir='ltr'>cum</span> <span class='ocrx_word' id='word_1_27' title='bbox 1072 743 1127 781; x_wconf 87' lang='lat' dir='ltr'>se</span> <span class='ocrx_word' id='word_1_28' title='bbox 1157 728 1349 782; x_wconf 89' lang='lat' dir='ltr'>anima</span> <span class='ocrx_word' id='word_1_29' title='bbox 1378 730 1561 801; x_wconf 85' lang='lat' dir='ltr'>rapiet</span> <span class='ocrx_word' id='word_1_30' title='bbox 1590 730 1647 784; x_wconf 93' lang='lat' dir='ltr'>in</span> <span class='ocrx_word' id='word_1_31' title='bbox 1681 733 1880 798; x_wconf 90' lang='lat' dir='ltr'>Deum,</span> 
     </span>
    </p>
   </div>
   <div class='ocr_carea' id='block_1_6' title="bbox 181 812 1882 884">
    <p class='ocr_par' dir='ltr' id='par_1_6' title="bbox 181 812 1882 884">
     <span class='ocr_line' id='line_1_6' title="bbox 181 812 1882 884; baseline 0.006 -22"><span class='ocrx_word' id='word_1_32' title='bbox 181 825 360 879; x_wconf 84' lang='lat' dir='ltr'>super</span> <span class='ocrx_word' id='word_1_33' title='bbox 385 826 614 865; x_wconf 90' lang='lat' dir='ltr'>omnem</span> <span class='ocrx_word' id='word_1_34' title='bbox 636 812 1023 868; x_wconf 76' lang='lat' dir='ltr'>carnificinam</span> <span class='ocrx_word' id='word_1_35' title='bbox 1049 815 1245 884; x_wconf 86' lang='lat' dir='ltr'>libera,</span> <span class='ocrx_word' id='word_1_36' title='bbox 1278 822 1333 871; x_wconf 89' lang='lat' dir='ltr'>et</span> <span class='ocrx_word' id='word_1_37' title='bbox 1357 819 1688 874; x_wconf 86' lang='lat' dir='ltr'>admiranda</span> <span class='ocrx_word' id='word_1_38' title='bbox 1737 820 1882 874; x_wconf 88' lang='lat' dir='ltr'>voli-</span> 
     </span>
    </p>
   </div>
   <div class='ocr_carea' id='block_1_7' title="bbox 179 897 1881 979">
    <p class='ocr_par' dir='ltr' id='par_1_7' title="bbox 179 897 1881 979">
     <span class='ocr_line' id='line_1_7' title="bbox 179 897 1881 979; baseline 0.008 -29"><span class='ocrx_word' id='word_1_39' title='bbox 179 897 331 952; x_wconf 87' lang='lat' dir='ltr'>tabit</span> <span class='ocrx_word' id='word_1_40' title='bbox 360 899 568 968; x_wconf 88' lang='lat' dir='ltr'>pennis</span> <span class='ocrx_word' id='word_1_41' title='bbox 598 901 996 971; x_wconf 85' lang='lat' dir='ltr'>pulcherrimis</span> <span class='ocrx_word' id='word_1_42' title='bbox 1048 910 1103 957; x_wconf 92' lang='lat' dir='ltr'>et</span> <span class='ocrx_word' id='word_1_43' title='bbox 1132 904 1535 975; x_wconf 84' lang='lat' dir='ltr'>integerrimis,</span> <span class='ocrx_word' id='word_1_44' title='bbox 1565 909 1773 979; x_wconf 86' lang='lat' dir='ltr'>quibus</span> <span class='ocrx_word' id='word_1_45' title='bbox 1811 909 1881 963; x_wconf 92' lang='lat' dir='ltr'>ad</span> 
     </span>
    </p>
   </div>
   <div class='ocr_carea' id='block_1_8' title="bbox 183 986 1880 1058">
    <p class='ocr_par' dir='ltr' id='par_1_8' title="bbox 183 986 1880 1058">
     <span class='ocr_line' id='line_1_8' title="bbox 183 986 1880 1058; baseline 0.007 -19"><span class='ocrx_word' id='word_1_46' title='bbox 183 986 289 1040; x_wconf 89' lang='lat' dir='ltr'>Dei</span> <span class='ocrx_word' id='word_1_47' title='bbox 322 988 645 1058; x_wconf 87' lang='lat' dir='ltr'>amplexum</span> <span class='ocrx_word' id='word_1_48' title='bbox 674 1005 839 1043; x_wconf 90' lang='lat' dir='ltr'>amor</span> <span class='ocrx_word' id='word_1_49' title='bbox 867 996 1053 1044; x_wconf 88' lang='lat' dir='ltr'>castus</span> <span class='ocrx_word' id='word_1_50' title='bbox 1092 993 1377 1048; x_wconf 77' lang='lat' dir='ltr'>innititur.</span> <span class='ocrx_word' id='word_1_51' title='bbox 1414 995 1528 1048; x_wconf 78' lang='lat' dir='ltr'>Nisi</span> <span class='ocrx_word' id='word_1_52' title='bbox 1571 1013 1702 1050; x_wconf 80' lang='lat' dir='ltr'>vero</span> <span class='ocrx_word' id='word_1_53' title='bbox 1723 1012 1880 1050; x_wconf 89' lang='lat' dir='ltr'>ama-</span> 
     </span>
    </p>
   </div>
   <div class='ocr_carea' id='block_1_9' title="bbox 179 1075 1878 1153">
    <p class='ocr_par' dir='ltr' id='par_1_9' title="bbox 179 1075 1878 1153">
     <span class='ocr_line' id='line_1_9' title="bbox 179 1075 1878 1153; baseline 0.008 -26"><span class='ocrx_word' id='word_1_54' title='bbox 179 1078 336 1129; x_wconf 90' lang='lat' dir='ltr'>tores</span> <span class='ocrx_word' id='word_1_55' title='bbox 385 1075 532 1144; x_wconf 86' lang='lat' dir='ltr'>auri,</span> <span class='ocrx_word' id='word_1_56' title='bbox 578 1083 862 1132; x_wconf 82' lang='lat' dir='ltr'>amatores</span> <span class='ocrx_word' id='word_1_57' title='bbox 917 1080 1122 1144; x_wconf 86' lang='lat' dir='ltr'>laudis,</span> <span class='ocrx_word' id='word_1_58' title='bbox 1174 1087 1456 1137; x_wconf 85' lang='lat' dir='ltr'>amatores</span> <span class='ocrx_word' id='word_1_59' title='bbox 1509 1084 1878 1153; x_wconf 80' lang='lat' dir='ltr'>feminarum,</span> 
     </span>
    </p>
   </div>
   <div class='ocr_carea' id='block_1_10' title="bbox 179 1162 1880 1238">
    <p class='ocr_par' dir='ltr' id='par_1_10' title="bbox 179 1162 1880 1238">
     <span class='ocr_line' id='line_1_10' title="bbox 179 1162 1880 1238; baseline 0.008 -24"><span class='ocrx_word' id='word_1_60' title='bbox 179 1162 539 1216; x_wconf 84' lang='lat' dir='ltr'>amatoribus</span> <span class='ocrx_word' id='word_1_61' title='bbox 571 1164 686 1217; x_wconf 91' lang='lat' dir='ltr'>suis</span> <span class='ocrx_word' id='word_1_62' title='bbox 740 1167 890 1219; x_wconf 85' lang='lat' dir='ltr'>Deus</span> <span class='ocrx_word' id='word_1_63' title='bbox 939 1167 1086 1221; x_wconf 91' lang='lat' dir='ltr'>sinet</span> <span class='ocrx_word' id='word_1_64' title='bbox 1133 1185 1253 1222; x_wconf 90' lang='lat' dir='ltr'>esse</span> <span class='ocrx_word' id='word_1_65' title='bbox 1301 1171 1590 1238; x_wconf 79' lang='lat' dir='ltr'>fortiores;</span> <span class='ocrx_word' id='word_1_66' title='bbox 1625 1189 1753 1226; x_wconf 91' lang='lat' dir='ltr'>cum</span> <span class='ocrx_word' id='word_1_67' title='bbox 1786 1174 1880 1227; x_wconf 87' lang='lat' dir='ltr'>ille</span> 
     </span>
    </p>
   </div>
   <div class='ocr_carea' id='block_1_11' title="bbox 180 1253 1881 1328">
    <p class='ocr_par' dir='ltr' id='par_1_11' title="bbox 180 1253 1881 1328">
     <span class='ocr_line' id='line_1_11' title="bbox 180 1253 1881 1328; baseline 0.007 -24"><span class='ocrx_word' id='word_1_68' title='bbox 180 1267 300 1305; x_wconf 92' lang='lat' dir='ltr'>non</span> <span class='ocrx_word' id='word_1_69' title='bbox 335 1267 514 1319; x_wconf 90' lang='lat' dir='ltr'>amor,</span> <span class='ocrx_word' id='word_1_70' title='bbox 545 1253 644 1306; x_wconf 91' lang='lat' dir='ltr'>sed</span> <span class='ocrx_word' id='word_1_71' title='bbox 673 1255 1079 1324; x_wconf 80' lang='lat' dir='ltr'>congruentius</span> <span class='ocrx_word' id='word_1_72' title='bbox 1125 1257 1402 1328; x_wconf 88' lang='lat' dir='ltr'>cupiditas</span> <span class='ocrx_word' id='word_1_73' title='bbox 1446 1261 1533 1314; x_wconf 87' lang='lat' dir='ltr'>vel</span> <span class='ocrx_word' id='word_1_74' title='bbox 1573 1261 1746 1316; x_wconf 90' lang='lat' dir='ltr'>libido</span> <span class='ocrx_word' id='word_1_75' title='bbox 1779 1278 1881 1315; x_wconf 91' lang='lat' dir='ltr'>no-</span> 
     </span>
    </p>
   </div>
   <div class='ocr_carea' id='block_1_12' title="bbox 179 1338 1880 1421">
    <p class='ocr_par' dir='ltr' id='par_1_12' title="bbox 179 1338 1880 1421">
     <span class='ocr_line' id='line_1_12' title="bbox 179 1338 1880 1421; baseline 0.007 -29"><span class='ocrx_word' id='word_1_76' title='bbox 179 1338 452 1393; x_wconf 87' lang='lat' dir='ltr'>minetur.</span> <span class='ocrx_word' id='word_1_77' title='bbox 507 1341 570 1394; x_wconf 92' lang='lat' dir='ltr'>In</span> <span class='ocrx_word' id='word_1_78' title='bbox 602 1357 714 1411; x_wconf 89' lang='lat' dir='ltr'>qua</span> <span class='ocrx_word' id='word_1_79' title='bbox 745 1345 934 1396; x_wconf 84' lang='lat' dir='ltr'>tamen</span> <span class='ocrx_word' id='word_1_80' title='bbox 965 1352 1202 1415; x_wconf 83' lang='lat' dir='ltr'>apparet</span> <span class='ocrx_word' id='word_1_81' title='bbox 1229 1353 1476 1417; x_wconf 88' lang='lat' dir='ltr'>quantus</span> <span class='ocrx_word' id='word_1_82' title='bbox 1532 1349 1604 1404; x_wconf 89' lang='lat' dir='ltr'>sit</span> <span class='ocrx_word' id='word_1_83' title='bbox 1633 1350 1880 1421; x_wconf 86' lang='lat' dir='ltr'>impetus</span> 
     </span>
    </p>
   </div>
   <div class='ocr_carea' id='block_1_13' title="bbox 180 1427 1880 1509">
    <p class='ocr_par' dir='ltr' id='par_1_13' title="bbox 180 1427 1880 1509">
     <span class='ocr_line' id='line_1_13' title="bbox 180 1427 1880 1509; baseline 0.008 -29"><span class='ocrx_word' id='word_1_84' title='bbox 180 1427 364 1481; x_wconf 87' lang='lat' dir='ltr'>animi</span> <span class='ocrx_word' id='word_1_85' title='bbox 393 1428 465 1482; x_wconf 90' lang='lat' dir='ltr'>ad</span> <span class='ocrx_word' id='word_1_86' title='bbox 496 1444 562 1483; x_wconf 89' lang='lat' dir='ltr'>ea</span> <span class='ocrx_word' id='word_1_87' title='bbox 592 1445 719 1500; x_wconf 86' lang='lat' dir='ltr'>quae</span> <span class='ocrx_word' id='word_1_88' title='bbox 747 1430 1070 1502; x_wconf 90' lang='lat' dir='ltr'>diliguntur</span> <span class='ocrx_word' id='word_1_89' title='bbox 1102 1433 1383 1490; x_wconf 89' lang='lat' dir='ltr'>indefesso</span> <span class='ocrx_word' id='word_1_90' title='bbox 1414 1453 1583 1492; x_wconf 86' lang='lat' dir='ltr'>cursu</span> <span class='ocrx_word' id='word_1_91' title='bbox 1605 1440 1622 1474; x_wconf 89' lang='grc'>¹</span> <span class='ocrx_word' id='word_1_92' title='bbox 1645 1455 1748 1509; x_wconf 89' lang='lat' dir='ltr'>per</span> <span class='ocrx_word' id='word_1_93' title='bbox 1775 1439 1880 1493; x_wconf 91' lang='lat' dir='ltr'>im-</span> 
     </span>
    </p>
   </div>
   <div class='ocr_carea' id='block_1_14' title="bbox 179 1517 1878 1596">
    <p class='ocr_par' dir='ltr' id='par_1_14' title="bbox 179 1517 1878 1596">
     <span class='ocr_line' id='line_1_14' title="bbox 179 1517 1878 1596; baseline 0.007 -27"><span class='ocrx_word' id='word_1_94' title='bbox 179 1517 380 1571; x_wconf 86' lang='lat' dir='ltr'>mania</span> <span class='ocrx_word' id='word_1_95' title='bbox 425 1533 668 1589; x_wconf 86' lang='lat' dir='ltr'>queeque</span> <span class='ocrx_word' id='word_1_96' title='bbox 711 1519 1018 1588; x_wconf 88' lang='lat' dir='ltr'>tendentis,</span> <span class='ocrx_word' id='word_1_97' title='bbox 1065 1527 1519 1596; x_wconf 83' lang='lat' dir='ltr'>argumentoque</span> <span class='ocrx_word' id='word_1_98' title='bbox 1563 1526 1727 1580; x_wconf 88' lang='lat' dir='ltr'>nobis</span> <span class='ocrx_word' id='word_1_99' title='bbox 1772 1533 1878 1595; x_wconf 89' lang='lat' dir='ltr'>est,</span> 
     </span>
    </p>
   </div>
   <div class='ocr_carea' id='block_1_15' title="bbox 179 1605 1881 1678">
    <p class='ocr_par' dir='ltr' id='par_1_15' title="bbox 179 1605 1881 1678">
     <span class='ocr_line' id='line_1_15' title="bbox 179 1605 1881 1678; baseline 0.008 -21"><span class='ocrx_word' id='word_1_100' title='bbox 179 1621 360 1676; x_wconf 86' lang='lat' dir='ltr'>quam</span> <span class='ocrx_word' id='word_1_101' title='bbox 391 1605 504 1660; x_wconf 93' lang='lat' dir='ltr'>sint</span> <span class='ocrx_word' id='word_1_102' title='bbox 532 1607 724 1662; x_wconf 90' lang='lat' dir='ltr'>omnia</span> <span class='ocrx_word' id='word_1_103' title='bbox 752 1611 1110 1678; x_wconf 89' lang='lat' dir='ltr'>perferenda,</span> <span class='ocrx_word' id='word_1_104' title='bbox 1143 1628 1214 1666; x_wconf 91' lang='lat' dir='ltr'>ne</span> <span class='ocrx_word' id='word_1_105' title='bbox 1241 1614 1570 1669; x_wconf 86' lang='lat' dir='ltr'>deseramus</span> <span class='ocrx_word' id='word_1_106' title='bbox 1599 1615 1798 1670; x_wconf 92' lang='lat' dir='ltr'>Deum.</span> <span class='ocrx_word' id='word_1_107' title='bbox 1833 1615 1881 1671; x_wconf 91' lang='lat' dir='ltr'>si</span> 
     </span>
    </p>
   </div>
   <div class='ocr_carea' id='block_1_16' title="bbox 178 1694 1203 1769">
    <p class='ocr_par' dir='ltr' id='par_1_16' title="bbox 178 1694 1203 1769">
     <span class='ocr_line' id='line_1_16' title="bbox 178 1694 1203 1769; baseline 0.008 -22"><span class='ocrx_word' id='word_1_108' title='bbox 178 1698 343 1748; x_wconf 87' lang='lat' dir='ltr'>tanta</span> <span class='ocrx_word' id='word_1_109' title='bbox 367 1694 452 1749; x_wconf 92' lang='lat' dir='ltr'>illi</span> <span class='ocrx_word' id='word_1_110' title='bbox 478 1700 543 1750; x_wconf 91' lang='lat' dir='ltr'>ut</span> <span class='ocrx_word' id='word_1_111' title='bbox 572 1695 855 1765; x_wconf 86' lang='lat' dir='ltr'>deserant,</span> <span class='ocrx_word' id='word_1_112' title='bbox 888 1699 1203 1769; x_wconf 85' lang='lat' dir='ltr'>perferunt.</span> 
     </span>
    </p>
   </div>
   <div class='ocr_carea' id='block_1_17' title="bbox 206 1817 1879 1896">
    <p class='ocr_par' dir='ltr' id='par_1_17' title="bbox 206 1817 1879 1896">
     <span class='ocr_line' id='line_1_17' title="bbox 206 1817 1879 1896; baseline 0.006 -24"><span class='ocrx_word' id='word_1_113' title='bbox 206 1817 434 1873; x_wconf 82' lang='lat' dir='ltr'>CAPUT</span> <span class='ocrx_word' id='word_1_114' title='bbox 459 1819 642 1879; x_wconf 87' lang='lat' dir='ltr'>XXIII.</span> <span class='ocrx_word' id='word_1_115' title='bbox 689 1851 757 1860; x_wconf 92' lang='lat'>——</span> <span class='ocrx_word' id='word_1_116' title='bbox 786 1823 1143 1878; x_wconf 71' lang='lat' dir='ltr'>Fortitudinis</span> <span class='ocrx_word' id='word_1_117' title='bbox 1182 1827 1388 1880; x_wconf 89' lang='lat' dir='ltr'>monita</span> <span class='ocrx_word' id='word_1_118' title='bbox 1429 1830 1480 1880; x_wconf 88' lang='lat' dir='ltr'>et</span> <span class='ocrx_word' id='word_1_119' title='bbox 1520 1829 1765 1896; x_wconf 73' lang='lat' dir='ltr'>exempta</span> <span class='ocrx_word' id='word_1_120' title='bbox 1810 1843 1879 1882; x_wconf 81' lang='lat' dir='ltr'>ea:</span> 
     </span>
    </p>
   </div>
   <div class='ocr_carea' id='block_1_18' title="bbox 872 1911 1193 1980">
    <p class='ocr_par' dir='ltr' id='par_1_18' title="bbox 872 1911 1193 1980">
     <span class='ocr_line' id='line_1_18' title="bbox 872 1911 1193 1980; baseline -0.003 -14"><span class='ocrx_word' id='word_1_121' title='bbox 872 1911 1193 1980; x_wconf 83' lang='lat' dir='ltr'>Scripturis.</span> 
     </span>
    </p>
   </div>
   <div class='ocr_carea' id='block_1_19' title="bbox 252 2013 1877 2085">
    <p class='ocr_par' dir='ltr' id='par_1_19' title="bbox 252 2013 1877 2085">
     <span class='ocr_line' id='line_1_19' title="bbox 252 2013 1877 2085; baseline 0.006 -19"><span class='ocrx_word' id='word_1_122' title='bbox 252 2014 342 2067; x_wconf 74' lang='lat'>42.</span> <span class='ocrx_word' id='word_1_123' title='bbox 405 2013 552 2078; x_wconf 89' lang='lat' dir='ltr'>Quid</span> <span class='ocrx_word' id='word_1_124' title='bbox 604 2029 739 2085; x_wconf 87' lang='lat' dir='ltr'>ergo</span> <span class='ocrx_word' id='word_1_125' title='bbox 789 2015 879 2069; x_wconf 91' lang='lat' dir='ltr'>hic</span> <span class='ocrx_word' id='word_1_126' title='bbox 929 2016 1068 2071; x_wconf 89' lang='lat' dir='ltr'>Novi</span> <span class='ocrx_word' id='word_1_127' title='bbox 1117 2018 1462 2073; x_wconf 90' lang='lat' dir='ltr'>Testamenti</span> <span class='ocrx_word' id='word_1_128' title='bbox 1520 2020 1877 2076; x_wconf 88' lang='lat' dir='ltr'>aactoritates</span> 
     </span>
    </p>
   </div>
   <div class='ocr_carea' id='block_1_20' title="bbox 173 2102 1877 2178">
    <p class='ocr_par' dir='ltr' id='par_1_20' title="bbox 173 2102 1877 2178">
     <span class='ocr_line' id='line_1_20' title="bbox 173 2102 1877 2178; baseline 0.005 -22"><span class='ocrx_word' id='word_1_129' title='bbox 173 2102 463 2172; x_wconf 83' lang='lat' dir='ltr'>colligam,</span> <span class='ocrx_word' id='word_1_130' title='bbox 491 2102 592 2156; x_wconf 91' lang='lat' dir='ltr'>ubi</span> <span class='ocrx_word' id='word_1_131' title='bbox 618 2103 834 2158; x_wconf 90' lang='lat' dir='ltr'>dictum</span> <span class='ocrx_word' id='word_1_132' title='bbox 861 2110 963 2171; x_wconf 89' lang='lat' dir='ltr'>est,</span> <span class='ocrx_word' id='word_1_133' title='bbox 1001 2106 1306 2162; x_wconf 87' lang='lat' dir='ltr'>Tribulatio</span> <span class='ocrx_word' id='word_1_134' title='bbox 1324 2111 1651 2177; x_wconf 74' lang='lat' dir='ltr'>patientiam</span> <span class='ocrx_word' id='word_1_135' title='bbox 1681 2125 1877 2178; x_wconf 87' lang='lat' dir='ltr'>opera-</span> 
     </span>
    </p>
   </div>
   <div class='ocr_carea' id='block_1_21' title="bbox 176 2193 1872 2269">
    <p class='ocr_par' dir='ltr' id='par_1_21' title="bbox 176 2193 1872 2269">
     <span class='ocr_line' id='line_1_21' title="bbox 176 2193 1872 2269; baseline 0.006 -27"><span class='ocrx_word' id='word_1_136' title='bbox 176 2194 291 2257; x_wconf 86' lang='lat' dir='ltr'>tur,</span> <span class='ocrx_word' id='word_1_137' title='bbox 313 2193 588 2258; x_wconf 80' lang='lat' dir='ltr'>patientia</span> <span class='ocrx_word' id='word_1_138' title='bbox 611 2193 1009 2262; x_wconf 80' lang='lat' dir='ltr'>probationem,</span> <span class='ocrx_word' id='word_1_139' title='bbox 1027 2195 1276 2262; x_wconf 85' lang='lat' dir='ltr'>probatio</span> <span class='ocrx_word' id='word_1_140' title='bbox 1295 2211 1442 2264; x_wconf 86' lang='lat' dir='ltr'>spem</span> <span class='ocrx_word' id='word_1_141' title='bbox 1466 2197 1632 2265; x_wconf 85' lang='lat' dir='ltr'>(Rom.</span> <span class='ocrx_word' id='word_1_142' title='bbox 1650 2214 1702 2260; x_wconf 91' lang='lat' dir='ltr'>v,</span> <span class='ocrx_word' id='word_1_143' title='bbox 1722 2200 1772 2260; x_wconf 90' lang='lat'>3,</span> <span class='ocrx_word' id='word_1_144' title='bbox 1798 2198 1872 2269; x_wconf 71' lang='lat'>4);</span> 
     </span>
    </p>
   </div>
   <div class='ocr_carea' id='block_1_22' title="bbox 176 2279 1877 2356">
    <p class='ocr_par' dir='ltr' id='par_1_22' title="bbox 176 2279 1877 2356">
     <span class='ocr_line' id='line_1_22' title="bbox 176 2279 1877 2356; baseline 0.006 -27"><span class='ocrx_word' id='word_1_145' title='bbox 176 2281 234 2330; x_wconf 93' lang='lat' dir='ltr'>et</span> <span class='ocrx_word' id='word_1_146' title='bbox 265 2293 382 2330; x_wconf 91' lang='lat' dir='ltr'>non</span> <span class='ocrx_word' id='word_1_147' title='bbox 413 2279 597 2332; x_wconf 90' lang='lat' dir='ltr'>solum</span> <span class='ocrx_word' id='word_1_148' title='bbox 629 2279 862 2346; x_wconf 89' lang='lat' dir='ltr'>dictum,</span> <span class='ocrx_word' id='word_1_149' title='bbox 895 2282 991 2335; x_wconf 91' lang='lat' dir='ltr'>sed</span> <span class='ocrx_word' id='word_1_150' title='bbox 1019 2282 1190 2336; x_wconf 89' lang='lat' dir='ltr'>etiam</span> <span class='ocrx_word' id='word_1_151' title='bbox 1222 2283 1492 2354; x_wconf 83' lang='lat' dir='ltr'>exemplis</span> <span class='ocrx_word' id='word_1_152' title='bbox 1542 2301 1740 2340; x_wconf 90' lang='lat' dir='ltr'>eorum</span> <span class='ocrx_word' id='word_1_153' title='bbox 1776 2287 1877 2356; x_wconf 87' lang='lat' dir='ltr'>qui</span> 
     </span>
    </p>
   </div>
   <div class='ocr_carea' id='block_1_23' title="bbox 177 2365 1874 2445">
    <p class='ocr_par' dir='ltr' id='par_1_23' title="bbox 177 2365 1874 2445">
     <span class='ocr_line' id='line_1_23' title="bbox 177 2365 1874 2445; baseline 0.006 -26"><span class='ocrx_word' id='word_1_154' title='bbox 177 2365 464 2435; x_wconf 86' lang='lat' dir='ltr'>dixerunt,</span> <span class='ocrx_word' id='word_1_155' title='bbox 493 2368 798 2437; x_wconf 89' lang='lat' dir='ltr'>probatum</span> <span class='ocrx_word' id='word_1_156' title='bbox 823 2373 993 2440; x_wconf 88' lang='lat' dir='ltr'>atque</span> <span class='ocrx_word' id='word_1_157' title='bbox 1024 2370 1333 2438; x_wconf 90' lang='lat' dir='ltr'>ﬁrmatum,</span> <span class='ocrx_word' id='word_1_158' title='bbox 1364 2373 1432 2426; x_wconf 92' lang='lat' dir='ltr'>de</span> <span class='ocrx_word' id='word_1_159' title='bbox 1467 2374 1651 2428; x_wconf 88' lang='lat' dir='ltr'>Veteri</span> <span class='ocrx_word' id='word_1_160' title='bbox 1683 2375 1874 2445; x_wconf 88' lang='lat' dir='ltr'>potius</span> 
     </span>
    </p>
   </div>
   <div class='ocr_carea' id='block_1_24' title="bbox 171 2455 1873 2529">
    <p class='ocr_par' dir='ltr' id='par_1_24' title="bbox 171 2455 1873 2529">
     <span class='ocr_line' id='line_1_24' title="bbox 171 2455 1873 2529; baseline 0.006 -21"><span class='ocrx_word' id='word_1_161' title='bbox 171 2455 554 2521; x_wconf 88' lang='lat' dir='ltr'>Testamento,</span> <span class='ocrx_word' id='word_1_162' title='bbox 593 2457 651 2508; x_wconf 93' lang='lat' dir='ltr'>in</span> <span class='ocrx_word' id='word_1_163' title='bbox 701 2457 855 2526; x_wconf 91' lang='lat' dir='ltr'>quod</span> <span class='ocrx_word' id='word_1_164' title='bbox 911 2457 995 2511; x_wconf 89' lang='lat' dir='ltr'>illi</span> <span class='ocrx_word' id='word_1_165' title='bbox 1047 2459 1240 2513; x_wconf 91' lang='lat' dir='ltr'>rabide</span> <span class='ocrx_word' id='word_1_166' title='bbox 1297 2461 1560 2529; x_wconf 63' lang='lat' dir='ltr'>saeviunt,</span> <span class='ocrx_word' id='word_1_167' title='bbox 1619 2464 1873 2518; x_wconf 83' lang='lat' dir='ltr'>excitabo</span> 
     </span>
    </p>
   </div>
   <div class='ocr_carea' id='block_1_25' title="bbox 173 2544 1872 2617">
    <p class='ocr_par' dir='ltr' id='par_1_25' title="bbox 173 2544 1872 2617">
     <span class='ocr_line' id='line_1_25' title="bbox 173 2544 1872 2617; baseline 0.006 -21"><span class='ocrx_word' id='word_1_168' title='bbox 173 2544 504 2613; x_wconf 88' lang='lat' dir='ltr'>exemplum</span> <span class='ocrx_word' id='word_1_169' title='bbox 543 2545 857 2613; x_wconf 68' lang='lat' dir='ltr'>patientiae.</span> <span class='ocrx_word' id='word_1_170' title='bbox 891 2547 1082 2617; x_wconf 87' lang='lat' dir='ltr'>Neque</span> <span class='ocrx_word' id='word_1_171' title='bbox 1105 2548 1267 2602; x_wconf 91' lang='lat' dir='ltr'>illum</span> <span class='ocrx_word' id='word_1_172' title='bbox 1298 2552 1630 2605; x_wconf 90' lang='lat' dir='ltr'>memorabo</span> <span class='ocrx_word' id='word_1_173' title='bbox 1661 2553 1872 2617; x_wconf 90' lang='lat' dir='ltr'>virum,</span> 
     </span>
    </p>
   </div>
   <div class='ocr_carea' id='block_1_26' title="bbox 176 2630 1875 2707">
    <p class='ocr_par' dir='ltr' id='par_1_26' title="bbox 176 2630 1875 2707">
     <span class='ocr_line' id='line_1_26' title="bbox 176 2630 1875 2707; baseline 0.007 -23"><span class='ocrx_word' id='word_1_174' title='bbox 176 2648 210 2685; x_wconf 90' lang='lat' dir='ltr'>a</span> <span class='ocrx_word' id='word_1_175' title='bbox 238 2648 353 2702; x_wconf 90' lang='lat' dir='ltr'>quo</span> <span class='ocrx_word' id='word_1_176' title='bbox 385 2631 446 2685; x_wconf 92' lang='lat' dir='ltr'>in</span> <span class='ocrx_word' id='word_1_177' title='bbox 472 2633 696 2703; x_wconf 83' lang='lat' dir='ltr'>magnis</span> <span class='ocrx_word' id='word_1_178' title='bbox 725 2630 1066 2689; x_wconf 80' lang='lat' dir='ltr'>cruciatibus</span> <span class='ocrx_word' id='word_1_179' title='bbox 1095 2638 1348 2707; x_wconf 89' lang='lat' dir='ltr'>corporis</span> <span class='ocrx_word' id='word_1_180' title='bbox 1371 2643 1426 2692; x_wconf 91' lang='lat' dir='ltr'>et</span> <span class='ocrx_word' id='word_1_181' title='bbox 1454 2639 1712 2694; x_wconf 88' lang='lat' dir='ltr'>horribili</span> <span class='ocrx_word' id='word_1_182' title='bbox 1745 2642 1875 2696; x_wconf 89' lang='lat' dir='ltr'>tabe</span> 
     </span>
    </p>
   </div>
   <div class='ocr_carea' id='block_1_27' title="bbox 174 2719 1874 2795">
    <p class='ocr_par' dir='ltr' id='par_1_27' title="bbox 174 2719 1874 2795">
     <span class='ocr_line' id='line_1_27' title="bbox 174 2719 1874 2795; baseline 0.006 -22"><span class='ocrx_word' id='word_1_183' title='bbox 174 2719 593 2789; x_wconf 89' lang='lat' dir='ltr'>membrorum,</span> <span class='ocrx_word' id='word_1_184' title='bbox 625 2737 743 2774; x_wconf 94' lang='lat' dir='ltr'>non</span> <span class='ocrx_word' id='word_1_185' title='bbox 772 2723 945 2795; x_wconf 87' lang='lat' dir='ltr'>modo</span> <span class='ocrx_word' id='word_1_186' title='bbox 979 2724 1334 2780; x_wconf 87' lang='lat' dir='ltr'>sustinentur</span> <span class='ocrx_word' id='word_1_187' title='bbox 1360 2727 1631 2795; x_wconf 90' lang='lat' dir='ltr'>humana,</span> <span class='ocrx_word' id='word_1_188' title='bbox 1664 2729 1761 2782; x_wconf 90' lang='lat' dir='ltr'>sed</span> <span class='ocrx_word' id='word_1_189' title='bbox 1786 2729 1874 2783; x_wconf 91' lang='lat' dir='ltr'>di-</span> 
     </span>
    </p>
   </div>
   <div class='ocr_carea' id='block_1_28' title="bbox 174 2791 1874 2884">
    <p class='ocr_par' dir='ltr' id='par_1_28' title="bbox 174 2791 1874 2884">
     <span class='ocr_line' id='line_1_28' title="bbox 174 2791 1874 2884; baseline 0.006 -24"><span class='ocrx_word' id='word_1_190' title='bbox 174 2808 311 2861; x_wconf 90' lang='lat' dir='ltr'>vina</span> <span class='ocrx_word' id='word_1_191' title='bbox 343 2808 516 2862; x_wconf 90' lang='lat' dir='ltr'>etiam</span> <span class='ocrx_word' id='word_1_192' title='bbox 540 2791 1015 2880; x_wconf 28' lang='lat' dir='ltr'>disputanturiln</span> <span class='ocrx_word' id='word_1_193' title='bbox 1033 2814 1194 2883; x_wconf 87' lang='lat' dir='ltr'>cujus</span> <span class='ocrx_word' id='word_1_194' title='bbox 1215 2813 1454 2884; x_wconf 89' lang='lat' dir='ltr'>singulis</span> <span class='ocrx_word' id='word_1_195' title='bbox 1482 2817 1710 2871; x_wconf 84' lang='lat' dir='ltr'>vocibus</span> <span class='ocrx_word' id='word_1_196' title='bbox 1741 2817 1874 2871; x_wconf 90' lang='lat' dir='ltr'>satis</span> 
     </span>
    </p>
   </div>
   <div class='ocr_carea' id='block_1_29' title="bbox 175 2897 1874 2974">
    <p class='ocr_par' dir='ltr' id='par_1_29' title="bbox 175 2897 1874 2974">
     <span class='ocr_line' id='line_1_29' title="bbox 175 2897 1874 2974; baseline 0.006 -24"><span class='ocrx_word' id='word_1_197' title='bbox 175 2898 384 2950; x_wconf 86' lang='lat' dir='ltr'>elucet.</span> <span class='ocrx_word' id='word_1_198' title='bbox 420 2897 467 2950; x_wconf 90' lang='lat' dir='ltr'>si</span> <span class='ocrx_word' id='word_1_199' title='bbox 498 2897 628 2968; x_wconf 91' lang='lat' dir='ltr'>quis</span> <span class='ocrx_word' id='word_1_200' title='bbox 657 2914 823 2968; x_wconf 71' lang='lat' dir='ltr'>aequo</span> <span class='ocrx_word' id='word_1_201' title='bbox 845 2899 1035 2953; x_wconf 90' lang='lat' dir='ltr'>animo</span> <span class='ocrx_word' id='word_1_202' title='bbox 1054 2901 1328 2967; x_wconf 90' lang='lat' dir='ltr'>attendat,</span> <span class='ocrx_word' id='word_1_203' title='bbox 1362 2905 1557 2974; x_wconf 85' lang='lat' dir='ltr'>quanti</span> <span class='ocrx_word' id='word_1_204' title='bbox 1573 2905 1874 2974; x_wconf 90' lang='lat' dir='ltr'>pendenda</span> 
     </span>
    </p>
   </div>
   <div class='ocr_carea' id='block_1_30' title="bbox 173 2984 1875 3060">
    <p class='ocr_par' dir='ltr' id='par_1_30' title="bbox 173 2984 1875 3060">
     <span class='ocr_line' id='line_1_30' title="bbox 173 2984 1875 3060; baseline 0.006 -23"><span class='ocrx_word' id='word_1_205' title='bbox 173 2985 289 3038; x_wconf 89' lang='lat' dir='ltr'>sint</span> <span class='ocrx_word' id='word_1_206' title='bbox 319 2984 446 3053; x_wconf 90' lang='lat' dir='ltr'>ista,</span> <span class='ocrx_word' id='word_1_207' title='bbox 478 3002 604 3056; x_wconf 78' lang='lat' dir='ltr'>quae</span> <span class='ocrx_word' id='word_1_208' title='bbox 627 3002 755 3039; x_wconf 91' lang='lat' dir='ltr'>cum</span> <span class='ocrx_word' id='word_1_209' title='bbox 787 2988 986 3042; x_wconf 88' lang='lat' dir='ltr'>volunt</span> <span class='ocrx_word' id='word_1_210' title='bbox 1003 2989 1263 3043; x_wconf 89' lang='lat' dir='ltr'>homines</span> <span class='ocrx_word' id='word_1_211' title='bbox 1294 3007 1396 3060; x_wconf 85' lang='lat' dir='ltr'>per</span> <span class='ocrx_word' id='word_1_212' title='bbox 1421 2991 1875 3049; x_wconf 84' lang='lat' dir='ltr'>dominationem</span> 
     </span>
    </p>
   </div>
   <div class='ocr_carea' id='block_1_31' title="bbox 171 3073 1870 3149">
    <p class='ocr_par' dir='ltr' id='par_1_31' title="bbox 171 3073 1870 3149">
     <span class='ocr_line' id='line_1_31' title="bbox 171 3073 1870 3149; baseline 0.006 -23"><span class='ocrx_word' id='word_1_213' title='bbox 171 3079 390 3140; x_wconf 89' lang='lat' dir='ltr'>tenere,</span> <span class='ocrx_word' id='word_1_214' title='bbox 422 3073 488 3127; x_wconf 90' lang='lat' dir='ltr'>ab</span> <span class='ocrx_word' id='word_1_215' title='bbox 521 3074 608 3128; x_wconf 87' lang='lat' dir='ltr'>bis</span> <span class='ocrx_word' id='word_1_216' title='bbox 640 3074 779 3144; x_wconf 84' lang='lat' dir='ltr'>ipsis</span> <span class='ocrx_word' id='word_1_217' title='bbox 807 3075 994 3145; x_wconf 91' lang='lat' dir='ltr'>potius</span> <span class='ocrx_word' id='word_1_218' title='bbox 1023 3093 1127 3146; x_wconf 90' lang='lat' dir='ltr'>per</span> <span class='ocrx_word' id='word_1_219' title='bbox 1180 3078 1550 3148; x_wconf 90' lang='lat' dir='ltr'>cupiditatem</span> <span class='ocrx_word' id='word_1_220' title='bbox 1581 3085 1870 3149; x_wconf 90' lang='lat' dir='ltr'>tenentur,</span> 
     </span>
    </p>
   </div>
   <div class='ocr_carea' id='block_1_32' title="bbox 172 3163 1873 3238">
    <p class='ocr_par' dir='ltr' id='par_1_32' title="bbox 172 3163 1873 3238">
     <span class='ocr_line' id='line_1_32' title="bbox 172 3163 1873 3238; baseline 0.006 -24"><span class='ocrx_word' id='word_1_221' title='bbox 172 3165 229 3215; x_wconf 91' lang='lat' dir='ltr'>et</span> <span class='ocrx_word' id='word_1_222' title='bbox 259 3176 453 3215; x_wconf 84' lang='lat' dir='ltr'>rerum</span> <span class='ocrx_word' id='word_1_223' title='bbox 484 3163 811 3216; x_wconf 89' lang='lat' dir='ltr'>mortalium</span> <span class='ocrx_word' id='word_1_224' title='bbox 840 3164 987 3217; x_wconf 88' lang='lat' dir='ltr'>servi</span> <span class='ocrx_word' id='word_1_225' title='bbox 1013 3165 1178 3232; x_wconf 88' lang='lat' dir='ltr'>ﬁunt,</span> <span class='ocrx_word' id='word_1_226' title='bbox 1200 3167 1337 3220; x_wconf 87' lang='lat' dir='ltr'>dum</span> <span class='ocrx_word' id='word_1_227' title='bbox 1358 3167 1621 3238; x_wconf 91' lang='lat' dir='ltr'>imperite</span> <span class='ocrx_word' id='word_1_228' title='bbox 1652 3169 1873 3224; x_wconf 88' lang='lat' dir='ltr'>domini</span> 
     </span>
    </p>
   </div>
   <div class='ocr_carea' id='block_1_33' title="bbox 173 3250 1870 3325">
    <p class='ocr_par' dir='ltr' id='par_1_33' title="bbox 173 3250 1870 3325">
     <span class='ocr_line' id='line_1_33' title="bbox 173 3250 1870 3325; baseline 0.005 -22"><span class='ocrx_word' id='word_1_229' title='bbox 173 3266 295 3304; x_wconf 90' lang='lat' dir='ltr'>esse</span> <span class='ocrx_word' id='word_1_230' title='bbox 328 3250 670 3304; x_wconf 89' lang='lat' dir='ltr'>desiderant.</span> <span class='ocrx_word' id='word_1_231' title='bbox 713 3251 916 3306; x_wconf 84' lang='lat' dir='ltr'>Amisit</span> <span class='ocrx_word' id='word_1_232' title='bbox 945 3268 1194 3324; x_wconf 90' lang='lat' dir='ltr'>namque</span> <span class='ocrx_word' id='word_1_233' title='bbox 1247 3254 1341 3308; x_wconf 92' lang='lat' dir='ltr'>ille</span> <span class='ocrx_word' id='word_1_234' title='bbox 1397 3272 1594 3309; x_wconf 89' lang='lat' dir='ltr'>omnes</span> <span class='ocrx_word' id='word_1_235' title='bbox 1625 3257 1870 3325; x_wconf 86' lang='lat' dir='ltr'>divitias,</span> 
     </span>
    </p>
   </div>
   <div class='ocr_carea' id='block_1_34' title="bbox 173 3341 1872 3412">
    <p class='ocr_par' dir='ltr' id='par_1_34' title="bbox 173 3341 1872 3412">
     <span class='ocr_line' id='line_1_34' title="bbox 173 3341 1872 3412; baseline 0.004 -19"><span class='ocrx_word' id='word_1_236' title='bbox 173 3343 232 3393; x_wconf 89' lang='lat' dir='ltr'>et</span> <span class='ocrx_word' id='word_1_237' title='bbox 261 3341 440 3394; x_wconf 90' lang='lat' dir='ltr'>factus</span> <span class='ocrx_word' id='word_1_238' title='bbox 467 3345 704 3410; x_wconf 90' lang='lat' dir='ltr'>repente</span> <span class='ocrx_word' id='word_1_239' title='bbox 734 3343 1154 3412; x_wconf 88' lang='lat' dir='ltr'>pauperrimus,</span> <span class='ocrx_word' id='word_1_240' title='bbox 1185 3347 1299 3396; x_wconf 88' lang='lat' dir='ltr'>tam</span> <span class='ocrx_word' id='word_1_241' title='bbox 1323 3343 1722 3400; x_wconf 91' lang='lat' dir='ltr'>inconcussum</span> <span class='ocrx_word' id='word_1_242' title='bbox 1750 3347 1872 3401; x_wconf 92' lang='lat' dir='ltr'>ani-</span> 
     </span>
    </p>
   </div>
   <div class='ocr_carea' id='block_1_35' title="bbox 173 3429 1870 3498">
    <p class='ocr_par' dir='ltr' id='par_1_35' title="bbox 173 3429 1870 3498">
     <span class='ocr_line' id='line_1_35' title="bbox 173 3429 1870 3498; baseline 0.004 -16"><span class='ocrx_word' id='word_1_243' title='bbox 173 3445 338 3482; x_wconf 91' lang='lat' dir='ltr'>mum</span> <span class='ocrx_word' id='word_1_244' title='bbox 378 3429 563 3482; x_wconf 89' lang='lat' dir='ltr'>tenuit</span> <span class='ocrx_word' id='word_1_245' title='bbox 605 3433 661 3482; x_wconf 91' lang='lat' dir='ltr'>et</span> <span class='ocrx_word' id='word_1_246' title='bbox 706 3429 944 3484; x_wconf 87' lang='lat' dir='ltr'>inﬁxum</span> <span class='ocrx_word' id='word_1_247' title='bbox 993 3432 1132 3497; x_wconf 91' lang='lat' dir='ltr'>Deo,</span> <span class='ocrx_word' id='word_1_248' title='bbox 1178 3436 1242 3486; x_wconf 90' lang='lat' dir='ltr'>ut</span> <span class='ocrx_word' id='word_1_249' title='bbox 1270 3432 1404 3485; x_wconf 90' lang='lat' dir='ltr'>satis</span> <span class='ocrx_word' id='word_1_250' title='bbox 1433 3433 1870 3498; x_wconf 88' lang='lat' dir='ltr'>demonstraret,</span> 
     </span>
    </p>
   </div>
   <div class='ocr_carea' id='block_1_36' title="bbox 172 3517 1872 3589">
    <p class='ocr_par' dir='ltr' id='par_1_36' title="bbox 172 3517 1872 3589">
     <span class='ocr_line' id='line_1_36' title="bbox 172 3517 1872 3589; baseline 0.005 -20"><span class='ocrx_word' id='word_1_251' title='bbox 172 3534 292 3570; x_wconf 88' lang='lat' dir='ltr'>non</span> <span class='ocrx_word' id='word_1_252' title='bbox 333 3517 459 3570; x_wconf 91' lang='lat' dir='ltr'>illas</span> <span class='ocrx_word' id='word_1_253' title='bbox 490 3517 596 3570; x_wconf 89' lang='lat' dir='ltr'>sibi</span> <span class='ocrx_word' id='word_1_254' title='bbox 625 3517 796 3572; x_wconf 84' lang='lat' dir='ltr'>fuisse</span> <span class='ocrx_word' id='word_1_255' title='bbox 855 3534 1113 3589; x_wconf 89' lang='lat' dir='ltr'>magnas,</span> <span class='ocrx_word' id='word_1_256' title='bbox 1155 3520 1249 3574; x_wconf 88' lang='lat' dir='ltr'>sed</span> <span class='ocrx_word' id='word_1_257' title='bbox 1284 3537 1343 3574; x_wconf 90' lang='lat' dir='ltr'>se</span> <span class='ocrx_word' id='word_1_258' title='bbox 1374 3521 1506 3589; x_wconf 89' lang='lat' dir='ltr'>illis,</span> <span class='ocrx_word' id='word_1_259' title='bbox 1543 3523 1650 3577; x_wconf 90' lang='lat' dir='ltr'>sibi</span> <span class='ocrx_word' id='word_1_260' title='bbox 1680 3529 1872 3578; x_wconf 89' lang='lat' dir='ltr'>autem</span> 
     </span>
    </p>
   </div>
   <div class='ocr_carea' id='block_1_37' title="bbox 173 3605 1873 3680">
    <p class='ocr_par' dir='ltr' id='par_1_37' title="bbox 173 3605 1873 3680">
     <span class='ocr_line' id='line_1_37' title="bbox 173 3605 1873 3680; baseline 0.005 -22"><span class='ocrx_word' id='word_1_261' title='bbox 173 3607 356 3659; x_wconf 90' lang='lat' dir='ltr'>Deum</span> <span class='ocrx_word' id='word_1_262' title='bbox 388 3607 508 3660; x_wconf 86' lang='lat' dir='ltr'>Job.</span> <span class='ocrx_word' id='word_1_263' title='bbox 545 3605 687 3677; x_wconf 88' lang='lat'>1,11).</span> <span class='ocrx_word' id='word_1_264' title='bbox 738 3607 860 3671; x_wconf 91' lang='lat' dir='ltr'>Quo</span> <span class='ocrx_word' id='word_1_265' title='bbox 904 3608 1098 3662; x_wconf 90' lang='lat' dir='ltr'>animo</span> <span class='ocrx_word' id='word_1_266' title='bbox 1147 3609 1193 3662; x_wconf 92' lang='lat' dir='ltr'>si</span> <span class='ocrx_word' id='word_1_267' title='bbox 1240 3626 1358 3663; x_wconf 89' lang='lat' dir='ltr'>esse</span> <span class='ocrx_word' id='word_1_268' title='bbox 1414 3618 1647 3680; x_wconf 89' lang='lat' dir='ltr'>possent</span> <span class='ocrx_word' id='word_1_269' title='bbox 1692 3613 1873 3667; x_wconf 88' lang='lat' dir='ltr'>nostri</span> 
     </span>
    </p>
   </div>
   <div class='ocr_carea' id='block_1_38' title="bbox 169 3693 1871 3766">
    <p class='ocr_par' dir='ltr' id='par_1_38' title="bbox 169 3693 1871 3766">
     <span class='ocr_line' id='line_1_38' title="bbox 169 3693 1871 3766; baseline 0.005 -21"><span class='ocrx_word' id='word_1_270' title='bbox 169 3693 450 3762; x_wconf 89' lang='lat' dir='ltr'>temporis</span> <span class='ocrx_word' id='word_1_271' title='bbox 478 3693 762 3760; x_wconf 91' lang='lat' dir='ltr'>homines,</span> <span class='ocrx_word' id='word_1_272' title='bbox 807 3711 926 3748; x_wconf 94' lang='lat' dir='ltr'>non</span> <span class='ocrx_word' id='word_1_273' title='bbox 975 3711 1321 3766; x_wconf 86' lang='lat' dir='ltr'>magnopere</span> <span class='ocrx_word' id='word_1_274' title='bbox 1374 3698 1434 3750; x_wconf 92' lang='lat' dir='ltr'>in</span> <span class='ocrx_word' id='word_1_275' title='bbox 1479 3699 1632 3752; x_wconf 90' lang='lat' dir='ltr'>Novo</span> <span class='ocrx_word' id='word_1_276' title='bbox 1681 3701 1871 3754; x_wconf 87' lang='lat' dir='ltr'>Testa-</span> 
     </span>
    </p>
   </div>
   <div class='ocr_carea' id='block_1_39' title="bbox 171 3780 1870 3856">
    <p class='ocr_par' dir='ltr' id='par_1_39' title="bbox 171 3780 1870 3856">
     <span class='ocr_line' id='line_1_39' title="bbox 171 3780 1870 3856; baseline 0.004 -23"><span class='ocrx_word' id='word_1_277' title='bbox 171 3785 367 3834; x_wconf 91' lang='lat' dir='ltr'>mento</span> <span class='ocrx_word' id='word_1_278' title='bbox 397 3781 468 3834; x_wconf 90' lang='lat' dir='ltr'>ab</span> <span class='ocrx_word' id='word_1_279' title='bbox 498 3780 734 3835; x_wconf 89' lang='lat' dir='ltr'>istorum</span> <span class='ocrx_word' id='word_1_280' title='bbox 767 3783 1122 3851; x_wconf 89' lang='lat' dir='ltr'>possessione</span> <span class='ocrx_word' id='word_1_281' title='bbox 1153 3783 1611 3852; x_wconf 87' lang='lat' dir='ltr'>prohiberemur,</span> <span class='ocrx_word' id='word_1_282' title='bbox 1646 3790 1712 3839; x_wconf 88' lang='lat' dir='ltr'>ut</span> <span class='ocrx_word' id='word_1_283' title='bbox 1740 3802 1870 3856; x_wconf 89' lang='lat' dir='ltr'>per-</span> 
     </span>
    </p>
   </div>
   <div class='ocr_carea' id='block_1_40' title="bbox 169 3869 1870 3940">
    <p class='ocr_par' dir='ltr' id='par_1_40' title="bbox 169 3869 1870 3940">
     <span class='ocr_line' id='line_1_40' title="bbox 169 3869 1870 3940; baseline 0.004 -18"><span class='ocrx_word' id='word_1_284' title='bbox 169 3869 303 3923; x_wconf 84' lang='lat' dir='ltr'>fecti</span> <span class='ocrx_word' id='word_1_285' title='bbox 335 3886 454 3922; x_wconf 88' lang='lat' dir='ltr'>esse</span> <span class='ocrx_word' id='word_1_286' title='bbox 486 3886 802 3940; x_wconf 88' lang='lat' dir='ltr'>possemus.</span> <span class='ocrx_word' id='word_1_287' title='bbox 853 3871 1025 3924; x_wconf 82' lang='lat' dir='ltr'>Multo</span> <span class='ocrx_word' id='word_1_288' title='bbox 1081 3870 1234 3925; x_wconf 91' lang='lat' dir='ltr'>enim</span> <span class='ocrx_word' id='word_1_289' title='bbox 1280 3872 1595 3926; x_wconf 89' lang='lat' dir='ltr'>mirabilius</span> <span class='ocrx_word' id='word_1_290' title='bbox 1642 3879 1727 3928; x_wconf 92' lang='lat' dir='ltr'>est</span> <span class='ocrx_word' id='word_1_291' title='bbox 1754 3890 1870 3929; x_wconf 91' lang='lat' dir='ltr'>non</span> 
     </span>
    </p>
   </div>
   <div class='ocr_carea' id='block_1_41' title="bbox 171 3957 1871 4031">
    <p class='ocr_par' dir='ltr' id='par_1_41' title="bbox 171 3957 1871 4031">
     <span class='ocr_line' id='line_1_41' title="bbox 171 3957 1871 4031; baseline 0.004 -19"><span class='ocrx_word' id='word_1_292' title='bbox 171 3958 455 4012; x_wconf 76' lang='lat' dir='ltr'>inhaerere</span> <span class='ocrx_word' id='word_1_293' title='bbox 489 3957 624 4019; x_wconf 87' lang='lat' dir='ltr'>istis,</span> <span class='ocrx_word' id='word_1_294' title='bbox 658 3958 916 4030; x_wconf 88' lang='lat' dir='ltr'>quamvis</span> <span class='ocrx_word' id='word_1_295' title='bbox 969 3959 1278 4030; x_wconf 85' lang='lat' dir='ltr'>possideas,</span> <span class='ocrx_word' id='word_1_296' title='bbox 1309 3977 1482 4031; x_wconf 87' lang='lat' dir='ltr'>quam</span> <span class='ocrx_word' id='word_1_297' title='bbox 1540 3961 1775 4017; x_wconf 91' lang='lat' dir='ltr'>omnino</span> <span class='ocrx_word' id='word_1_298' title='bbox 1804 3979 1871 4018; x_wconf 83' lang='lat' dir='ltr'>ea</span> 
     </span>
    </p>
   </div>
   <div class='ocr_carea' id='block_1_42' title="bbox 172 4047 622 4117">
    <p class='ocr_par' dir='ltr' id='par_1_42' title="bbox 172 4047 622 4117">
     <span class='ocr_line' id='line_1_42' title="bbox 172 4047 622 4117; baseline 0 -17"><span class='ocrx_word' id='word_1_299' title='bbox 172 4062 289 4100; x_wconf 91' lang='lat' dir='ltr'>non</span> <span class='ocrx_word' id='word_1_300' title='bbox 312 4047 622 4117; x_wconf 91' lang='lat' dir='ltr'>possidere.</span> 
     </span>
    </p>
   </div>
   <div class='ocr_carea' id='block_1_43' title="bbox 243 4134 1871 4206">
    <p class='ocr_par' dir='ltr' id='par_1_43' title="bbox 243 4134 1871 4206">
     <span class='ocr_line' id='line_1_43' title="bbox 243 4134 1871 4206; baseline 0.003 -18"><span class='ocrx_word' id='word_1_301' title='bbox 243 4136 332 4189; x_wconf 77' lang='grc'>43.</span> <span class='ocrx_word' id='word_1_302' title='bbox 367 4134 476 4189; x_wconf 89' lang='lat' dir='ltr'>Sed</span> <span class='ocrx_word' id='word_1_303' title='bbox 506 4134 782 4205; x_wconf 87' lang='lat' dir='ltr'>quoniam</span> <span class='ocrx_word' id='word_1_304' title='bbox 812 4135 880 4189; x_wconf 91' lang='lat' dir='ltr'>de</span> <span class='ocrx_word' id='word_1_305' title='bbox 913 4134 1110 4189; x_wconf 89' lang='lat' dir='ltr'>dolore</span> <span class='ocrx_word' id='word_1_306' title='bbox 1141 4140 1311 4206; x_wconf 89' lang='lat' dir='ltr'>atque</span> <span class='ocrx_word' id='word_1_307' title='bbox 1354 4136 1699 4191; x_wconf 89' lang='lat' dir='ltr'>cruciatibus</span> <span class='ocrx_word' id='word_1_308' title='bbox 1742 4155 1871 4193; x_wconf 92' lang='lat' dir='ltr'>cor-</span> 
     </span>
    </p>
   </div>
   <div class='ocr_carea' id='block_1_44' title="bbox 169 4222 1866 4296">
    <p class='ocr_par' dir='ltr' id='par_1_44' title="bbox 169 4222 1866 4296">
     <span class='ocr_line' id='line_1_44' title="bbox 169 4222 1866 4296; baseline 0.003 -21"><span class='ocrx_word' id='word_1_309' title='bbox 169 4222 329 4293; x_wconf 88' lang='lat' dir='ltr'>poris</span> <span class='ocrx_word' id='word_1_310' title='bbox 358 4222 669 4276; x_wconf 89' lang='lat' dir='ltr'>tolerandis</span> <span class='ocrx_word' id='word_1_311' title='bbox 698 4238 850 4276; x_wconf 89' lang='lat' dir='ltr'>nunc</span> <span class='ocrx_word' id='word_1_312' title='bbox 878 4222 1088 4294; x_wconf 87' lang='lat' dir='ltr'>agitur,</span> <span class='ocrx_word' id='word_1_313' title='bbox 1119 4223 1382 4296; x_wconf 90' lang='lat' dir='ltr'>relinquo</span> <span class='ocrx_word' id='word_1_314' title='bbox 1437 4224 1608 4279; x_wconf 89' lang='lat' dir='ltr'>istum</span> <span class='ocrx_word' id='word_1_315' title='bbox 1657 4225 1866 4292; x_wconf 91' lang='lat' dir='ltr'>virum,</span> 
     </span>
    </p>
   </div>
   <div class='ocr_carea' id='block_1_45' title="bbox 164 4310 1870 4382">
    <p class='ocr_par' dir='ltr' id='par_1_45' title="bbox 164 4310 1870 4382">
     <span class='ocr_line' id='line_1_45' title="bbox 164 4310 1870 4382; baseline 0.003 -18"><span class='ocrx_word' id='word_1_316' title='bbox 164 4311 301 4365; x_wconf 90' lang='lat' dir='ltr'>licet</span> <span class='ocrx_word' id='word_1_317' title='bbox 327 4327 624 4382; x_wconf 87' lang='lat' dir='ltr'>magnum,</span> <span class='ocrx_word' id='word_1_318' title='bbox 655 4310 784 4364; x_wconf 89' lang='lat' dir='ltr'>licet</span> <span class='ocrx_word' id='word_1_319' title='bbox 814 4310 1108 4377; x_wconf 91' lang='lat' dir='ltr'>invictum,</span> <span class='ocrx_word' id='word_1_320' title='bbox 1139 4311 1329 4365; x_wconf 89' lang='lat' dir='ltr'>virum</span> <span class='ocrx_word' id='word_1_321' title='bbox 1351 4317 1564 4369; x_wconf 90' lang='lat' dir='ltr'>tamen.</span> <span class='ocrx_word' id='word_1_322' title='bbox 1607 4314 1870 4370; x_wconf 83' lang='lat' dir='ltr'>Oﬁ&#39;erunt</span> 
     </span>
    </p>
   </div>
   <div class='ocr_carea' id='block_1_46' title="bbox 166 4399 1870 4471">
    <p class='ocr_par' dir='ltr' id='par_1_46' title="bbox 166 4399 1870 4471">
     <span class='ocr_line' id='line_1_46' title="bbox 166 4399 1870 4471; baseline 0.001 -16"><span class='ocrx_word' id='word_1_323' title='bbox 166 4401 327 4455; x_wconf 91' lang='lat' dir='ltr'>enim</span> <span class='ocrx_word' id='word_1_324' title='bbox 351 4400 492 4454; x_wconf 91' lang='lat' dir='ltr'>mihi</span> <span class='ocrx_word' id='word_1_325' title='bbox 523 4399 832 4471; x_wconf 59' lang='lat' dir='ltr'>Scriptura;</span> <span class='ocrx_word' id='word_1_326' title='bbox 861 4399 974 4454; x_wconf 71' lang='lat' dir='ltr'>illa:</span> <span class='ocrx_word' id='word_1_327' title='bbox 1005 4401 1298 4470; x_wconf 71' lang='lat' dir='ltr'>stupenda:</span> <span class='ocrx_word' id='word_1_328' title='bbox 1327 4401 1679 4457; x_wconf 88' lang='lat' dir='ltr'>fortitudinis</span> <span class='ocrx_word' id='word_1_329' title='bbox 1712 4403 1870 4456; x_wconf 88' lang='lat' dir='ltr'>femi-</span> 
     </span>
    </p>
   </div>
   <div class='ocr_carea' id='block_1_47' title="bbox 168 4489 1869 4560">
    <p class='ocr_par' dir='ltr' id='par_1_47' title="bbox 168 4489 1869 4560">
     <span class='ocr_line' id='line_1_47' title="bbox 168 4489 1869 4560; baseline 0.002 -18"><span class='ocrx_word' id='word_1_330' title='bbox 168 4505 326 4554; x_wconf 90' lang='lat' dir='ltr'>nam,</span> <span class='ocrx_word' id='word_1_331' title='bbox 356 4494 413 4543; x_wconf 94' lang='lat' dir='ltr'>et</span> <span class='ocrx_word' id='word_1_332' title='bbox 463 4489 529 4543; x_wconf 88' lang='lat' dir='ltr'>ad</span> <span class='ocrx_word' id='word_1_333' title='bbox 564 4505 687 4542; x_wconf 92' lang='lat' dir='ltr'>eam</span> <span class='ocrx_word' id='word_1_334' title='bbox 714 4489 835 4558; x_wconf 90' lang='lat' dir='ltr'>jam</span> <span class='ocrx_word' id='word_1_335' title='bbox 885 4505 974 4542; x_wconf 91' lang='lat' dir='ltr'>me</span> <span class='ocrx_word' id='word_1_336' title='bbox 1033 4489 1275 4543; x_wconf 90' lang='lat' dir='ltr'>transire</span> <span class='ocrx_word' id='word_1_337' title='bbox 1327 4492 1698 4560; x_wconf 88' lang='lat' dir='ltr'>compellunt,</span> <span class='ocrx_word' id='word_1_338' title='bbox 1733 4494 1869 4556; x_wconf 72' lang='lat' dir='ltr'>Quae</span> 
     </span>
    </p>
   </div>
   <div class='ocr_carea' id='block_1_48' title="bbox 165 4577 1866 4650">
    <p class='ocr_par' dir='ltr' id='par_1_48' title="bbox 165 4577 1866 4650">
     <span class='ocr_line' id='line_1_48' title="bbox 165 4577 1866 4650; baseline 0.001 -17"><span class='ocrx_word' id='word_1_339' title='bbox 165 4594 301 4633; x_wconf 90' lang='lat' dir='ltr'>cum</span> <span class='ocrx_word' id='word_1_340' title='bbox 338 4581 555 4647; x_wconf 88' lang='lat' dir='ltr'>septem</span> <span class='ocrx_word' id='word_1_341' title='bbox 581 4577 773 4631; x_wconf 89' lang='lat' dir='ltr'>liberis</span> <span class='ocrx_word' id='word_1_342' title='bbox 795 4582 1039 4647; x_wconf 89' lang='lat' dir='ltr'>tyranno</span> <span class='ocrx_word' id='word_1_343' title='bbox 1072 4582 1242 4648; x_wconf 90' lang='lat' dir='ltr'>atque</span> <span class='ocrx_word' id='word_1_344' title='bbox 1298 4579 1550 4633; x_wconf 86' lang='lat' dir='ltr'>carniﬁci</span> <span class='ocrx_word' id='word_1_345' title='bbox 1576 4579 1737 4650; x_wconf 88' lang='lat' dir='ltr'>prius</span> <span class='ocrx_word' id='word_1_346' title='bbox 1784 4581 1866 4634; x_wconf 86' lang='lat' dir='ltr'>vi-</span> 
     </span>
    </p>
   </div>
   <div class='ocr_carea' id='block_1_49' title="bbox 166 4666 1865 4741">
    <p class='ocr_par' dir='ltr' id='par_1_49' title="bbox 166 4666 1865 4741">
     <span class='ocr_line' id='line_1_49' title="bbox 166 4666 1865 4741; baseline 0.002 -21"><span class='ocrx_word' id='word_1_347' title='bbox 166 4682 328 4721; x_wconf 89' lang='lat' dir='ltr'>scera</span> <span class='ocrx_word' id='word_1_348' title='bbox 356 4666 566 4731; x_wconf 84' lang='lat' dir='ltr'>omnia,</span> <span class='ocrx_word' id='word_1_349' title='bbox 601 4682 771 4737; x_wconf 89' lang='lat' dir='ltr'>quam</span> <span class='ocrx_word' id='word_1_350' title='bbox 803 4682 984 4720; x_wconf 91' lang='lat' dir='ltr'>unum</span> <span class='ocrx_word' id='word_1_351' title='bbox 1015 4667 1252 4721; x_wconf 90' lang='lat' dir='ltr'>verbum</span> <span class='ocrx_word' id='word_1_352' title='bbox 1283 4669 1620 4740; x_wconf 88' lang='lat' dir='ltr'>sacrilegum</span> <span class='ocrx_word' id='word_1_353' title='bbox 1641 4670 1865 4741; x_wconf 91' lang='lat' dir='ltr'>impen-</span> 
     </span>
    </p>
   </div>
   <div class='ocr_carea' id='block_1_50' title="bbox 165 4754 1863 4829">
    <p class='ocr_par' dir='ltr' id='par_1_50' title="bbox 165 4754 1863 4829">
     <span class='ocr_line' id='line_1_50' title="bbox 165 4754 1863 4829; baseline 0.001 -19"><span class='ocrx_word' id='word_1_354' title='bbox 165 4755 289 4810; x_wconf 85' lang='lat' dir='ltr'>dit:</span> <span class='ocrx_word' id='word_1_355' title='bbox 317 4771 447 4818; x_wconf 81' lang='lat' dir='ltr'>cum</span> <span class='ocrx_word' id='word_1_356' title='bbox 473 4756 594 4825; x_wconf 89' lang='lat' dir='ltr'>ejus</span> <span class='ocrx_word' id='word_1_357' title='bbox 623 4755 947 4810; x_wconf 89' lang='lat' dir='ltr'>hortatione</span> <span class='ocrx_word' id='word_1_358' title='bbox 966 4754 1070 4810; x_wconf 87' lang='lat' dir='ltr'>ﬁlii</span> <span class='ocrx_word' id='word_1_359' title='bbox 1086 4755 1510 4819; x_wconf 90' lang='lat' dir='ltr'>roborarentur,</span> <span class='ocrx_word' id='word_1_360' title='bbox 1530 4757 1591 4811; x_wconf 92' lang='lat' dir='ltr'>in</span> <span class='ocrx_word' id='word_1_361' title='bbox 1621 4773 1863 4829; x_wconf 90' lang='lat' dir='ltr'>quorum</span> 
     </span>
    </p>
   </div>
   <div class='ocr_carea' id='block_1_51' title="bbox 163 4843 1863 4917">
    <p class='ocr_par' dir='ltr' id='par_1_51' title="bbox 163 4843 1863 4917">
     <span class='ocr_line' id='line_1_51' title="bbox 163 4843 1863 4917; baseline 0.002 -18"><span class='ocrx_word' id='word_1_362' title='bbox 163 4843 442 4899; x_wconf 89' lang='lat' dir='ltr'>membris</span> <span class='ocrx_word' id='word_1_363' title='bbox 457 4844 584 4914; x_wconf 87' lang='lat' dir='ltr'>ipsa</span> <span class='ocrx_word' id='word_1_364' title='bbox 599 4844 990 4914; x_wconf 86' lang='lat' dir='ltr'>torquebatur,</span> <span class='ocrx_word' id='word_1_365' title='bbox 1013 4845 1194 4898; x_wconf 89' lang='lat' dir='ltr'>latura</span> <span class='ocrx_word' id='word_1_366' title='bbox 1223 4848 1417 4898; x_wconf 90' lang='lat' dir='ltr'>tamen</span> <span class='ocrx_word' id='word_1_367' title='bbox 1437 4845 1608 4900; x_wconf 91' lang='lat' dir='ltr'>etiam</span> <span class='ocrx_word' id='word_1_368' title='bbox 1627 4846 1863 4917; x_wconf 91' lang='lat' dir='ltr'>proprio</span> 
     </span>
    </p>
   </div>
   <div class='ocr_carea' id='block_1_52' title="bbox 165 4932 1857 5004">
    <p class='ocr_par' dir='ltr' id='par_1_52' title="bbox 165 4932 1857 5004">
     <span class='ocr_line' id='line_1_52' title="bbox 165 4932 1857 5004; baseline 0.002 -17"><span class='ocrx_word' id='word_1_369' title='bbox 165 4948 426 4997; x_wconf 87' lang='lat' dir='ltr'>munere,</span> <span class='ocrx_word' id='word_1_370' title='bbox 462 4932 614 5004; x_wconf 91' lang='lat' dir='ltr'>quod</span> <span class='ocrx_word' id='word_1_371' title='bbox 643 4949 737 4986; x_wconf 93' lang='lat' dir='ltr'>eos</span> <span class='ocrx_word' id='word_1_372' title='bbox 765 4935 912 4986; x_wconf 88' lang='lat' dir='ltr'>ferre</span> <span class='ocrx_word' id='word_1_373' title='bbox 969 4937 1314 5003; x_wconf 71' lang='lat' dir='ltr'>praeceperat</span> <span class='ocrx_word' id='word_1_374' title='bbox 1360 4934 1433 5002; x_wconf 89' lang='grc' dir='ltr'>(ΙΙ</span> <span class='ocrx_word' id='word_1_375' title='bbox 1467 4935 1714 4988; x_wconf 88' lang='lat' dir='ltr'>Machab.</span> <span class='ocrx_word' id='word_1_376' title='bbox 1745 4935 1857 5004; x_wconf 86' lang='lat' dir='ltr'>vn).</span> 
     </span>
    </p>
   </div>
   <div class='ocr_carea' id='block_1_53' title="bbox 164 5020 1864 5092">
    <p class='ocr_par' dir='ltr' id='par_1_53' title="bbox 164 5020 1864 5092">
     <span class='ocr_line' id='line_1_53' title="bbox 164 5020 1864 5092; baseline 0.002 -18"><span class='ocrx_word' id='word_1_377' title='bbox 164 5020 318 5085; x_wconf 88' lang='lat' dir='ltr'>Quid</span> <span class='ocrx_word' id='word_1_378' title='bbox 374 5021 446 5075; x_wconf 92' lang='lat' dir='ltr'>ad</span> <span class='ocrx_word' id='word_1_379' title='bbox 503 5024 722 5075; x_wconf 87' lang='lat' dir='ltr'>tantam</span> <span class='ocrx_word' id='word_1_380' title='bbox 776 5021 1136 5090; x_wconf 88' lang='lat' dir='ltr'>patientiam,</span> <span class='ocrx_word' id='word_1_381' title='bbox 1195 5037 1409 5092; x_wconf 62' lang='lat' dir='ltr'>quaeso,</span> <span class='ocrx_word' id='word_1_382' title='bbox 1467 5021 1598 5076; x_wconf 89' lang='lat' dir='ltr'>addi</span> <span class='ocrx_word' id='word_1_383' title='bbox 1636 5023 1864 5092; x_wconf 88' lang='lat' dir='ltr'>potest?</span> 
     </span>
    </p>
   </div>
   <div class='ocr_carea' id='block_1_54' title="bbox 163 5107 1863 5181">
    <p class='ocr_par' dir='ltr' id='par_1_54' title="bbox 163 5107 1863 5181">
     <span class='ocr_line' id='line_1_54' title="bbox 163 5107 1863 5181; baseline 0.001 -19"><span class='ocrx_word' id='word_1_384' title='bbox 163 5108 314 5173; x_wconf 92' lang='lat' dir='ltr'>Quid</span> <span class='ocrx_word' id='word_1_385' title='bbox 343 5113 538 5162; x_wconf 89' lang='lat' dir='ltr'>tamen</span> <span class='ocrx_word' id='word_1_386' title='bbox 581 5107 794 5162; x_wconf 91' lang='lat' dir='ltr'>mirum</span> <span class='ocrx_word' id='word_1_387' title='bbox 848 5108 894 5160; x_wconf 88' lang='lat' dir='ltr'>si</span> <span class='ocrx_word' id='word_1_388' title='bbox 934 5110 1199 5163; x_wconf 89' lang='lat' dir='ltr'>omnibus</span> <span class='ocrx_word' id='word_1_389' title='bbox 1237 5109 1502 5164; x_wconf 88' lang='lat' dir='ltr'>medullis</span> <span class='ocrx_word' id='word_1_390' title='bbox 1557 5115 1863 5181; x_wconf 90' lang='lat' dir='ltr'>conceptus</span> 
     </span>
    </p>
   </div>
   <div class='ocr_carea' id='block_1_55' title="bbox 164 5197 1860 5268">
    <p class='ocr_par' dir='ltr' id='par_1_55' title="bbox 164 5197 1860 5268">
     <span class='ocr_line' id='line_1_55' title="bbox 164 5197 1860 5268; baseline 0 -16"><span class='ocrx_word' id='word_1_391' title='bbox 164 5197 270 5252; x_wconf 91' lang='lat' dir='ltr'>Dei</span> <span class='ocrx_word' id='word_1_392' title='bbox 295 5213 484 5265; x_wconf 89' lang='lat' dir='ltr'>amor,</span> <span class='ocrx_word' id='word_1_393' title='bbox 512 5200 569 5252; x_wconf 88' lang='lat' dir='ltr'>et</span> <span class='ocrx_word' id='word_1_394' title='bbox 586 5200 854 5268; x_wconf 85' lang='lat' dir='ltr'>tyranno,</span> <span class='ocrx_word' id='word_1_395' title='bbox 887 5200 943 5250; x_wconf 90' lang='lat' dir='ltr'>et</span> <span class='ocrx_word' id='word_1_396' title='bbox 971 5197 1242 5265; x_wconf 89' lang='lat' dir='ltr'>carniﬁci,</span> <span class='ocrx_word' id='word_1_397' title='bbox 1276 5203 1332 5252; x_wconf 93' lang='lat' dir='ltr'>et</span> <span class='ocrx_word' id='word_1_398' title='bbox 1379 5197 1580 5265; x_wconf 89' lang='lat' dir='ltr'>dolori,</span> <span class='ocrx_word' id='word_1_399' title='bbox 1635 5203 1692 5252; x_wconf 91' lang='lat' dir='ltr'>et</span> <span class='ocrx_word' id='word_1_400' title='bbox 1737 5215 1860 5253; x_wconf 89' lang='lat' dir='ltr'>cor-</span> 
     </span>
    </p>
   </div>
   <div class='ocr_carea' id='block_1_56' title="bbox 161 5285 1856 5357">
    <p class='ocr_par' dir='ltr' id='par_1_56' title="bbox 161 5285 1856 5357">
     <span class='ocr_line' id='line_1_56' title="bbox 161 5285 1856 5357; baseline 0.001 -18"><span class='ocrx_word' id='word_1_401' title='bbox 161 5285 310 5357; x_wconf 87' lang='lat' dir='ltr'>pori,</span> <span class='ocrx_word' id='word_1_402' title='bbox 347 5290 403 5339; x_wconf 91' lang='lat' dir='ltr'>et</span> <span class='ocrx_word' id='word_1_403' title='bbox 431 5285 610 5352; x_wconf 81' lang='lat' dir='ltr'>sexui,</span> <span class='ocrx_word' id='word_1_404' title='bbox 636 5289 692 5340; x_wconf 91' lang='lat' dir='ltr'>et</span> <span class='ocrx_word' id='word_1_405' title='bbox 720 5285 949 5339; x_wconf 83' lang='lat' dir='ltr'>aifectui</span> <span class='ocrx_word' id='word_1_406' title='bbox 969 5286 1547 5341; x_wconf 87' lang='lat' dir='ltr'>resistebat?Annon</span> <span class='ocrx_word' id='word_1_407' title='bbox 1576 5287 1856 5342; x_wconf 91' lang='lat' dir='ltr'>audierat:</span> 
     </span>
    </p>
   </div>
   <div class='ocr_carea' id='block_1_57' title="bbox 162 5377 1859 5445">
    <p class='ocr_par' dir='ltr' id='par_1_57' title="bbox 162 5377 1859 5445">
     <span class='ocr_line' id='line_1_57' title="bbox 162 5377 1859 5445; baseline -0.001 -13"><span class='ocrx_word' id='word_1_408' title='bbox 162 5378 416 5432; x_wconf 86' lang='lat' dir='ltr'>Pretiosa</span> <span class='ocrx_word' id='word_1_409' title='bbox 467 5377 526 5429; x_wconf 89' lang='lat' dir='ltr'>in</span> <span class='ocrx_word' id='word_1_410' title='bbox 575 5378 857 5444; x_wconf 87' lang='lat' dir='ltr'>conspectu</span> <span class='ocrx_word' id='word_1_411' title='bbox 923 5377 1138 5428; x_wconf 85' lang='lat' dir='ltr'>Domini</span> <span class='ocrx_word' id='word_1_412' title='bbox 1201 5391 1343 5430; x_wconf 88' lang='lat' dir='ltr'>mors</span> <span class='ocrx_word' id='word_1_413' title='bbox 1401 5381 1708 5430; x_wconf 87' lang='lat' dir='ltr'>sanctorum</span> <span class='ocrx_word' id='word_1_414' title='bbox 1743 5377 1859 5445; x_wconf 87' lang='lat' dir='ltr'>ejus</span> 
     </span>
    </p>
   </div>
   <div class='ocr_carea' id='block_1_58' title="bbox 163 5462 1861 5535">
    <p class='ocr_par' dir='ltr' id='par_1_58' title="bbox 163 5462 1861 5535">
     <span class='ocr_line' id='line_1_58' title="bbox 163 5462 1861 5535; baseline -0.001 -15"><span class='ocrx_word' id='word_1_415' title='bbox 163 5465 333 5535; x_wconf 89' lang='lat' dir='ltr'>(Psal.</span> <span class='ocrx_word' id='word_1_416' title='bbox 367 5481 487 5530; x_wconf 85' lang='lat' dir='ltr'>cxv,</span> <span class='ocrx_word' id='word_1_417' title='bbox 526 5465 610 5531; x_wconf 77' lang='grc'>15)</span> <span class='ocrx_word' id='word_1_418' title='bbox 633 5464 661 5519; x_wconf 84' lang='lat'>?</span> <span class='ocrx_word' id='word_1_419' title='bbox 691 5479 808 5518; x_wconf 90' lang='lat' dir='ltr'>non</span> <span class='ocrx_word' id='word_1_420' title='bbox 839 5462 1098 5516; x_wconf 90' lang='lat' dir='ltr'>audierat</span> <span class='ocrx_word' id='word_1_421' title='bbox 1124 5479 1137 5518; x_wconf 91' lang='lat'>:</span> <span class='ocrx_word' id='word_1_422' title='bbox 1169 5465 1360 5519; x_wconf 87' lang='lat' dir='ltr'>Melior</span> <span class='ocrx_word' id='word_1_423' title='bbox 1385 5467 1471 5521; x_wconf 85' lang='lat' dir='ltr'>vir</span> <span class='ocrx_word' id='word_1_424' title='bbox 1497 5467 1713 5535; x_wconf 83' lang='lat' dir='ltr'>patiens</span> <span class='ocrx_word' id='word_1_425' title='bbox 1754 5468 1861 5532; x_wconf 84' lang='lat' dir='ltr'>for-</span> 
     </span>
    </p>
   </div>
   <div class='ocr_carea' id='block_1_59' title="bbox 230 5595 1172 5660">
    <p class='ocr_par' dir='ltr' id='par_1_59' title="bbox 230 5595 1172 5660">
     <span class='ocr_line' id='line_1_59' title="bbox 230 5595 1172 5660; baseline -0.004 -15"><span class='ocrx_word' id='word_1_426' title='bbox 230 5599 242 5630; x_wconf 71' lang='lat' dir='ltr'>t</span> <span class='ocrx_word' id='word_1_427' title='bbox 275 5597 394 5646; x_wconf 82' lang='lat' dir='ltr'>Mss.</span> <span class='ocrx_word' id='word_1_428' title='bbox 431 5595 966 5660; x_wconf 73' lang='lat' dir='ltr'>quindecim,de/lexo</span> <span class='ocrx_word' id='word_1_429' title='bbox 993 5609 1172 5647; x_wconf 81' lang='lat' dir='ltr'>cursu.</span> 
     </span>
    </p>
   </div>
   <div class='ocr_carea' id='block_1_60' title="bbox 1673 343 2208 400">
    <p class='ocr_par' dir='ltr' id='par_1_60' title="bbox 1673 343 2208 400">
     <span class='ocr_line' id='line_1_60' title="bbox 1673 343 2208 400; baseline 0.002 -1"><span class='ocrx_word' id='word_1_430' title='bbox 1673 343 1884 400; x_wconf 80' lang='lat' dir='ltr'>LIBER</span> <span class='ocrx_word' id='word_1_431' title='bbox 1927 344 2208 400; x_wconf 77' lang='lat' dir='ltr'>PRIMUS.</span> 
     </span>
    </p>
   </div>
   <div class='ocr_carea' id='block_1_61' title="bbox 3558 360 3693 412">
    <p class='ocr_par' dir='ltr' id='par_1_61' title="bbox 3558 360 3693 412">
     <span class='ocr_line' id='line_1_61' title="bbox 3558 360 3693 412; baseline 0.007 -1"><span class='ocrx_word' id='word_1_432' title='bbox 3558 360 3693 412; x_wconf 68' lang='lat'>1330</span> 
     </span>
    </p>
   </div>
   <div class='ocr_carea' id='block_1_62' title="bbox 1996 469 3688 551">
    <p class='ocr_par' dir='ltr' id='par_1_62' title="bbox 1996 469 3688 551">
     <span class='ocr_line' id='line_1_62' title="bbox 1996 469 3688 551; baseline 0.009 -30"><span class='ocrx_word' id='word_1_433' title='bbox 1996 470 2198 523; x_wconf 84' lang='lat' dir='ltr'>tissime</span> <span class='ocrx_word' id='word_1_434' title='bbox 2255 469 2436 540; x_wconf 77' lang='lat' dir='ltr'>(Prov.</span> <span class='ocrx_word' id='word_1_435' title='bbox 2499 490 2609 542; x_wconf 89' lang='lat' dir='ltr'>xv1,</span> <span class='ocrx_word' id='word_1_436' title='bbox 2651 475 2786 544; x_wconf 73' lang='lat'>3‘2)?</span> <span class='ocrx_word' id='word_1_437' title='bbox 2835 490 2950 530; x_wconf 91' lang='lat' dir='ltr'>non</span> <span class='ocrx_word' id='word_1_438' title='bbox 2997 477 3296 532; x_wconf 88' lang='lat' dir='ltr'>audierat:</span> <span class='ocrx_word' id='word_1_439' title='bbox 3332 481 3494 535; x_wconf 86' lang='lat' dir='ltr'>Omne</span> <span class='ocrx_word' id='word_1_440' title='bbox 3543 483 3688 551; x_wconf 84' lang='lat' dir='ltr'>quod</span> 
     </span>
    </p>
   </div>
   <div class='ocr_carea' id='block_1_63' title="bbox 1996 558 3684 636">
    <p class='ocr_par' dir='ltr' id='par_1_63' title="bbox 1996 558 3684 636">
     <span class='ocr_line' id='line_1_63' title="bbox 1996 558 3684 636; baseline 0.008 -26"><span class='ocrx_word' id='word_1_441' title='bbox 1996 558 2095 611; x_wconf 89' lang='lat' dir='ltr'>tibi</span> <span class='ocrx_word' id='word_1_442' title='bbox 2136 561 2456 628; x_wconf 84' lang='lat' dir='ltr'>applicitum</span> <span class='ocrx_word' id='word_1_443' title='bbox 2484 564 2667 628; x_wconf 84' lang='lat' dir='ltr'>fuerit,</span> <span class='ocrx_word' id='word_1_444' title='bbox 2703 567 2915 634; x_wconf 85' lang='lat' dir='ltr'>accipe;</span> <span class='ocrx_word' id='word_1_445' title='bbox 2951 567 3085 619; x_wconf 86' lang='lat' dir='ltr'>etin</span> <span class='ocrx_word' id='word_1_446' title='bbox 3121 565 3301 619; x_wconf 87' lang='lat' dir='ltr'>dolore</span> <span class='ocrx_word' id='word_1_447' title='bbox 3355 571 3589 636; x_wconf 84' lang='lat' dir='ltr'>sustine;</span> <span class='ocrx_word' id='word_1_448' title='bbox 3635 577 3684 624; x_wconf 89' lang='lat' dir='ltr'>et</span> 
     </span>
    </p>
   </div>
   <div class='ocr_carea' id='block_1_64' title="bbox 1992 646 3685 726">
    <p class='ocr_par' dir='ltr' id='par_1_64' title="bbox 1992 646 3685 726">
     <span class='ocr_line' id='line_1_64' title="bbox 1992 646 3685 726; baseline 0.007 -28"><span class='ocrx_word' id='word_1_449' title='bbox 1992 646 2048 699; x_wconf 83' lang='lat' dir='ltr'>in</span> <span class='ocrx_word' id='word_1_450' title='bbox 2077 646 2378 702; x_wconf 79' lang='lat' dir='ltr'>humilitate</span> <span class='ocrx_word' id='word_1_451' title='bbox 2400 653 2492 703; x_wconf 86' lang='lat' dir='ltr'>tua</span> <span class='ocrx_word' id='word_1_452' title='bbox 2522 652 2655 705; x_wconf 85' lang='lat' dir='ltr'>habe</span> <span class='ocrx_word' id='word_1_453' title='bbox 2676 655 3032 722; x_wconf 83' lang='lat' dir='ltr'>patientiam:</span> <span class='ocrx_word' id='word_1_454' title='bbox 3066 657 3320 723; x_wconf 87' lang='lat' dir='ltr'>quoniam</span> <span class='ocrx_word' id='word_1_455' title='bbox 3348 657 3406 708; x_wconf 88' lang='lat' dir='ltr'>in</span> <span class='ocrx_word' id='word_1_456' title='bbox 3425 658 3685 726; x_wconf 82' lang='lat' dir='ltr'>ignepro-</span> 
     </span>
    </p>
   </div>
   <div class='ocr_carea' id='block_1_65' title="bbox 1994 733 3683 812">
    <p class='ocr_par' dir='ltr' id='par_1_65' title="bbox 1994 733 3683 812">
     <span class='ocr_line' id='line_1_65' title="bbox 1994 733 3683 812; baseline 0.008 -26"><span class='ocrx_word' id='word_1_457' title='bbox 1994 733 2155 788; x_wconf 84' lang='lat' dir='ltr'>batur</span> <span class='ocrx_word' id='word_1_458' title='bbox 2180 751 2374 790; x_wconf 89' lang='lat' dir='ltr'>aurum</span> <span class='ocrx_word' id='word_1_459' title='bbox 2403 743 2452 792; x_wconf 90' lang='lat' dir='ltr'>et</span> <span class='ocrx_word' id='word_1_460' title='bbox 2493 747 2773 805; x_wconf 86' lang='lat' dir='ltr'>argentum</span> <span class='ocrx_word' id='word_1_461' title='bbox 2805 744 2990 812; x_wconf 87' lang='lat' dir='ltr'>(Eccli.</span> <span class='ocrx_word' id='word_1_462' title='bbox 3027 761 3085 809; x_wconf 86' lang='lat'>11,</span> <span class='ocrx_word' id='word_1_463' title='bbox 3115 745 3168 806; x_wconf 82' lang='grc'>4,</span> <span class='ocrx_word' id='word_1_464' title='bbox 3203 744 3249 811; x_wconf 80' lang='grc'>5)</span> <span class='ocrx_word' id='word_1_465' title='bbox 3275 744 3302 798; x_wconf 83' lang='lat'>?</span> <span class='ocrx_word' id='word_1_466' title='bbox 3331 760 3446 797; x_wconf 91' lang='lat' dir='ltr'>non</span> <span class='ocrx_word' id='word_1_467' title='bbox 3488 745 3683 799; x_wconf 88' lang='lat' dir='ltr'>audie-</span> 
     </span>
    </p>
   </div>
   <div class='ocr_carea' id='block_1_66' title="bbox 1991 824 3684 900">
    <p class='ocr_par' dir='ltr' id='par_1_66' title="bbox 1991 824 3684 900">
     <span class='ocr_line' id='line_1_66' title="bbox 1991 824 3684 900; baseline 0.009 -28"><span class='ocrx_word' id='word_1_468' title='bbox 1991 825 2078 874; x_wconf 89' lang='lat' dir='ltr'>rat</span> <span class='ocrx_word' id='word_1_469' title='bbox 2111 838 2123 874; x_wconf 91' lang='lat'>:</span> <span class='ocrx_word' id='word_1_470' title='bbox 2153 824 2300 877; x_wconf 77' lang='lat' dir='ltr'>Vasa</span> <span class='ocrx_word' id='word_1_471' title='bbox 2336 825 2493 892; x_wconf 83' lang='lat' dir='ltr'>ﬁguli</span> <span class='ocrx_word' id='word_1_472' title='bbox 2517 827 2713 894; x_wconf 88' lang='lat' dir='ltr'>probat</span> <span class='ocrx_word' id='word_1_473' title='bbox 2738 831 2962 894; x_wconf 65' lang='lat' dir='ltr'>fornaa&#39;,</span> <span class='ocrx_word' id='word_1_474' title='bbox 2991 835 3040 884; x_wconf 84' lang='lat' dir='ltr'>et</span> <span class='ocrx_word' id='word_1_475' title='bbox 3067 831 3302 885; x_wconf 85' lang='lat' dir='ltr'>homines</span> <span class='ocrx_word' id='word_1_476' title='bbox 3337 833 3516 900; x_wconf 86' lang='lat' dir='ltr'>justos</span> <span class='ocrx_word' id='word_1_477' title='bbox 3565 839 3684 886; x_wconf 86' lang='lat' dir='ltr'>ten-</span> 
     </span>
    </p>
   </div>
   <div class='ocr_carea' id='block_1_67' title="bbox 1993 910 3691 985">
    <p class='ocr_par' dir='ltr' id='par_1_67' title="bbox 1993 910 3691 985">
     <span class='ocr_line' id='line_1_67' title="bbox 1993 910 3691 985; baseline 0.008 -24"><span class='ocrx_word' id='word_1_478' title='bbox 1993 911 2125 964; x_wconf 87' lang='lat' dir='ltr'>tatio</span> <span class='ocrx_word' id='word_1_479' title='bbox 2156 910 2523 966; x_wconf 81' lang='lat' dir='ltr'>tribulationis</span> <span class='ocrx_word' id='word_1_480' title='bbox 2545 915 2572 966; x_wconf 82' lang='lat'>?</span> <span class='ocrx_word' id='word_1_481' title='bbox 2602 913 2892 984; x_wconf 83' lang='lat' dir='ltr'>(ld.xxv11,</span> <span class='ocrx_word' id='word_1_482' title='bbox 2927 917 3006 984; x_wconf 89' lang='lat'>6.)</span> <span class='ocrx_word' id='word_1_483' title='bbox 3037 919 3157 971; x_wconf 87' lang='lat' dir='ltr'>Imo</span> <span class='ocrx_word' id='word_1_484' title='bbox 3199 935 3330 972; x_wconf 88' lang='lat' dir='ltr'>vero</span> <span class='ocrx_word' id='word_1_485' title='bbox 3365 924 3420 972; x_wconf 90' lang='lat' dir='ltr'>et</span> <span class='ocrx_word' id='word_1_486' title='bbox 3447 921 3591 985; x_wconf 78' lang='lat' dir='ltr'>haec,</span> <span class='ocrx_word' id='word_1_487' title='bbox 3634 926 3691 975; x_wconf 90' lang='lat' dir='ltr'>et</span> 
     </span>
    </p>
   </div>
   <div class='ocr_carea' id='block_1_68' title="bbox 1990 996 3680 1077">
    <p class='ocr_par' dir='ltr' id='par_1_68' title="bbox 1990 996 3680 1077">
     <span class='ocr_line' id='line_1_68' title="bbox 1990 996 3680 1077; baseline 0.007 -28"><span class='ocrx_word' id='word_1_488' title='bbox 1990 996 2099 1050; x_wconf 86' lang='lat' dir='ltr'>alia</span> <span class='ocrx_word' id='word_1_489' title='bbox 2138 999 2305 1068; x_wconf 89' lang='lat' dir='ltr'>plura</span> <span class='ocrx_word' id='word_1_490' title='bbox 2333 1007 2686 1070; x_wconf 85' lang='lat' dir='ltr'>perceperat,</span> <span class='ocrx_word' id='word_1_491' title='bbox 2737 1019 2864 1072; x_wconf 82' lang='lat' dir='ltr'>quae</span> <span class='ocrx_word' id='word_1_492' title='bbox 2921 1021 3035 1058; x_wconf 86' lang='lat' dir='ltr'>uno</span> <span class='ocrx_word' id='word_1_493' title='bbox 3091 1010 3284 1060; x_wconf 90' lang='lat' dir='ltr'>sancto</span> <span class='ocrx_word' id='word_1_494' title='bbox 3317 1007 3415 1060; x_wconf 91' lang='lat' dir='ltr'>Dei</span> <span class='ocrx_word' id='word_1_495' title='bbox 3446 1007 3680 1077; x_wconf 83' lang='lat' dir='ltr'>Spiritu,</span> 
     </span>
    </p>
   </div>
   <div class='ocr_carea' id='block_1_69' title="bbox 1991 1085 3683 1165">
    <p class='ocr_par' dir='ltr' id='par_1_69' title="bbox 1991 1085 3683 1165">
     <span class='ocr_line' id='line_1_69' title="bbox 1991 1085 3683 1165; baseline 0.007 -28"><span class='ocrx_word' id='word_1_496' title='bbox 1991 1089 2051 1138; x_wconf 92' lang='lat' dir='ltr'>ut</span> <span class='ocrx_word' id='word_1_497' title='bbox 2081 1085 2141 1139; x_wconf 91' lang='lat' dir='ltr'>in</span> <span class='ocrx_word' id='word_1_498' title='bbox 2168 1085 2292 1141; x_wconf 85' lang='lat' dir='ltr'>istis</span> <span class='ocrx_word' id='word_1_499' title='bbox 2323 1089 2462 1141; x_wconf 89' lang='lat' dir='ltr'>Novi</span> <span class='ocrx_word' id='word_1_500' title='bbox 2489 1090 2855 1157; x_wconf 89' lang='lat' dir='ltr'>Testamenti,</span> <span class='ocrx_word' id='word_1_501' title='bbox 2888 1091 2967 1144; x_wconf 90' lang='lat' dir='ltr'>sic</span> <span class='ocrx_word' id='word_1_502' title='bbox 2996 1092 3056 1145; x_wconf 91' lang='lat' dir='ltr'>in</span> <span class='ocrx_word' id='word_1_503' title='bbox 3084 1093 3215 1160; x_wconf 89' lang='lat' dir='ltr'>illis,</span> <span class='ocrx_word' id='word_1_504' title='bbox 3246 1095 3344 1165; x_wconf 89' lang='lat' dir='ltr'>qui</span> <span class='ocrx_word' id='word_1_505' title='bbox 3372 1095 3477 1149; x_wconf 91' lang='lat' dir='ltr'>soli</span> <span class='ocrx_word' id='word_1_506' title='bbox 3498 1097 3683 1150; x_wconf 90' lang='lat' dir='ltr'>adhuc</span> 
     </span>
    </p>
   </div>
   <div class='ocr_carea' id='block_1_70' title="bbox 1990 1175 3682 1255">
    <p class='ocr_par' dir='ltr' id='par_1_70' title="bbox 1990 1175 3682 1255">
     <span class='ocr_line' id='line_1_70' title="bbox 1990 1175 3682 1255; baseline 0.008 -29"><span class='ocrx_word' id='word_1_507' title='bbox 1990 1179 2168 1243; x_wconf 89' lang='lat' dir='ltr'>erant,</span> <span class='ocrx_word' id='word_1_508' title='bbox 2201 1175 2380 1230; x_wconf 91' lang='lat' dir='ltr'>Libris</span> <span class='ocrx_word' id='word_1_509' title='bbox 2410 1177 2599 1232; x_wconf 86' lang='lat' dir='ltr'>divina</span> <span class='ocrx_word' id='word_1_510' title='bbox 2644 1185 2935 1250; x_wconf 69' lang='lat' dir='ltr'>praecepta</span> <span class='ocrx_word' id='word_1_511' title='bbox 2965 1181 3318 1236; x_wconf 84' lang='lat' dir='ltr'>fortitudinis</span> <span class='ocrx_word' id='word_1_512' title='bbox 3361 1184 3682 1255; x_wconf 88' lang='lat' dir='ltr'>conscripta</span> 
     </span>
    </p>
   </div>
   <div class='ocr_carea' id='block_1_71' title="bbox 1989 1267 2141 1317">
    <p class='ocr_par' dir='ltr' id='par_1_71' title="bbox 1989 1267 2141 1317">
     <span class='ocr_line' id='line_1_71' title="bbox 1989 1267 2141 1317; baseline 0.013 -2"><span class='ocrx_word' id='word_1_513' title='bbox 1989 1267 2141 1317; x_wconf 90' lang='lat' dir='ltr'>sunt.</span> 
     </span>
    </p>
   </div>
   <div class='ocr_carea' id='block_1_72' title="bbox 2185 1352 3484 1427">
    <p class='ocr_par' dir='ltr' id='par_1_72' title="bbox 2185 1352 3484 1427">
     <span class='ocr_line' id='line_1_72' title="bbox 2185 1352 3484 1427; baseline 0.005 -20"><span class='ocrx_word' id='word_1_514' title='bbox 2185 1352 2407 1408; x_wconf 88' lang='lat' dir='ltr'>CAPUT</span> <span class='ocrx_word' id='word_1_515' title='bbox 2434 1355 2609 1409; x_wconf 83' lang='lat' dir='ltr'>XXIV.</span> <span class='ocrx_word' id='word_1_516' title='bbox 2639 1385 2708 1395; x_wconf 90' lang='lat'>-—</span> <span class='ocrx_word' id='word_1_517' title='bbox 2741 1357 2826 1411; x_wconf 92' lang='lat' dir='ltr'>De</span> <span class='ocrx_word' id='word_1_518' title='bbox 2853 1357 3080 1426; x_wconf 84' lang='lat' dir='ltr'>justitia</span> <span class='ocrx_word' id='word_1_519' title='bbox 3105 1362 3152 1411; x_wconf 88' lang='lat' dir='ltr'>et</span> <span class='ocrx_word' id='word_1_520' title='bbox 3168 1359 3484 1427; x_wconf 82' lang='lat' dir='ltr'>prudentia.</span> 
     </span>
    </p>
   </div>
   <div class='ocr_carea' id='block_1_73' title="bbox 2058 1458 3682 1535">
    <p class='ocr_par' dir='ltr' id='par_1_73' title="bbox 2058 1458 3682 1535">
     <span class='ocr_line' id='line_1_73' title="bbox 2058 1458 3682 1535; baseline 0.004 -23"><span class='ocrx_word' id='word_1_521' title='bbox 2058 1459 2146 1513; x_wconf 78' lang='grc'>44.</span> <span class='ocrx_word' id='word_1_522' title='bbox 2181 1458 2326 1523; x_wconf 87' lang='lat' dir='ltr'>Quid</span> <span class='ocrx_word' id='word_1_523' title='bbox 2353 1461 2422 1514; x_wconf 92' lang='lat' dir='ltr'>de</span> <span class='ocrx_word' id='word_1_524' title='bbox 2446 1461 2673 1531; x_wconf 89' lang='lat' dir='ltr'>justitia</span> <span class='ocrx_word' id='word_1_525' title='bbox 2688 1478 2816 1533; x_wconf 68' lang='lat' dir='ltr'>quae</span> <span class='ocrx_word' id='word_1_526' title='bbox 2830 1463 2902 1517; x_wconf 90' lang='lat' dir='ltr'>ad</span> <span class='ocrx_word' id='word_1_527' title='bbox 2932 1465 3111 1517; x_wconf 88' lang='lat' dir='ltr'>Deum</span> <span class='ocrx_word' id='word_1_528' title='bbox 3142 1463 3436 1534; x_wconf 87' lang='lat' dir='ltr'>pertinet?</span> <span class='ocrx_word' id='word_1_529' title='bbox 3460 1467 3682 1535; x_wconf 83' lang='lat' dir='ltr'>Nonne,</span> 
     </span>
    </p>
   </div>
   <div class='ocr_carea' id='block_1_74' title="bbox 1989 1547 3683 1620">
    <p class='ocr_par' dir='ltr' id='par_1_74' title="bbox 1989 1547 3683 1620">
     <span class='ocr_line' id='line_1_74' title="bbox 1989 1547 3683 1620; baseline 0.004 -20"><span class='ocrx_word' id='word_1_530' title='bbox 1989 1562 2118 1600; x_wconf 91' lang='lat' dir='ltr'>cum</span> <span class='ocrx_word' id='word_1_531' title='bbox 2150 1551 2206 1600; x_wconf 91' lang='lat' dir='ltr'>et</span> <span class='ocrx_word' id='word_1_532' title='bbox 2239 1547 2515 1602; x_wconf 92' lang='lat' dir='ltr'>Dominus</span> <span class='ocrx_word' id='word_1_533' title='bbox 2558 1549 2729 1616; x_wconf 89' lang='lat' dir='ltr'>dicat,</span> <span class='ocrx_word' id='word_1_534' title='bbox 2773 1553 2889 1608; x_wconf 85' lang='lat' dir='ltr'>Non</span> <span class='ocrx_word' id='word_1_535' title='bbox 2933 1555 3158 1620; x_wconf 84' lang='lat' dir='ltr'>potestis</span> <span class='ocrx_word' id='word_1_536' title='bbox 3209 1552 3414 1607; x_wconf 88' lang='lat' dir='ltr'>duobus</span> <span class='ocrx_word' id='word_1_537' title='bbox 3448 1555 3683 1608; x_wconf 87' lang='lat' dir='ltr'>dominis</span> 
     </span>
    </p>
   </div>
   <div class='ocr_carea' id='block_1_75' title="bbox 1987 1638 3684 1711">
    <p class='ocr_par' dir='ltr' id='par_1_75' title="bbox 1987 1638 3684 1711">
     <span class='ocr_line' id='line_1_75' title="bbox 1987 1638 3684 1711; baseline 0.004 -22"><span class='ocrx_word' id='word_1_538' title='bbox 1987 1639 2193 1690; x_wconf 83' lang='lat' dir='ltr'>servire</span> <span class='ocrx_word' id='word_1_539' title='bbox 2225 1638 2447 1707; x_wconf 78' lang='lat' dir='ltr'>(Matth.</span> <span class='ocrx_word' id='word_1_540' title='bbox 2490 1655 2565 1705; x_wconf 80' lang='lat' dir='ltr'>VI,</span> <span class='ocrx_word' id='word_1_541' title='bbox 2599 1641 2708 1708; x_wconf 80' lang='grc'>24),</span> <span class='ocrx_word' id='word_1_542' title='bbox 2769 1644 2826 1693; x_wconf 89' lang='lat' dir='ltr'>et</span> <span class='ocrx_word' id='word_1_543' title='bbox 2875 1641 3179 1711; x_wconf 89' lang='lat' dir='ltr'>Apostolus</span> <span class='ocrx_word' id='word_1_544' title='bbox 3234 1641 3542 1710; x_wconf 87' lang='lat' dir='ltr'>redarguat</span> <span class='ocrx_word' id='word_1_545' title='bbox 3587 1659 3684 1696; x_wconf 90' lang='lat' dir='ltr'>eos</span> 
     </span>
    </p>
   </div>
   <div class='ocr_carea' id='block_1_76' title="bbox 1987 1724 3680 1799">
    <p class='ocr_par' dir='ltr' id='par_1_76' title="bbox 1987 1724 3680 1799">
     <span class='ocr_line' id='line_1_76' title="bbox 1987 1724 3680 1799; baseline 0.004 -22"><span class='ocrx_word' id='word_1_546' title='bbox 1987 1724 2088 1795; x_wconf 89' lang='lat' dir='ltr'>qui</span> <span class='ocrx_word' id='word_1_547' title='bbox 2114 1729 2386 1780; x_wconf 74' lang='lat' dir='ltr'>creaturae</span> <span class='ocrx_word' id='word_1_548' title='bbox 2416 1726 2606 1796; x_wconf 88' lang='lat' dir='ltr'>potius</span> <span class='ocrx_word' id='word_1_549' title='bbox 2635 1744 2809 1798; x_wconf 91' lang='lat' dir='ltr'>quam</span> <span class='ocrx_word' id='word_1_550' title='bbox 2858 1729 3108 1783; x_wconf 89' lang='lat' dir='ltr'>Creatori</span> <span class='ocrx_word' id='word_1_551' title='bbox 3153 1729 3406 1783; x_wconf 90' lang='lat' dir='ltr'>serviunt</span> <span class='ocrx_word' id='word_1_552' title='bbox 3437 1729 3607 1799; x_wconf 84' lang='lat' dir='ltr'>(Rom.</span> <span class='ocrx_word' id='word_1_553' title='bbox 3643 1749 3680 1797; x_wconf 87' lang='lat'>1,</span> 
     </span>
    </p>
   </div>
   <div class='ocr_carea' id='block_1_77' title="bbox 1986 1813 3683 1886">
    <p class='ocr_par' dir='ltr' id='par_1_77' title="bbox 1986 1813 3683 1886">
     <span class='ocr_line' id='line_1_77' title="bbox 1986 1813 3683 1886; baseline 0.004 -20"><span class='ocrx_word' id='word_1_554' title='bbox 1986 1814 2070 1880; x_wconf 80' lang='grc'>25)</span> <span class='ocrx_word' id='word_1_555' title='bbox 2097 1830 2111 1880; x_wconf 89' lang='grc'><strong>;</strong></span> <span class='ocrx_word' id='word_1_556' title='bbox 2143 1813 2202 1867; x_wconf 90' lang='lat' dir='ltr'>in</span> <span class='ocrx_word' id='word_1_557' title='bbox 2233 1815 2420 1868; x_wconf 87' lang='lat' dir='ltr'>Veteri</span> <span class='ocrx_word' id='word_1_558' title='bbox 2449 1815 2809 1870; x_wconf 92' lang='lat' dir='ltr'>Testamento</span> <span class='ocrx_word' id='word_1_559' title='bbox 2838 1817 2998 1886; x_wconf 90' lang='lat' dir='ltr'>prius</span> <span class='ocrx_word' id='word_1_560' title='bbox 3019 1817 3231 1871; x_wconf 92' lang='lat' dir='ltr'>dictum</span> <span class='ocrx_word' id='word_1_561' title='bbox 3264 1821 3366 1883; x_wconf 91' lang='lat' dir='ltr'>est,</span> <span class='ocrx_word' id='word_1_562' title='bbox 3389 1819 3683 1872; x_wconf 89' lang='lat' dir='ltr'>Dominum</span> 
     </span>
    </p>
   </div>
   <div class='ocr_carea' id='block_1_78' title="bbox 1985 1895 3679 1975">
    <p class='ocr_par' dir='ltr' id='par_1_78' title="bbox 1985 1895 3679 1975">
     <span class='ocr_line' id='line_1_78' title="bbox 1985 1895 3679 1975; baseline 0.003 -21"><span class='ocrx_word' id='word_1_563' title='bbox 1985 1900 2160 1955; x_wconf 89' lang='lat' dir='ltr'>Deum</span> <span class='ocrx_word' id='word_1_564' title='bbox 2186 1895 2337 1956; x_wconf 87' lang='lat' dir='ltr'>tuum</span> <span class='ocrx_word' id='word_1_565' title='bbox 2361 1902 2697 1970; x_wconf 87' lang='lat' dir='ltr'>adorabis,et</span> <span class='ocrx_word' id='word_1_566' title='bbox 2726 1905 2812 1958; x_wconf 82' lang='lat' dir='ltr'>illi</span> <span class='ocrx_word' id='word_1_567' title='bbox 2840 1906 2942 1959; x_wconf 87' lang='lat' dir='ltr'>soli</span> <span class='ocrx_word' id='word_1_568' title='bbox 2969 1907 3165 1959; x_wconf 83' lang='lat' dir='ltr'>servies</span> <span class='ocrx_word' id='word_1_569' title='bbox 3185 1906 3212 1960; x_wconf 91' lang='lat'>?</span> <span class='ocrx_word' id='word_1_570' title='bbox 3243 1904 3426 1974; x_wconf 90' lang='lat' dir='ltr'>(Deut.</span> <span class='ocrx_word' id='word_1_571' title='bbox 3461 1923 3535 1972; x_wconf 88' lang='lat' dir='ltr'>v1,</span> <span class='ocrx_word' id='word_1_572' title='bbox 3571 1907 3679 1975; x_wconf 74' lang='grc'>12.)</span> 
     </span>
    </p>
   </div>
   <div class='ocr_carea' id='block_1_79' title="bbox 1985 1989 3682 2062">
    <p class='ocr_par' dir='ltr' id='par_1_79' title="bbox 1985 1989 3682 2062">
     <span class='ocr_line' id='line_1_79' title="bbox 1985 1989 3682 2062; baseline 0.004 -20"><span class='ocrx_word' id='word_1_573' title='bbox 1985 1989 2091 2043; x_wconf 92' lang='lat' dir='ltr'>Sed</span> <span class='ocrx_word' id='word_1_574' title='bbox 2124 1989 2261 2060; x_wconf 89' lang='lat' dir='ltr'>quid</span> <span class='ocrx_word' id='word_1_575' title='bbox 2292 2005 2434 2060; x_wconf 90' lang='lat' dir='ltr'>opus</span> <span class='ocrx_word' id='word_1_576' title='bbox 2459 1996 2544 2045; x_wconf 90' lang='lat' dir='ltr'>est</span> <span class='ocrx_word' id='word_1_577' title='bbox 2570 1991 2706 2045; x_wconf 90' lang='lat' dir='ltr'>hinc</span> <span class='ocrx_word' id='word_1_578' title='bbox 2729 1993 2898 2062; x_wconf 85' lang='lat' dir='ltr'>plura</span> <span class='ocrx_word' id='word_1_579' title='bbox 2946 1993 3154 2060; x_wconf 91' lang='lat' dir='ltr'>dicere,</span> <span class='ocrx_word' id='word_1_580' title='bbox 3207 2009 3337 2047; x_wconf 92' lang='lat' dir='ltr'>cum</span> <span class='ocrx_word' id='word_1_581' title='bbox 3384 1994 3682 2048; x_wconf 88' lang='lat' dir='ltr'>sententiis</span> 
     </span>
    </p>
   </div>
   <div class='ocr_carea' id='block_1_80' title="bbox 1985 2077 3680 2152">
    <p class='ocr_par' dir='ltr' id='par_1_80' title="bbox 1985 2077 3680 2152">
     <span class='ocr_line' id='line_1_80' title="bbox 1985 2077 3680 2152; baseline 0.003 -22"><span class='ocrx_word' id='word_1_582' title='bbox 1985 2077 2194 2131; x_wconf 87' lang='lat' dir='ltr'>talibus</span> <span class='ocrx_word' id='word_1_583' title='bbox 2222 2077 2301 2132; x_wconf 91' lang='lat' dir='ltr'>ibi</span> <span class='ocrx_word' id='word_1_584' title='bbox 2331 2079 2502 2148; x_wconf 90' lang='lat' dir='ltr'>plena</span> <span class='ocrx_word' id='word_1_585' title='bbox 2532 2079 2646 2132; x_wconf 90' lang='lat' dir='ltr'>sint</span> <span class='ocrx_word' id='word_1_586' title='bbox 2676 2079 2916 2134; x_wconf 83' lang='lat' dir='ltr'>omnia?</span> <span class='ocrx_word' id='word_1_587' title='bbox 2959 2082 3112 2134; x_wconf 89' lang='lat' dir='ltr'>Hanc</span> <span class='ocrx_word' id='word_1_588' title='bbox 3143 2096 3278 2152; x_wconf 90' lang='lat' dir='ltr'>ergo</span> <span class='ocrx_word' id='word_1_589' title='bbox 3299 2080 3523 2150; x_wconf 87' lang='lat' dir='ltr'>justitia</span> <span class='ocrx_word' id='word_1_590' title='bbox 3551 2081 3680 2136; x_wconf 68' lang='lat' dir='ltr'>vitae</span> 
     </span>
    </p>
   </div>
   <div class='ocr_carea' id='block_1_81' title="bbox 1981 2164 3678 2237">
    <p class='ocr_par' dir='ltr' id='par_1_81' title="bbox 1981 2164 3678 2237">
     <span class='ocr_line' id='line_1_81' title="bbox 1981 2164 3678 2237; baseline 0.003 -20"><span class='ocrx_word' id='word_1_591' title='bbox 1981 2164 2243 2234; x_wconf 90' lang='lat' dir='ltr'>regulam</span> <span class='ocrx_word' id='word_1_592' title='bbox 2272 2165 2429 2219; x_wconf 90' lang='lat' dir='ltr'>dabit</span> <span class='ocrx_word' id='word_1_593' title='bbox 2456 2165 2588 2219; x_wconf 88' lang='lat' dir='ltr'>huic</span> <span class='ocrx_word' id='word_1_594' title='bbox 2615 2165 2859 2220; x_wconf 90' lang='lat' dir='ltr'>amatori</span> <span class='ocrx_word' id='word_1_595' title='bbox 2891 2166 2960 2220; x_wconf 93' lang='lat' dir='ltr'>de</span> <span class='ocrx_word' id='word_1_596' title='bbox 2992 2182 3105 2237; x_wconf 85' lang='lat' dir='ltr'>quo</span> <span class='ocrx_word' id='word_1_597' title='bbox 3121 2183 3306 2221; x_wconf 90' lang='lat' dir='ltr'>sermo</span> <span class='ocrx_word' id='word_1_598' title='bbox 3337 2171 3441 2233; x_wconf 90' lang='lat' dir='ltr'>est,</span> <span class='ocrx_word' id='word_1_599' title='bbox 3475 2172 3539 2222; x_wconf 90' lang='lat' dir='ltr'>ut</span> <span class='ocrx_word' id='word_1_600' title='bbox 3562 2169 3678 2222; x_wconf 90' lang='lat' dir='ltr'>Deo</span> 
     </span>
    </p>
   </div>
   <div class='ocr_carea' id='block_1_82' title="bbox 1987 2253 3677 2326">
    <p class='ocr_par' dir='ltr' id='par_1_82' title="bbox 1987 2253 3677 2326">
     <span class='ocr_line' id='line_1_82' title="bbox 1987 2253 3677 2326; baseline 0.002 -20"><span class='ocrx_word' id='word_1_601' title='bbox 1987 2269 2161 2323; x_wconf 89' lang='lat' dir='ltr'>quem</span> <span class='ocrx_word' id='word_1_602' title='bbox 2191 2253 2392 2324; x_wconf 85' lang='lat' dir='ltr'>diligit,</span> <span class='ocrx_word' id='word_1_603' title='bbox 2425 2253 2484 2307; x_wconf 91' lang='lat' dir='ltr'>id</span> <span class='ocrx_word' id='word_1_604' title='bbox 2515 2257 2598 2307; x_wconf 89' lang='lat' dir='ltr'>est</span> <span class='ocrx_word' id='word_1_605' title='bbox 2630 2270 2856 2308; x_wconf 91' lang='lat' dir='ltr'>summo</span> <span class='ocrx_word' id='word_1_606' title='bbox 2885 2254 3058 2323; x_wconf 90' lang='lat' dir='ltr'>bono,</span> <span class='ocrx_word' id='word_1_607' title='bbox 3094 2271 3333 2309; x_wconf 67' lang='lat' dir='ltr'>summae</span> <span class='ocrx_word' id='word_1_608' title='bbox 3361 2255 3677 2326; x_wconf 71' lang='lat' dir='ltr'>sapientiae,</span> 
     </span>
    </p>
   </div>
   <div class='ocr_carea' id='block_1_83' title="bbox 1986 2339 3682 2415">
    <p class='ocr_par' dir='ltr' id='par_1_83' title="bbox 1986 2339 3682 2415">
     <span class='ocr_line' id='line_1_83' title="bbox 1986 2339 3682 2415; baseline 0.002 -20"><span class='ocrx_word' id='word_1_609' title='bbox 1986 2358 2225 2396; x_wconf 65' lang='lat' dir='ltr'>summa:</span> <span class='ocrx_word' id='word_1_610' title='bbox 2251 2339 2424 2413; x_wconf 76' lang='lat' dir='ltr'>paci‘,</span> <span class='ocrx_word' id='word_1_611' title='bbox 2457 2341 2834 2397; x_wconf 79' lang='lat' dir='ltr'>libentissime</span> <span class='ocrx_word' id='word_1_612' title='bbox 2864 2343 3104 2411; x_wconf 88' lang='lat' dir='ltr'>serviat;</span> <span class='ocrx_word' id='word_1_613' title='bbox 3140 2348 3458 2415; x_wconf 72' lang='lat' dir='ltr'>cznteraque</span> <span class='ocrx_word' id='word_1_614' title='bbox 3488 2345 3682 2398; x_wconf 86' lang='lat' dir='ltr'>omnia</span> 
     </span>
    </p>
   </div>
   <div class='ocr_carea' id='block_1_84' title="bbox 1985 2430 3682 2503">
    <p class='ocr_par' dir='ltr' id='par_1_84' title="bbox 1985 2430 3682 2503">
     <span class='ocr_line' id='line_1_84' title="bbox 1985 2430 3682 2503; baseline 0.002 -20"><span class='ocrx_word' id='word_1_615' title='bbox 1985 2430 2190 2501; x_wconf 86' lang='lat' dir='ltr'>partim</span> <span class='ocrx_word' id='word_1_616' title='bbox 2225 2431 2477 2502; x_wconf 88' lang='lat' dir='ltr'>subjecta</span> <span class='ocrx_word' id='word_1_617' title='bbox 2503 2431 2608 2486; x_wconf 90' lang='lat' dir='ltr'>sibi</span> <span class='ocrx_word' id='word_1_618' title='bbox 2640 2435 2818 2503; x_wconf 88' lang='lat' dir='ltr'>regat,</span> <span class='ocrx_word' id='word_1_619' title='bbox 2849 2432 3056 2502; x_wconf 89' lang='lat' dir='ltr'>partim</span> <span class='ocrx_word' id='word_1_620' title='bbox 3085 2432 3437 2503; x_wconf 87' lang='lat' dir='ltr'>subjicienda</span> <span class='ocrx_word' id='word_1_621' title='bbox 3466 2449 3682 2503; x_wconf 81' lang='lat' dir='ltr'>praesu-</span> 
     </span>
    </p>
   </div>
   <div class='ocr_carea' id='block_1_85' title="bbox 1984 2520 3681 2592">
    <p class='ocr_par' dir='ltr' id='par_1_85' title="bbox 1984 2520 3681 2592">
     <span class='ocr_line' id='line_1_85' title="bbox 1984 2520 3681 2592; baseline 0.003 -20"><span class='ocrx_word' id='word_1_622' title='bbox 1984 2524 2121 2573; x_wconf 89' lang='lat' dir='ltr'>mat.</span> <span class='ocrx_word' id='word_1_623' title='bbox 2183 2520 2320 2584; x_wconf 76' lang='lat' dir='ltr'>Quze</span> <span class='ocrx_word' id='word_1_624' title='bbox 2377 2537 2579 2573; x_wconf 89' lang='lat' dir='ltr'>norma</span> <span class='ocrx_word' id='word_1_625' title='bbox 2609 2521 2853 2587; x_wconf 88' lang='lat' dir='ltr'>vivendi,</span> <span class='ocrx_word' id='word_1_626' title='bbox 2904 2525 2968 2574; x_wconf 89' lang='lat' dir='ltr'>ut</span> <span class='ocrx_word' id='word_1_627' title='bbox 3005 2520 3323 2591; x_wconf 87' lang='lat' dir='ltr'>docuimus,</span> <span class='ocrx_word' id='word_1_628' title='bbox 3384 2521 3681 2592; x_wconf 89' lang='lat' dir='ltr'>utriusque</span> 
     </span>
    </p>
   </div>
   <div class='ocr_carea' id='block_1_86' title="bbox 1982 2607 3042 2662">
    <p class='ocr_par' dir='ltr' id='par_1_86' title="bbox 1982 2607 3042 2662">
     <span class='ocr_line' id='line_1_86' title="bbox 1982 2607 3042 2662; baseline 0.002 -2"><span class='ocrx_word' id='word_1_629' title='bbox 1982 2607 2328 2661; x_wconf 87' lang='lat' dir='ltr'>Testamenti</span> <span class='ocrx_word' id='word_1_630' title='bbox 2356 2607 2685 2662; x_wconf 88' lang='lat' dir='ltr'>auctoritate</span> <span class='ocrx_word' id='word_1_631' title='bbox 2719 2609 3042 2662; x_wconf 91' lang='lat' dir='ltr'>roboratur.</span> 
     </span>
    </p>
   </div>
   <div class='ocr_carea' id='block_1_87' title="bbox 2053 2695 3681 2766">
    <p class='ocr_par' dir='ltr' id='par_1_87' title="bbox 2053 2695 3681 2766">
     <span class='ocr_line' id='line_1_87' title="bbox 2053 2695 3681 2766; baseline 0.002 -18"><span class='ocrx_word' id='word_1_632' title='bbox 2053 2697 2142 2748; x_wconf 82' lang='grc'>45.</span> <span class='ocrx_word' id='word_1_633' title='bbox 2181 2695 2293 2748; x_wconf 92' lang='lat' dir='ltr'>Nec</span> <span class='ocrx_word' id='word_1_634' title='bbox 2322 2695 2391 2748; x_wconf 92' lang='lat' dir='ltr'>de</span> <span class='ocrx_word' id='word_1_635' title='bbox 2441 2695 2748 2766; x_wconf 91' lang='lat' dir='ltr'>prudentia</span> <span class='ocrx_word' id='word_1_636' title='bbox 2779 2695 2995 2749; x_wconf 90' lang='lat' dir='ltr'>diutius</span> <span class='ocrx_word' id='word_1_637' title='bbox 3033 2695 3424 2750; x_wconf 89' lang='lat' dir='ltr'>disserendum</span> <span class='ocrx_word' id='word_1_638' title='bbox 3463 2701 3566 2766; x_wconf 90' lang='lat' dir='ltr'>est,</span> <span class='ocrx_word' id='word_1_639' title='bbox 3609 2698 3681 2751; x_wconf 83' lang='lat' dir='ltr'>ad</span> 
     </span>
    </p>
   </div>
   <div class='ocr_carea' id='block_1_88' title="bbox 1983 2782 3680 2854">
    <p class='ocr_par' dir='ltr' id='par_1_88' title="bbox 1983 2782 3680 2854">
     <span class='ocr_line' id='line_1_88' title="bbox 1983 2782 3680 2854; baseline 0.002 -19"><span class='ocrx_word' id='word_1_640' title='bbox 1983 2797 2155 2852; x_wconf 86' lang='lat' dir='ltr'>quam</span> <span class='ocrx_word' id='word_1_641' title='bbox 2187 2782 2578 2852; x_wconf 87' lang='lat' dir='ltr'>dignoscentia</span> <span class='ocrx_word' id='word_1_642' title='bbox 2593 2785 2839 2852; x_wconf 90' lang='lat' dir='ltr'>pertinet</span> <span class='ocrx_word' id='word_1_643' title='bbox 2869 2784 3322 2854; x_wconf 89' lang='lat' dir='ltr'>appetendorum</span> <span class='ocrx_word' id='word_1_644' title='bbox 3345 2792 3401 2838; x_wconf 89' lang='lat' dir='ltr'>et</span> <span class='ocrx_word' id='word_1_645' title='bbox 3430 2785 3680 2838; x_wconf 89' lang='lat' dir='ltr'>vitando-</span> 
     </span>
    </p>
   </div>
   <div class='ocr_carea' id='block_1_89' title="bbox 1984 2869 3679 2943">
    <p class='ocr_par' dir='ltr' id='par_1_89' title="bbox 1984 2869 3679 2943">
     <span class='ocr_line' id='line_1_89' title="bbox 1984 2869 3679 2943; baseline 0.002 -20"><span class='ocrx_word' id='word_1_646' title='bbox 1984 2885 2131 2924; x_wconf 91' lang='lat' dir='ltr'>rum.</span> <span class='ocrx_word' id='word_1_647' title='bbox 2164 2871 2300 2934; x_wconf 69' lang='lat' dir='ltr'>Quaa</span> <span class='ocrx_word' id='word_1_648' title='bbox 2331 2869 2378 2924; x_wconf 90' lang='lat' dir='ltr'>si</span> <span class='ocrx_word' id='word_1_649' title='bbox 2407 2870 2569 2937; x_wconf 91' lang='lat' dir='ltr'>desit,</span> <span class='ocrx_word' id='word_1_650' title='bbox 2596 2871 2738 2924; x_wconf 90' lang='lat' dir='ltr'>nihil</span> <span class='ocrx_word' id='word_1_651' title='bbox 2771 2887 2968 2926; x_wconf 90' lang='lat' dir='ltr'>eorum</span> <span class='ocrx_word' id='word_1_652' title='bbox 2999 2873 3068 2926; x_wconf 89' lang='lat' dir='ltr'>de</span> <span class='ocrx_word' id='word_1_653' title='bbox 3099 2873 3440 2943; x_wconf 88' lang='lat' dir='ltr'>quibusjam</span> <span class='ocrx_word' id='word_1_654' title='bbox 3465 2873 3679 2927; x_wconf 89' lang='lat' dir='ltr'>dictum</span> 
     </span>
    </p>
   </div>
   <div class='ocr_carea' id='block_1_90' title="bbox 1983 2958 3677 3032">
    <p class='ocr_par' dir='ltr' id='par_1_90' title="bbox 1983 2958 3677 3032">
     <span class='ocr_line' id='line_1_90' title="bbox 1983 2958 3677 3032; baseline 0.002 -20"><span class='ocrx_word' id='word_1_655' title='bbox 1983 2958 2262 3026; x_wconf 85' lang='lat' dir='ltr'>est,efﬁci</span> <span class='ocrx_word' id='word_1_656' title='bbox 2291 2963 2496 3028; x_wconf 87' lang='lat' dir='ltr'>potest.</span> <span class='ocrx_word' id='word_1_657' title='bbox 2549 2961 2727 3030; x_wconf 84' lang='lat' dir='ltr'>Hujus</span> <span class='ocrx_word' id='word_1_658' title='bbox 2780 2965 2974 3014; x_wconf 90' lang='lat' dir='ltr'>autem</span> <span class='ocrx_word' id='word_1_659' title='bbox 3025 2965 3158 3014; x_wconf 90' lang='lat' dir='ltr'>sunt</span> <span class='ocrx_word' id='word_1_660' title='bbox 3217 2961 3468 3014; x_wconf 64' lang='lat' dir='ltr'>excubiae</span> <span class='ocrx_word' id='word_1_661' title='bbox 3507 2966 3677 3032; x_wconf 89' lang='lat' dir='ltr'>atque</span> 
     </span>
    </p>
   </div>
   <div class='ocr_carea' id='block_1_91' title="bbox 1983 3047 3678 3119">
    <p class='ocr_par' dir='ltr' id='par_1_91' title="bbox 1983 3047 3678 3119">
     <span class='ocr_line' id='line_1_91' title="bbox 1983 3047 3678 3119; baseline 0.002 -20"><span class='ocrx_word' id='word_1_662' title='bbox 1983 3047 2419 3117; x_wconf 88' lang='lat' dir='ltr'>diligentissima</span> <span class='ocrx_word' id='word_1_663' title='bbox 2431 3047 2748 3118; x_wconf 89' lang='lat' dir='ltr'>vigilantia,</span> <span class='ocrx_word' id='word_1_664' title='bbox 2772 3065 2841 3102; x_wconf 92' lang='lat' dir='ltr'>ne</span> <span class='ocrx_word' id='word_1_665' title='bbox 2867 3048 3209 3119; x_wconf 90' lang='lat' dir='ltr'>subrepente</span> <span class='ocrx_word' id='word_1_666' title='bbox 3221 3049 3500 3119; x_wconf 90' lang='lat' dir='ltr'>paulatim</span> <span class='ocrx_word' id='word_1_667' title='bbox 3529 3051 3678 3103; x_wconf 91' lang='lat' dir='ltr'>mala</span> 
     </span>
    </p>
   </div>
   <div class='ocr_carea' id='block_1_92' title="bbox 1983 3134 3679 3206">
    <p class='ocr_par' dir='ltr' id='par_1_92' title="bbox 1983 3134 3679 3206">
     <span class='ocr_line' id='line_1_92' title="bbox 1983 3134 3679 3206; baseline 0.003 -21"><span class='ocrx_word' id='word_1_668' title='bbox 1983 3134 2247 3187; x_wconf 91' lang='lat' dir='ltr'>suasione</span> <span class='ocrx_word' id='word_1_669' title='bbox 2303 3134 2625 3189; x_wconf 87' lang='lat' dir='ltr'>fallamur:</span> <span class='ocrx_word' id='word_1_670' title='bbox 2673 3136 2827 3190; x_wconf 90' lang='lat' dir='ltr'>unde</span> <span class='ocrx_word' id='word_1_671' title='bbox 2883 3152 3035 3206; x_wconf 66' lang='lat' dir='ltr'>saepe</span> <span class='ocrx_word' id='word_1_672' title='bbox 3089 3137 3679 3206; x_wconf 84' lang='lat' dir='ltr'>Dominus,&#39;Vigilate</span> 
     </span>
    </p>
   </div>
   <div class='ocr_carea' id='block_1_93' title="bbox 1985 3222 3680 3296">
    <p class='ocr_par' dir='ltr' id='par_1_93' title="bbox 1985 3222 3680 3296">
     <span class='ocr_line' id='line_1_93' title="bbox 1985 3222 3680 3296; baseline 0.004 -22"><span class='ocrx_word' id='word_1_673' title='bbox 1985 3222 2194 3291; x_wconf 83' lang='lat' dir='ltr'>(Matth.</span> <span class='ocrx_word' id='word_1_674' title='bbox 2226 3238 2371 3287; x_wconf 68' lang='lat' dir='ltr'>xxxv,</span> <span class='ocrx_word' id='word_1_675' title='bbox 2405 3225 2511 3292; x_wconf 74' lang='grc'>42),</span> <span class='ocrx_word' id='word_1_676' title='bbox 2547 3225 2792 3290; x_wconf 89' lang='lat' dir='ltr'>clamat;</span> <span class='ocrx_word' id='word_1_677' title='bbox 2826 3230 2902 3290; x_wconf 92' lang='lat' dir='ltr'>et,</span> <span class='ocrx_word' id='word_1_678' title='bbox 2937 3226 3246 3289; x_wconf 84' lang='lat' dir='ltr'>Ambulate,</span> <span class='ocrx_word' id='word_1_679' title='bbox 3290 3225 3497 3296; x_wconf 91' lang='lat' dir='ltr'>inquit,</span> <span class='ocrx_word' id='word_1_680' title='bbox 3548 3227 3680 3280; x_wconf 87' lang='lat' dir='ltr'>dum</span> 
     </span>
    </p>
   </div>
   <div class='ocr_carea' id='block_1_94' title="bbox 1984 3311 3676 3383">
    <p class='ocr_par' dir='ltr' id='par_1_94' title="bbox 1984 3311 3676 3383">
     <span class='ocr_line' id='line_1_94' title="bbox 1984 3311 3676 3383; baseline 0.002 -19"><span class='ocrx_word' id='word_1_681' title='bbox 1984 3311 2157 3365; x_wconf 87' lang='lat' dir='ltr'>lumen</span> <span class='ocrx_word' id='word_1_682' title='bbox 2188 3313 2413 3378; x_wconf 87' lang='lat' dir='ltr'>habetis,</span> <span class='ocrx_word' id='word_1_683' title='bbox 2441 3328 2506 3366; x_wconf 84' lang='lat' dir='ltr'>ne</span> <span class='ocrx_word' id='word_1_684' title='bbox 2524 3329 2615 3368; x_wconf 79' lang='lat' dir='ltr'>vos</span> <span class='ocrx_word' id='word_1_685' title='bbox 2646 3314 2869 3368; x_wconf 57' lang='lat' dir='ltr'>tenebrae</span> <span class='ocrx_word' id='word_1_686' title='bbox 2897 3315 3348 3383; x_wconf 82' lang='lat' dir='ltr'>comprehendant</span> <span class='ocrx_word' id='word_1_687' title='bbox 3375 3317 3545 3383; x_wconf 85' lang='lat' dir='ltr'>(Joan.</span> <span class='ocrx_word' id='word_1_688' title='bbox 3577 3331 3676 3380; x_wconf 85' lang='lat' dir='ltr'>xu,</span> 
     </span>
    </p>
   </div>
   <div class='ocr_carea' id='block_1_95' title="bbox 1983 3399 3679 3472">
    <p class='ocr_par' dir='ltr' id='par_1_95' title="bbox 1983 3399 3679 3472">
     <span class='ocr_line' id='line_1_95' title="bbox 1983 3399 3679 3472; baseline 0.002 -20"><span class='ocrx_word' id='word_1_689' title='bbox 1983 3399 2090 3468; x_wconf 85' lang='lat'>35).</span> <span class='ocrx_word' id='word_1_690' title='bbox 2125 3400 2382 3470; x_wconf 91' lang='lat' dir='ltr'>Itemque</span> <span class='ocrx_word' id='word_1_691' title='bbox 2414 3400 2656 3455; x_wconf 83' lang='lat' dir='ltr'>dicitur:</span> <span class='ocrx_word' id='word_1_692' title='bbox 2691 3404 2925 3458; x_wconf 81' lang='lat' dir='ltr'>Nescitis</span> <span class='ocrx_word' id='word_1_693' title='bbox 2968 3403 3099 3472; x_wconf 84' lang='lat' dir='ltr'>quia</span> <span class='ocrx_word' id='word_1_694' title='bbox 3135 3403 3403 3456; x_wconf 88' lang='lat' dir='ltr'>modicum</span> <span class='ocrx_word' id='word_1_695' title='bbox 3439 3405 3679 3468; x_wconf 80' lang='lat' dir='ltr'>fermen-</span> 
     </span>
    </p>
   </div>
   <div class='ocr_carea' id='block_1_96' title="bbox 1983 3488 3679 3559">
    <p class='ocr_par' dir='ltr' id='par_1_96' title="bbox 1983 3488 3679 3559">
     <span class='ocr_line' id='line_1_96' title="bbox 1983 3488 3679 3559; baseline 0.001 -18"><span class='ocrx_word' id='word_1_696' title='bbox 1983 3491 2093 3542; x_wconf 90' lang='lat' dir='ltr'>tum</span> <span class='ocrx_word' id='word_1_697' title='bbox 2125 3492 2292 3542; x_wconf 87' lang='lat' dir='ltr'>totam</span> <span class='ocrx_word' id='word_1_698' title='bbox 2321 3504 2555 3543; x_wconf 90' lang='lat' dir='ltr'>massam</span> <span class='ocrx_word' id='word_1_699' title='bbox 2585 3493 2881 3559; x_wconf 83' lang='lat' dir='ltr'>corrumpit</span> <span class='ocrx_word' id='word_1_700' title='bbox 2919 3493 2946 3543; x_wconf 86' lang='lat'>?</span> <span class='ocrx_word' id='word_1_701' title='bbox 2974 3491 3020 3559; x_wconf 87' lang='grc' dir='ltr'>(Ι</span> <span class='ocrx_word' id='word_1_702' title='bbox 3051 3491 3170 3544; x_wconf 83' lang='lat' dir='ltr'>Cor.</span> <span class='ocrx_word' id='word_1_703' title='bbox 3203 3506 3254 3558; x_wconf 88' lang='lat' dir='ltr'>v,</span> <span class='ocrx_word' id='word_1_704' title='bbox 3287 3488 3370 3559; x_wconf 83' lang='grc'>6.)</span> <span class='ocrx_word' id='word_1_705' title='bbox 3394 3490 3541 3553; x_wconf 88' lang='lat' dir='ltr'>Quid</span> <span class='ocrx_word' id='word_1_706' title='bbox 3571 3507 3679 3543; x_wconf 89' lang='lat' dir='ltr'>au-</span> 
     </span>
    </p>
   </div>
   <div class='ocr_carea' id='block_1_97' title="bbox 1982 3576 3681 3645">
    <p class='ocr_par' dir='ltr' id='par_1_97' title="bbox 1982 3576 3681 3645">
     <span class='ocr_line' id='line_1_97' title="bbox 1982 3576 3681 3645; baseline 0.002 -17"><span class='ocrx_word' id='word_1_707' title='bbox 1982 3579 2096 3629; x_wconf 91' lang='lat' dir='ltr'>tem</span> <span class='ocrx_word' id='word_1_708' title='bbox 2137 3576 2375 3645; x_wconf 87' lang='lat' dir='ltr'>proferri</span> <span class='ocrx_word' id='word_1_709' title='bbox 2402 3577 2762 3631; x_wconf 82' lang='lat' dir='ltr'>manifestius</span> <span class='ocrx_word' id='word_1_710' title='bbox 2787 3578 2856 3632; x_wconf 91' lang='lat' dir='ltr'>de</span> <span class='ocrx_word' id='word_1_711' title='bbox 2887 3577 3074 3632; x_wconf 88' lang='lat' dir='ltr'>Veteri</span> <span class='ocrx_word' id='word_1_712' title='bbox 3102 3579 3461 3631; x_wconf 90' lang='lat' dir='ltr'>Testamento</span> <span class='ocrx_word' id='word_1_713' title='bbox 3486 3583 3681 3631; x_wconf 89' lang='lat' dir='ltr'>contra</span> 
     </span>
    </p>
   </div>
   <div class='ocr_carea' id='block_1_98' title="bbox 1980 3663 3680 3735">
    <p class='ocr_par' dir='ltr' id='par_1_98' title="bbox 1980 3663 3680 3735">
     <span class='ocr_line' id='line_1_98' title="bbox 1980 3663 3680 3735; baseline 0.002 -19"><span class='ocrx_word' id='word_1_714' title='bbox 1980 3663 2145 3716; x_wconf 89' lang='lat' dir='ltr'>istam</span> <span class='ocrx_word' id='word_1_715' title='bbox 2177 3664 2643 3718; x_wconf 89' lang='lat' dir='ltr'>dormitationem</span> <span class='ocrx_word' id='word_1_716' title='bbox 2671 3665 2847 3718; x_wconf 88' lang='lat' dir='ltr'>animi</span> <span class='ocrx_word' id='word_1_717' title='bbox 2876 3669 3082 3735; x_wconf 86' lang='lat' dir='ltr'>potest,</span> <span class='ocrx_word' id='word_1_718' title='bbox 3141 3682 3244 3735; x_wconf 90' lang='lat' dir='ltr'>per</span> <span class='ocrx_word' id='word_1_719' title='bbox 3298 3681 3472 3735; x_wconf 90' lang='lat' dir='ltr'>quam</span> <span class='ocrx_word' id='word_1_720' title='bbox 3524 3665 3588 3719; x_wconf 85' lang='lat' dir='ltr'>ﬁt</span> <span class='ocrx_word' id='word_1_721' title='bbox 3618 3672 3680 3720; x_wconf 91' lang='lat' dir='ltr'>ut</span> 
     </span>
    </p>
   </div>
   <div class='ocr_carea' id='block_1_99' title="bbox 1981 3752 3674 3823">
    <p class='ocr_par' dir='ltr' id='par_1_99' title="bbox 1981 3752 3674 3823">
     <span class='ocr_line' id='line_1_99' title="bbox 1981 3752 3674 3823; baseline 0.002 -19"><span class='ocrx_word' id='word_1_722' title='bbox 1981 3767 2096 3804; x_wconf 91' lang='lat' dir='ltr'>non</span> <span class='ocrx_word' id='word_1_723' title='bbox 2123 3752 2436 3805; x_wconf 88' lang='lat' dir='ltr'>sentiamus</span> <span class='ocrx_word' id='word_1_724' title='bbox 2466 3753 2968 3823; x_wconf 90' lang='lat' dir='ltr'>quasiminutatim</span> <span class='ocrx_word' id='word_1_725' title='bbox 3001 3756 3325 3823; x_wconf 89' lang='lat' dir='ltr'>serpentem</span> <span class='ocrx_word' id='word_1_726' title='bbox 3342 3753 3674 3823; x_wconf 89' lang='lat' dir='ltr'>perniciem,</span> 
     </span>
    </p>
   </div>
   <div class='ocr_carea' id='block_1_100' title="bbox 1980 3838 3679 3911">
    <p class='ocr_par' dir='ltr' id='par_1_100' title="bbox 1980 3838 3679 3911">
     <span class='ocr_line' id='line_1_100' title="bbox 1980 3838 3679 3911; baseline 0.002 -21"><span class='ocrx_word' id='word_1_727' title='bbox 1980 3853 2153 3908; x_wconf 90' lang='lat' dir='ltr'>quam</span> <span class='ocrx_word' id='word_1_728' title='bbox 2181 3838 2317 3892; x_wconf 91' lang='lat' dir='ltr'>illud</span> <span class='ocrx_word' id='word_1_729' title='bbox 2353 3839 2505 3909; x_wconf 91' lang='lat' dir='ltr'>quod</span> <span class='ocrx_word' id='word_1_730' title='bbox 2533 3855 2567 3892; x_wconf 90' lang='lat' dir='ltr'>a</span> <span class='ocrx_word' id='word_1_731' title='bbox 2592 3841 2874 3911; x_wconf 86' lang='lat' dir='ltr'>propheta</span> <span class='ocrx_word' id='word_1_732' title='bbox 2900 3840 3113 3893; x_wconf 90' lang='lat' dir='ltr'>dictum</span> <span class='ocrx_word' id='word_1_733' title='bbox 3145 3845 3230 3894; x_wconf 90' lang='lat' dir='ltr'>est</span> <span class='ocrx_word' id='word_1_734' title='bbox 3265 3857 3277 3894; x_wconf 91' lang='lat'>:</span> <span class='ocrx_word' id='word_1_735' title='bbox 3309 3841 3417 3906; x_wconf 85' lang='lat' dir='ltr'>Qui</span> <span class='ocrx_word' id='word_1_736' title='bbox 3470 3843 3679 3909; x_wconf 85' lang='lat' dir='ltr'>spernit</span> 
     </span>
    </p>
   </div>
   <div class='ocr_carea' id='block_1_101' title="bbox 1977 3925 3674 3999">
    <p class='ocr_par' dir='ltr' id='par_1_101' title="bbox 1977 3925 3674 3999">
     <span class='ocr_line' id='line_1_101' title="bbox 1977 3925 3674 3999; baseline 0.002 -21"><span class='ocrx_word' id='word_1_737' title='bbox 1977 3925 2207 3992; x_wconf 87' lang='lat' dir='ltr'>modica,</span> <span class='ocrx_word' id='word_1_738' title='bbox 2243 3928 2516 3994; x_wconf 86' lang='lat' dir='ltr'>paulatim</span> <span class='ocrx_word' id='word_1_739' title='bbox 2545 3927 2793 3982; x_wconf 83' lang='lat' dir='ltr'>decidet?</span> <span class='ocrx_word' id='word_1_740' title='bbox 2816 3928 3001 3998; x_wconf 87' lang='lat' dir='ltr'>(Eccli.</span> <span class='ocrx_word' id='word_1_741' title='bbox 3034 3945 3144 3994; x_wconf 72' lang='lat' dir='ltr'>xrx,</span> <span class='ocrx_word' id='word_1_742' title='bbox 3181 3928 3249 3998; x_wconf 85' lang='lat' dir='ltr'>l.)</span> <span class='ocrx_word' id='word_1_743' title='bbox 3285 3930 3362 3982; x_wconf 92' lang='lat' dir='ltr'>De</span> <span class='ocrx_word' id='word_1_744' title='bbox 3393 3945 3505 3999; x_wconf 87' lang='lat' dir='ltr'>qua</span> <span class='ocrx_word' id='word_1_745' title='bbox 3546 3945 3674 3982; x_wconf 89' lang='lat' dir='ltr'>sen-</span> 
     </span>
    </p>
   </div>
   <div class='ocr_carea' id='block_1_102' title="bbox 1981 4001 3676 4086">
    <p class='ocr_par' dir='ltr' id='par_1_102' title="bbox 1981 4001 3676 4086">
     <span class='ocr_line' id='line_1_102' title="bbox 1981 4001 3676 4086; baseline 0.004 -21"><span class='ocrx_word' id='word_1_746' title='bbox 1981 4013 2176 4081; x_wconf 89' lang='lat' dir='ltr'>tentia,</span> <span class='ocrx_word' id='word_1_747' title='bbox 2196 4012 2242 4066; x_wconf 95' lang='lat' dir='ltr'>si</span> <span class='ocrx_word' id='word_1_748' title='bbox 2271 4018 2660 4084; x_wconf 82' lang='lat' dir='ltr'>Opportunum</span> <span class='ocrx_word' id='word_1_749' title='bbox 2683 4015 3262 4082; x_wconf 88' lang='lat' dir='ltr'>essetfestinantibus,</span> <span class='ocrx_word' id='word_1_750' title='bbox 3287 4001 3676 4086; x_wconf 82' lang='lat' dir='ltr'>copiosissime</span> 
     </span>
    </p>
   </div>
   <div class='ocr_carea' id='block_1_103' title="bbox 1979 4099 3677 4174">
    <p class='ocr_par' dir='ltr' id='par_1_103' title="bbox 1979 4099 3677 4174">
     <span class='ocr_line' id='line_1_103' title="bbox 1979 4099 3677 4174; baseline 0.003 -20"><span class='ocrx_word' id='word_1_751' title='bbox 1979 4099 2408 4172; x_wconf 59' lang='lat' dir='ltr'>disputarem’;</span> <span class='ocrx_word' id='word_1_752' title='bbox 2444 4107 2614 4174; x_wconf 87' lang='lat' dir='ltr'>atque</span> <span class='ocrx_word' id='word_1_753' title='bbox 2654 4102 2712 4157; x_wconf 91' lang='lat' dir='ltr'>id</span> <span class='ocrx_word' id='word_1_754' title='bbox 2760 4103 2807 4157; x_wconf 91' lang='lat' dir='ltr'>si</span> <span class='ocrx_word' id='word_1_755' title='bbox 2853 4121 2884 4157; x_wconf 91' lang='lat' dir='ltr'>a</span> <span class='ocrx_word' id='word_1_756' title='bbox 2940 4103 3102 4158; x_wconf 86' lang='lat' dir='ltr'>nobis</span> <span class='ocrx_word' id='word_1_757' title='bbox 3151 4120 3303 4158; x_wconf 90' lang='lat' dir='ltr'>nunc</span> <span class='ocrx_word' id='word_1_758' title='bbox 3350 4109 3677 4174; x_wconf 86' lang='lat' dir='ltr'>susceptum</span> 
     </span>
    </p>
   </div>
   <div class='ocr_carea' id='block_1_104' title="bbox 1978 4189 3679 4263">
    <p class='ocr_par' dir='ltr' id='par_1_104' title="bbox 1978 4189 3679 4263">
     <span class='ocr_line' id='line_1_104' title="bbox 1978 4189 3679 4263; baseline 0.003 -22"><span class='ocrx_word' id='word_1_759' title='bbox 1978 4203 2188 4241; x_wconf 89' lang='lat' dir='ltr'>munus</span> <span class='ocrx_word' id='word_1_760' title='bbox 2217 4189 2524 4259; x_wconf 85' lang='lat' dir='ltr'>ﬂagitaret,</span> <span class='ocrx_word' id='word_1_761' title='bbox 2558 4190 2792 4245; x_wconf 86' lang='lat' dir='ltr'>fortasse</span> <span class='ocrx_word' id='word_1_762' title='bbox 2825 4191 3346 4246; x_wconf 89' lang='lat' dir='ltr'>demonstraremus</span> <span class='ocrx_word' id='word_1_763' title='bbox 3371 4208 3543 4263; x_wconf 89' lang='lat' dir='ltr'>quam</span> <span class='ocrx_word' id='word_1_764' title='bbox 3564 4192 3679 4246; x_wconf 91' lang='lat' dir='ltr'>sint</span> 
     </span>
    </p>
   </div>
   <div class='ocr_carea' id='block_1_105' title="bbox 1977 4276 3678 4351">
    <p class='ocr_par' dir='ltr' id='par_1_105' title="bbox 1977 4276 3678 4351">
     <span class='ocr_line' id='line_1_105' title="bbox 1977 4276 3678 4351; baseline 0.002 -21"><span class='ocrx_word' id='word_1_765' title='bbox 1977 4276 2094 4330; x_wconf 88' lang='lat' dir='ltr'>alta</span> <span class='ocrx_word' id='word_1_766' title='bbox 2123 4278 2413 4348; x_wconf 88' lang='lat' dir='ltr'>mysteria,</span> <span class='ocrx_word' id='word_1_767' title='bbox 2451 4295 2581 4349; x_wconf 78' lang='lat' dir='ltr'>quae</span> <span class='ocrx_word' id='word_1_768' title='bbox 2611 4279 3022 4351; x_wconf 89' lang='lat' dir='ltr'>imperitissimi</span> <span class='ocrx_word' id='word_1_769' title='bbox 3046 4284 3101 4333; x_wconf 92' lang='lat' dir='ltr'>et</span> <span class='ocrx_word' id='word_1_770' title='bbox 3131 4279 3392 4350; x_wconf 88' lang='lat' dir='ltr'>sacrilegi</span> <span class='ocrx_word' id='word_1_771' title='bbox 3413 4280 3678 4336; x_wconf 90' lang='lat' dir='ltr'>homines</span> 
     </span>
    </p>
   </div>
   <div class='ocr_carea' id='block_1_106' title="bbox 1977 4365 3677 4440">
    <p class='ocr_par' dir='ltr' id='par_1_106' title="bbox 1977 4365 3677 4440">
     <span class='ocr_line' id='line_1_106' title="bbox 1977 4365 3677 4440; baseline 0.004 -22"><span class='ocrx_word' id='word_1_772' title='bbox 1977 4365 2309 4434; x_wconf 82' lang='lat' dir='ltr'>deridenda,</span> <span class='ocrx_word' id='word_1_773' title='bbox 2343 4383 2462 4421; x_wconf 93' lang='lat' dir='ltr'>non</span> <span class='ocrx_word' id='word_1_774' title='bbox 2495 4367 2580 4421; x_wconf 91' lang='lat' dir='ltr'>illi</span> <span class='ocrx_word' id='word_1_775' title='bbox 2611 4368 2844 4439; x_wconf 87' lang='lat' dir='ltr'>quidem</span> <span class='ocrx_word' id='word_1_776' title='bbox 2896 4369 3175 4440; x_wconf 89' lang='lat' dir='ltr'>paulatim</span> <span class='ocrx_word' id='word_1_777' title='bbox 3221 4369 3342 4440; x_wconf 91' lang='lat' dir='ltr'>jam</span> <span class='ocrx_word' id='word_1_778' title='bbox 3389 4369 3677 4436; x_wconf 88' lang='lat' dir='ltr'>decidunt,</span> 
     </span>
    </p>
   </div>
   <div class='ocr_carea' id='block_1_107' title="bbox 1979 4454 3042 4529">
    <p class='ocr_par' dir='ltr' id='par_1_107' title="bbox 1979 4454 3042 4529">
     <span class='ocr_line' id='line_1_107' title="bbox 1979 4454 3042 4529; baseline 0.004 -21"><span class='ocrx_word' id='word_1_779' title='bbox 1979 4454 2074 4508; x_wconf 91' lang='lat' dir='ltr'>sed</span> <span class='ocrx_word' id='word_1_780' title='bbox 2104 4471 2317 4526; x_wconf 86' lang='lat' dir='ltr'>magno</span> <span class='ocrx_word' id='word_1_781' title='bbox 2348 4457 2510 4527; x_wconf 90' lang='lat' dir='ltr'>lapsu</span> <span class='ocrx_word' id='word_1_782' title='bbox 2536 4457 2858 4529; x_wconf 68' lang='lat' dir='ltr'>praecipites</span> <span class='ocrx_word' id='word_1_783' title='bbox 2888 4462 3042 4512; x_wconf 89' lang='lat' dir='ltr'>eunt.</span> 
     </span>
    </p>
   </div>
   <div class='ocr_carea' id='block_1_108' title="bbox 1978 4562 3681 4632">
    <p class='ocr_par' dir='ltr' id='par_1_108' title="bbox 1978 4562 3681 4632">
     <span class='ocr_line' id='line_1_108' title="bbox 1978 4562 3681 4632; baseline 0.001 -15"><span class='ocrx_word' id='word_1_784' title='bbox 1978 4562 2203 4617; x_wconf 87' lang='lat' dir='ltr'>CAPUT</span> <span class='ocrx_word' id='word_1_785' title='bbox 2238 4563 2387 4617; x_wconf 86' lang='lat' dir='ltr'><strong>XXV.</strong></span> <span class='ocrx_word' id='word_1_786' title='bbox 2450 4591 2513 4602; x_wconf 95' lang='lat'>—</span> <span class='ocrx_word' id='word_1_787' title='bbox 2578 4564 2770 4632; x_wconf 79' lang='lat' dir='ltr'>Ofﬁcio</span> <span class='ocrx_word' id='word_1_788' title='bbox 2824 4567 3060 4631; x_wconf 87' lang='lat' dir='ltr'>quatuor</span> <span class='ocrx_word' id='word_1_789' title='bbox 3088 4566 3352 4618; x_wconf 81' lang='lat' dir='ltr'>virtutum</span> <span class='ocrx_word' id='word_1_790' title='bbox 3391 4566 3536 4620; x_wconf 88' lang='lat' dir='ltr'>circa</span> <span class='ocrx_word' id='word_1_791' title='bbox 3583 4567 3681 4620; x_wconf 87' lang='lat' dir='ltr'>Dei</span> 
     </span>
    </p>
   </div>
   <div class='ocr_carea' id='block_1_109' title="bbox 2047 4650 3680 4720">
    <p class='ocr_par' dir='ltr' id='par_1_109' title="bbox 2047 4650 3680 4720">
     <span class='ocr_line' id='line_1_109' title="bbox 2047 4650 3680 4720; baseline 0.003 -16"><span class='ocrx_word' id='word_1_792' title='bbox 2047 4664 2300 4715; x_wconf 84' lang='lat' dir='ltr'>amorem,</span> <span class='ocrx_word' id='word_1_793' title='bbox 2341 4650 2496 4718; x_wconf 84' lang='lat' dir='ltr'>cujus</span> <span class='ocrx_word' id='word_1_794' title='bbox 2536 4653 2740 4706; x_wconf 84' lang='lat' dir='ltr'>amoris</span> <span class='ocrx_word' id='word_1_795' title='bbox 2771 4653 3059 4720; x_wconf 73' lang='lat' dir='ltr'>praemium</span> <span class='ocrx_word' id='word_1_796' title='bbox 3096 4656 3174 4706; x_wconf 91' lang='lat' dir='ltr'>est</span> <span class='ocrx_word' id='word_1_797' title='bbox 3217 4656 3418 4707; x_wconf 61' lang='lat' dir='ltr'>eterna</span> <span class='ocrx_word' id='word_1_798' title='bbox 3463 4655 3580 4708; x_wconf 82' lang='lat' dir='ltr'>vita</span> <span class='ocrx_word' id='word_1_799' title='bbox 3629 4659 3680 4709; x_wconf 89' lang='lat' dir='ltr'>et</span> 
     </span>
    </p>
   </div>
   <div class='ocr_carea' id='block_1_110' title="bbox 2045 4739 2582 4808">
    <p class='ocr_par' dir='ltr' id='par_1_110' title="bbox 2045 4739 2582 4808">
     <span class='ocr_line' id='line_1_110' title="bbox 2045 4739 2582 4808; baseline 0.004 -17"><span class='ocrx_word' id='word_1_800' title='bbox 2045 4739 2282 4808; x_wconf 85' lang='lat' dir='ltr'>cognitio</span> <span class='ocrx_word' id='word_1_801' title='bbox 2306 4740 2582 4794; x_wconf 86' lang='lat' dir='ltr'>veritatis.</span> 
     </span>
    </p>
   </div>
   <div class='ocr_carea' id='block_1_111' title="bbox 2043 4843 3674 4918">
    <p class='ocr_par' dir='ltr' id='par_1_111' title="bbox 2043 4843 3674 4918">
     <span class='ocr_line' id='line_1_111' title="bbox 2043 4843 3674 4918; baseline 0.002 -20"><span class='ocrx_word' id='word_1_802' title='bbox 2043 4847 2130 4899; x_wconf 82' lang='grc'>46.</span> <span class='ocrx_word' id='word_1_803' title='bbox 2165 4843 2311 4909; x_wconf 91' lang='lat' dir='ltr'>Quid</span> <span class='ocrx_word' id='word_1_804' title='bbox 2363 4845 2613 4916; x_wconf 90' lang='lat' dir='ltr'>amplius</span> <span class='ocrx_word' id='word_1_805' title='bbox 2662 4846 2730 4899; x_wconf 92' lang='lat' dir='ltr'>de</span> <span class='ocrx_word' id='word_1_806' title='bbox 2789 4845 3046 4900; x_wconf 90' lang='lat' dir='ltr'>moribus</span> <span class='ocrx_word' id='word_1_807' title='bbox 3075 4845 3409 4918; x_wconf 87' lang='lat' dir='ltr'>disputem?</span> <span class='ocrx_word' id='word_1_808' title='bbox 3438 4847 3495 4902; x_wconf 93' lang='lat' dir='ltr'>Si</span> <span class='ocrx_word' id='word_1_809' title='bbox 3526 4848 3674 4902; x_wconf 89' lang='lat' dir='ltr'>enim</span> 
     </span>
    </p>
   </div>
   <div class='ocr_carea' id='block_1_112' title="bbox 1975 4934 3676 5007">
    <p class='ocr_par' dir='ltr' id='par_1_112' title="bbox 1975 4934 3676 5007">
     <span class='ocr_line' id='line_1_112' title="bbox 1975 4934 3676 5007; baseline 0.002 -21"><span class='ocrx_word' id='word_1_810' title='bbox 1975 4934 2123 4987; x_wconf 90' lang='lat' dir='ltr'>Deus</span> <span class='ocrx_word' id='word_1_811' title='bbox 2153 4937 2238 4986; x_wconf 90' lang='lat' dir='ltr'>est</span> <span class='ocrx_word' id='word_1_812' title='bbox 2266 4949 2558 4988; x_wconf 90' lang='lat' dir='ltr'>summum</span> <span class='ocrx_word' id='word_1_813' title='bbox 2583 4934 2834 4988; x_wconf 92' lang='lat' dir='ltr'>hominis</span> <span class='ocrx_word' id='word_1_814' title='bbox 2864 4935 3096 4997; x_wconf 87' lang='lat' dir='ltr'>bonum,</span> <span class='ocrx_word' id='word_1_815' title='bbox 3134 4937 3290 5005; x_wconf 87' lang='lat' dir='ltr'>quod</span> <span class='ocrx_word' id='word_1_816' title='bbox 3320 4953 3528 5007; x_wconf 80' lang='lat' dir='ltr'>negare</span> <span class='ocrx_word' id='word_1_817' title='bbox 3558 4952 3676 4990; x_wconf 91' lang='lat' dir='ltr'>non</span> 
     </span>
    </p>
   </div>
   <div class='ocr_carea' id='block_1_113' title="bbox 1970 5021 3675 5094">
    <p class='ocr_par' dir='ltr' id='par_1_113' title="bbox 1970 5021 3675 5094">
     <span class='ocr_line' id='line_1_113' title="bbox 1970 5021 3675 5094; baseline 0.001 -19"><span class='ocrx_word' id='word_1_818' title='bbox 1970 5021 2503 5093; x_wconf 89' lang='lat' dir='ltr'>potestis,sequitur</span> <span class='ocrx_word' id='word_1_819' title='bbox 2529 5023 2808 5092; x_wconf 90' lang='lat' dir='ltr'>profecto,</span> <span class='ocrx_word' id='word_1_820' title='bbox 2835 5023 3111 5094; x_wconf 90' lang='lat' dir='ltr'>quoniam</span> <span class='ocrx_word' id='word_1_821' title='bbox 3135 5041 3429 5079; x_wconf 90' lang='lat' dir='ltr'>summum</span> <span class='ocrx_word' id='word_1_822' title='bbox 3460 5023 3675 5077; x_wconf 90' lang='lat' dir='ltr'>bonum</span> 
     </span>
    </p>
   </div>
   <div class='ocr_carea' id='block_1_114' title="bbox 1970 5111 3678 5180">
    <p class='ocr_par' dir='ltr' id='par_1_114' title="bbox 1970 5111 3678 5180">
     <span class='ocr_line' id='line_1_114' title="bbox 1970 5111 3678 5180; baseline 0.001 -16"><span class='ocrx_word' id='word_1_823' title='bbox 1970 5114 2260 5180; x_wconf 89' lang='lat' dir='ltr'>appetere,</span> <span class='ocrx_word' id='word_1_824' title='bbox 2294 5115 2378 5165; x_wconf 88' lang='lat' dir='ltr'>est</span> <span class='ocrx_word' id='word_1_825' title='bbox 2400 5111 2545 5165; x_wconf 90' lang='lat' dir='ltr'>bene</span> <span class='ocrx_word' id='word_1_826' title='bbox 2568 5111 2778 5180; x_wconf 89' lang='lat' dir='ltr'>vivere,</span> <span class='ocrx_word' id='word_1_827' title='bbox 2811 5117 2877 5166; x_wconf 91' lang='lat' dir='ltr'>ut</span> <span class='ocrx_word' id='word_1_828' title='bbox 2905 5112 3048 5167; x_wconf 90' lang='lat' dir='ltr'>nihil</span> <span class='ocrx_word' id='word_1_829' title='bbox 3081 5113 3154 5167; x_wconf 88' lang='lat' dir='ltr'>sit</span> <span class='ocrx_word' id='word_1_830' title='bbox 3204 5112 3365 5168; x_wconf 89' lang='lat' dir='ltr'>aliud</span> <span class='ocrx_word' id='word_1_831' title='bbox 3397 5112 3541 5166; x_wconf 88' lang='lat' dir='ltr'>bene</span> <span class='ocrx_word' id='word_1_832' title='bbox 3594 5112 3678 5166; x_wconf 89' lang='lat' dir='ltr'>vi-</span> 
     </span>
    </p>
   </div>
   <div class='ocr_carea' id='block_1_115' title="bbox 1969 5200 3677 5270">
    <p class='ocr_par' dir='ltr' id='par_1_115' title="bbox 1969 5200 3677 5270">
     <span class='ocr_line' id='line_1_115' title="bbox 1969 5200 3677 5270; baseline 0.002 -18"><span class='ocrx_word' id='word_1_833' title='bbox 1969 5215 2121 5266; x_wconf 88' lang='lat' dir='ltr'>vere,</span> <span class='ocrx_word' id='word_1_834' title='bbox 2153 5215 2328 5270; x_wconf 89' lang='lat' dir='ltr'>quam</span> <span class='ocrx_word' id='word_1_835' title='bbox 2356 5203 2478 5253; x_wconf 90' lang='lat' dir='ltr'>toto</span> <span class='ocrx_word' id='word_1_836' title='bbox 2509 5200 2697 5266; x_wconf 89' lang='lat' dir='ltr'>corde,</span> <span class='ocrx_word' id='word_1_837' title='bbox 2725 5204 2846 5256; x_wconf 89' lang='lat' dir='ltr'>tota</span> <span class='ocrx_word' id='word_1_838' title='bbox 2875 5201 3090 5268; x_wconf 91' lang='lat' dir='ltr'>anima,</span> <span class='ocrx_word' id='word_1_839' title='bbox 3126 5205 3244 5254; x_wconf 90' lang='lat' dir='ltr'>tota</span> <span class='ocrx_word' id='word_1_840' title='bbox 3273 5204 3461 5253; x_wconf 91' lang='lat' dir='ltr'>mente</span> <span class='ocrx_word' id='word_1_841' title='bbox 3495 5201 3677 5255; x_wconf 90' lang='lat' dir='ltr'>Deum</span> 
     </span>
    </p>
   </div>
   <div class='ocr_carea' id='block_1_116' title="bbox 1969 5286 3678 5359">
    <p class='ocr_par' dir='ltr' id='par_1_116' title="bbox 1969 5286 3678 5359">
     <span class='ocr_line' id='line_1_116' title="bbox 1969 5286 3678 5359; baseline -0.001 -17"><span class='ocrx_word' id='word_1_842' title='bbox 1969 5287 2208 5358; x_wconf 89' lang='lat' dir='ltr'>diligere</span> <span class='ocrx_word' id='word_1_843' title='bbox 2239 5303 2252 5342; x_wconf 92' lang='lat'>:</span> <span class='ocrx_word' id='word_1_844' title='bbox 2283 5304 2316 5342; x_wconf 89' lang='lat' dir='ltr'>a</span> <span class='ocrx_word' id='word_1_845' title='bbox 2372 5304 2486 5359; x_wconf 91' lang='lat' dir='ltr'>quo</span> <span class='ocrx_word' id='word_1_846' title='bbox 2525 5288 2737 5358; x_wconf 80' lang='lat' dir='ltr'>existit,</span> <span class='ocrx_word' id='word_1_847' title='bbox 2771 5294 2838 5345; x_wconf 91' lang='lat' dir='ltr'>ut</span> <span class='ocrx_word' id='word_1_848' title='bbox 2885 5289 3246 5359; x_wconf 87' lang='lat' dir='ltr'>incorruptus</span> <span class='ocrx_word' id='word_1_849' title='bbox 3293 5286 3354 5341; x_wconf 91' lang='lat' dir='ltr'>in</span> <span class='ocrx_word' id='word_1_850' title='bbox 3401 5303 3468 5340; x_wconf 91' lang='lat' dir='ltr'>eo</span> <span class='ocrx_word' id='word_1_851' title='bbox 3516 5303 3678 5341; x_wconf 86' lang='lat' dir='ltr'>amor</span> 
     </span>
    </p>
   </div>
   <div class='ocr_carea' id='block_1_117' title="bbox 2031 5402 3675 5482">
    <p class='ocr_par' dir='ltr' id='par_1_117' title="bbox 2031 5402 3675 5482">
     <span class='ocr_line' id='line_1_117' title="bbox 2031 5402 3675 5482; baseline 0.001 -23"><span class='ocrx_word' id='word_1_852' title='bbox 2031 5413 2047 5445; x_wconf 78' lang='grc' dir='ltr'><strong>ι</strong></span> <span class='ocrx_word' id='word_1_853' title='bbox 2074 5412 2195 5460; x_wconf 87' lang='lat' dir='ltr'>Mss.</span> <span class='ocrx_word' id='word_1_854' title='bbox 2213 5416 2458 5482; x_wconf 69' lang='lat' dir='ltr'>qpatuor,</span> <span class='ocrx_word' id='word_1_855' title='bbox 2475 5427 2691 5482; x_wconf 69' lang='lat' dir='ltr'>sizrnmae</span> <span class='ocrx_word' id='word_1_856' title='bbox 2703 5416 2970 5482; x_wconf 56' lang='lat' dir='ltr'>potentiae:</span> <span class='ocrx_word' id='word_1_857' title='bbox 2985 5413 3049 5461; x_wconf 89' lang='lat' dir='ltr'>At</span> <span class='ocrx_word' id='word_1_858' title='bbox 3060 5410 3147 5482; x_wconf 69' lang='lat' dir='ltr'>alii</span> <span class='ocrx_word' id='word_1_859' title='bbox 3169 5402 3675 5482; x_wconf 65' lang='lat' dir='ltr'>Cdd._habent,paci&#39;</span> 
     </span>
    </p>
   </div>
   <div class='ocr_carea' id='block_1_118' title="bbox 1971 5472 3676 5538">
    <p class='ocr_par' dir='ltr' id='par_1_118' title="bbox 1971 5472 3676 5538">
     <span class='ocr_line' id='line_1_118' title="bbox 1971 5472 3676 5538; baseline 0.001 -17"><span class='ocrx_word' id='word_1_860' title='bbox 1971 5475 2085 5532; x_wconf 88' lang='lat' dir='ltr'>Qua</span> <span class='ocrx_word' id='word_1_861' title='bbox 2097 5472 2494 5538; x_wconf 36' lang='lat' dir='ltr'>voce’Spiritum</span> <span class='ocrx_word' id='word_1_862' title='bbox 2513 5472 2754 5526; x_wconf 78' lang='lat' dir='ltr'>sanctum</span> <span class='ocrx_word' id='word_1_863' title='bbox 2774 5475 3058 5525; x_wconf 89' lang='lat' dir='ltr'>identidem</span> <span class='ocrx_word' id='word_1_864' title='bbox 3075 5472 3316 5535; x_wconf 87' lang='lat' dir='ltr'>designat</span> <span class='ocrx_word' id='word_1_865' title='bbox 3330 5472 3676 5535; x_wconf 50' lang='lat' dir='ltr'>Augustinus,</span> 
     </span>
    </p>
   </div>
   <div class='ocr_carea' id='block_1_119' title="bbox 1975 5538 2672 5602">
    <p class='ocr_par' dir='ltr' id='par_1_119' title="bbox 1975 5538 2672 5602">
     <span class='ocr_line' id='line_1_119' title="bbox 1975 5538 2672 5602; baseline 0.004 -18"><span class='ocrx_word' id='word_1_866' title='bbox 1975 5539 2272 5602; x_wconf 79' lang='lat' dir='ltr'>ut_rurs_um</span> <span class='ocrx_word' id='word_1_867' title='bbox 2303 5538 2441 5602; x_wconf 81' lang='lat' dir='ltr'>infra</span> <span class='ocrx_word' id='word_1_868' title='bbox 2470 5553 2568 5602; x_wconf 86' lang='lat' dir='ltr'>cap</span> <span class='ocrx_word' id='word_1_869' title='bbox 2596 5542 2672 5602; x_wconf 83' lang='lat'>30.</span> 
     </span>
    </p>
   </div>
   <div class='ocr_carea' id='block_1_120' title="bbox 2036 5598 3091 5663">
    <p class='ocr_par' dir='ltr' id='par_1_120' title="bbox 2036 5598 3091 5663">
     <span class='ocr_line' id='line_1_120' title="bbox 2036 5598 3091 5663; baseline -0.002 -16"><span class='ocrx_word' id='word_1_870' title='bbox 2036 5599 2056 5632; x_wconf 63' lang='lat'><strong><em>9</em></strong></span> <span class='ocrx_word' id='word_1_871' title='bbox 2089 5600 2146 5647; x_wconf 88' lang='lat' dir='ltr'>lu</span> <span class='ocrx_word' id='word_1_872' title='bbox 2173 5600 2295 5649; x_wconf 85' lang='lat' dir='ltr'>Mss.</span> <span class='ocrx_word' id='word_1_873' title='bbox 2334 5598 2779 5663; x_wconf 51' lang='lat' dir='ltr'>aliquot‘habetur</span> <span class='ocrx_word' id='word_1_874' title='bbox 2805 5598 3091 5661; x_wconf 79' lang='lat' dir='ltr'>disputare.</span> 
     </span>
    </p>
   </div>
  </div>
