4074 6356
403 333 530 385 1331

404 455 574 520 atque
604 449 829 520 integer
855 446 1227 514 custodiatur,
1259 445 1414 516 quod
1462 449 1545 499 est
1571 444 2001 516 temperantiae;
2035 447 2091 499 et

401 539 574 594 nullis
597 539 893 608 frangatur
939 534 1335 601 incommodis,
1371 534 1526 604 quod
1583 538 1666 588 est
1694 533 2042 588 fortitudinis
2072 549 2086 600 ;

398 627 545 682 nulli
573 625 668 680 alii
695 625 919 691 serviat,
953 623 1108 695 quod
1138 627 1220 676 est
1245 621 1514 692 justitiee;
1567 621 1764 691 vigilet
1791 622 1851 675 in
1881 621 2088 676 discer-

402 712 605 768 nendis
633 712 819 777 rebus,
858 727 928 764 ne
959 709 1173 763 fallacia
1207 706 1484 779 paulatim
1514 706 1741 760 dolusve
1796 705 2090 777 subrepat,

406 801 561 872 quod
589 803 674 854 est
700 798 1049 871 prudentiae.
1090 799 1219 852 Haec
1247 801 1332 849 est
1362 794 1613 850 hominis
1641 811 1754 848 una
1798 795 2091 866 perfectio,

405 907 519 961 qua
548 890 668 943 sola
693 889 961 962 impetrat
990 891 1052 940 ut
1090 884 1341 940 veritatis
1372 883 1692 938 sinceritate
1729 883 2090 953 perfruatur:

405 979 526 1032 haec
556 977 719 1031 nobis
746 977 1105 1030 Testamento
1136 977 1382 1042 utroque
1405 970 1745 1036 concinitur,
1785 971 1908 1024 haec
1930 971 2095 1025 nobis

405 1066 537 1120 hinc
565 1071 735 1135 atque
766 1064 898 1118 inde
919 1062 1202 1116 suadetur.
1232 1059 1375 1123 Quid
1393 1059 1576 1112 adhuc
1605 1057 1929 1128 Scripturis,
1954 1075 2095 1129 quas

403 1154 698 1224 ignoratis,
743 1148 1224 1205 calumniamini?
1257 1146 1492 1201 Nescitis
1545 1152 1760 1217 quanta
1803 1146 2097 1216 imperitia

408 1241 692 1296 lacessatis
725 1239 944 1307 Libros,
979 1253 1120 1307 quos
1151 1239 1206 1289 et
1237 1234 1340 1288 soli
1368 1234 1796 1304 reprehendunt
1843 1234 1941 1305 qui
1980 1251 2093 1288 non

407 1328 760 1396 intelligunt,
794 1330 852 1380 et
901 1325 1006 1378 soli
1061 1322 1381 1393 intelligere
1428 1325 1722 1392 nequeunt
1773 1321 1873 1392 qui
1902 1339 2096 1392 repre-

409 1417 717 1472 hendunt?
743 1416 868 1468 Non
895 1413 1044 1468 enim
1069 1428 1163 1468 eos
1190 1415 1289 1465 aut
1310 1411 1457 1464 ullus
1475 1410 1738 1464 inimicus
1757 1426 2098 1483 cognoscere

411 1505 633 1570 sinitur,
669 1508 768 1557 aut
796 1518 915 1556 esse
946 1501 1056 1556 nisi
1084 1499 1299 1554 amicus
1328 1499 1565 1570 cognitis
1593 1502 1796 1570 potest.

481 1593 571 1646 47.
610 1591 921 1661 Diligamus
950 1589 1128 1660 igitur
1158 1589 1340 1642 Deum
1370 1603 1437 1642 ex
1466 1591 1584 1641 toto
1639 1587 1827 1652 corde,
1883 1603 1951 1642 ex
1983 1590 2101 1642 tota

415 1679 626 1746 anima,
659 1696 725 1732 ex
752 1683 873 1732 tota
899 1681 1108 1744 mente,
1142 1677 1492 1747 quicumque
1526 1677 1594 1730 ad
1622 1675 1798 1731 vitam
1828 1681 2102 1731 teternam

413 1767 708 1840 pervenire
738 1765 1156 1837 proposuimus.
1188 1765 1313 1818 Vita
1359 1755 1507 1818 enim
1540 1768 1753 1818 aeterna
1808 1769 1892 1818 est
1919 1769 2102 1818 totum

412 1857 737 1929 praemium,
766 1856 927 1926 cujus
981 1853 1362 1924 promissione
1423 1853 1743 1924 gaudemus
1777 1871 1790 1908 :
1817 1870 1921 1907 nec
1950 1870 2100 1924 pra:-

413 1947 596 2000 mium
621 1947 807 2016 potest
830 1943 1151 2014 praecedere
1181 1941 1406 2009 merita,
1436 1940 1711 2013 priusque
1742 1941 1962 1996 homini
1983 1941 2105 1995 dari

416 2051 588 2106 quam
621 2033 826 2104 dignus
873 2035 975 2085 est.
1022 2031 1166 2095 Quid
1215 2030 1371 2085 enim
1408 2031 1517 2084 hoc
1544 2030 1832 2100 injustius,
1863 2035 1918 2083 et
1965 2029 2104 2100 quid

411 2123 619 2195 justius
641 2124 754 2175 Deo
800 2121 826 2174 ?
858 2122 982 2175 Non
1009 2136 1144 2191 ergo
1200 2119 1470 2173 debemus
1519 2135 1752 2189 poscere
1800 2117 2104 2189 prtemium

418 2217 726 2283 antequam
757 2225 1082 2264 mereamur
1109 2208 1383 2279 accipere.
1445 2207 1543 2261 Hic
1571 2208 1807 2261 fortasse
1859 2223 1976 2259 non
2011 2206 2106 2258 in—

419 2317 668 2372 congrue
698 2299 995 2370 quazritur,
1029 2302 1242 2351 aeterna
1271 2296 1391 2367 ipsa
1419 2295 1532 2349 vita
1563 2295 1701 2367 quid
1724 2296 1819 2350 sit.
1851 2295 1962 2349 Sed
1984 2295 2105 2364 ejus

418 2389 749 2459 largitorem
802 2387 991 2457 potius
1029 2384 1522 2438 audiamuszllaec
1572 2389 1668 2450 est,
1727 2383 1934 2454 inquit,
1991 2385 2107 2436 vita

418 2481 638 2542 aeterna,
670 2480 731 2529 ut
760 2477 1075 2540 cognoscant
1105 2477 1153 2525 te
1181 2487 1370 2526 verum
1423 2472 1616 2535 Deum,
1649 2475 1699 2525 et
1729 2487 1882 2539 quem
1911 2473 2110 2525 misisti

419 2566 598 2618 Jesum
643 2563 916 2618 Christum
965 2562 1135 2630 (Joan.
1193 2575 1321 2620 xvu,
1381 2561 1457 2629 3).
1493 2561 1719 2613 ZEterna
1766 2559 1942 2629 igitur
1996 2559 2110 2612 vita

423 2657 508 2706 est
537 2651 661 2722 ipsa
689 2649 936 2720 cognitio
966 2647 1237 2703 veritatis.
1288 2649 1670 2712 Quamobrem
1698 2647 1885 2702 videte
1938 2664 2110 2719 quam

420 2740 536 2794 sint
562 2737 813 2810 perversi
841 2743 1013 2807 atque
1051 2737 1405 2808 praeposteri,
1439 2736 1538 2806 qui
1593 2752 1714 2790 sese
1767 2736 2113 2790 arbitrantur

422 2829 522 2883 Dei
551 2827 938 2898 cognitionem
969 2826 1214 2891 tradere,
1240 2829 1304 2879 ut
1334 2824 1571 2896 perfecti
1601 2825 1797 2892 simus,
1830 2841 1959 2878 cum
1991 2840 2112 2896 per-

419 2917 699 2971 fectorum
728 2915 852 2986 ipsa
881 2914 951 2968 sit
986 2913 1304 2985 praemium.
1339 2913 1488 2978 Quid
1519 2929 1653 2984 ergo
1683 2913 1972 2984 agendum
2005 2917 2113 2981 est,-

422 3005 557 3076 quid
589 3020 804 3076 quasso,
837 3003 946 3057 nisi
974 3008 1038 3058 ut
1069 3019 1198 3058 eum
1227 3003 1415 3074 ipsum
1442 3019 1614 3074 quem
1645 3018 1984 3074 cognoscere
2014 3018 2113 3056 vo-

420 3094 632 3161 lumus,
688 3093 848 3163 prius
899 3093 1070 3163 plena
1125 3091 1398 3145 charitate
1453 3091 1758 3161 diligamus
1807 3089 2114 3161 (a)?Unde

425 3181 569 3235 illud
598 3181 872 3246 exoritur,
932 3179 1086 3250 quod
1144 3180 1214 3234 ab
1265 3179 1430 3233 initio
1484 3180 1815 3250 satagimus,
1864 3178 2007 3232 nihil
2055 3179 2114 3232 in

428 3269 670 3324 Ecclesia
696 3267 972 3322 catholica
1017 3267 1300 3322 salubrius
1329 3267 1474 3335 ﬁeri,
1530 3283 1704 3339 quam
1741 3272 1806 3322 ut
1833 3267 2114 3322 rationem

427 3357 710 3428 praecedat
738 3355 1064 3410 auctoritas.

641 3445 862 3499 CAPUT
891 3445 1064 3498 XXVI.
1096 3473 1161 3482 —
1190 3443 1422 3498 Dilectio
1451 3445 1539 3497 sui
1565 3447 1615 3499 et
1637 3445 1900 3513 promimi.

496 3535 584 3588 48.
627 3533 735 3588 Sed
760 3536 961 3587 caetera
990 3532 1316 3586 videamus:
1341 3531 1563 3586 videtur
1595 3533 1747 3586 enim
1781 3533 1849 3586 de
1881 3532 2115 3586 homine

426 3623 570 3694 ipso,
605 3621 659 3676 id
693 3626 796 3689 est,
821 3623 889 3676 de
921 3626 1171 3676 amatore
1202 3622 1326 3691 ipso
1355 3621 1500 3674 nihil
1529 3625 1754 3687 actum;
1787 3620 1882 3674 sed
1909 3637 2115 3691 parum

428 3709 675 3765 dilucide
707 3709 808 3780 qui
835 3710 940 3762 hoc
967 3708 1278 3762 arbitratur
1327 3707 1614 3777 intelligit.
1649 3709 1772 3762 Non
1806 3709 1959 3762 enim
1989 3708 2115 3763 ﬁeri

428 3803 616 3869 potest
645 3801 708 3852 ut
733 3797 1005 3869 seipsum,
1024 3796 1125 3867 qui
1146 3797 1324 3850 Deum
1347 3795 1553 3866 diligit,
1586 3813 1702 3850 non
1732 3796 1930 3868 diligat
1958 3814 1971 3851 :
1999 3796 2115 3851 imo

427 3902 560 3941 vero
590 3887 740 3941 solus
769 3902 827 3940 se
860 3885 1015 3939 novit
1066 3885 1324 3955 diligere,
1356 3885 1456 3955 qui
1486 3886 1666 3939 Deum
1698 3885 1902 3956 diligit.
1935 3885 2118 3956 Siqui-

430 3976 560 4030 dem
589 3976 683 4030 ille
716 3991 774 4030 se
805 3975 936 4029 satis
959 3973 1166 4043 diligit,
1199 3974 1298 4045 qui
1330 3974 1523 4028 sedulo
1553 3973 1693 4044 agit,
1724 3980 1786 4026 ut
1815 3990 2039 4028 summo
2063 3978 2119 4028 et

429 4080 561 4118 vero
592 4065 920 4136 perfruatur
949 4064 1100 4118 bono
1131 4078 1144 4116 :
1178 4062 1331 4134 quod
1361 4062 1408 4115 si
1435 4061 1580 4116 nihil
1633 4066 1716 4116 est
1761 4062 1914 4116 aliud
1945 4078 2117 4133 quam

429 4154 598 4220 Deus,
625 4152 770 4206 sicut
798 4169 866 4206 ea
893 4167 1021 4223 quae
1079 4151 1229 4205 dicta
1283 4155 1416 4204 sunt
1453 4150 1790 4217 docuerunt,
1823 4151 1949 4221 quis
1978 4167 2118 4205 cun-

428 4240 568 4294 ctari
596 4245 804 4310 potest,
855 4238 998 4309 quin
1042 4254 1161 4292 sese
1205 4241 1377 4304 amet,
1427 4237 1526 4307 qui
1576 4242 1795 4292 amator
1845 4243 1931 4292 est
1979 4238 2120 4293 Dei?

431 4328 578 4393 Quid
608 4328 758 4382 inter
794 4327 947 4397 ipsos
978 4326 1237 4381 homines
1269 4326 1566 4381 nullumne
1598 4342 1717 4381 esse
1755 4327 1966 4382 amoris
1995 4327 2117 4382 vin-

431 4416 625 4469 culum
650 4413 864 4468 debet?
895 4414 1014 4466 Imo
1065 4428 1196 4466 vero
1242 4412 1324 4466 ita
1370 4411 1553 4475 debet,
1587 4417 1650 4467 ut
1696 4413 1887 4468 nullus
1916 4413 2120 4468 certior

432 4503 644 4575 gradus
674 4502 744 4557 ad
800 4517 1056 4557 amorem
1115 4501 1214 4556 Dei
1243 4501 1370 4556 ﬁeri
1410 4517 1573 4572 posse
1631 4502 1914 4573 credatur,
1948 4519 2119 4576 quam

431 4591 679 4647 hominis
710 4607 844 4662 erga
869 4591 1160 4646 hominem
1194 4589 1466 4646 charitas.

503 4681 588 4734 49.
626 4681 856 4734 Promat
903 4679 1063 4733 nobis
1113 4695 1248 4750 ergo
1299 4679 1543 4734 alterum
1597 4683 1953 4750 praeceptum
1995 4681 2119 4752 ipse

436 4767 729 4835 Dominus,
758 4769 826 4822 de
855 4767 985 4822 vitae
1022 4767 1320 4840 praeceptis
1355 4767 1740 4839 interrogatus
1772 4784 1786 4823 :
1817 4785 1935 4824 non
1965 4770 2120 4824 enim

431 4859 730 4910 contentus
761 4855 869 4910 fuit
897 4873 1030 4923 uno,
1062 4857 1163 4928 qui
1201 4856 1367 4911 sciret
1390 4857 1545 4911 aliud
1574 4858 1754 4911 Deum
1785 4874 1926 4925 esse,
1968 4858 2121 4914 aliud

431 4943 766 5010 hominem;
802 4949 969 5015 atque
1025 4945 1294 5000 interesse
1343 4950 1586 5012 tantum,
1644 4951 1923 5018 quantum
1971 4947 2122 5002 inter

433 5049 564 5088 eum
593 5033 692 5104 qui
722 5032 948 5098 creavit,
982 5033 1104 5087 etid
1118 5034 1270 5104 quod
1293 5033 1363 5087 ad
1385 5035 1662 5089 Creatoris
1685 5035 2120 5090 similitudinem

433 5125 685 5176 creatum
712 5124 814 5175 est.
866 5119 1012 5174 Dicit
1041 5136 1175 5191 ergo
1206 5123 1520 5177 secundum
1549 5128 1896 5196 praeceptum
1949 5142 2068 5180 esse
2103 5141 2116 5179 :

429 5213 630 5280 Diliges
659 5213 968 5280 promimum
999 5213 1148 5265 tuum
1179 5215 1436 5279 tanquam
1464 5215 1699 5280 teipsum
1719 5212 1951 5282 (Matth.
1987 5227 2116 5278 xm,

433 5299 537 5369 59).
568 5301 642 5354 Te
673 5304 864 5354 autem
885 5299 1074 5370 ipsum
1105 5299 1407 5353 salubriter
1437 5299 1644 5370 diligis,
1704 5300 1747 5354 si
1771 5302 1899 5372 plus
1947 5316 2119 5371 quam

432 5391 488 5441 te
527 5387 716 5459 diligis
746 5389 943 5443 Deum.
979 5387 1143 5453 Quod
1173 5403 1308 5458 ergo
1339 5389 1459 5458 agis
1489 5393 1695 5451 tecum,
1746 5389 1804 5444 id
1835 5389 2119 5461 agendum

433 5491 562 5529 cum
613 5476 872 5546 proximo
921 5481 1042 5544 est;
1091 5477 1198 5531 hoc
1244 5481 1346 5544 est,
1377 5480 1442 5531 ut
1464 5477 1586 5548 ipse
1644 5477 1815 5533 etiam
1868 5478 2118 5549 perfecto

443 5569 451 5576 ’
494 5570 567 5632 (a)
596 5571 713 5622 Vid.
745 5573 969 5622 Retract.
993 5572 1066 5623 lib
1098 5577 1142 5634 1,
1169 5586 1282 5637 cap.
1309 5576 1358 5635 Ἰ,
1383 5587 1438 5623 u.
1464 5575 1508 5622 4.

1225 324 1319 378 DE
1359 323 1671 381 MOBIBUS
1709 319 2071 378 ECCLESIIE
2108 319 2548 387 CATHOLICIE,
2592 317 2646 374 S.
2687 314 3068 373 AUGUSTINI

3773 319 3920 372 i332

2198 459 2393 500 amore
2422 442 2623 514 diligat
2652 443 2857 496 Deum.
2893 442 3018 496 Non
3043 439 3201 496 enim
3229 455 3362 496 cum
3391 439 3588 512 diligis
3619 445 3918 513 tanquam

2199 532 2468 605 teipsum,
2499 531 2688 586 sinon
2714 531 2786 586 ad
2832 529 2892 585 id
2929 529 3146 584 bonum
3193 530 3263 584 ad
3293 530 3441 601 quod
3501 530 3628 601 ipse
3689 530 3917 592 tendis,

2199 623 2478 676 adducere
2507 620 2714 690 satagis
2734 613 2779 674 ί.
2811 620 2957 674 Illud
2975 622 3059 673 est
3079 618 3233 672 enim
3262 634 3445 672 unum
3473 619 3723 685 bonum,
3751 619 3920 690 quod

2201 711 2468 766 omnibus
2523 713 2712 765 tecum
2768 709 3131 762 tendentibus
3184 724 3301 762 non
3333 707 3398 762 ﬁt
3451 713 3799 780 angustum.
3841 710 3917 762 Ex

2198 797 2305 853 hoc
2332 801 2618 869 praecepto
2644 801 2951 850 nascuntur
2980 796 3167 849 ofﬁcia
3196 795 3480 851 societatis
3509 796 3821 863 humanae,
3859 795 3923 849 in

2202 887 2405 957 quibus
2433 902 2548 940 non
2577 900 2766 938 errare
2804 883 3033 939 difﬁcile
3093 887 3194 938 est.
3256 883 3559 954 Agendum
3591 888 3801 938 autem
3855 883 3921 937 in

2201 973 2401 1045 primis
2432 977 2538 1041 est,
2567 971 2902 1024 utbenevoli
2926 969 3123 1038 simus,
3164 969 3224 1024 id
3254 975 3356 1034 est,
3388 973 3451 1024 ut
3471 971 3636 1024 nulla
3658 971 3921 1035 malitia,

2200 1061 2359 1116 nullo
2391 1060 2522 1114 dolo
2551 1059 2702 1113 malo
2758 1058 3024 1112 adversus
3080 1057 3376 1112 hominem
3431 1063 3690 1114 utamur.
3751 1058 3916 1124 Quid

2203 1148 2356 1204 enim
2383 1146 2605 1202 homini
2630 1145 2865 1201 homine
2903 1145 3288 1216 propinquius
3309 1148 3337 1198 ?

2274 1240 2360 1292 50.
2394 1236 2595 1306 Accipe
2626 1235 2799 1289 etiam
2825 1234 2963 1304 quid
3013 1235 3219 1288 Paulus
3276 1233 3467 1288 dicat:
3504 1234 3769 1302 Dilectio,
3829 1235 3924 1289 in-

2204 1325 2348 1396 quit,
2376 1326 2638 1394 promimi,
2686 1324 2888 1377 malum
2942 1339 3049 1377 non
3095 1327 3350 1392 operatur
3384 1323 3554 1393 (Rom.
3622 1338 3750 1391 xui,
3812 1326 3922 1390 ιο).

2206 1413 2556 1469 Brevissimis
2586 1415 2716 1467 utor
2758 1410 3120 1477 testimoniis,
3151 1411 3270 1480 sed,
3299 1409 3411 1464 nisi
3452 1410 3640 1477 fallor,
3661 1410 3924 1478 idoneis,

2207 1507 2263 1559 et
2291 1502 2501 1574 quibus
2532 1504 2803 1571 suscepta:
2833 1500 2917 1554 rei
2965 1500 3099 1553 satis
3145 1499 3246 1554 ﬁat
3277 1515 3291 1553 :
3321 1515 3460 1554 nam
3508 1499 3639 1570 quis
3677 1500 3928 1570 ignorat

2207 1607 2382 1663 quam
2407 1591 2609 1658 multa,
2653 1595 2710 1644 et
2739 1588 2941 1660 quanti
2970 1588 3258 1659 ponderis,
3291 1588 3463 1642 verba
3489 1588 3551 1642 in
3581 1588 3700 1642 illis
3733 1589 3928 1643 Libris

2208 1681 2278 1735 de
2308 1679 2583 1734 charitate
2613 1677 2863 1748 proximi
2915 1692 3327 1748 usquequaque
3359 1676 3568 1731 diffusa
3604 1677 3723 1730 sint
3751 1678 3782 1730 ?
3814 1677 3929 1732 Sed

2208 1785 2338 1823 cum
2372 1768 2592 1822 duobus
2617 1766 2799 1820 modis
2830 1771 3093 1836 peccetur
3121 1766 3182 1819 in
3212 1765 3468 1833 homine,
3503 1781 3620 1819 uno
3665 1765 3714 1818 si
3751 1766 3932 1820 laeda-

2208 1862 2320 1924 tur,
2352 1857 2462 1910 alio
2489 1855 2535 1910 si
2581 1872 2710 1909 cum
2764 1859 2950 1925 potest
2995 1870 3112 1908 non
3165 1854 3466 1924 adjuvetur
3496 1871 3510 1921 ;
3541 1869 3732 1925 eaque
3796 1853 3931 1924 ipsa

2210 1946 2324 2000 sint
2353 1945 2560 2016 quibus
2589 1943 2727 1998 mali
2756 1943 3018 1998 homines
3041 1959 3161 1997 esse
3186 1942 3472 2012 dicantur,
3495 1958 3755 2013 quorum
3787 1959 3932 1996 neu-

2211 2039 2388 2102 trum,
2420 2033 2521 2104 qui
2549 2033 2755 2104 diligit,
2784 2032 2915 2087 facit
2947 2048 2959 2086 :
2996 2032 3150 2098 satis,
3184 2031 3408 2102 opinor,
3443 2031 3599 2102 quod
3647 2033 3934 2086 volumus

2211 2123 2562 2179 demonstrat
2591 2122 2697 2175 ista
2722 2121 3020 2188 sententia,
3055 2121 3288 2175 Dilectio
3305 2122 3554 2189 proximi
3573 2121 3789 2174 malum
3820 2136 3932 2175 non

2213 2216 2484 2281 operatur.
2516 2212 2581 2266 Et
2609 2209 2658 2264 si
2687 2210 2757 2264 ad
2787 2210 2938 2264 bona
2965 2207 3262 2280 pervenire
3287 2224 3403 2262 non
3442 2223 3782 2278 possumus,
3817 2208 3936 2262 nisi

2213 2301 2365 2353 mala
2393 2297 2617 2370 operari
2644 2297 3046 2364 destiterimus,
3093 2297 3199 2351 ista
3229 2301 3361 2351 sunt
3409 2295 3574 2366 quasi
3628 2296 3933 2350 cunabula

2215 2387 2504 2442 charitatis
2537 2386 2658 2456 Dei,
2689 2386 2895 2457 quibus
2923 2385 3214 2455 diligimus
3265 2385 3635 2455 proximum;
3672 2387 3742 2436 ut
3776 2401 3929 2455 quo-

2214 2476 2369 2530 niam
2398 2476 2611 2530 dilectio
2637 2477 2880 2544 proximi
2907 2476 3110 2528 malum
3160 2489 3266 2528 non
3321 2477 3602 2542 operatur,
3650 2470 3794 2526 hinc
3857 2473 3928 2526 ad

2215 2564 2356 2618 illud
2384 2563 2758 2617 ascendamus
2785 2562 2939 2634 quod
2969 2562 3184 2616 dictum
3226 2565 3329 2628 est,
3389 2561 3599 2616 Scimus
3653 2561 3932 2629 quoniam

2217 2653 2570 2720 diligentibus
2613 2656 2779 2707 Deum
2817 2652 2998 2706 omnia
3040 2651 3342 2721 procedunt
3377 2652 3434 2704 in
3485 2650 3684 2704 bonum
3739 2649 3934 2721 (Ibid.

2220 2758 2334 2808 vui,
2367 2744 2478 2808 28).

2290 2833 2374 2882 51.
2411 2828 2521 2883 Sed
2545 2827 2735 2882 nescio
2765 2827 3052 2898 quomodo
3084 2829 3184 2881 aut
3215 2825 3428 2898 pariter
3458 2825 3568 2880 ista
3593 2825 3656 2880 in
3674 2826 3942 2897 plenitu-

2219 2918 2412 2973 dinem
2426 2916 2942 2988 perfectionemque
2954 2919 3430 2985 consurgunt,aut
3441 2915 3754 2968 inchoatur
3770 2916 3943 2986 prius

2221 3005 2323 3060 Dei
2345 3021 2525 3073 amor,
2555 3009 2610 3059 et
2629 3003 3097 3076 priusperticitur
3125 3003 3393 3074 proximi.
3414 3003 3498 3058 Ad
3525 3003 3942 3075 incipiendum

2222 3095 2376 3150 enim
2407 3093 2571 3148 citius
2600 3109 2703 3146 nos
2731 3093 2966 3147 fortasse
3006 3091 3067 3146 in
3100 3108 3158 3146 se
3215 3091 3409 3146 divina
3446 3091 3694 3145 Charitas
3756 3093 3940 3163 rapit,

2223 3183 2316 3237 sed
2346 3182 2566 3236 facilius
2595 3181 2818 3236 minora
2855 3180 3201 3252 perﬁcimus.
3236 3180 3476 3251 Quoquo
3510 3180 3683 3234 modo
3736 3187 3946 3235 autem

2221 3286 2313 3326 res
2354 3287 2412 3324 se
2468 3269 2693 3332 habeat,
2751 3269 2891 3323 illud
2945 3269 3194 3323 maxime
3243 3268 3560 3323 tenendum
3610 3272 3717 3337 est,
3757 3285 3836 3323 ne
3881 3287 3943 3324 se

2222 3358 2766 3430 quisquamcredat,
2815 3362 3141 3427 contempto
3188 3357 3450 3428 proximo
3506 3355 3578 3411 ad
3605 3356 3942 3413 beatitudi-

2221 3463 2358 3503 nem
2388 3455 2444 3502 et
2469 3447 2540 3502 ad
2573 3449 2752 3501 Deum
2783 3463 2954 3517 quem
2983 3445 3170 3516 diligit
3200 3462 3320 3500 esse
3349 3449 3681 3501 venturum.
3735 3449 3944 3517 Atque

2221 3534 2465 3600 utinam,
2496 3537 2561 3587 ut
2587 3533 2749 3587 facile
2779 3537 2862 3586 est
2892 3533 3038 3587 bene
3050 3531 3310 3586 instituto
3334 3530 3653 3602 etbenigno
3681 3531 3944 3603 diligere

2221 3622 2575 3694 proximum,
2605 3621 2683 3676 ita
2711 3621 2873 3674 facile
2903 3624 3048 3675 esset
3067 3620 3151 3673 vel
3183 3619 3501 3686 consulere,
3534 3619 3620 3673 vel
3648 3618 3803 3674 nihil
3837 3637 3949 3675 no-

2223 3727 2369 3766 cere.
2400 3712 2527 3765 Non
2557 3709 2709 3764 enim
2739 3709 2808 3764 ad
2848 3709 2969 3762 haec
3017 3707 3149 3762 satis
3202 3713 3286 3762 est
3314 3708 3578 3762 voluntas
3615 3707 3797 3774 bona,
3834 3711 3946 3764 sed

2225 3815 2370 3870 opus
2396 3803 2480 3853 est
2509 3814 2716 3868 magna
2737 3798 2980 3869 quadam
3011 3797 3230 3850 ratione
3252 3801 3424 3868 atque
3455 3795 3794 3866 prudentia,
3823 3815 3950 3869 qua

2224 3903 2394 3942 nemo
2425 3887 2509 3941 uti
2537 3891 2746 3958 potest,
2772 3886 2883 3940 nisi
2912 3887 3060 3940 Deus
3083 3885 3178 3939 ille
3204 3885 3330 3940 fons
3353 3885 3613 3939 omnium
3639 3885 3948 3942 bonorum

2224 3975 2285 4030 id
2306 3975 2586 4030 tribuerit.
2621 3976 2698 4028 De
2730 3972 2842 4045 qua
2870 3991 2951 4039 re,
2971 3979 3251 4045 quantum
3267 3974 3536 4036 arbitror,
3563 3973 3949 4044 difﬁcillima,

2226 4063 2572 4118 tentabimus
2603 4063 2782 4118 dicere
2812 4067 3189 4134 prosuscepto
3220 4079 3392 4134 Opere
3424 4079 3607 4134 pauca
3634 4065 3949 4135 quaedam,

2231 4169 2389 4224 spem
2417 4157 2596 4208 totam
2627 4152 3033 4206 constituentes
3054 4151 3115 4206 iu
3145 4169 3211 4206 eo
3238 4152 3402 4223 cujus
3435 4152 3614 4206 solius
3633 4153 3746 4207 ista
3783 4154 3951 4209 dona

2228 4247 2379 4296 sunt.

2297 4330 2519 4386 CAPUT
2546 4331 2749 4385 XXVII.
2782 4360 2851 4370 —
2875 4333 3226 4400 Beneficentia
3255 4331 3314 4384 in
3343 4344 3538 4400 corpus
3582 4329 3863 4399 promimi.

2297 4421 2383 4474 52.
2426 4419 2604 4473 Homo
2625 4418 2820 4490 igitur,
2849 4418 3143 4474 uthomini
3174 4423 3434 4490 apparet,
3461 4417 3652 4472 animo
3675 4419 3946 4473 rationa-

2225 4505 2297 4562 lis
2327 4511 2413 4561 est
2442 4506 2670 4560 mortali
2699 4510 2869 4578 atque
2919 4511 3146 4561 terreno
3179 4511 3345 4560 utens
3386 4521 3646 4576 corpore.
3711 4507 3948 4561 Partim

2227 4611 2362 4665 ergo
2395 4593 2641 4664 corpori,
2673 4594 2877 4665 partim
2921 4611 3055 4648 vero
3104 4593 3312 4648 anima:
3351 4593 3603 4647 hominis
3647 4592 3954 4650 benefacit

2227 4683 2327 4754 qui
2355 4681 2678 4754 proximum
2709 4682 2914 4754 diligit.
2947 4683 3032 4736 Ad
3067 4698 3273 4752 corpus
3301 4682 3455 4753 quod
3486 4681 3762 4752 pertinet,
3808 4699 3947 4738 me-

2227 4770 2416 4826 dicina
2452 4769 2748 4824 uominata
2793 4775 2911 4837 est;
2953 4770 3022 4824 ad
3063 4770 3314 4824 animam
3344 4773 3557 4838 autem,
3604 4768 3947 4839 disciplina.

2226 4859 2333 4914 Sed
2370 4858 2712 4913 medicinam
2737 4874 2897 4912 nunc
2921 4874 3070 4921 voco,
3095 4857 3376 4930 quidquid
3411 4857 3647 4912 omnino
3672 4861 3950 4928 corporis

2226 4948 2313 5002 vel
2343 4951 2538 5003 tuetur
2561 4948 2648 5001 vel
2677 4947 2957 5001 instaurat
2983 4947 3242 5001 salutem.
3273 4946 3358 5001 Ad
3383 4947 3530 5001 hanc
3560 4946 3756 5017 itaque
3805 4965 3947 5019 per-

2225 5036 2431 5107 tinent,
2462 5053 2578 5090 non
2608 5052 2674 5090 ea
2704 5039 2927 5090 tantum
2983 5051 3112 5106 quas
3171 5053 3260 5090 ars
3291 5051 3488 5090 eorum
3525 5033 3784 5101 exhibet,
3841 5037 3949 5106 qui

2225 5125 2453 5197 preprie
2483 5124 2688 5180 medici
2717 5124 3087 5179 nominantur
3111 5143 3123 5192 ;
3150 5126 3247 5181 sed
3270 5125 3442 5180 etiam
3465 5124 3627 5179 cibus
3657 5128 3715 5178 et
3740 5131 3945 5195 potus,

2225 5217 2458 5282 tegmen
2490 5217 2546 5266 et
2575 5217 2809 5279 tectum,
2836 5213 3092 5268 defensio
3114 5214 3360 5285 denique
3379 5211 3568 5266 omnis
3600 5215 3775 5283 atque
3810 5230 3947 5268 mu-

2226 5301 2390 5368 nitio,
2427 5318 2540 5373 qua
2569 5307 2831 5356 nostrum
2889 5318 3092 5374 corpus
3143 5303 3413 5357 adversus
3458 5303 3632 5356 etiam
3668 5311 3950 5358 externos

2227 5391 2370 5445 ictus
2401 5406 2676 5460 casusque
2707 5395 2962 5446 servatur
2994 5409 3007 5446 :
3041 5409 3175 5446 nam
3202 5396 3258 5446 et
3300 5392 3502 5458 fames,
3564 5398 3623 5447 et
3672 5394 3822 5461 sitis,
3887 5402 3950 5451 et

2227 5479 2428 5550 frigus,
2473 5483 2531 5534 et
2580 5484 2770 5548 aestus,
2828 5485 2884 5536 et
2943 5480 3226 5552 quidquid
3275 5480 3630 5535 extrinsecus
3677 5485 3949 5554 graviter

2296 5579 2310 5611 ι
2339 5577 2463 5626 Mss.
2501 5577 2857 5641 quamplures,
2886 5578 2956 5629 ad
2976 5578 3114 5642 quod
3135 5581 3254 5642 ipse
3278 5577 3470 5637 tendis,
3495 5578 3749 5630 adducis.
