4074 6358
106 329 252 382 1333

99 447 417 520 infligitur,
451 447 715 518 salutem,
738 448 808 502 de
837 464 950 520 qua
989 465 1138 505 nunc
1174 451 1384 522 agitur,
1426 468 1658 509 manere
1689 471 1806 510 non

103 537 329 592 sinunt.

178 629 272 680 53.
310 624 494 689 Quare
526 623 623 678 illa
647 623 862 692 omnia,
896 625 1103 696 quibus
1124 627 1517 699 hujuscemodi
1543 631 1706 686 malis
1727 631 1807 686 in-

101 713 498 768 commodisve
530 712 841 781 'resistitur,
878 715 977 784 qui
1007 715 1256 772 ofﬁciose
1285 723 1455 790 atque
1481 720 1808 775 humaniter

96 803 375 873 prmbent
417 801 817 856 misericordes
863 809 1158 871 vocantur,
1228 806 1451 861 etiamsi
1520 808 1806 878 sapientes

97 908 292 963 usque
343 891 482 944 adeo
513 891 644 958 sint,
686 891 887 962 utjam
939 893 1096 947 nullo
1135 894 1312 948 animi
1343 896 1538 950 dolore
1568 899 1803 952 turben-

94 985 200 1034 tur
232 982 328 1047 (a).
366 980 508 1034 Nam
527 979 898 1050 quisrignoret
928 997 993 1034 ex
1024 998 1090 1036 eo
1113 983 1459 1054 appellatam
1488 1001 1606 1038 esse
1635 987 1804 1040 mise-

97 1068 435 1136 ricordiam,
465 1068 619 1139 quod
644 1068 918 1124 miserum
940 1087 1037 1124 cor
1056 1071 1225 1125 faciat
1252 1073 1604 1128 condolentis
1620 1075 1804 1129 alieno

98 1158 261 1211 malo
280 1160 309 1212 ?
339 1162 397 1211 et
426 1157 554 1228 quis
585 1174 700 1211 non
721 1159 994 1212 concedat
1024 1159 1093 1213 ab
1121 1160 1278 1214 omni
1304 1161 1532 1216 miseria
1562 1163 1806 1218 liberum

97 1262 229 1300 esse
260 1246 466 1300 debere
498 1244 833 1316 sapientem,
866 1263 994 1301 cum
1026 1248 1288 1302 subvenit
1309 1249 1489 1320 inopi,
1525 1267 1655 1306 cum
1685 1268 1806 1306 esu-

98 1333 281 1388 rienti
319 1333 508 1388 cibum
563 1338 796 1404 praestat
825 1341 1139 1406 potumque
1190 1337 1424 1406 sitienti,
1460 1355 1589 1393 cum
1643 1340 1806 1394 vestit

97 1423 353 1490 nudum,
388 1439 518 1477 cum
551 1423 918 1494 peregrinum
949 1429 1096 1479 tecto
1137 1426 1358 1497 recipit,
1408 1443 1538 1482 cum
1567 1445 1804 1499 oppres-

98 1529 234 1566 sum
268 1510 491 1578 liberat,
520 1527 649 1565 cum
678 1512 923 1584 denique
967 1513 1385 1570 humanitatem
1433 1533 1593 1571 suam
1625 1534 1805 1588 usque

93 1600 173 1654 ad
202 1601 559 1671 sepulturam
591 1600 835 1671 porrigit
856 1606 1216 1656 mortuorum
1238 1604 1515 1658 ?Etiamsi
1545 1605 1601 1659 id
1632 1606 1804 1661 faciat

94 1693 296 1743 mente
319 1689 649 1760 tranquilla,
674 1689 846 1743 nullis
867 1690 1077 1744 aculeis
1113 1691 1326 1745 doloris
1355 1692 1679 1761 instinctus,
1705 1695 1801 1748 sed

95 1777 382 1832 adductus
403 1777 590 1832 ofﬁcio
620 1777 912 1845 bonitatis,
944 1777 1267 1834 misericors
1299 1785 1494 1836 tamen
1525 1783 1804 1837 vocandus

97 1871 210 1922 est.
247 1865 388 1922 Huic
419 1865 576 1920 enim
607 1866 750 1920 nihil
781 1867 942 1921 obest
972 1884 1202 1936 nomen,
1223 1885 1353 1924 cum
1376 1870 1522 1926 absit
1549 1871 1800 1927 miseria.

173 1956 262 2010 54.
297 1955 469 2010 Stulti
497 1971 630 2009 vero
663 1971 791 2009 cum
820 1955 1270 2012 misericordiam
1283 1958 1446 2028 quasi
1473 1958 1677 2013 vitium
1709 1960 1804 2015 de-

92 2043 303 2107 vitant,
332 2043 468 2114 quia
498 2043 683 2098 ofﬁcio
714 2044 847 2097 satis
879 2044 1095 2098 moveri
1124 2051 1434 2116 nequeunt,
1469 2046 1516 2100 si
1545 2063 1649 2102 nec
1679 2064 1805 2118 per-

93 2132 425 2188 turbatione
453 2137 906 2200 commoventur,
941 2133 1346 2204 cougelascunt
1385 2136 1573 2204 potius
1602 2135 1796 2207 rigore

91 2221 748 2292 inhumanitatis,jquam
765 2221 1002 2275 rationis
1016 2221 1428 2292 tranquillitate
1442 2228 1799 2277 serenantur.

90 2311 298 2382 Itaque
340 2312 519 2364 multo
550 2309 891 2380 prudentius
923 2311 1069 2364 Deus
1102 2309 1276 2364 etiam
1313 2309 1433 2381 ipse
1480 2311 1803 2366 misericors

88 2399 342 2453 dicitur:
374 2397 974 2469 quiquemadmodum
1005 2397 1244 2463 dicatur,
1269 2403 1444 2453 restat
1474 2398 1795 2470 intelligere

84 2487 161 2541 iis
193 2487 292 2558 qui
323 2502 444 2541 sese
484 2486 720 2540 idoneos
750 2486 1026 2557 religione
1057 2487 1358 2557 studioque
1397 2487 1798 2558 praestiterint;

88 2593 168 2631 ne
205 2591 336 2630 cum
366 2575 554 2630 verbis
584 2574 881 2629 doctorum
930 2575 1122 2645 inepte
1161 2575 1397 2645 utimur,
1448 2576 1804 2633 indoctorum

87 2663 317 2718 animas
347 2662 507 2734 prius
528 2662 826 2717 durescere
859 2663 1084 2718 vitando
1116 2663 1591 2732 misericordiam,
1625 2683 1803 2737 quam

87 2751 513 2822 benignitatem
544 2751 866 2822 appetendo
893 2751 1187 2806 mitescere
1206 2752 1497 2808 faciamus.
1521 2757 1705 2826 Atque
1735 2761 1798 2810 ut

91 2838 496 2894 misericordia
516 2839 698 2909 jubet,
727 2839 835 2892 ista
863 2855 968 2892 nos
997 2839 1066 2894 ab
1088 2840 1320 2895 homine
1347 2843 1562 2913 pellere
1592 2843 1802 2898 incom-

90 2926 294 2995 moda,
326 2926 404 2980 sic
437 2926 763 2980 innocentia
787 2927 1058 2996 prohibet
1086 2927 1314 2983 inferre.

86 3017 319 3071 CAPUT
356 3016 583 3070 XXVIII.
629 3047 682 3054 —
732 3018 1107 3085 Beneﬁcientia
1149 3019 1207 3070 in
1253 3020 1494 3090 animam
1534 3023 1800 3089 promimi.

169 3106 494 3174 Disciplina:
517 3108 704 3174 partes
735 3105 886 3172 duae;
931 3107 1196 3172 coercitio,
1255 3111 1306 3161 et
1360 3109 1662 3163 instructio.
1703 3111 1804 3164 Per

177 3195 337 3248 bonos
359 3209 528 3248 mores
557 3194 711 3248 nobis
737 3197 987 3263 provenit
1012 3197 1220 3263 agnitio
1248 3195 1515 3252 veritatis.

179 3287 268 3338 55.
317 3282 474 3346 Quod
516 3286 708 3336 autem
739 3282 939 3336 attinet
978 3283 1046 3337 ad
1087 3283 1465 3354 disciplinam,
1501 3301 1602 3356 per
1630 3302 1802 3356 quam

99 3369 215 3440 ipsi
249 3369 442 3423 animo
475 3369 685 3423 sanitas
726 3368 1100 3436 instauratur,
1142 3386 1269 3439 qua:
1300 3369 1345 3424 si
1372 3371 1534 3438 absit,
1567 3371 1709 3426 nihil
1733 3372 1804 3426 ad

97 3458 472 3529 depellendas
498 3457 756 3512 miserias
785 3458 934 3512 salus
965 3457 1064 3511 illa
1092 3458 1346 3529 corporis
1377 3460 1545 3526 valet,
1574 3460 1803 3530 :difﬁcil-

103 3547 246 3602 lima
277 3547 514 3600 omnino
554 3563 644 3600 res
672 3550 772 3599 est.
804 3548 989 3616 Atque
1030 3549 1092 3599 ut
1121 3545 1178 3598 in
1211 3562 1448 3616 corpore
1479 3547 1806 3602 dicebamus

105 3635 268 3690 aliud
299 3651 418 3689 esse
449 3635 681 3690 morbos
714 3638 769 3689 et
798 3635 1035 3688 vulnera
1065 3650 1286 3704 curare,
1316 3635 1465 3706 quod
1508 3637 1674 3706 pauci
1701 3636 1804 3690 ho-

100 3725 288 3780 mines
311 3725 453 3778 bene
484 3724 667 3778 facere
693 3729 964 3794 possunt;
987 3722 1139 3777 aliud
1165 3727 1358 3777 autem
1386 3723 1595 3778 famem
1626 3723 1804 3778 sitim-

101 3830 219 3885 que
270 3813 482 3884 sopire,
531 3817 586 3866 et
625 3816 830 3865 caetera
861 3811 918 3864 in
947 3810 1154 3881 quibus
1183 3811 1484 3866 subvenire
1513 3811 1806 3866 hominem

101 3899 329 3954 homini
350 3900 520 3970 vulgo
543 3899 869 3970 passimque
896 3899 1252 3952 conceditur:
1284 3899 1361 3952 sic
1382 3900 1441 3953 in
1468 3899 1661 3952 animo
1677 3904 1809 3954 sunt

102 3988 396 4059 quaedam,
424 3987 482 4041 in
514 3987 723 4058 quibus
745 3986 1080 4041 excellentia
1111 3987 1209 4041 illa
1239 3991 1294 4040 et
1323 4004 1450 4041 rara
1479 3988 1809 4058 magisteria

104 4093 223 4132 non
255 4077 567 4131 admodum
589 4077 984 4132 desiderantur
1012 4081 1112 4142 ;ut
1139 4092 1268 4130 cum
1294 4077 1596 4130 hortamur
1617 4081 1671 4131 et
1689 4094 1807 4131 mo-

103 4183 334 4232 nemus,
383 4170 446 4220 ut
492 4166 613 4220 hinc
654 4165 778 4236 ipsa
808 4165 1201 4234 indigentibus
1249 4166 1626 4220 exhibeantur
1677 4183 1808 4236 quae

105 4255 338 4326 corpori
369 4254 692 4308 exhibenda
721 4270 842 4308 esse
873 4253 1140 4308 diximus.
1173 4254 1313 4309 Cum
1345 4254 1500 4309 enim
1533 4255 1652 4309 haec
1681 4254 1811 4308 faci-

105 4360 256 4411 mus,
286 4358 392 4413 ope
411 4341 662 4413 corpori;
695 4357 822 4396 cum
853 4345 1042 4395 autem
1065 4341 1334 4396 docemus
1361 4345 1424 4395 ut
1449 4341 1610 4407 ﬁant,
1643 4341 1810 4396 disci-

105 4434 267 4504 plina
295 4433 488 4487 animo
520 4431 907 4488 subvenimus.
940 4431 1084 4487 Sunt
1117 4448 1250 4486 vero
1279 4431 1409 4499 alia,
1442 4431 1648 4503 quibus
1671 4433 1812 4486 mul-

109 4521 314 4576 timodi
345 4520 602 4591 variique
632 4520 816 4575 morbi
865 4519 1209 4586 animorum,
1243 4536 1451 4590 magna
1482 4520 1725 4591 quadam
1757 4523 1814 4574 et

106 4625 345 4681 prorsus
393 4609 672 4664 ineffabili
719 4609 940 4663 ratione
1002 4613 1309 4663 sanantur:
1362 4625 1491 4679 qua:
1531 4608 1814 4663 medicina

109 4699 226 4754 nisi
269 4699 542 4754 divinitus
589 4699 818 4770 populis
866 4697 1212 4764 mitteretur,
1264 4699 1422 4752 nulla
1464 4714 1592 4768 spes
1619 4697 1815 4752 salutis

109 4793 280 4856 esset,
342 4792 460 4842 tam
520 4787 898 4842 immoderata
960 4786 1363 4857 progressione
1414 4785 1815 4857 peccantibus;

112 4891 448 4948 quanquam
479 4879 535 4929 et
577 4875 672 4928 illa
704 4874 976 4946 corporis,
1011 4873 1059 4928 si
1100 4874 1269 4928 altius
1303 4890 1499 4928 rerum
1531 4873 1813 4946 originem

111 4967 364 5036 repetas,
393 4981 509 5018 non
541 4963 831 5018 invenitur
868 4963 1017 5019 unde
1048 4964 1118 5018 ad
1151 4962 1413 5018 homines
1444 4979 1674 5017 manare
1709 4979 1813 5033 po-

111 5053 316 5122 tuerit,
348 5053 462 5108 nisi
486 5069 519 5107 a
550 5054 687 5120 Deo,
720 5052 811 5107 cui
835 5069 1028 5107 rerum
1059 5052 1317 5107 omnium
1348 5055 1522 5106 status
1553 5051 1817 5123 salusque

108 5142 423 5197 tribuenda
455 5145 557 5197 est.

186 5236 275 5289 56.
314 5234 444 5287 Haec
467 5237 659 5286 tamen
688 5229 988 5301 disciplina
1000 5230 1068 5285 de
1092 5247 1206 5302 qua
1226 5247 1380 5286 nunc
1409 5229 1656 5302 agimus,
1686 5246 1816 5302 quae

112 5321 296 5376 animi
344 5321 630 5375 medicina
660 5325 763 5388 est,
813 5324 1090 5391 quantum
1121 5320 1427 5391 Scripturis
1448 5319 1584 5391 ipsis
1615 5319 1819 5373 divinis

113 5409 308 5482 colligi
343 5410 494 5478 licet,
530 5409 591 5464 in
624 5409 736 5464 duo
767 5407 1159 5475 distribuitur;
1192 5409 1612 5478 coercitionem,
1647 5412 1700 5461 et
1730 5407 1819 5461 in-

117 5499 516 5554 structionem.
553 5497 832 5554 Coercitio
877 5496 1102 5563 timore,
1138 5496 1438 5552 instructio
1469 5514 1600 5554 vero
1631 5512 1823 5551 amore

182 5597 254 5660 (a)
274 5595 392 5645 Vid.
421 5595 647 5646 Retract.
678 5595 769 5646 lib.
803 5598 848 5655 1,
880 5607 991 5657 cap.
1014 5596 1064 5643 7.
1094 5607 1146 5643 n.
1183 5594 1225 5643 4.

1601 331 1813 388 LIBER
1866 330 2150 389 PRIMUS.

3482 335 3618 388 1334

1919 455 2232 526 perﬁcitur,
2260 455 2381 526 ejus
2421 455 2544 510 dico
2584 454 2674 509 cui
2712 471 2816 527 per
2843 455 3200 526 disciplinam
3249 457 3611 515 subvenitur:

1921 560 2056 598 nam
2107 543 2204 615 qui
2253 545 2528 611 subvenit,
2581 545 2724 599 nihil
2770 547 2978 600 horum
3005 547 3247 600 duorum
3284 547 3473 614 habet,
3504 549 3615 602 nisi

1919 649 2130 687 amare.
2157 634 2219 686 In
2249 633 2339 686 his
2370 633 2592 686 duobus
2623 635 2767 687 Deus
2793 634 2934 705 ipse,
2971 635 3132 714 cujus
3161 634 3411 688 bonitate
3443 641 3614 706 atque

1918 721 2222 776 clementia
2253 721 2318 775 ﬁt
2343 721 2575 775 omnino
2606 728 2668 775 ut
2697 723 2913 793 aliquid
2948 723 3146 785 simus,
3179 722 3400 777 duobus
3420 725 3613 778 Testa-

1918 810 2144 876 mentis,
2178 812 2374 863 Vetere
2407 815 2460 864 et
2487 811 2660 877 Novo,
2690 811 3002 882 disciplinae
3038 812 3200 865 nobis
3225 814 3484 883 regulam
3514 813 3611 867 de-

1920 899 2022 953 dit.
2045 899 2381 969 Quanquam
2398 898 2548 952 enim
2571 900 2948 969 utrumquein
2963 905 3204 972 utroque
3225 902 3314 968 sit,
3339 903 3613 972 praavalet

1917 991 2109 1042 tamen
2138 987 2197 1042 in
2228 989 2423 1041 Vetere
2455 986 2647 1052 timor,
2671 1003 2829 1040 amor
2849 987 2906 1040 in
2943 990 3096 1042 Novo
3122 1005 3134 1043 :
3164 1006 3292 1060 quae
3318 990 3398 1043 ibi
3429 990 3609 1044 servi-

1916 1081 2006 1129 tus
2038 1077 2075 1143 ¹,
2105 1075 2198 1130 hic
2229 1076 2456 1129 libertas
2476 1076 2546 1128 ab
2568 1075 3222 1146 Apostolisprmdicatur.
3256 1080 3332 1132 De
3365 1095 3611 1149 quorum

1917 1165 2407 1218 Testamentorum
2438 1162 2764 1216 admirabili
2794 1163 3045 1233 quodam
3073 1165 3270 1218 ordine
3302 1165 3610 1237 divinoque

1918 1257 2213 1318 concentu,
2263 1251 2663 1322 longissimum
2711 1255 2793 1304 est
2841 1251 3048 1317 dicere,
3080 1256 3135 1306 et
3166 1253 3330 1306 multi
3361 1254 3612 1324 religiosi

1917 1341 2183 1412 doctique
2228 1341 2513 1395 dixerunt.
2560 1340 2760 1394 Multos
2804 1339 2980 1393 libros
3013 1356 3100 1394 res
3146 1340 3253 1395 ista
3280 1342 3518 1412 flagitat,
3553 1347 3614 1397 ut

1914 1445 2019 1500 pro
2050 1428 2274 1496 merito,
2306 1432 2586 1500 quantum
2634 1428 2704 1482 ab
2749 1427 2984 1482 homine
3025 1431 3230 1498 potest,
3263 1429 3529 1494 explicari
3560 1434 3615 1484 et

1914 1518 2217 1588 praedicari
2271 1520 2462 1588 queat.
2508 1516 2615 1580 Qui
2666 1531 2801 1586 ergo
2851 1516 3040 1587 diligit
3084 1516 3432 1587 proximum,
3496 1519 3615 1589 agit

1915 1611 2194 1675 quantum
2224 1609 2413 1676 potest
2440 1609 2506 1658 ut
2552 1603 2736 1658 salvus
2778 1619 3016 1673 corpore
3064 1605 3367 1676 salvusque
3415 1606 3609 1660 animo

1913 1695 1987 1750 sit
2013 1711 2026 1750 :
2054 1695 2151 1749 sed
2177 1710 2313 1749 cura
2339 1693 2592 1764 corporis
2623 1693 2696 1747 ad
2734 1693 3033 1746 sanitatem
3082 1692 3262 1746 animi
3310 1692 3612 1748 referenda

1917 1787 2020 1839 est.
2051 1783 2185 1854 Agit
2214 1799 2349 1853 ergo
2391 1782 2479 1836 his
2529 1781 2820 1852 gradibus,
2864 1781 3013 1851 quod
3049 1781 3307 1834 animum
3337 1782 3608 1851 pertinet,

1913 1877 1978 1927 ut
2004 1872 2193 1942 primo
2222 1871 2441 1940 timeat,
2470 1870 2676 1924 deinde
2707 1869 2907 1940 diligat
2931 1871 3130 1923 Deum.
3166 1869 3234 1924 Hi
3266 1885 3454 1924 mores
3478 1874 3613 1924 sunt

1915 1960 2136 2033 optimi,
2171 1977 2275 2032 per
2304 1977 2449 2032 quos
2477 1959 2643 2014 nobis
2673 1959 2846 2013 etiam
2872 1959 2994 2028 ipsa
3016 1959 3301 2029 provenit,
3333 1959 3404 2014 ad
3437 1976 3610 2032 quam

1915 2049 2077 2103 omni
2106 2048 2293 2103 studio
2324 2047 2604 2118 rapimur,
2638 2046 2852 2118 agnitio
2886 2046 3159 2102 veritatis.

1986 2141 2073 2192 57.
2115 2139 2302 2208 Atque
2338 2136 2396 2190 in
2426 2136 2512 2190 his
2542 2135 2761 2190 duobus
2789 2135 3054 2190 convenit
3097 2135 3241 2189 mihi
3270 2150 3400 2189 cum
3433 2135 3608 2190 Mani-

1914 2225 2106 2292 chzeis,
2139 2226 2194 2280 id
2225 2229 2325 2290 est,
2367 2228 2430 2280 ut
2469 2226 2647 2278 Deum
2690 2228 2747 2277 et
2776 2223 3102 2294 proximum
3133 2223 3474 2295 diligamus:
3511 2225 3606 2278 sed

1911 2313 2021 2369 hoc
2044 2313 2228 2368 Veteri
2258 2315 2616 2368 Testamento
2645 2317 2858 2383 negant
2879 2312 3159 2367 contineri
3183 2313 3276 2379 ;in
3293 2329 3406 2383 quo
3433 2329 3610 2383 quan-

1913 2407 2037 2457 tum
2068 2406 2281 2470 errent,
2310 2401 2466 2468 satis,
2499 2406 2564 2456 ut
2587 2401 2810 2472 opinor,
2838 2405 3073 2472 apparet
3094 2418 3161 2456 ex
3205 2401 3292 2464 iis,
3327 2418 3466 2472 quas
3516 2418 3611 2454 su-

1913 2491 2106 2563 perius
2122 2490 2486 2562 protulimus,
2512 2489 2580 2543 de
2600 2495 2846 2559 utroque
2870 2489 3186 2543 sententiis.
3205 2491 3609 2543 Verumtamen

1915 2585 1976 2634 ut
2001 2581 2170 2635 breve
2199 2579 2414 2650 aliquid
2445 2577 2650 2645 dicam,
2680 2579 2772 2630 sed
2795 2579 2907 2631 tale
2929 2577 3019 2632 cui
3045 2577 3305 2631 resistere
3332 2577 3405 2630 sit
3437 2593 3610 2631 mera:

1915 2667 2241 2733 dementias,
2294 2683 2482 2722 nonne
2513 2666 2976 2720 animadvertunt
3004 2666 3122 2720 haec
3164 2665 3286 2737 ipsa
3313 2667 3448 2732 duo,
3480 2682 3610 2736 qua:

1914 2758 2146 2813 laudare
2167 2759 2470 2824 coguntur,
2494 2771 2666 2825 quam
2684 2757 2705 2789 ³
2732 2753 3266 2824 importunissimea
3292 2754 3534 2807 Domino
3551 2754 3611 2807 in

1913 2841 2217 2912 Evangelio
2249 2841 2318 2894 de
2349 2841 2544 2893 Vetere
2577 2841 2934 2893 Testamento
2967 2855 3088 2892 esse
3120 2839 3341 2908 prolata
3373 2844 3606 2909 negent,

1912 2928 2011 2982 ubi
2043 2929 2314 2998 scriptum
2349 2933 2450 2995 est,
2487 2929 2687 2994 Diliges
2714 2930 2997 2982 Dominum
3029 2931 3193 2981 Deum
3226 2931 3376 2981 tuum
3404 2943 3470 2980 ea:
3503 2931 3608 2981 toto

1913 3017 2069 3071 corde
2097 3023 2206 3083 tuo,
2233 3022 2283 3071 et
2299 3033 2366 3070 ear:
2387 3022 2497 3070 tota
2523 3019 2708 3070 anima
2736 3021 2849 3082 tua,
2883 3021 2931 3069 et
2953 3032 3018 3069 ex
3050 3020 3158 3069 tota
3179 3020 3348 3069 mente
3380 3021 3499 3077 tua;
3518 3017 3608 3069 vel

1912 3105 2055 3160 illud
2069 3107 2334 3172 alterum,
2352 3107 2560 3172 Diliges
2573 3107 2885 3174 proximum
2903 3109 3049 3158 tuum
3064 3110 3323 3174 tanquam
3340 3110 3387 3158 te
3401 3106 3610 3174 ipsum?

1914 3194 2108 3265 (De-uti
2158 3212 2235 3262 v1,
2287 3198 2350 3259 5;
2400 3196 2570 3248 Levii.
2624 3210 2736 3259 x1x,
2792 3196 2882 3259 l8;
2915 3193 3119 3245 Matth.
3174 3207 3304 3251 xxn,
3337 3195 3426 3258 3‘7,
3478 3191 3605 3260 39.)

1913 3285 2027 3338 Aut
2053 3283 2100 3336 si
2120 3283 2242 3336 hmo
2272 3297 2483 3352 negare
2505 3298 2620 3335 non
2643 3280 2895 3346 audent;
2925 3284 3270 3351 premuntur
3299 3279 3451 3332 enim
3482 3279 3604 3332 lucc

1913 3371 2163 3425 veritatis
2191 3390 2205 3436 ;
2233 3370 2370 3424 illud
2400 3386 2608 3439 negare
2631 3370 2897 3434 audeant,
2931 3368 3174 3422 salubria
3200 3384 3318 3422 esse
3340 3367 3446 3421 ista
3465 3384 3607 3437 prae-

1914 3463 2098 3530 cepta,
2127 3459 2215 3513 his
2245 3475 2432 3513 mores
2461 3458 2707 3528 optimos
2729 3457 3005 3511 contineri
3036 3461 3247 3527 negent
3276 3456 3321 3509 si
3350 3459 3604 3526 possunt,

1914 3549 2172 3603 etdicant
2209 3564 2323 3602 non
2358 3552 2620 3618 oportere
2651 3548 2832 3600 Deum
2861 3545 3042 3615 diligi,
3072 3562 3187 3598 non
3202 3550 3609 3616 oporterepro-

1915 3637 2133 3691 ximum
2164 3635 2360 3705 diligi;
2391 3651 2576 3703 neque
2593 3634 2962 3703 diligentibus
2986 3635 3164 3687 Deum
3196 3633 3390 3686 omnia
3419 3649 3610 3701 procc-

1917 3726 2050 3780 dere
2101 3725 2160 3778 in
2198 3724 2414 3778 bonum
2473 3724 2638 3792 (Rom.
2692 3739 2807 3787 Vill,
2859 3725 2968 3789 28),
3023 3738 3207 3791 neque
3248 3721 3609 3774 dilectionem

1915 3812 2160 3883 proximi
2206 3811 2418 3864 malum
2469 3827 2586 3864 non
2625 3809 2849 3880 operari
2881 3809 3040 3877 (Ibid.
3075 3825 3189 3871 xm,
3237 3808 3366 3874 10);
3401 3807 3610 3878 quibus

1918 3901 2140 3956 duobus
2171 3899 2544 3953 saluberrime
2573 3902 2742 3968 atque
2764 3897 2976 3968 Optime
3011 3897 3263 3950 humana
3293 3895 3402 3948 vita
3426 3895 3610 3965 dispo-

1916 3987 2093 4044 nitur.
2126 3988 2261 4052 Quee
2289 3987 2334 4040 si
2351 3986 2548 4040 dicunt
2591 4002 2706 4039 non
2733 3987 2915 4038 solum
2956 3983 3066 4036 illis
3094 4000 3224 4037 cum
3255 3982 3608 4047 Christianis,

1919 4078 2015 4130 sed
2046 4093 2149 4130 nec
2179 4091 2306 4130 cum
2339 4074 2673 4128 hominibus
2703 4072 2934 4144 quidem
2966 4071 3112 4124 ratio
3137 4074 3239 4124 est.
3265 4070 3362 4124 Sin
3389 4069 3509 4122 haec
3539 4068 3612 4122 di-

1919 4181 2043 4218 cere
2074 4180 2188 4217 non
2238 4163 2473 4228 audent,
2515 4167 2912 4231 cogunturque
2941 4157 3198 4212 conﬁteri
3228 4174 3346 4212 esse
3383 4157 3610 4221 divina;

1920 4253 2058 4324 quid
2088 4269 2185 4306 eos
2218 4251 2415 4306 Libros
2451 4253 2604 4304 unde
2634 4251 2740 4303 ista
2769 4249 2991 4320 prolata
3021 4252 3154 4300 sunt
3182 4247 3473 4316 impietate
3514 4261 3615 4298 ne-

1919 4340 2063 4395 faria
2091 4339 2364 4392 lacessere
2397 4343 2567 4409 atque
2600 4337 2925 4408 improbare
2957 4351 3076 4389 non
3106 4334 3417 4388 desinunt?

1994 4432 2078 4483 58.
2109 4430 2197 4481 An
2227 4427 2380 4482 aliud
2419 4427 2623 4481 dicturi
2663 4430 2817 4492 sunt,
2861 4441 2974 4478 non
3024 4439 3143 4476 esse
3175 4437 3525 4492 consequens
3555 4425 3620 4474 ut

1923 4517 2118 4572 omnia
2133 4516 2212 4570 ibi
2237 4516 2387 4570 bona
2416 4516 2546 4580 sint,
2575 4515 2670 4568 ubi
2699 4515 2820 4567 haec
2842 4511 3096 4566 invenire
3123 4510 3415 4580 potuimus
3433 4509 3460 4561 ?
3484 4526 3620 4563 nam

1922 4607 2031 4661 hoc
2052 4606 2238 4660 solent
2266 4605 2473 4658 dicere.
2506 4604 2722 4673 Cuiego
2750 4598 3204 4670 tergiversationi
3227 4598 3365 4668 quid
3393 4614 3623 4668 respon-

1925 4695 2110 4761 deam,
2146 4698 2202 4747 et
2231 4691 2719 4763 quemadmodum
2742 4703 3057 4752 occurram,
3092 4703 3207 4739 non
3237 4687 3402 4740 facile
3435 4687 3618 4752 video,

1926 4785 2310 4841 Discutiamne
2354 4783 2526 4837 verba
2557 4781 2782 4852 singula
2823 4778 3042 4834 Veteris
3069 4777 3438 4844 Testamenti,
3471 4784 3533 4831 ut
3563 4779 3623 4832 in

1923 4873 2014 4928 his
2039 4888 2324 4926 summam
2370 4887 2500 4925 cum
2534 4868 2838 4940 Evangelio
2885 4883 3006 4920 esse
3041 4866 3406 4920 concordiam
3435 4864 3622 4934 pervi-

1927 4962 2152 5017 cacibus
2194 4959 2553 5031 indoctisque
2596 4958 3025 5013 demonstrem?
3055 4954 3166 5008 Sed
3211 4955 3444 5025 quando
3472 4954 3619 5006 istud

1927 5051 2081 5105 erit?
2113 5051 2339 5122 quando
2389 5053 2487 5102 aut
2516 5064 2621 5118 ego
2652 5045 2953 5110 sufﬁciam,
3001 5049 3099 5098 aut
3128 5043 3238 5113 ipsi
3286 5042 3620 5113 patientur?

1927 5139 2068 5205 Quid
2102 5155 2237 5210 ergo
2269 5137 2472 5191 faciam
2494 5137 2523 5190 ?
2555 5137 2894 5190 Deseramne
2923 5149 3170 5198 causam,
3205 5136 3260 5185 et
3288 5148 3382 5184 eos
3407 5130 3464 5182 in
3495 5143 3623 5181 sen-

1928 5229 2110 5284 tentia
2138 5227 2398 5300 quamvis
2455 5224 2716 5295 improba
2746 5227 2802 5279 et
2849 5223 3008 5291 falsa,
3057 5227 3250 5276 tamen
3289 5217 3504 5272 difﬁcili
3551 5217 3623 5271 ad

1998 5406 2010 5439 ¹
2044 5405 2117 5452 Ite
2148 5405 2268 5452 Mes.
2301 5403 2366 5452 At
2389 5401 2570 5451 excusi
2595 5399 3046 5466 habentLquiajbi
3065 5393 3311 5466 servitiis,
3339 5397 3437 5466 etc.

1993 5468 2013 5502 ³
2038 5467 2160 5515 Mss.
2175 5457 2919 5530 plerique,quanquani.'_l‘iim
2932 5459 3092 5530 aliqui
3113 5457 3418 5530 subjiciunt,
3438 5469 3626 5530 opppr-

1940 5517 2231 5580 tunissim‘e.
2254 5517 2341 5577 Ac'
2350 5517 2506 5591 paulo
2521 5517 2639 5590 post
2649 5527 2756 5586 alii,
2769 5526 2836 5575 ibi
2854 5535 2969 5575 esse
2979 5517 3178 5582 scriptu
3187 5517 3236 5566 νὴ
3252 5535 3271 5578 ;
3293 5517 3380 5566 alii
3401 5517 3523 5567 vero
3539 5519 3630 5567 ha-

1941 5591 2086 5650 bent,
2117 5591 2206 5641 ubi
2235 5589 2642 5653 esse‘scriptum.
