4074 6358
471 360 604 413 1335

471 479 895 536 dissolvendum
926 477 1252 532 delitescere
1284 476 1468 529 sinam
1487 474 1514 527 ?
1545 475 1675 528 Non
1704 473 1943 528 faciam:
1974 473 2163 528 aderit

470 571 539 625 de
563 567 824 639 proximo
844 565 1141 635 Deusipse,
1163 565 1322 635 cujus
1345 564 1441 616 illa
1460 568 1742 633 praecepta
1762 566 1922 629 sunt;
1948 579 2048 616 nec
2068 578 2159 616 me

439 673 446 678 '
473 658 533 712 in
564 656 735 711 tantis
765 653 1040 724 angustiis
1069 653 1294 722 inopem
1340 667 1404 704 ac
1425 651 1713 705 desertum
1740 666 1863 704 esse
1885 651 2154 720 patietur.

593 744 814 798 CAPUT
844 743 1015 796 XXIX.
1048 771 1116 780 -—
1133 744 1209 795 De
1235 742 1646 809 Scripturarum
1667 742 2015 794 auctoritate.

547 835 632 886 59.
657 831 1038 895 Quamobrem
1069 829 1320 882 adestote
1350 827 1575 892 animis,
1621 826 1933 887 Manichaei,
1988 826 2035 879 si
2063 826 2164 897 qui

474 923 620 976 forte
655 920 754 974 illa
781 917 1183 990 superstitione
1214 916 1291 969 ita
1340 914 1637 982 tenemini,
1686 918 1747 968 ut
1785 916 2018 968 evadere
2067 912 2166 966 ali-

476 1010 704 1082 quando
736 1007 979 1079 possitis.
1032 1006 1321 1068 Adestote,
1379 1003 1635 1074 inquam,
1677 1002 1799 1056 sine
1830 1001 2163 1072 pertinacia,

477 1098 596 1151 sine
626 1095 810 1150 studio
840 1091 1140 1148 resistendi
1166 1108 1178 1145 :
1213 1107 1347 1145 nam
1374 1090 1540 1144 aliter
1571 1090 1726 1144 vobis
1754 1087 2166 1160 perniciosissi-

478 1201 636 1240 mum
669 1182 1036 1253 estjudicare.
1067 1180 1228 1234 Certe
1251 1179 1406 1233 enim
1426 1177 1640 1232 nemini
1673 1178 1913 1232 dubium
1931 1182 2033 1239 est,
2064 1193 2170 1231 nec

478 1273 661 1328 aversi
692 1288 786 1324 vos
815 1269 895 1324 ita
923 1267 1055 1322 estis
1084 1284 1117 1321 a
1145 1284 1294 1332 vero,
1330 1271 1390 1321 ut
1421 1283 1539 1320 non
1569 1265 1919 1336 intelligatis,
1952 1266 2018 1320 si‘
2038 1265 2168 1320 dili-

480 1378 614 1432 gere
648 1361 827 1414 Deum
867 1361 921 1411 et
965 1356 1309 1427 proximum,
1366 1355 1582 1408 bonum
1613 1358 1716 1421 est,
1759 1354 1916 1425 quod
1959 1367 2170 1422 negare

480 1465 650 1504 nemo
680 1450 896 1519 potest;
932 1444 1209 1516 quidquid
1243 1444 1302 1497 in
1331 1443 1420 1498 his
1447 1443 1670 1498 duobus
1699 1441 1997 1512 praeceptis
2026 1458 2172 1513 pen-

482 1539 595 1604 det,
627 1534 937 1605 vituperari
958 1535 1088 1604 jure
1111 1549 1230 1587 non
1261 1549 1446 1604 posse.
1479 1531 1622 1596 Quid
1654 1547 1790 1602 ergo
1828 1531 1889 1584 in
1916 1530 1986 1584 iis
2028 1546 2170 1600 pen-

485 1626 636 1692 deat,
669 1622 975 1676 ridiculum
1015 1625 1100 1674 est
1126 1620 1232 1673 sia
1258 1635 1350 1674 me
1402 1618 1778 1690 quaerendum
1807 1633 1927 1672 esse
1969 1622 2170 1688 putas;

484 1712 672 1784 ipsum
701 1709 985 1764 Christum
1019 1707 1173 1774 audi,
1205 1707 1357 1773 audi,
1409 1707 1667 1778 inquam,
1701 1706 2008 1775 Christum,
2040 1705 2174 1760 audi

486 1800 584 1854 Dei
615 1796 995 1868 Sapientiam.-
1028 1797 1110 1866 _In
1137 1796 1242 1863 his,
1267 1795 1475 1865 inquit,
1523 1794 1727 1848 duobus
1751 1797 2034 1864 praceptis
2065 1798 2177 1849 tota

485 1891 595 1943 Lea:
619 1886 835 1956 pendet,
869 1888 918 1938 et
945 1898 1121 1937 omnes
1141 1883 1419 1951 Propheta:
1446 1882 1660 1952 (Matth.
1686 1897 1818 1948 XXII,
1850 1881 1960 1952 40).

555 1977 642 2029 60.
675 1972 822 2037 Quid
861 1973 967 2025 hoc
1013 1971 1136 2024 loco
1193 1974 1377 2042 potest
1424 1969 1611 2024 dicere
1679 1967 2178 2040 impudentissima

486 2060 837 2136 pertinacia?
867 2062 989 2114 Non
1010 2060 1118 2113 hoc
1144 2058 1432 2114 Christum
1459 2051 1660 2112 dixisse
1679 2060 1709 2111 ?
1737 2062 1808 2112 At
1835 2058 1897 2111 in
1922 2059 2176 2128 Evange-

488 2153 563 2206 lio
599 2150 768 2204 verba
791 2150 911 2219 ejus
933 2149 1039 2202 ista
1065 2147 1382 2216 conscripta
1412 2151 1564 2200 sunt.
1599 2147 1824 2200 Falsum
1854 2162 1972 2200 esse
2012 2146 2180 2216 scrip-

487 2242 656 2294 tum?
697 2237 841 2302 Quid
890 2238 998 2290 hoc
1051 2235 1344 2305 sacrilegio
1400 2235 1581 2305 magis
1639 2235 1884 2305 impium
1936 2234 2181 2304 reperiri

487 2327 724 2398 potest?
753 2325 891 2396 quid
915 2324 1021 2377 ista
1049 2339 1182 2376 voce
1230 2321 1666 2393 impudentius?
1697 2322 1837 2392 quid
1865 2322 2132 2376 audacius
2151 2324 2180 2377 ?

488 2415 626 2486 quid
664 2411 1027 2467 sceleratius?
1058 2411 1503 2465 Simulacrorum
1534 2411 1798 2474 cultores,
1847 2411 1945 2481 qui
1971 2411 2180 2465 Christi

489 2503 663 2556 etiam
698 2517 906 2554 nomen
939 2499 1200 2564 oderunt,
1237 2513 1534 2568 nunquam
1574 2498 1680 2550 hoc
1718 2497 1987 2552 adversus
2033 2499 2179 2553 Scri-

490 2596 684 2661 pturas
729 2589 853 2642 illas
893 2587 1014 2640 ausi
1061 2591 1192 2640 sunt
1247 2586 1454 2640 dicere.
1486 2587 1876 2656 Consequetur
1930 2603 2180 2658 namque

489 2677 748 2733 omnium
775 2677 1097 2730 litterarum
1127 2690 1349 2728 summa
1381 2674 1684 2745 perversio,
1718 2678 1773 2728 et
1795 2675 2054 2729 omnium
2083 2675 2182 2748 qui

500 2765 794 2820 memoriae
839 2763 1092 2817 mandati
1149 2769 1281 2817 sunt
1328 2763 1607 2816 librorum
1643 2762 1894 2831 abolitio,
1939 2763 1983 2816 si
2027 2764 2178 2834 quod

492 2859 648 2909 tanta
659 2853 1008 2923 populorum
1032 2851 1310 2922 religione
1339 2851 1674 2905 roboratum
1692 2856 1794 2920 est,
1820 2856 1976 2905 tanta
1997 2851 2182 2906 homi-

492 2959 634 2996 num
664 2946 719 2996 et
751 2945 1074 3010 temporum
1097 2939 1468 2992 consensione
1500 2938 1812 3005 ﬁrmatum,
1839 2939 1896 2992 in
1927 2940 2070 2993 hanc
2092 2941 2186 2993 du-

492 3028 828 3083 bitationem
858 3027 1175 3093 adducitur,
1209 3031 1272 3080 ut
1293 3042 1361 3079 ne
1388 3026 1641 3080 historiae
1671 3027 1903 3096 quidem
1934 3027 2185 3097 vulgaris

495 3117 669 3172 ﬁdem
695 3115 872 3188 possit
907 3115 1356 3185 gravitatemque
1388 3114 1665 3168 obtinere.
1721 3116 2012 3169 Postremo
2046 3116 2184 3186 quid

493 3207 560 3260 de
594 3204 885 3274 scripturis
920 3202 1049 3256 ullis
1092 3203 1348 3273 proferre
1378 3201 1614 3272 poteris,
1649 3201 1743 3254 ubi
1778 3201 1918 3255 mihi
1968 3201 2052 3255 uti
2082 3201 2185 3254 hac

503 3310 630 3348 voce
660 3309 773 3347 non
811 3293 994 3357 liceat,
1039 3291 1086 3344 si
1130 3296 1326 3344 contra
1369 3306 1556 3344 meam
1583 3289 2072 3344 ratiocinationem
2101 3288 2185 3344 in-

498 3381 928 3450 tentionemque
957 3379 1284 3449 proferatur
1299 3380 1327 3432 ?

569 3473 655 3523 61.
689 3469 831 3522 Illud
854 3483 987 3522 vero
1015 3466 1142 3537 quis
1179 3466 1323 3519 ferre
1371 3463 1568 3534 possit,
1631 3464 1782 3535 quod
1816 3480 1919 3518 nos
1955 3465 2184 3519 notissi-

497 3557 607 3611 mis
634 3573 697 3610 ac
719 3557 840 3628 jam
860 3557 918 3610 in
951 3555 1214 3609 manibus
1235 3553 1491 3607 omnium
1514 3553 1692 3607 Libris
1717 3552 2036 3607 constitutis
2066 3570 2185 3608 cre-

500 3647 630 3700 dere
657 3649 869 3711 vetant,
904 3649 960 3698 et
989 3644 1059 3697 iis
1091 3660 1219 3713 qua:
1271 3641 1382 3712 ipsi
1415 3642 1728 3713 proferunt,
1780 3641 2068 3712 imperant
2124 3646 2188 3696 ut

499 3734 836 3788 credamus?
880 3731 936 3786 Si
967 3730 1034 3786 de
1093 3731 1374 3800 scriptura
1404 3729 1781 3784 dubitandum
1835 3734 1934 3795 est,
1974 3729 2042 3783 de
2075 3746 2189 3800 qua

501 3821 682 3893 magis
701 3836 873 3892 quam
905 3823 1032 3890 qua:
1061 3819 1343 3873 diffamari
1374 3834 1488 3870 non
1521 3819 1749 3887 meruit,
1782 3834 1979 3888 quaeve
1999 3818 2189 3888 potuit

499 3911 604 3965 sub
634 3909 868 3964 nomine
898 3907 1008 3961 alio
1046 3911 1163 3960 tota
1190 3905 1468 3960 mentiri?
1497 3906 1567 3974 _Si
1604 3906 1769 3959 istam
1797 3906 1959 3959 obdis
1988 3906 2186 3974 invito,

500 4004 558 4054 et
587 3997 940 4053 auctoritatis
970 3995 1408 4067 exaggeratione
1439 3994 1591 4064 cogis
1636 3994 1693 4047 in
1725 3993 1897 4048 ﬁdem
1926 3993 1942 4026 ⁴
1967 4010 1980 4060 ;
2006 4010 2186 4064 egone

499 4087 568 4141 de
598 4087 716 4152 illa,
749 4101 924 4156 quam
949 4088 1274 4138 constanter
1320 4081 1594 4136 latissime
1625 4081 1970 4152 divulgatam
1999 4081 2184 4147 video,

499 4180 557 4229 et
578 4175 947 4229 Ecclesiarum
969 4188 1070 4243 per
1099 4176 1280 4224 totum
1328 4169 1524 4223 orbem
1564 4169 1948 4239 dispersorum
1998 4175 2186 4223 conte-

500 4264 735 4317 statione
767 4262 1068 4328 munitam,
1102 4259 1373 4314 dubitabo
1406 4259 1597 4325 miser,
1631 4263 1703 4326 et,
1738 4259 1891 4330 quod
1911 4264 1994 4313 est
2023 4259 2189 4313 mise-

499 4351 637 4418 rius,
671 4356 725 4404 te
752 4353 976 4403 auctore
999 4347 1267 4403 dubitabo
1294 4345 1321 4397 7
1351 4348 1491 4401 Cum
1518 4347 1564 4400 si
1594 4347 1939 4418 exemplaria
1969 4347 2186 4418 profer-

499 4455 587 4493 res
613 4440 810 4507 altera,
839 4443 1033 4492 tenere
1064 4452 1182 4490 non
1211 4435 1497 4502 deberem,
1538 4435 1646 4489 nisi
1677 4452 1742 4489 ea
1771 4452 1900 4506 qua:
1932 4436 2187 4506 plurium

498 4527 865 4602 consensione
912 4525 1484 4591 commendarentur;
1523 4540 1675 4578 nunc
1719 4524 1862 4578 nihil
1908 4529 1962 4580 te
1991 4525 2185 4595 profe-

497 4620 658 4668 rente
705 4613 860 4685 quod
892 4614 1165 4680 conferas,
1206 4617 1416 4683 praeter
1441 4612 1832 4667 inanissimam
1875 4619 2071 4667 'vocem
2102 4617 2187 4667 te-

500 4702 890 4774 meritatisque
911 4701 1320 4774 plenissimam,
1351 4699 1578 4773 putabis
1611 4717 1787 4772 usque
1827 4701 1968 4755 adeo
2004 4717 2186 4772 genus

497 4793 815 4848 humanum
838 4807 958 4846 esse
987 4806 1340 4862 perversum,
1375 4795 1431 4844 et
1453 4789 1656 4845 divinae
1677 4789 2048 4860 providentiae
2079 4807 2186 4861 ope

499 4882 807 4946 desertum,
839 4884 920 4947 L’ut
966 4879 1078 4933 illis
1107 4878 1433 4950 Scripturis,
1470 4895 1583 4933 non
1618 4894 1651 4932 a
1688 4882 1744 4932 te
1773 4879 2019 4949 prolatas
2049 4878 2186 4933 alias

498 4970 704 5042 quibus
720 4969 1159 5040 redarguantur,
1187 4969 1286 5025 sed
1319 4974 1414 5023 tua
1430 4973 1654 5023 tantum
1679 4969 1849 5022 verba
1859 4971 2188 5039 praeponat?

497 5057 877 5114 Proferendus
906 5062 990 5113 est
1019 5075 1265 5129 namque
1296 5057 1402 5113 tibi
1433 5058 1577 5112 alius
1611 5057 1788 5111 codex
1819 5056 2015 5110 eadem
2044 5072 2183 5111 con-

496 5149 706 5217 tinens,
737 5148 832 5202 sed
865 5152 1056 5202 tamen
1083 5147 1446 5218 incorruptus
1475 5151 1532 5201 et
1558 5145 1767 5214 verior,
1796 5144 1895 5199 ubi
1937 5145 2065 5218 sola
2083 5145 2182 5200 de-

495 5237 606 5292 sint
633 5254 699 5292 ea
728 5253 858 5309 quae
904 5236 995 5291 hic
1022 5236 1277 5292 immissa
1305 5253 1427 5292 esse
1457 5234 1793 5290 criminaris.
1829 5235 1898 5286 Ut
1925 5233 1993 5297 si,
2024 5234 2184 5290 verbi

495 5341 682 5394 causa,
715 5325 875 5382 Pauli
908 5326 1236 5398 Epistolam,
1269 5341 1398 5396 qua:
1429 5324 1500 5378 ad
1529 5325 1818 5377 Romanos
1847 5322 2054 5392 scripta
2075 5328 2178 5391 est,

557 5473 1021 5547 ιτιιθριξετίοορξξε
1249 5475 1310 5523 ει
1333 5471 1676 5547 maxime
1695 5471 1896 5547 rem:
1912 5473 2054 5547 coep
2075 5474 2180 5523 περ

890 5537 1091 5586 Aliisex
1115 5539 1204 5586 εει
1219 5535 1556 5586 auctoritatis
1580 5544 1900 5593 exaggerare
1920 5535 2180 5585 rationem

1268 351 1384 423 {DE
1423 350 1736 407 MORIBUS
1773 349 2193 406 CATHOLIC/E
2232 351 2614 418 ECCLESIIE,
2657 350 2708 404 S.
2754 347 3136 405 AUGUSTINI

3857 354 3986 405 i336

2268 479 2594 545 corruptam
2650 489 2771 527 esse
2813 470 3122 538 contendis,
3177 470 3348 525 aliam
3405 471 3672 543 proferas
3721 471 3984 525 incorru-

2269 567 2448 634 ptam,
2469 564 2555 618 vel
2575 561 2751 616 alium
2775 561 3028 616 codicem
3055 561 3266 631 potius,
3299 560 3358 614 in
3386 577 3502 631 quo
3534 561 3813 631 ejusdem
3841 563 3986 631 Apo-

2271 651 2399 705 stoli
2429 651 2628 705 eadem
2671 650 2918 720 Epistula
2951 649 3166 703 sincera
3205 653 3262 702 et
3289 648 3623 719 incorrupta
3653 649 3990 720 conscripta

2272 739 2364 793 sit.
2408 741 2530 794 Non
2578 738 2802 807 faciam,
2855 737 3062 808 inquis,
3102 742 3172 790 ne
3219 736 3340 806 ipse
3380 738 3711 808 corrupisse
3743 738 3988 790 credar:

2273 830 2380 882 hoc
2409 828 2562 882 enim
2593 827 2785 881 soletis
2814 826 3033 893 dicere;
3065 830 3121 879 et
3147 841 3348 879 verum
3368 825 3558 880 dicitis
3585 842 3599 879 :
3635 826 3788 879 nihil
3825 843 3993 897 pror-

2274 933 2366 969 sus
2387 915 2541 970 aliud
2571 915 3009 986 suspicabantur
3031 915 3117 968 vel
3149 913 3512 968 mediocriter
3538 914 3767 968 cordati
3800 914 3993 967 homi-

2276 1020 2396 1070 nes,
2431 1003 2478 1057 si
2508 1003 2613 1057 hoc
2634 1003 2848 1057 feceris.
2871 1002 3008 1057 Vide
3039 1018 3172 1072 ergo
3203 1007 3265 1056 tu
3294 1003 3416 1072 ipse
3448 1002 3591 1074 quid
3619 1002 3692 1056 de
3726 1002 3994 1056 auctori-

2274 1097 2390 1147 tate
2417 1097 2516 1145 tua
2558 1090 2940 1162 judicaveris:
2973 1095 3030 1146 et
3059 1090 3312 1161 intellige
3364 1095 3562 1144 utrum
3624 1091 3742 1144 tuis
3798 1091 3991 1144 verbis

2278 1184 2470 1234 contra
2497 1179 2623 1233 illas
2651 1179 2966 1250 Scripturas
3007 1179 3234 1232 credere
3277 1179 3546 1242 debeant,
3583 1178 3633 1231 si
3664 1179 3887 1244 codici,
3921 1179 3988 1231 ob

2276 1269 2384 1322 hoc
2415 1269 2600 1321 solum
2623 1268 2774 1338 quod
2805 1267 2900 1321 abs
2927 1271 2981 1321 te
3004 1266 3310 1338 profertur,
3353 1283 3580 1338 magnae
3631 1267 3992 1322 temeritatis

2280 1361 2362 1411 est
2392 1357 2638 1410 credere.
2737 1421 2740 1424 Ι

2282 1446 2504 1500 CAPUT
2532 1445 2677 1499 XXX.
2729 1475 2796 1482 —
2837 1443 3178 1514 Apostrophe
3215 1442 3289 1497 ad
3337 1444 3639 1499 Ecclesiam
3686 1446 3864 1499 totius
3909 1461 3996 1499 sa-

2379 1535 2602 1604 pientia
2633 1534 2970 1601 magistram.
3007 1533 3262 1587 Doctrina
3293 1533 3570 1586 catholicae
3599 1533 3891 1587 Ecclesiae.

2353 1625 2441 1676 62.
2465 1621 2570 1676 Sed
2603 1620 2737 1691 quid
2767 1619 2898 1673 hinc
2927 1620 3092 1689 plura
3118 1619 3145 1673 ?
3175 1618 3310 1684 Quis
3340 1619 3497 1673 enim
3529 1635 3648 1672 non
3673 1619 3877 1673 videat
3909 1635 4000 1672 eos

2282 1711 2381 1782 qui
2396 1713 2592 1764 contra
2607 1708 2921 1778 Scripturas
2944 1707 3278 1762 Christianas
3303 1707 3426 1761 haec
3447 1707 3661 1761 audent
3683 1707 3916 1775 dicere,
3945 1713 4002 1760 ut

2285 1797 2446 1852 illlud
2477 1813 2591 1850 non
2611 1795 2722 1849 sint
2739 1796 2890 1867 quod
2909 1795 3171 1848 homines
3189 1793 3576 1864 suspicantur,
3612 1799 3774 1848 certe
3802 1799 4001 1848 tamen

2287 1901 2401 1939 non
2449 1901 2568 1939 esse
2599 1883 2980 1937 christianos?
3013 1884 3153 1936 Nam
3205 1882 3540 1937 Christianis
3568 1882 3696 1936 11830
3731 1883 3878 1936 data
3921 1890 4001 1936 est

2286 1975 2466 2029 forma
2490 1970 2734 2038 vivendi,
2763 1977 2826 2024 ut
2846 1970 3150 2040 diligamus
3177 1970 3484 2024 Dominum
3512 1971 3697 2024 Deum
3730 1976 4003 2025 nostrum

2287 2079 2349 2117 ex
2363 2065 2478 2116 toto
2492 2060 2683 2124 corde,
2706 2064 2762 2114 et
2785 2075 2850 2112 ex
2868 2063 2982 2112 tota
3006 2059 3216 2126 anima,
3239 2063 3296 2112 et
3315 2074 3382 2112 ex
3403 2062 3522 2112 tota
3539 2063 3762 2125 mente,
3787 2060 4003 2114 deinde

2287 2149 2612 2222 proximum
2634 2152 2889 2202 nostrum
2907 2151 3178 2218 tanquam
3200 2146 3608 2217 nosmetipsos:
3634 2149 3693 2199 in
3726 2148 3818 2201 his
3849 2148 4004 2201 enim

2289 2239 2493 2294 duobus
2520 2240 2802 2308 praeceptis
2852 2240 2961 2290 tota
2993 2237 3101 2289 Lee:
3125 2235 3343 2304 pendet,
3375 2240 3424 2288 et
3471 2250 3651 2289 omnes
3685 2237 4000 2305 Propheta.

2293 2328 2470 2398 (Deut.
2495 2344 2566 2395 VI,
2597 2330 2679 2392 5.;
2713 2325 2907 2380 Matth.
2953 2340 3087 2390 xxn,
3121 2327 3231 2394 37).
3269 2323 3484 2388 Merito,
3517 2324 4003 2378 Ecclesia'catho~

2289 2416 2396 2469 lica
2423 2419 2604 2468 mater
2632 2413 3080 2468 Christianorum
3103 2411 3413 2478 verissima,
3446 2427 3561 2465 non
3584 2413 3780 2465 solum
3807 2412 4003 2483 ipsum

2292 2505 2490 2567 Deum,
2511 2502 2672 2572 cujus
2703 2501 2926 2571 adeptio
2951 2500 3062 2553 vita
3085 2504 3169 2554 est
3197 2499 3537 2554 beatissima.
3575 2499 3901 2570 purissime
3929 2506 4005 2554 at-

2291 2609 2402 2662 que
2432 2590 2740 2644 castissime
2762 2589 3065 2642 colendum
3092 2588 3396 2660 prmdicas;
3421 2589 3851 2657 nullampubis
3880 2591 4009 2643 ado-

2289 2679 2524 2733 randam
2543 2683 2860 2730 creaturam
2889 2676 3186 2744 inducens,
3217 2677 3307 2729 cui
3329 2677 3918 2746 servirejubeamur;
3954 2683 4007 2731 et

2293 2765 2473 2820 abilla
2493 2765 2821 2835 incorrupta
2835 2763 3214 2817 etinviolabili
3233 2764 3572 2830 aeternitate,
3593 2764 3688 2817 cui
3702 2765 3815 2818 soli
3836 2765 4010 2818 homo

2293 2853 2679 2924 subjiciendus
2713 2856 2815 2918 est,
2848 2852 2939 2905 cui
2962 2851 3067 2904 soli
3100 2852 3394 2906 rationalis
3428 2851 3623 2906 anima
3643 2854 4003 2907 cohaerendo

2292 2958 2409 2996 non
2426 2941 2628 2995 misera
2649 2945 2750 3006 est,
2777 2940 3084 2994 excludens
3107 2956 3276 2994 omne
3307 2941 3457 3011 quod
3482 2941 3701 2995 factum
3722 2948 3832 3008 est,
3852 2943 4010 3013 quod

2293 3030 2600 3085 obnoxium
2649 3028 3102 3094 commutationi,
3153 3029 3304 3099 quod
3356 3028 3650 3083 subditum
3711 3031 4009 3100 tempori;

2294 3135 2477 3188 neque
2509 3117 2857 3171 confundens
2881 3117 3032 3187 quod
3050 3117 3357 3181 aeternitas,
3393 3117 3547 3187 quod
3568 3117 3806 3184 veritas,
3846 3119 4004 3190 quod

2295 3206 2539 3276 denique
2550 3222 2660 3277 pax
2685 3205 2807 3276 ipsa
2831 3205 3268 3275 distinguit,nec
3298 3221 3523 3259 rursum
3557 3222 3842 3276 separans
3858 3209 4011 3278 quod

2295 3295 2561 3364 majestas
2590 3310 2704 3348 una
2733 3294 3064 3364 conjungit:
3099 3294 3194 3347 sed
3243 3293 3413 3347 etiam
3441 3295 3694 3364 proximi
3742 3296 4008 3349 dilectio-

2298 3399 2427 3436 nem
2457 3386 2625 3452 atque
2648 3382 2980 3436 charitatem
3011 3382 3089 3435 ita
3127 3382 3538 3453 complecteris,
3573 3387 3637 3435 ut
3697 3384 4009 3438 variorum

2297 3471 2646 3536 morborum,
2680 3469 2885 3541 quibus
2907 3487 3009 3540 pro
3032 3470 3277 3540 peccatis
3309 3471 3425 3524 suis
3455 3471 3665 3525 animae
3689 3478 4010 3543 mgrotant,

2297 3559 2484 3613 omnis
2513 3559 2663 3628 apud
2694 3563 2749 3612 te
2780 3557 3061 3611 medicina
3089 3559 3442 3630 praepolleat.

2368 3650 2453 3702 53.
2486 3648 2566 3702 Tu
2607 3645 2906 3717 pueriliter
2949 3662 3178 3716 pueros,
3230 3647 3452 3701 fortiter
3493 3647 3762 3718 juvenes,
3815 3649 4015 3720 quiete

2297 3752 2475 3800 senes,
2512 3738 2680 3802 prout
2710 3735 2984 3805 cujusque
3033 3751 3146 3788 non
3195 3735 3448 3805 corporis
3484 3740 3735 3802 tantum,
3795 3738 3905 3791 sed
3953 3744 4006 3790 et

2297 3823 2475 3878 animi
2508 3829 2644 3878 tetas
2702 3828 2805 3890 est,
2865 3839 3089 3876 exerces
3119 3839 3181 3877 ac
3211 3824 3392 3877 doces.
3440 3825 3522 3878 Tu
3579 3823 3835 3879 feminas
3881 3827 4013 3879 viris

2297 3911 2432 3979 suis,
2466 3928 2578 3966 non
2609 3910 2680 3965 ad
2719 3911 3059 3982 explendam
3090 3911 3406 3979 libidinem,
3439 3912 3534 3966 sed
3563 3913 3633 3966 ad
3665 3930 4011 3985 propagan-

2297 4000 2425 4054 dam
2459 4000 2700 4071 prolem,
2736 4004 2793 4054 et
2831 3999 2901 4054 ad
2933 4001 3013 4053 rei
3043 4000 3341 4054 familiaris
3371 4001 3722 4068 societatem,
3763 4010 3928 4056 casta
3959 4009 4010 4056 et

2299 4088 2453 4142 ﬁdeli
2484 4087 2809 4142 obedientia
2837 4087 3086 4158 subjicis.
3109 4089 3190 4142 Tu
3226 4088 3368 4142 viros
3395 4090 3768 4160 conjugibus,
3786 4107 3913 4145 non
3939 4092 4004 4144 ad

2298 4176 2653 4232 illudendum
2683 4175 3114 4231 imbecilliorem
3147 4193 3364 4242 sexum,
3418 4177 3518 4230 sed
3545 4178 3759 4230 sinceri
3796 4181 4010 4232 amoris

2299 4266 2515 4336 legibus
2554 4264 2817 4336 praeficis.
2859 4267 2942 4319 Tu
2980 4265 3313 4335 parentibus
3344 4265 3490 4320 filios
3530 4265 3714 4320 libera
3749 4269 4009 4338 quadam

2299 4354 2564 4409 servitute
2613 4353 2928 4424 subjungis,
2978 4359 3243 4424 parentes
3292 4353 3426 4407 filiis
3471 4354 3566 4423 pia
3598 4355 4010 4410 dominatione

2297 4440 2609 4512 praeponis.
2641 4443 2723 4494 Tu
2754 4441 3023 4496 fratribus
3069 4442 3269 4496 fratres
3315 4442 3614 4512 religionis
3645 4443 3886 4498 vinculo
3919 4445 4011 4498 tir—

2298 4530 2474 4583 miore
2505 4534 2674 4601 atque
2705 4529 2944 4583 arctiore
2978 4545 3150 4600 quam
3197 4529 3493 4600 sanguinis
3524 4531 3723 4584 nectis.
3761 4533 3850 4585 Tu
3887 4550 4013 4586 om-

2297 4634 2431 4672 nem
2461 4617 2685 4688 generis
2716 4617 3207 4688 propinquitatem
3235 4621 3289 4670 et
3319 4617 3611 4671 affinitatis
3633 4621 4016 4675 necessitudi-

2297 4723 2449 4774 nem,
2492 4706 2725 4760 servatis
2770 4712 2988 4760 naturae
3019 4705 3443 4776 voluntatisque
3485 4705 3748 4774 nexibus,
3805 4715 4015 4763 mutua

2296 4796 2567 4850 charitate
2588 4795 2949 4865 constringis.
2968 4795 3049 4849 Tu
3071 4793 3319 4849 dominis
3341 4810 3553 4858 servos,
3588 4811 3702 4849 non
3728 4801 3854 4851 tam
3880 4816 4017 4852 con-

2296 4883 2526 4938 ditionis
2578 4883 2933 4952 necessitate,
2993 4898 3166 4952 quam
3211 4882 3384 4936 officii
3440 4883 3831 4938 delectatione
3912 4888 4015 4940 do-

2296 4988 2387 5026 ces
2459 4971 2765 5027 adhaerere.
2843 4971 2925 5024 Tu
2991 4969 3253 5024 dominos
3327 4970 3524 5035 servis,
3606 4973 3828 5026 summi
3913 4977 4013 5029 Dei

2295 5060 2614 5114 communis
2655 5058 2886 5113 Domini
2932 5058 3386 5113 consideratione
3436 5059 3771 5130 placabiles,
3828 5068 3888 5116 et
3943 5064 4014 5117 ad

2294 5147 2706 5202 consulendum
2738 5162 2911 5218 quam
2942 5147 3320 5202 coercendum
3380 5147 3793 5219 propensiores
3844 5151 4010 5206 facis.

2294 5238 2375 5292 Tu
2405 5237 2550 5291 cives
2573 5236 2806 5303 civibus,
2840 5240 3035 5305 gentes
3060 5236 3347 5308 gentibus,
3381 5241 3437 5291 et
3467 5253 3704 5308 prorsus
3732 5238 4012 5296 homines

2292 5325 2609 5394 primorum
2640 5329 2942 5395 parentum
2974 5324 3381 5392 recordatione,
3417 5341 3534 5381 non
3571 5326 3844 5384 societate
3877 5336 4011 5385 tan-

2291 5417 2433 5479 tum,
2467 5413 2562 5467 sed
2583 5413 2831 5484 quadam
2862 5414 3032 5468 etiam
3062 5414 3415 5469 fraternitate
3462 5415 3786 5485 conjungis.
3829 5419 4011 5474 Doces

2291 5519 2454 5573 reges
2482 5501 2802 5572 prospicere
2845 5503 3104 5574 populis;
3138 5519 3338 5557 mones
3379 5505 3625 5574 populos
3665 5521 3726 5559 se
3757 5507 4007 5562 subdere

2296 5590 2545 5661 regibus.
2577 5590 2791 5654 Quibus
2818 5591 3003 5646 honor
3023 5591 3316 5659 debeatur,
3343 5591 3550 5662 quibus
3575 5592 3842 5661 affectus,
3877 5597 4004 5666 qui-
