4074 6376
231 360 365 410 I337

221 479 333 533 bus
367 479 707 549 reverentia,
738 481 942 552 quibus
976 482 1168 544 timor,
1203 482 1408 553 quibus
1437 482 1768 546 consolatio,
1802 484 1926 555 qui-

221 567 333 622 bus
357 567 691 634 admonitio,
720 569 927 640 quibus
952 571 1266 625 cohortatio
1292 571 1331 640 ‘,
1365 573 1572 644 quibus
1603 573 1922 643 disciplina,

224 656 438 726 quibus
472 657 814 727 objurgatio,
850 660 1056 729 quibus
1086 661 1454 732 supplicium,
1491 663 1687 716 sedulo
1718 662 1920 728 doces;

222 745 530 798 ostendens
559 748 1048 815 quemadmodum
1087 755 1138 802 et
1182 767 1294 803 non
1328 751 1593 804 omnibus
1624 751 1836 816 omnia,
1868 755 1926 804 et

223 833 494 887 omnibus
526 835 789 902 Charitas,
823 841 877 889 et
903 837 1046 890 nulli
1076 838 1353 893 debeatur
1382 839 1611 910 injuria.

300 923 386 975 64.
420 922 542 975 Iam
565 939 697 976 vero
719 939 848 977 cum
871 925 992 978 haec
1013 926 1264 981 humana
1289 927 1514 982 dilectio
1546 928 1922 981 inhaerentem

223 1010 498 1063 uberibus
527 1011 639 1064 tuis
684 1013 1002 1080 nutriverit,
1049 1021 1103 1068 et
1141 1016 1492 1070 roboraverit
1530 1016 1808 1082 animum,
1843 1032 1923 1068 se-

223 1099 454 1168 quendo
490 1101 603 1153 Deo
635 1100 844 1155 factum
890 1102 942 1156 id
973 1119 1201 1172 meum;
1255 1105 1353 1160 ubi
1401 1107 1523 1176 ejus
1562 1107 1826 1176 majestas
1857 1121 1920 1158 ex

223 1190 386 1240 tanta
414 1193 572 1258 parte
598 1194 812 1259 quanta
833 1191 1075 1258 homini,
1100 1193 1238 1247 dum
1261 1199 1426 1249 terra:
1449 1195 1618 1264 hujus
1641 1195 1919 1248 inhabita-

220 1276 318 1327 tor
348 1280 449 1341 est,
492 1275 720 1344 sufﬁcit,
757 1280 978 1350 aperire
1012 1298 1068 1334 se
1102 1283 1375 1353 coeperit;
1411 1288 1598 1337 tantus
1630 1282 1920 1337 charitatis

223 1362 397 1416 ardor
416 1363 744 1432 innascitur,
770 1373 826 1420 et
847 1373 1066 1423 tantum
1087 1370 1262 1424 divini
1286 1373 1500 1426 amoris
1522 1372 1817 1441 consurgit
1837 1371 1920 1424 in-

221 1451 513 1517 cendium,
534 1459 596 1507 ut
622 1455 832 1508 exustis
859 1458 1126 1512 omnibus
1148 1459 1318 1530 vitiis,
1341 1466 1396 1515 et
1419 1461 1650 1514 homine
1677 1464 1919 1530 purgato

221 1545 398 1609 atque
427 1542 792 1609 sanctiﬁcata,
827 1545 960 1599 satis
981 1553 1255 1617 appareat
1285 1565 1456 1619 quam
1487 1549 1675 1603 divine
1704 1549 1917 1602 dictum

221 1627 326 1681 sit:
346 1631 456 1695 Ego
473 1645 590 1683 sum
604 1634 747 1697 ignis
765 1648 1079 1689 consumens
1101 1639 1277 1704 (Deut.
1300 1654 1371 1702 ιν,
1398 1638 1483 1705 24)
1503 1639 1580 1708 (α)
1603 1654 1615 1703 ;
1641 1642 1715 1703 et,
1737 1639 1917 1704 Ignem

219 1718 347 1769 veni
372 1720 581 1773 mittere
605 1725 660 1773 in
688 1723 948 1776 mundum
980 1725 1125 1793 (Luc.
1157 1741 1254 1791 xu,
1284 1727 1394 1796 49).
1426 1726 1562 1790 Quin
1601 1727 1726 1781 dure
1757 1741 1918 1780 voces

220 1804 395 1858 unius
439 1807 537 1860 Dei
567 1807 628 1860 in
657 1808 878 1864 duobus
907 1813 1280 1867 Testamentis
1311 1814 1571 1885 signatae,
1603 1815 1916 1868 sanctiﬁca-

219 1893 440 1949 tionem
470 1897 678 1952 animae
706 1903 974 1956 concordi
997 1904 1356 1958 attestatione
1388 1905 1695 1971 declarant,
1732 1909 1791 1958 ut
1823 1905 1920 1958 ﬁat

219 1983 530 2054 aliquando
562 1987 702 2042 illud
741 1991 892 2060 quod
941 1991 1079 2046 item
1110 1992 1168 2046 in
1214 1994 1424 2047 Novam
1455 1994 1804 2064 Scripturam
1849 1994 1917 2047 de

219 2072 409 2125 Veteri
440 2082 794 2146 assumptum
826 2084 929 2147 est,
952 2081 1231 2150 Absorpta
1253 2086 1331 2135 est
1355 2097 1494 2136 mors
1526 2085 1584 2135 in
1612 2079 1913 2136 victoriam.

225 2160 329 2213 Ubi
357 2165 454 2226 est,
488 2179 648 2230 mors,
679 2167 894 2220 aculeus
922 2172 1043 2220 tuus
1061 2172 1088 2222 ?
1116 2169 1210 2222 ubi
1247 2175 1343 2234 est,
1367 2186 1508 2224 mors
1535 2173 1796 2223 contentio
1824 2175 1918 2223 tua

220 2249 264 2314 (Ι
288 2249 419 2304 Cor.
441 2267 528 2317 xv,
556 2254 644 2314 54,
665 2255 751 2322 55)
774 2256 802 2306 ἰ)
821 2255 983 2318 Quod
1006 2271 1185 2310 unum
1207 2257 1299 2310 isti
1323 2259 1576 2311 haeretici
1599 2259 1917 2328 intelligere

220 2336 268 2389 si
299 2339 568 2404 valerent,
604 2357 890 2413 nusquam
921 2345 1170 2414 profecto
1203 2347 1380 2400 Deum
1415 2347 1525 2400 nisi
1559 2347 1710 2417 apud
1742 2350 1795 2401 te
1825 2352 1917 2400 at-

219 2441 334 2496 que
351 2426 410 2479 in
425 2431 522 2482 tuo
549 2430 791 2499 gremio,
809 2431 1048 2486 minime
1067 2435 1298 2504 superbi
1313 2439 1367 2488 et
1392 2436 1533 2489 bene
1551 2436 1737 2506 pacati
1755 2452 1918 2490 vene-

219 2520 503 2570 rarentur.
546 2518 744 2582 Merito
771 2521 921 2590 apud
944 2525 996 2575 te
1029 2523 1217 2577 divina
1239 2529 1520 2594 praecepta
1557 2526 1668 2579 late
1693 2525 1918 2580 diﬂ'use-

218 2618 332 2671 que
346 2610 662 2662 servantur.
684 2609 878 2662 Merito
891 2612 1038 2680 apud
1055 2615 1108 2663 te
1122 2612 1264 2664 bene
1279 2612 1639 2683 intelligitur,
1657 2630 1828 2684 quam
1849 2615 1919 2668 sit

215 2691 444 2760 gravius
469 2695 714 2764 cognita,
747 2713 919 2767 quam
950 2699 1240 2769 incognita
1261 2702 1384 2770 lege
1415 2704 1916 2772 peccare.Aculeus

217 2783 361 2834 enim
384 2786 571 2836 mortis
589 2791 886 2853 peccatum,
904 2789 1077 2842 virtus
1095 2794 1271 2843 autem
1283 2793 1492 2859 peccati
1512 2792 1598 2844 lac
1616 2792 1773 2854 (Ibid.
1802 2793 1914 2860 56).

220 2885 336 2938 qua
374 2870 602 2939 gravius
631 2872 794 2926 feriat
819 2877 840 2908 ²
867 2878 921 2927 et
966 2875 1259 2930 interimat
1288 2879 1598 2948 contempti
1646 2879 1916 2949 praecepit

219 2959 588 3013 conscientia.
625 2961 818 3016 Merito
864 2964 1016 3032 apud
1057 2969 1108 3018 te
1147 2965 1334 3020 visum
1364 2971 1468 3031 est,
1503 2984 1676 3038 quam
1708 2968 1780 3021 sit
1811 2969 1914 3022 sub

380 3048 631 3117 operatio
662 3065 826 3119 vana,
859 3067 988 3105 cum
1019 3052 1195 3106 libido
1223 3054 1480 3108 animum
1509 3060 1707 3121 vastat,
1741 3060 1792 3109 et
1820 3073 1917 3109 co-

223 3134 452 3188 hibetur
477 3152 660 3206 posnae
681 3143 855 3203 metu,
882 3155 996 3193 non
1021 3157 1216 3195 amore
1246 3142 1471 3203 virtutis
1493 3144 1772 3198 obruitur.
1808 3146 1916 3200 Me-

223 3221 334 3274 rito
373 3223 475 3276 tibi
525 3230 638 3279 tam
673 3228 838 3281 multi
885 3229 1214 3299 hospitales,
1251 3231 1415 3285 multi
1455 3232 1712 3299 ofﬁciosi,
1745 3235 1912 3288 multi

221 3310 637 3379 misericordes,
678 3315 848 3368 multi
896 3315 1070 3383 docti,
1115 3318 1280 3371 multi
1309 3319 1468 3385 casti,
1503 3320 1670 3374 multi
1711 3322 1910 3384 sancti,

221 3398 389 3451 multi
422 3415 600 3471 usque
655 3402 796 3456 adeo
847 3404 948 3457 Dei
1001 3422 1192 3460 amore
1236 3406 1560 3478 ﬂagrantes,
1612 3413 1676 3463 ut
1720 3426 1816 3464 eos
1855 3413 1913 3464 in

221 3503 446 3542 summa
467 3491 816 3546 continentia
837 3497 1008 3564 atque
1031 3495 1234 3550 mundi
1255 3498 1427 3569 hujus
1448 3498 1766 3554 incredibili
1783 3516 1915 3554 con-

219 3578 445 3644 temptu
476 3578 646 3632 etiam
673 3580 916 3635 solitudo
945 3583 1200 3638 delectet.

217 3663 446 3718 CAPUT
494 3668 666 3722 XXXI.
728 3700 795 3709 ——
840 3673 1258 3727 Manichworum
1311 3678 1648 3730 continentiae
1693 3680 1913 3746 opponit

484 3759 928 3813 anachoretarum
959 3765 1010 3815 et
1039 3763 1421 3816 camobitarum
1451 3767 1642 3818 vitam.

289 3845 373 3894 65.
406 3842 549 3906 Quid
597 3851 699 3911 est,
732 3863 946 3918 quasso,
981 3850 1130 3920 quod
1174 3850 1366 3904 vident
1397 3853 1495 3922 qui
1525 3869 1643 3906 non
1673 3859 1913 3923 possunt

217 3931 509 3986 hominem
542 3948 658 3987 non
706 3935 966 4006 diligere,
1010 3943 1066 3991 et
1112 3943 1301 3992 tamen
1343 3945 1582 4010 possunt
1619 3941 1910 3997 hominem

217 4035 331 4071 non
357 4019 545 4073 videre
565 4021 592 4074 ?
623 4024 878 4078 Profecto
910 4025 1073 4093 illud,
1106 4028 1386 4098 quidquid
1411 4034 1512 4096 est,
1548 4032 1909 4100 praestantius

215 4112 300 4160 est
319 4108 488 4162 rebus
515 4110 801 4173 humanis,
833 4115 991 4185 cujus
1018 4118 1498 4186 contemplatione
1520 4124 1706 4189 potest
1733 4121 1909 4175 homo

216 4195 338 4249 sine
386 4198 617 4252 homine
666 4200 868 4256 vivere.
923 4205 1048 4256 Jam
1095 4204 1251 4258 enim
1293 4205 1545 4276 accipite,
1595 4208 1906 4276 Manichaei,

215 4285 599 4355 perfectorum
629 4289 1100 4360 Christianorum,
1151 4293 1357 4363 quibus
1391 4311 1616 4349 summa
1659 4297 1908 4368 castitas,

215 4389 330 4426 non
362 4375 644 4431 laudanda
671 4382 916 4446 tantum,
949 4381 1046 4434 sed
1077 4381 1248 4436 etiam
1280 4385 1622 4453 capessenda
1653 4386 1772 4438 visa
1801 4391 1904 4454 est,

213 4478 405 4516 mores
427 4469 479 4518 et
503 4467 913 4522 continentiam
945 4469 1293 4540 singularem
1322 4488 1335 4538 ;
1369 4488 1440 4525 ne
1474 4489 1569 4525 vos
1601 4473 1907 4543 impuden-

214 4551 302 4600 ter
322 4547 534 4617 jactare
556 4552 702 4621 apud
727 4551 1909 4625 animosimperitorum,quasidifﬁcillima

212 4650 406 4690 rerum
425 4637 788 4707 abstinentia,
815 4639 861 4693 si
888 4641 1024 4710 quid
1050 4642 1106 4694 in
1129 4643 1288 4696 vobis
1312 4645 1550 4713 pudoris
1571 4650 1682 4713 est;
1702 4647 1909 4702 audea-

211 4723 306 4777 tis.
343 4725 454 4779 Nec
488 4743 554 4780 ea
593 4728 778 4782 dicam
824 4745 951 4799 qua:
985 4747 1080 4783 vos
1116 4730 1410 4800 ignoratis,
1446 4734 1542 4786 sed
1579 4750 1708 4804 quas
1739 4735 1904 4790 nobis

210 4813 522 4868 occultatis.
557 4816 692 4879 Quis
730 4817 885 4871 enim
925 4819 1102 4872 nescit
1135 4836 1374 4874 summie
1403 4822 1770 4876 continentite
1799 4825 1903 4878 ho-

211 4901 435 4956 minum
457 4904 898 4961 christianorum
925 4908 1354 4963 multitudinem
1376 4926 1479 4979 per
1498 4915 1678 4965 totum
1707 4912 1903 4968 orbem

208 4990 268 5044 in
291 4989 410 5045 dies
437 4993 619 5062 magis
643 4995 939 5066 magisque
961 4997 1228 5064 diffundi,
1252 4998 1381 5052 etin
1404 4999 1635 5054 Oriente
1656 5001 1903 5056 maxime

206 5085 380 5150 atque
405 5083 665 5152 Aﬁgypto,
698 5084 850 5152 quod
883 5101 980 5138 vos
1008 5086 1167 5140 nullo
1193 5087 1363 5141 modo
1391 5092 1579 5157 potest
1610 5088 1785 5142 latere
1805 5091 1834 5143 ?

279 5171 366 5223 66.
402 5170 554 5223 Nihil
595 5170 664 5224 de
697 5170 766 5224 iis
799 5171 983 5226 dicam
1013 5191 1159 5245 quos
1188 5177 1359 5246 paulo
1391 5180 1520 5231 aute
1549 5193 1902 5233 commemo-

205 5256 324 5311 ravi
351 5259 453 5328 qui
483 5259 846 5314 secretissimi
877 5262 1104 5332 penitus
1136 5264 1204 5319 ab
1237 5265 1397 5318 omni
1426 5265 1731 5321 hominum
1759 5284 1900 5322 con-

206 5352 426 5418 spectu,
457 5364 606 5418 pane
639 5350 779 5417 solo,
812 5350 911 5420 qui
941 5350 1024 5404 eis
1053 5368 1157 5421 per
1179 5358 1333 5408 certa
1358 5354 1658 5410 intervalla
1684 5360 1902 5427 tempo-

269 5438 285 5500 ξ
311 5435 526 5500 Codices
554 5437 754 5500 aliquot
777 5438 972 5488 habent
993 5444 1214 5499 coertio,
1241 5443 1366 5500 sive,
1395 5447 1662 5496 coercitio.

267 5499 289 5533 2
313 5499 434 5567 M_ss.
461 5499 704 5562 quatuor,
728 5500 1102 5567 quod_gravius
1132 5503 1314 5567 feriat.
1339 5499 1611 5558 Sorbonici
1636 5511 1756 5564 tres,
1785 5507 1900 5557 alii-

203 5573 307 5626 que
328 5561 442 5626 duo
457 5561 633 5626 etiam
658 5561 820 5626 grove
846 5561 1030 5626 feriat.

267 5622 340 5685 (α)
377 5622 493 5672 Vidi
515 5622 740 5676 Retract.
772 5622 862 5676 lib'.
895 5629 939 5687 1,
971 5640 1081 5690 cap.
1113 5629 1159 5690 7,
1187 5641 1240 5678 n.
1269 5631 1315 5678 5.

1719 361 1927 415 LIBER
1984 360 2263 416 PRIMUS.

3595 364 3729 417 1338

2038 498 2166 536 rum
2210 484 2458 548 affertur,
2507 489 2564 538 et
2603 500 2751 555 aqua
2791 483 3065 552 contenti,
3105 483 3516 537 desertissimas
3554 488 3738 538 terras

2034 572 2318 639 incolunt;
2352 574 2706 643 perfruentes
2739 573 3023 644 colloquio
3056 573 3172 636 Dei,
3209 572 3298 626 cui
3329 573 3488 642 puris
3519 572 3732 626 menti"-

2034 661 2140 714 bus
2165 662 2534 728 inhaeserunt,
2567 668 2623 716 et
2649 664 2769 732 ejus
2787 662 3227 733 pulchritudinis
3248 662 3730 731 contemplatione

2034 750 2362 811 beatissimi,
2395 767 2524 821 quae
2555 751 2660 804 nisi
2681 757 3005 805 sanctorum
3039 751 3333 805 intellectu
3364 751 3582 821 percipi
3612 766 3728 804 non

2034 844 2239 908 potest.
2274 840 2444 904 Nihil,
2487 839 2742 910 inquam,
2779 842 2846 894 de
2886 839 2973 894 his
3006 841 3243 910 loquar:
3280 839 3548 893 videntur
3575 839 3730 892 enim

2033 928 2324 982 nonnullis
2354 944 2442 980 res
2475 928 2751 981 humanas
2777 929 2904 998 plus
2934 944 3104 998 quam
3137 932 3425 998 oporteret
3455 927 3730 982 deseruis-

2031 1031 2108 1082 se,
2142 1033 2256 1070 non
2287 1016 2741 1086 intelligentibus
2772 1021 3048 1086 quantum
3074 1016 3236 1070 nobis
3265 1031 3465 1069 eorum
3500 1015 3729 1068 animus

2032 1103 2090 1157 in
2121 1105 2474 1158 orationibus
2513 1105 2705 1175 prosit,
2747 1109 2801 1157 et
2838 1104 2952 1156 vita
2991 1105 3057 1158 ad
3089 1104 3439 1173 exemplum,
3481 1117 3728 1172 quorum

2030 1208 2268 1262 corpora
2302 1194 2487 1246 videre
2518 1210 2631 1247 non
2663 1192 2925 1246 sinimur.
2961 1192 3070 1246 Sed
3113 1193 3242 1245 hinc
3280 1192 3569 1262 disputare
3601 1191 3729 1243 lou-

2029 1297 2166 1351 gum
2197 1285 2252 1334 et
2281 1297 2768 1352 supervacaneum
2797 1285 2937 1351 puto
2963 1297 2974 1334 :
3011 1296 3144 1334 nam
3175 1280 3279 1333 hoc
3305 1285 3419 1333 tam
3451 1279 3729 1333 excellens

2028 1370 2319 1440 fastigium
2340 1370 2674 1436 sanctitatis,
2707 1370 2798 1424 cui
2822 1386 2937 1423 non
2967 1386 3069 1424 sua
3095 1373 3295 1440 sponte
3324 1368 3648 1422 mirandum
3673 1372 3732 1422 et

2029 1459 2430 1513 honorandum
2470 1460 2710 1525 videtur,
2749 1458 3006 1513 oratione
3049 1462 3246 1512 nostra
3283 1457 3462 1511 videri
3495 1457 3593 1526 qui
3624 1473 3727 1526 po-

2029 1547 2174 1599 test?
2203 1547 2445 1600 Tantum
2483 1547 2576 1600 isti
2605 1547 2953 1601 admonendi
2991 1551 3140 1612 sunt,
3175 1545 3272 1617 qui
3319 1561 3439 1599 sese
3481 1544 3729 1598 inaniter

2023 1633 2260 1703 jactant,
2293 1635 2351 1687 in
2376 1639 2596 1688 tantum
2629 1635 2965 1705 processisse
2997 1633 3436 1703 temperantiam
3468 1637 3523 1686 ct
3550 1632 3727 1686 conti-

2030 1723 2284 1776 nentiam
2301 1723 2784 1776 sanctissimorum
2802 1723 3094 1776 catholicae
3113 1722 3245 1776 ﬁdei
3262 1721 3725 1787 Christianorum,

2030 1813 2093 1862 ut
2123 1810 2511 1881 restringenda
2543 1811 2854 1877 nonnullis,
2886 1815 2940 1864 et
2969 1810 3129 1881 quasi
3168 1811 3236 1863 ad
3270 1811 3553 1864 humanos
3583 1809 3728 1863 ﬁnes

2029 1900 2343 1953 revocanda
2381 1899 2668 1954 videatur:
2711 1915 2890 1970 usque
2930 1899 3072 1952 adeo
3103 1915 3276 1969 supra
3306 1898 3568 1952 homines
3598 1897 3724 1951 illo-

2030 2003 2157 2039 rum
2184 1987 2405 2042 animos
2434 1988 2691 2052 evasisse,
2727 1988 2797 2042 ab
2817 1987 2886 2041 iis
2919 1987 3090 2041 etiam
3113 1987 3319 2058 quibus
3350 1987 3407 2040 id
3442 1986 3726 2056 displicet,

2023 2074 2281 2144 judicatu
2290 2091 2332 2130 r.

2101 2167 2185 2218 67.
2218 2164 2322 2218 Sed
2357 2165 2403 2218 si
2438 2165 2544 2218 hoc
2591 2163 2811 2218 excedit
2855 2167 3108 2217 nostram
3160 2163 3546 2228 tolerantiam,
3593 2162 3723 2234 quis

2027 2268 2145 2305 non
2174 2253 2299 2306 illos
2337 2253 2575 2306 miretur
2605 2258 2659 2304 et
2705 2251 2993 2322 praedicet.
3029 2252 3130 2323 qui
3174 2251 3512 2322 contemptis
3551 2256 3724 2322 atque

2028 2341 2261 2394 desertis
2291 2342 2494 2395 mundi
2523 2342 2694 2411 hujus
2727 2340 3026 2406 illecebris,
3072 2341 3130 2394 in
3162 2357 3524 2394 communem
3551 2340 3723 2394 vitam

2027 2428 2401 2483 castissimam
2430 2428 2960 2498 sanctissimamque
2993 2428 3342 2498 congregati,
3377 2427 3545 2482 simul
3587 2433 3723 2481 teta-

2027 2523 2144 2571 tem
2177 2523 2371 2589 agunt,
2406 2519 2656 2572 viventes
2694 2518 2750 2570 in
2783 2518 3153 2583 orationibus,
3185 2518 3242 2571 in
3275 2517 3633 2582 lectionibus,
3665 2516 3725 2570 in

2028 2607 2533 2675 disputationibus;
2562 2607 2719 2660 nulla
2748 2607 3018 2676 superbia
3043 2607 3270 2675 tumidi,
3299 2607 3452 2659 nulla
3479 2606 3726 2675 pervica-

2028 2697 2113 2751 cia
2140 2696 2473 2761 turbulenti,
2521 2696 2678 2748 nulla
2724 2694 3036 2748 invidentia
3081 2695 3272 2748 lividi:
3321 2695 3416 2748 sed
3456 2693 3721 2760 modesti,

2026 2784 2349 2849 verecundi,
2373 2784 2578 2852 pacati,
2597 2783 3097 2836 concordissimam
3118 2783 3292 2837 vitam
3315 2787 3368 2836 et
3393 2786 3446 2834 et
3469 2782 3724 2836 intentis-

2027 2873 2228 2926 simam
2261 2873 2318 2926 in
2353 2874 2549 2938 Deum,
2590 2872 2976 2941 gratissimum
3013 2888 3220 2925 munus
3251 2871 3359 2941 ipsi
3391 2871 3658 2936 oiferunt,
3691 2888 3723 2924 a

2026 2979 2140 3033 quo
2170 2961 2276 3014 ista
2304 2977 2469 3032 posse
2503 2961 2871 3013 meruerunt?
2914 2961 3092 3013 Nemo
3125 2959 3441 3030 quidquam
3472 2958 3724 3028 possidet

2024 3049 2347 3121 proprium,
2397 3065 2566 3102 nemo
2609 3048 2877 3118 cuiquam
2925 3063 3201 3100 onerosus
3250 3051 3350 3100 est.
3404 3047 3724 3116 Operantur

2027 3139 2288 3192 manibus
2319 3154 2382 3191 ea
2430 3137 2640 3208 quibus
2669 3142 2725 3190 et
2757 3152 2964 3206 corpus
3007 3135 3159 3206 pasci
3207 3135 3406 3206 possit,
3458 3141 3514 3189 et
3543 3151 3576 3188 a
3609 3136 3722 3188 Deo

2027 3243 2187 3279 mens
2224 3225 2490 3296 impediri
2539 3241 2652 3278 non
2699 3224 2896 3295 possit.
2949 3225 3102 3295 Opus
3150 3228 3341 3277 autem
3392 3240 3559 3277 suum
3606 3228 3722 3276 tra-

2025 3313 2207 3369 dunt‘
2235 3315 2316 3368 eis
2343 3331 2484 3386 quos
2520 3314 2761 3368 decanos
2807 3318 3030 3380 vocant,
3082 3327 3150 3366 eo
3198 3313 3351 3384 quod
3399 3313 3512 3366 sint
3561 3312 3723 3365 denis

2023 3404 2337 3476 praepositi,
2368 3407 2429 3456 ut
2455 3403 2745 3456 neminem
2776 3403 3001 3456 illorum
3035 3418 3171 3455 cura
3200 3401 3287 3456 sui
3313 3401 3564 3472 corporis
3592 3406 3720 3454 tan-

2025 3497 2141 3563 gat,
2174 3508 2358 3563 neque
2378 3492 2436 3545 in
2462 3491 2608 3551 cibo,
2630 3507 2815 3562 neque
2843 3491 2900 3544 in
2923 3491 3282 3554 vestimento,
3307 3507 3494 3562 neque
3515 3490 3559 3542 si
3581 3489 3718 3561 quid

2024 3582 2177 3635 aliud
2201 3597 2344 3652 opus
2375 3584 2478 3645 est,
2504 3581 2587 3632 vel
2621 3579 2966 3650 quotidianae
2989 3579 3328 3646 necessitati,
3353 3580 3438 3631 vel
3463 3584 3718 3644 mutatas,

2023 3675 2086 3724 ut
2115 3670 2340 3732 assolet,
2373 3667 2705 3721 valetudini.
2749 3667 2837 3720 Illi
2875 3672 3066 3720 autem
3101 3667 3300 3720 decani
3339 3683 3469 3720 cum
3509 3683 3720 3736 magna

2023 3757 2402 3811 sollicitudine
2451 3755 2647 3809 omnia
2690 3755 3078 3824 disponentes,
3111 3759 3166 3807 et
3195 3760 3402 3825 praesto
3446 3755 3718 3808 facientes

2023 3845 2301 3916 quidquid
2332 3845 2428 3898 illa
2457 3844 2571 3897 vita
2601 3847 2835 3914 propter
2859 3843 3305 3896 imbecillitatem
3337 3843 3589 3914 corporis
3617 3860 3718 3913 po-

2023 3935 2212 4000 stulat,
2233 3933 2515 3987 rationem
2538 3931 2562 3964 ²
2587 3936 2779 3986 tamen
2801 3931 2972 3985 etiam
2997 3931 3104 4002 ipsi
3126 3932 3372 3986 reddunt
3396 3931 3516 3995 uni,
3543 3948 3715 4002 quem

2021 4028 2242 4094 patrem
2277 4022 2587 4092 appellant.
2624 4021 2689 4074 Hi
2718 4037 2848 4074 vero
2887 4025 3075 4090 patres
3108 4037 3224 4074 non
3255 4021 3438 4074 solum
3481 4021 3717 4074 sanctis-

2021 4112 2149 4166 simi
2180 4112 2453 4176 moribus,
2488 4110 2579 4163 sed
2615 4111 2787 4164 etiam
2819 4109 3010 4162 divina
3037 4109 3294 4163 doctrina
3321 4108 3720 4162 excellentissi-

2020 4202 2101 4256 mi
2130 4201 2395 4254 omnibus
2426 4199 2593 4252 rebus
2634 4199 2860 4264 excelsi,
2901 4199 3060 4251 nulla
3105 4198 3369 4268 superbia
3409 4199 3718 4253 consulunt

2019 4290 2089 4343 iis
2120 4305 2261 4360 quos
2283 4287 2431 4342 ﬁlios
2455 4291 2677 4354 vocant,
2701 4301 2910 4356 magna
2929 4303 3030 4340 sua
3055 4285 3115 4339 in
3130 4285 3386 4356 jubendo
3413 4286 3713 4340 auctorita-

2019 4384 2093 4446 te,
2116 4394 2325 4448 magna
2344 4377 2574 4430 illorum
2595 4375 2654 4429 in
2683 4375 3130 4446 obtemperando
3152 4376 3463 4429 voluntate.
3501 4374 3718 4429 Conve-i

2018 4467 2186 4522 niunt
2214 4471 2404 4520 autem
2434 4466 2547 4520 diei
2593 4471 2853 4534 tempore
2888 4471 3142 4518 extremo
3191 4465 3260 4519 de
3306 4464 3422 4518 suis
3470 4465 3716 4535 quisque

2018 4555 2374 4620 habitaculis,
2425 4555 2564 4609 dum
2603 4555 2786 4608 adhuc
2821 4554 3005 4624 jejuni
3051 4558 3201 4621 sunt,
3249 4554 3320 4608 ad
3364 4553 3715 4608 audiendum

2016 4645 2179 4698 illum
2212 4648 2450 4714 patrem,
2487 4648 2542 4696 et
2563 4643 2910 4696 conveniunt
2939 4643 3010 4697 ad
3040 4644 3291 4713 singulos
3312 4647 3502 4712 patres
3530 4648 3714 4710 terna,

2015 4736 2080 4785 ut
2107 4731 2432 4795 minimum,
2466 4729 2767 4783 hominum
2791 4729 2970 4782 millia
2997 4746 3008 4783 :
3041 4746 3173 4783 nam
3196 4730 3369 4783 etiam
3401 4731 3582 4784 multo
3606 4747 3714 4784 nu-

2015 4818 2355 4872 merosiores
2381 4817 2483 4870 sub
2516 4833 2629 4870 uno
2659 4819 2858 4886 agunt.
2891 4816 3149 4869 Audiunt
3175 4821 3366 4870 autem
3391 4816 3712 4872 incredibili

2015 4907 2222 4973 studio,
2264 4922 2490 4959 summo
2533 4905 2792 4969 silentio;
2843 4905 3169 4959 affectiones
3210 4905 3534 4960 animorum
3577 4921 3711 4958 suo-

2014 5011 2163 5064 rum,
2192 4999 2364 5066 prout
2395 5011 2492 5049 eos
2521 4993 2807 5066 pepulerit
2829 4993 3159 5052 disserentis
3185 4994 3386 5061 oratio,
3412 4995 3499 5048 vel
3529 4993 3710 5063 gemi-

2012 5087 2095 5152 tu,
2127 5085 2211 5138 vel
2243 5085 2402 5154 tletu,
2431 5084 2519 5137 vel
2549 5083 2806 5137 modesto
2836 5091 2890 5138 et
2921 5083 3080 5138 omni
3105 5084 3350 5138 clamore
3370 5098 3543 5137 vacuo
3566 5098 3708 5152 gau-

2012 5173 2106 5227 dio
2132 5171 2515 5243 signiﬁcantes
2535 5175 2578 5226 ³.
2621 5173 2838 5244 Corpus
2872 5172 3078 5228 deinde
3118 5171 3387 5237 reﬁcitur,
3429 5175 3708 5240 quantum

2077 5261 2309 5324 {Lomet
2324 5260 2448 5308 Arn.
2468 5275 2479 5307 :
2496 5263 2637 5324 Opus
2656 5265 2834 5310 autem
2851 5261 3024 5311 simul
3034 5258 3269 5310 tradunt.
3291 5257 3558 5306 Tredecim
3581 5259 3705 5308 Mss.

2013 5322 2137 5371 Bad.
2165 5326 2218 5370 et
2241 5323 2356 5370 Er.:
2387 5325 2523 5373 Onus
2536 5322 2721 5373 'autem
2739 5335 2911 5373 suum.

2073 5382 2502 5452 9_Pleriq_ueCdd.
2530 5385 2743 5452 habent,
2766 5385 3102 5452 traditionem
3114 5399 3134 5441 ,-
3152 5396 3248 5452 pro
3267 5382 3601 5452 quotatinus
3620 5383 3710 5452 ha-

2010 5447 2174 5495 tinius
2195 5452 2248 5510 et
2271 5445 2532 5496 Antonius
2552 5447 2676 5496 Arn.
2700 5445 2985 5510 legendum
3006 5448 3274 5510 putarunt,
3303 5446 3589 5510 Cationem.
3621 5445 3706 5495 Sic

2011 5509 2389 5573 porrolegitur
2409 5510 2463 5557 in
2493 5511 2587 5573 Ms.
2620 5505 2870 5573 Vatic'ano
2894 5514 2946 5557 et
2973 5505 3028 5554 in
3057 5505 3284 5555 editione
3314 5506 3438 5573 Bad.

2071 5573 2092 5606 ³
2116 5567 2283 5641 Εᾱίιζε
2316 5573 2418 5641 ._Sed
2441 5571 2676 5641 modesto
2700 5575 2752 5641 et
2770 5571 3005 5641 clamore
3032 5581 3199 5641 pecua
3227 5569 3488 5641 gaudium
3511 5567 3704 5632 signiﬁ-

2011 5639 2211 5685 cantes.
2235 5634 2334 5683 Sed
2365 5634 2674 5684 conciunior
2698 5635 2818 5682 Mss.
2851 5631 3003 5680 lectio
3032 5630 3116 5679 hic
3140 5630 3399 5680 restituta.
