4074 6360
391 329 524 383 1339

381 445 550 501 saluti
579 450 635 501 et
686 442 1004 499 salubritati
1051 442 1186 498 satis
1228 447 1331 509 est,
1386 448 1680 498 coercente
1728 460 2074 515 unoquoque

386 533 926 606 concupiscentiam,
959 547 1030 586 ne
1065 547 1121 585 se
1158 531 1466 602 profundat
1493 533 1581 586 vel
1606 532 1666 586 in
1698 548 1764 587 ea
1793 533 1916 603 ipsa
1945 548 2074 603 quae

385 627 596 695 praesto
627 628 762 678 sunt
787 637 957 692 parca
980 624 1034 674 et
1062 619 1350 675 vilissima.
1379 621 1462 674 Ita
1492 636 1604 674 non
1625 622 1814 675 solum
1840 637 1872 675 a
1899 621 2074 674 carni-

389 714 493 766 bus
524 715 578 765 et
607 711 739 764 vino
771 709 1050 763 abstinent
1079 724 1184 778 pro
1207 707 1547 762 sufﬁcientia
1576 709 1987 764 domandarum
2013 708 2076 762 li-

388 797 674 862 bidinum,
705 797 800 849 sed
831 796 900 849 ab
930 795 998 848 iis
1029 794 1202 848 etiam
1232 811 1361 865 qua:
1389 798 1545 849 tanto
1576 795 1910 850 concitatius
1940 812 2073 850 ven-

385 886 487 940 tris
524 891 579 939 et
617 883 863 956 gutturis
913 886 1220 954 provocant.
1268 883 1607 953 appetitum,
1657 887 1868 954 quanto
1915 884 2078 955 quasi

385 973 690 1029 mundiora
720 971 1010 1026 nonnullis
1037 971 1336 1025 videntur:
1372 987 1486 1042 quo
1516 971 1746 1025 nomine
1776 972 1918 1026 solet
1945 975 2070 1025 tur-

388 1081 458 1135 pe
479 1062 823 1117 desiderium
845 1061 1259 1131 exquisitorum
1281 1060 1558 1127 ciborum,
1581 1061 1729 1131 quod
1749 1076 1782 1114 a
1807 1061 2074 1115 carnibus

389 1153 638 1206 alienum
670 1155 772 1217 est,
807 1151 1044 1204 ridicule
1073 1148 1428 1220 turpiterque
1457 1149 1701 1204 defendi.
1737 1150 1880 1204 Sane
1912 1150 2078 1220 quid-

389 1240 526 1312 quid
556 1239 876 1294 necessario
905 1237 1076 1292 victui
1101 1238 1381 1291 redundat
1411 1237 1564 1307 (nam
1593 1238 1873 1292 redundat
1898 1238 2076 1308 pluri-

386 1346 547 1384 mum
569 1345 637 1383 ex
655 1327 920 1398 operibus
952 1342 1249 1392 manuum,
1273 1330 1330 1380 et
1352 1327 1649 1397 epularum
1679 1326 2076 1397 restrictione),

384 1422 545 1473 tanta
574 1433 710 1471 cura
739 1416 1034 1486 egentibus
1057 1414 1436 1483 distribuitur,
1471 1420 1682 1485 quanta
1710 1431 1829 1469 non
1848 1416 1918 1470 ab
1943 1415 2079 1485 ipsis

385 1507 486 1577 qui
517 1505 864 1560 distribuunt
891 1509 1282 1574 comparatum
1305 1506 1405 1558 est.
1441 1505 1606 1558 Nullo
1640 1503 1810 1559 modo
1833 1521 2080 1575 namque

384 1595 668 1662 satagunt,
701 1595 766 1645 ut
791 1591 914 1644 haec
934 1591 1039 1644 sibi
1062 1591 1371 1656 abundent,
1401 1591 1496 1644 sed
1520 1590 1678 1644 omni
1704 1592 1873 1646 modo
1905 1595 2084 1663 agunt

385 1685 450 1734 ut
469 1696 584 1734 non
607 1679 756 1750 apud
779 1695 836 1733 se
849 1679 1304 1749 remaneatquod
1332 1679 1728 1747 abundaverit,
1748 1697 1928 1751 usque
1941 1681 2082 1735 adeo

385 1773 451 1825 ut
481 1773 741 1823 oneratas
779 1767 954 1822 etiam
991 1783 1159 1821 naves
1187 1767 1247 1821 in
1277 1783 1342 1820 ea
1378 1769 1503 1821 loca
1536 1767 1786 1835 mittant,
1823 1785 1952 1840 quae
1994 1768 2081 1823 in-

385 1873 524 1928 opes
555 1855 831 1911 incolunt.
882 1856 1006 1909 Non
1053 1871 1196 1927 opus
1239 1859 1322 1910 est
1365 1857 1534 1926 plura
1585 1856 1653 1911 de
1697 1872 1757 1910 re
1788 1856 2085 1912 notissima

383 1946 588 2001 dicere.

458 2037 545 2088 68.
598 2035 728 2087 Haec
770 2035 856 2086 est
902 2030 1075 2086 etiam
1121 2030 1236 2086 vita
1283 2031 1628 2085 feminarum
1681 2033 1796 2086 Deo
1846 2031 2084 2085 sollicite

384 2125 652 2192 casteque
691 2119 1082 2185 servientium,
1128 2135 1255 2190 qum
1292 2119 1631 2174 habitaculis
1670 2124 1980 2191 segregata:
2023 2135 2085 2172 ac

389 2214 622 2264 remotae
653 2227 684 2264 a
712 2208 846 2262 viris
875 2224 1051 2279 quam
1077 2207 1410 2277 longissime
1441 2208 1619 2276 decet,
1651 2209 1748 2279 pia
1770 2212 1994 2262 tantum
2022 2208 2086 2262 il-

386 2300 458 2354 lis
492 2298 764 2353 charitate
781 2298 1105 2368 junguntur
1125 2299 1179 2350 et
1206 2296 1528 2350 imitatione
1551 2296 1810 2350 virtutis:
1844 2297 1913 2350 ad
1946 2312 2084 2367 quas

380 2389 661 2460 juvenum
691 2386 883 2440 nullus
914 2399 1166 2438 accessus
1197 2388 1300 2451 est,
1328 2399 1516 2454 neque
1545 2384 1801 2454 ipsorum
1828 2383 2086 2454 quamvis

387 2475 856 2548 gravissimorum
882 2477 938 2528 et
961 2471 1495 2542 probatissimorum
1519 2489 1739 2538 senum,
1772 2472 1883 2526 nisi
1908 2489 2083 2542 usque

386 2565 458 2620 ad
492 2563 838 2617 vestibulum
885 2559 1201 2614 necessaria
1237 2560 1530 2630 praebendi
1578 2560 1786 2631 quibus
1824 2560 2086 2632 indigent

386 2651 592 2724 gratia.
624 2649 891 2704 Laniﬁcio
931 2665 1181 2719 namque
1209 2665 1413 2718 corpus
1451 2654 1715 2703 exercent
1752 2654 1923 2720 atque
1956 2665 2085 2704 sus—

387 2743 629 2806 tentant,
660 2743 955 2808 vestesque
996 2737 1146 2807 ipsas
1188 2736 1457 2790 fratribus
1486 2737 1736 2801 tradunt,
1770 2738 1841 2792 ab
1886 2737 1956 2791 iis
1994 2737 2082 2791 in-

389 2829 573 2883 vicem
604 2826 757 2898 quod
801 2824 975 2879 victui
1003 2841 1144 2895 opus
1175 2829 1258 2878 est
1302 2829 1673 2879 resumentes.
1721 2826 1834 2878 Hos
1873 2842 2084 2895 mores,

392 2919 540 2973 hanc
575 2917 768 2983 vitam,
798 2914 950 2967 hunc
980 2913 1258 2977 ordinem,
1285 2912 1394 2966 hoc
1421 2911 1750 2966 institutum
1779 2913 1825 2966 si
1853 2913 2086 2968 laudare

390 3006 586 3074 velim,
616 3018 801 3074 neque
833 3001 1001 3072 digne
1021 3002 1202 3065 valeo,
1229 3006 1285 3055 et
1309 3017 1508 3055 vereor
1533 3001 1872 3072 nejudicare
1894 3001 2088 3056 videar

389 3111 492 3166 per
545 3094 794 3164 seipsum
861 3089 1256 3145 tantummodo
1314 3089 1636 3159 expositum
1686 3091 1911 3159 placere
1968 3106 2084 3143 non

390 3194 575 3248 posse,
610 3179 657 3231 si
700 3194 870 3249 super
914 3178 1226 3254 narratoris
1269 3177 1694 3249 simplicitatem
1736 3179 2084 3233 cothurnum

390 3265 561 3320 etiam
594 3265 898 3320 laudatoris
916 3266 1243 3320 addendum
1263 3271 1556 3334 putavero.
1588 3269 1734 3330 Haec,
1768 3267 2084 3334 Manichtei,

391 3353 810 3424 reprehendite,
844 3353 891 3406 si
939 3354 1196 3422 potestis.
1243 3353 1425 3407 Nolite
1464 3353 1627 3408 caacis
1671 3355 2004 3410 hominibus
2034 3359 2090 3410 et

392 3441 711 3496 discernere
740 3441 1001 3495 invalidis
1033 3445 1316 3495 ostentare
1343 3446 1532 3496 nostra
1565 3442 1799 3498 zizania.

706 3529 930 3584 CAPUT
958 3530 1155 3584 XXXII.
1190 3558 1257 3570 —
1286 3530 1609 3585 Clericorum
1640 3532 1778 3586 laus.

466 3621 552 3674 69.
599 3619 791 3690 Neque
821 3622 1016 3674 tamen
1055 3618 1134 3673 ita
1169 3634 1289 3673 sese
1319 3622 1559 3689 anguste
1591 3619 1804 3673 habent
1833 3616 2090 3673 Ecclesia:

397 3707 689 3762 catholica:
719 3723 907 3762 mores
938 3707 1162 3778 optimi,
1198 3711 1259 3762 ut
1293 3724 1489 3763 eorum
1530 3711 1752 3762 tantum
1783 3708 1918 3775 vita,
1951 3722 2094 3778 quos

397 3795 851 3862 commemoravi,
885 3796 1126 3850 arbitrer
1167 3812 1286 3851 esse
1332 3797 1664 3851 laudandos.
1712 3796 1894 3860 Quam
1939 3797 2093 3850 enim

402 3886 608 3940 multos
637 3885 932 3956 episcopos
965 3885 1210 3956 optimos
1247 3884 1417 3951 viros,
1467 3884 1970 3956 sanctissimosque
1996 3900 2095 3938 co-

402 3974 594 4044 gnovi,
627 3989 799 4045 quam
818 3974 1030 4028 multos
1058 3974 1438 4044 presbyteros,
1467 3989 1642 4044 quam
1670 3973 1881 4026 multos
1911 3972 2096 4026 diaco-

405 4078 528 4132 nos,
559 4066 616 4117 et
644 4061 1024 4133 cujuscemodi
1055 4061 1342 4116 ministros
1364 4061 1690 4117 divinorum
1713 4062 2098 4116 Sacramento-

404 4167 556 4217 rum,
589 4167 835 4222 quorum
865 4151 1044 4205 virtus
1062 4167 1126 4204 eo
1145 4150 1288 4204 mihi
1307 4150 1624 4205 mirabilior
1643 4153 1698 4204 et
1725 4151 1936 4220 majore
1957 4165 2100 4220 pra:-

406 4239 690 4294 dicatione
721 4237 955 4309 dignior
995 4237 1237 4308 videtur,
1275 4254 1388 4309 quo
1430 4237 1718 4292 difﬁcilius
1758 4243 1841 4292 est
1874 4253 1999 4290 eam
2039 4237 2099 4291 in

409 4326 714 4398 multiplici
753 4325 1054 4380 hominum
1095 4342 1324 4397 genere,
1353 4329 1410 4381 et
1436 4325 1496 4379 in
1527 4325 1636 4380 ista
1662 4326 1775 4380 vita
1802 4327 2099 4380 turbulen—

407 4415 550 4470 tiore
572 4413 821 4468 servare!
859 4415 982 4468 Non
1012 4414 1164 4468 enim
1193 4414 1404 4468 sanatis
1426 4414 1609 4486 magis
1638 4430 1809 4485 quam
1840 4414 2104 4470 sanandis

392 4503 737 4559 .hominibus
766 4507 1036 4575 prmsunt.
1071 4503 1447 4575 Perpetienda
1475 4507 1610 4558 sunt
1628 4503 1760 4557 vitia
1785 4503 2106 4558 multitudi-

408 4593 498 4648 nis
529 4596 588 4646 ut
625 4597 914 4662 curentur,
947 4597 1002 4647 et
1041 4591 1200 4664 prius
1227 4592 1522 4647 toleranda
1546 4608 1718 4664 quam
1747 4593 1994 4647 sedanda
2021 4597 2104 4646 est

407 4681 750 4753 pestilentia.
783 4682 1194 4737 Difﬁcillimum
1225 4686 1308 4737 est
1333 4682 1426 4737 hic
1449 4687 1642 4736 tenere
1664 4681 1940 4752 optimum
1973 4681 2103 4736 vita;

411 4770 668 4837 modum,
738 4775 795 4825 et
848 4771 1107 4827 animum
1169 4775 1435 4843 pacatum
1491 4777 1662 4843 atque
1710 4771 2102 4842 tranquillum.

411 4859 655 4930 Quippe,
688 4863 750 4914 ut
776 4859 1024 4915 breviter
1059 4861 1357 4933 explicem,
1387 4861 1447 4915 hi
1475 4864 1653 4931 agunt
1677 4859 1778 4915 ubi
1806 4860 1992 4916 vivere
2018 4859 2104 4914 di-

408 4949 603 5016 scitur,
631 4949 714 5003 illi
739 4949 834 5004 ubi
861 4949 1085 5006 vivitur.

415 5039 637 5094 CAPUT
675 5040 901 5094 XXXIII.
941 5070 1009 5080 ——
1049 5040 1223 5096 Aliud
1259 5053 1424 5108 genus
1461 5040 1522 5094 in
1558 5039 1782 5095 civitate
1829 5037 1989 5092 simul
2018 5037 2105 5091 vi-

855 5132 1112 5185 ventium.
1136 5131 1355 5200 Jejunia
1382 5128 1658 5184 triduana.

479 5219 569 5271 70.
605 5218 717 5272 Nec
752 5217 878 5273 ideo
908 5222 1101 5273 tamen
1144 5217 1426 5274 laudabile
1464 5215 1899 5270 Christianorum
1928 5228 2109 5284 genus

416 5306 876 5376 contempserim,
911 5323 1108 5362 eorum
1156 5305 1369 5360 scilicet
1407 5303 1506 5374 qui
1552 5303 1612 5356 in
1651 5300 1973 5356 civitatibus
2011 5300 2108 5354 de-

419 5397 582 5463 gunt,
614 5411 646 5447 a
672 5395 894 5465 vulgari
914 5395 1028 5450 vita
1045 5392 1430 5449 remotissimi.
1459 5390 1586 5445 Vidi
1606 5407 1711 5460 ego
1734 5389 2112 5444 diversorium

414 5485 739 5535 sanctorum
771 5481 1092 5550 Mediolani,
1136 5499 1249 5537 non
1279 5495 1596 5553 paucorum
1631 5477 1953 5545 hominum,
1991 5476 2111 5548 qui-

414 5571 521 5626 bus
549 5586 700 5624 unus
748 5572 1045 5641 presbyter
1086 5574 1332 5641 praeerat
1375 5568 1461 5623 vir
1490 5566 1740 5638 optimus
1766 5569 1823 5620 et
1851 5564 2110 5620 doctissi-

1197 323 1292 379 DE
1331 322 1644 379 MOBIBUS
1680 321 2042 380 ECCLESIIE
2079 319 2524 387 CATHOLICAE,
2563 318 2619 375 S.
2660 315 3045 376 AUGUSTINI

3760 315 3907 368 1340

2187 460 2334 499 mus.
2382 445 2582 498 Romae
2611 440 2783 496 etiam
2819 440 2988 511 plura
3023 438 3288 510 cognovi,
3328 438 3390 494 in
3421 439 3638 510 quibus
3674 425 3908 509 singuli

2185 533 2465 605 gravitate
2489 536 2658 602 atque
2675 528 2979 601 prudentia
2999 533 3056 582 et
3078 528 3268 582 divina
3289 527 3526 582 scientia
3547 530 3908 600 praepollen-

2185 626 2290 689 tes,
2331 620 2552 676 caateris
2593 635 2785 673 secum
2831 617 3220 672 habitantibus
3249 622 3528 698 praesunt,
3573 618 3907 672 christiana

2185 710 2480 771 charitate,
2529 707 2824 762 sanctitate
2854 711 2910 760 et
2955 707 3213 760 libertate
3260 706 3618 761 viventibus:
3667 722 3748 760 ne
3788 705 3910 776 ipsi

2137 847 2139 849 ,
2187 798 2420 870 quidem
2466 797 2734 868 cuiquam
2768 795 2992 850 onerosi
3022 798 3172 861 sunt,
3209 795 3308 848 sed
3339 794 3590 849 Orientis
3623 810 3815 856 more,
3851 799 3913 848 et

2187 887 2349 942 Pauli
2382 885 2624 957 apostoli
2653 883 2984 938 auctoritate
3006 883 3270 938 manibus
3299 883 3416 937 suis
3443 899 3502 936 se
3531 883 3904 954 transigunt.

2188 973 2415 1045 Jejunia
2443 974 2613 1027 etiam
2636 988 2868 1043 prorsus
2897 970 3252 1025 incredibilia
3283 971 3492 1024 multos
3518 986 3793 1024 exercere
3821 969 3909 1023 di-

2188 1063 2318 1130 dici,
2350 1079 2466 1116 non
2513 1060 2768 1132 quotidie
2799 1061 2968 1114 semel
3009 1059 3113 1114 sub
3152 1063 3378 1112 noctem
3419 1058 3734 1112 reficiendo
3767 1073 3908 1111 cor-

2188 1169 2318 1223 pus,
2353 1151 2506 1222 quod
2531 1154 2614 1203 est
2639 1164 3046 1220 usquequaque
3075 1146 3535 1212 usitatissimum,
3568 1147 3670 1202 sed
3703 1146 3911 1200 conti-

2189 1256 2371 1295 nuum
2425 1239 2678 1293 triduum
2720 1237 2807 1290 vel
2855 1236 3100 1307 amplius
3143 1234 3457 1306 saepissime
3501 1234 3625 1288 sine
3666 1235 3803 1289 cibo
3837 1251 3910 1289 ac

2191 1332 2334 1398 potu
2358 1327 2584 1382 ducere.
2607 1328 2802 1396 Neque
2829 1325 2938 1378 hoc
2965 1324 3025 1378 in
3055 1323 3190 1377 viris
3219 1327 3462 1390 tantum,
3499 1322 3595 1376 sed
3621 1322 3807 1377 etiam
3841 1322 3910 1376 in

2189 1416 2421 1471 feminis
2447 1432 2460 1482 ;
2481 1414 2687 1486 quibus
2707 1414 2844 1467 item
2867 1411 3065 1467 multis
3093 1411 3276 1466 viduis
3297 1415 3354 1465 et
3374 1410 3700 1482 virginibus
3717 1411 3909 1465 simul

2192 1503 2602 1571 habitantibus,
2635 1507 2692 1556 et
2729 1504 2860 1557 lana
2891 1518 2956 1556 ac
2993 1502 3109 1555 tela
3158 1500 3368 1555 victum
3421 1499 3908 1571 quaeritantibus,

2193 1597 2447 1665 przesunt
2492 1592 2732 1662 singulae
2787 1589 3136 1661 gravissimas
3180 1587 3715 1660 probatissimzeque
3778 1603 3910 1641 non

2191 1687 2415 1738 tantum
2437 1681 2496 1735 in
2517 1679 2880 1734 instituendis
2899 1677 3420 1749 componendisque
3443 1677 3704 1731 moribus
3728 1679 3773 1742 ί,
3801 1676 3912 1730 sed

2193 1771 2364 1825 etiam
2394 1768 2740 1823 instruendis
2769 1765 3054 1821 mentibus
3081 1766 3280 1837 peritae
3302 1782 3366 1819 ac
3389 1769 3624 1836 paratae.

2263 1863 2353 1915 71.
2393 1860 2578 1930 Atque
2615 1857 2764 1912 inter
2807 1856 2929 1910 haec
2964 1870 3136 1909 nemo
3168 1859 3404 1926 urgetur
3433 1853 3496 1908 in
3524 1869 3732 1924 aspera
3766 1869 3912 1924 quae

2193 1949 2342 2003 ferre
2373 1962 2486 2001 non
2533 1949 2732 2017 potest,
2776 1944 2922 1998 nulli
2967 1943 3121 2015 quod
3148 1947 3370 1998 recusat
3404 1941 3746 2014 imponitur,
3791 1957 3911 1995 nec

2193 2037 2320 2091 ideo
2349 2035 2760 2090 condemnatur
2784 2050 2818 2087 a
2859 2031 3096 2098 caeteris,
3119 2031 3274 2103 quod
3303 2031 3365 2085 in
3396 2031 3478 2085 eis
3505 2047 3565 2084 se
3595 2030 3910 2084 imitandis

2193 2126 2404 2180 fatetur
2460 2123 2775 2178 invalidum
2818 2137 2830 2176 :
2882 2119 3272 2175 meminerunt
3328 2119 3482 2174 enim
3531 2122 3911 2190 quantopere

2197 2212 2502 2285 Scripturis
2533 2211 2799 2266 omnibus
2831 2209 3231 2264 commendata
3260 2209 3333 2262 sit
3359 2208 3648 2275 Charitas;
3685 2206 3912 2261 memi-

2199 2306 2430 2368 nerunt,
2474 2302 2667 2357 Omnia
2703 2299 2907 2354 munda
2962 2298 3181 2353 mundis
3233 2297 3362 2368 (Tit.
3403 2314 3444 2366 1,
3497 2297 3586 2366 l5)
3613 2316 3628 2364 ;
3659 2300 3738 2362 et,
3779 2298 3912 2352 Non

2198 2391 2342 2461 quod
2378 2393 2551 2444 intrat
2594 2391 2652 2442 in
2697 2404 2752 2444 os
2806 2393 3041 2442 vestrum
3091 2401 3182 2441 vos
3232 2385 3572 2454 coinquinat,
3617 2385 3714 2440 sed
3751 2384 3911 2453 quod

2194 2483 2310 2535 erit
2339 2480 2558 2550 (Matth.
2600 2495 2690 2546 xv,
2733 2477 2835 2547 ll).
2872 2479 3069 2547 Itaque
3100 2491 3220 2529 non
3249 2474 3553 2545 rejicendis
3581 2472 3910 2544 generibus

2196 2569 2456 2622 ciborum
2503 2565 2665 2638 quasi
2715 2565 2973 2635 pollutis,
3017 2564 3112 2619 sed
3159 2561 3638 2632 concupiscentiae
3683 2562 3910 2631 perdo-

2194 2656 2441 2723 mandae,
2457 2657 2510 2709 et
2527 2652 2815 2708 dilectioni
2833 2653 3073 2706 fratrum
3091 2650 3405 2706 retinenda:
3424 2649 3688 2721 invigilat
3709 2649 3918 2704 omnis

2195 2743 2492 2799 industria.
2540 2742 2950 2797 Meminerunt:
2985 2743 3127 2794 Esca
3165 2743 3363 2805 ventri,
3405 2744 3456 2793 et
3497 2744 3680 2794 venter
3716 2741 3860 2794 escis
3896 2759 3914 2805 ;

2195 2837 2334 2888 Deus
2363 2836 2542 2887 autem
2570 2836 2618 2884 et
2661 2831 2798 2884 hunc
2830 2834 2880 2884 et
2909 2829 3034 2883 illas
3063 2829 3300 2883 destruet
3329 2829 3376 2897 (Ι
3407 2828 3527 2885 Cor.
3566 2845 3643 2895 vi,
3685 2827 3766 2897 13)
3799 2844 3813 2894 ;
3851 2832 3918 2881 et

2195 2920 2332 2976 alibi
2373 2923 2556 2988 Neque
2597 2922 2648 2974 si
2688 2919 3214 2982 manducaverimus,
3255 2916 3690 2982 abundabimus;
3727 2931 3918 2984 neque

2195 3012 2246 3065 si
2272 3025 2378 3063 non
2407 3008 2934 3072 manducaverimus,
2968 3006 3232 3074 egebimus
3265 3005 3364 3074 (Id.
3390 3021 3504 3068 vm,
3539 3007 3633 3073 8);
3667 3007 3727 3058 et
3756 3003 3916 3058 illud

2196 3114 2315 3170 prae
2336 3097 2573 3164 caeteris,
2600 3099 2804 3151 Bonum
2831 3100 2930 3156 est,
2951 3097 3175 3161 fratres,
3200 3109 3304 3148 non
3324 3093 3654 3146 manducare
3685 3107 3913 3160 car-nes,

2195 3202 2365 3257 neque
2392 3187 2566 3240 bibere
2585 3188 2789 3251 vinum,
2821 3199 2988 3252 neque
3013 3185 3071 3236 in
3097 3197 3201 3252 quo
3229 3184 3407 3246 frater
3429 3185 3552 3235 tuus
3573 3181 3912 3249 offenditur.

2200 3275 2298 3329 llic
2328 3274 2482 3329 enim
2513 3273 2764 3328 ostendit
2803 3288 2976 3342 quam
3003 3271 3116 3325 sint
3145 3271 3217 3325 ad
3243 3269 3420 3324 ﬁnem
3450 3268 3749 3323 charitatis
3781 3269 3916 3324 hac

2200 3364 2394 3419 omnia
2423 3361 2738 3433 dirigenda.
2772 3362 2933 3415 Alius
2957 3363 3099 3415 enim
3123 3360 3292 3414 credit
3311 3358 3644 3413 manducare
3673 3361 3874 3412 omnia
3899 3376 3917 3427 ;

2201 3454 2298 3522 qui
2338 3457 2516 3505 autem
2564 3453 2811 3519 inﬁrmus
2858 3454 2956 3518 est,
3005 3450 3140 3515 olus,
3183 3447 3392 3518 inquit,
3434 3447 3746 3501 manducet.
3800 3449 3923 3513 Qui

2200 3540 2512 3605 manducat,
2542 3554 2648 3593 non
2684 3538 3097 3592 manducantem
3126 3552 3233 3591 non
3267 3540 3526 3606 spernat:
3559 3539 3610 3588 et
3651 3537 3754 3604 qui
3804 3552 3920 3590 non

2200 3629 2493 3684 manducat
2530 3627 2942 3682 manducantem
2970 3642 3074 3680 non
3095 3625 3344 3695 judicet;
3390 3628 3530 3678 Deus
3573 3626 3720 3678 enim
3754 3625 3924 3678 illum

2204 3721 2446 3772 assumit.
2485 3720 2564 3771 Tu
2593 3718 2715 3784 quis
2756 3731 2831 3783 es,
2868 3717 2966 3782 qui
2990 3714 3204 3782 judices
3235 3714 3469 3768 alienum
3495 3728 3715 3766 servum
3739 3714 3769 3766 ?
3807 3713 3923 3768 Suo

2202 3809 2425 3862 Domino
2462 3810 2572 3860 stat
2608 3808 2705 3858 aut
2733 3803 2912 3857 cadit:
2944 3804 3112 3857 stabit
3142 3808 3358 3867 autem;
3400 3807 3588 3870 potens
3633 3806 3714 3855 est
3767 3805 3926 3856 enim

2203 3900 2341 3951 Deus
2371 3900 2605 3949 statuere
2635 3909 2770 3947 eum.
2823 3893 2886 3946 Et
2911 3891 3082 3962 paulo
3107 3896 3239 3961 post
3263 3907 3276 3945 :
3310 3892 3418 3956 Qui
3447 3890 3770 3954 manducat,
3807 3893 3922 3945 Do-

2204 3986 2350 4039 mino
2374 3982 2688 4049 manducat,
2719 3985 2768 4035 et
2791 3982 3000 4046 gratias
3025 3981 3142 4047 agit
3176 3980 3286 4033 Deo
3313 3995 3326 4033 :
3358 3983 3407 4032 et
3435 3980 3534 4048 qui
3552 3993 3660 4032 non
3679 3979 3928 4032 mandu-

2207 4076 2312 4136 cat,
2342 4073 2564 4126 Domino
2589 4085 2696 4124 non
2719 4069 3032 4134 manducet,
3059 4072 3110 4122 et
3137 4071 3348 4135 gratias
3369 4069 3486 4134 agit
3512 4069 3637 4122 Deo.
3673 4067 3744 4120 Et
3775 4067 3929 4120 item

2208 4161 2270 4215 in
2296 4158 2814 4230 consequentibus:
2847 4160 3039 4224 Itaque
3077 4158 3449 4224 unusquisque
3486 4158 3739 4209 nostrum
3783 4169 3929 4222 pro-

2208 4265 2263 4305 se
2305 4254 2568 4304 rationem
2596 4247 2804 4301 reddet.
2843 4247 2959 4302 Non
2987 4260 3111 4313 ergo
3152 4246 3386 4314 amplius
3414 4243 3736 4313 jud-icemus
3762 4244 3928 4297 invi-

2210 4356 2356 4402 cem;
2388 4339 2482 4394 sed
2525 4339 2619 4392 hoc
2656 4337 2910 4406 judicate
2944 4337 3139 4402 magis,
3170 4350 3236 4388 ne
3273 4335 3493 4403 ponatis
3523 4332 3933 4401 offendicula-1n

2208 4430 2384 4497 fratri
2418 4428 2500 4480 vel
2527 4425 2864 4480 scandalum.
2898 4425 3017 4479 Scio
3064 4428 3114 4478 et
3161 4421 3372 4493 conﬁdo
3402 4423 3461 4475 in
3502 4423 3736 4476 Domino
3767 4421 3930 4487 Iesu,

2212 4519 2346 4586 quia
2362 4516 2505 4569 nihil
2521 4528 2798 4568 commune
2816 4527 2916 4581 per
2938 4514 3138 4580 ipsum,
3157 4513 3270 4564 nisi
3286 4512 3335 4564 ei
3355 4511 3452 4579 qui
3474 4510 3768 4564 existimat
3789 4511 3935 4578 quid

2212 4620 2483 4662 commune
2512 4619 2640 4671 esse,
2673 4604 2759 4658 illi
2786 4617 3057 4657 commune
3093 4606 3190 4656 est.
3223 4600 3486 4655 Potuitne
3513 4599 3703 4670 magis
3736 4605 3936 4656 osten-

2215 4695 2372 4761 dere,
2413 4708 2533 4746 non
2575 4691 2635 4745 in
2683 4690 2822 4762 ipsis
2867 4690 3037 4744 rebus
3081 4688 3290 4760 quibus
3343 4688 3650 4753 vescimur,
3705 4690 3812 4743 sed
3875 4690 3933 4743 in

2215 4783 2409 4838 animo
2441 4797 2561 4836 esse
2593 4780 2707 4835 vim
2737 4778 3065 4850 quamdam,
3094 4793 3224 4848 quae.
3251 4776 3320 4831 ad
3350 4793 3484 4831 eum
3512 4776 3702 4830 valeat
3735 4793 3938 4831 macu-

2214 4871 2492 4937 landum;
2535 4873 2592 4924 et
2643 4873 2946 4939 propterea
2991 4866 3060 4920 iis
3092 4865 3263 4920 etiam
3311 4865 3412 4936 qui
3455 4864 3528 4919 ad
3558 4865 3686 4919 haec
3732 4873 3938 4920 conte-

2217 4959 2466 5015 mnenda
2497 4962 2633 5012 sunt
2659 4955 2874 5023 idonei,
2902 4960 3166 5025 certoque
3196 4954 3380 5008 sciunt
3408 4969 3524 5008 non
3552 4969 3612 5007 se
3639 4954 3864 5024 pollui,
3891 4955 3938 5008 si

2218 5048 2358 5120 quid
2397 5047 2656 5102 ciborum
2691 5045 2812 5099 sine
2843 5043 2999 5114 turpi
3029 5043 3339 5114 cupiditate
3368 5042 3678 5096 altitudine
3715 5045 3938 5099 mentis

2220 5135 2650 5206 assumpserint,
2669 5132 3005 5188 charitatem
3025 5136 3078 5185 ta
3087 5147 3217 5186 men
3237 5147 3357 5186 esse
3381 5131 3732 5186 intuendam
3746 5135 3779 5188 ?
3801 5133 3939 5188 Vide

2221 5225 2360 5298 quid
2385 5227 2692 5295 sequatur:
2731 5224 2873 5280 Nam
2910 5223 2960 5275 si
2978 5226 3204 5291 propter
3231 5235 3404 5275 escam
3440 5223 3620 5287 frater
3654 5227 3790 5277 tuus
3822 5239 3940 5277 con—

2223 5319 2492 5439 trista2tu2ri
2504 5385 2518 5452 )
2520 5314 2642 5382 jam
2667 5327 2775 5366 non
2798 5310 3088 5365 secundum
3117 5311 3440 5364 charitatem
3469 5310 3726 5366 ambulas
3764 5315 3935 5376 (Rom.

2223 5403 2333 5452 xiv,
2401 5413 2428 5426 -
2528 5423 2541 5437 .

2220 5403 2333 5455 xiv,
2364 5389 2541 5452 2-21).

2286 5512 2301 5545 1
2337 5511 2397 5558 In
2426 5508 2549 5556 Mss.
2580 5504 2840 5571 plerisque
2868 5505 2983 5556 hinc
3011 5504 3232 5554 desunt:
3263 5503 3334 5554 In
3357 5503 3706 5556 instituendis
3734 5517 3942 5571 compo-

2223 5571 2508 5633 nendisque
2535 5567 2782 5620 maribus.
