4074 6348
106 315 244 368 1341

179 442 244 494 2.
299 440 452 511 Lege
482 443 722 512 caetera;
765 458 899 496 nam
952 443 1192 514 longum
1221 447 1306 498 est
1333 445 1525 500 omnia
1564 445 1816 518 interpo-

97 545 245 584 nere
275 549 291 596 ;
323 535 380 584 et
402 531 658 585 invenies
687 538 1040 603 praeceptum
1068 533 1136 587 iis
1167 534 1266 605 qui
1296 539 1536 604 possunt
1555 536 1658 590 ista
1689 553 1811 590 cor-

98 624 394 685 temnere,
423 620 480 674 id
509 626 594 674 est
621 621 974 676 ﬁrmioribus
1015 626 1072 677 ct
1106 623 1511 688 securioribus,
1562 625 1688 679 ideo
1728 630 1813 680 ta-

99 722 241 760 men
273 725 397 762 esse
445 711 905 780 temperandum,
968 727 1039 766 ne
1087 712 1446 768 oﬁendantur
1493 713 1577 768 illi
1610 715 1815 786 quibus

99 796 301 850 adhuc
333 813 437 868 pro
469 815 571 852 sua
599 798 989 854 imbecillitate
1019 801 1348 871 hujusmodi
1382 819 1521 874 opus
1544 808 1628 858 est
1667 809 1812 858 tem-

101 888 400 954 perantia.
442 888 570 941 Htec
598 887 682 942 illi
703 888 770 941 de
789 888 998 959 quibus
1023 891 1262 960 agebam
1279 897 1490 946 norunt
1511 898 1565 946 et
1583 897 1810 947 tenent:

102 972 410 1028 christiani
440 979 574 1029 sunt
605 976 776 1041 enim,
813 993 930 1032 non
961 979 1248 1048 haeretici;
1297 981 1624 1052 intelligunt
1664 982 1812 1036 Scri-

99 1067 309 1132 pturas
340 1065 658 1119 secundum
673 1060 1038 1136 apostolicam
1057 1068 1440 1139 disciplinam,
1472 1087 1585 1124 non
1613 1087 1810 1124 secun-

104 1152 254 1205 dum
281 1153 592 1223 superbum
633 1159 690 1208 et
735 1157 1193 1212 commentitium
1225 1175 1434 1213 nomen
1479 1159 1738 1230 Apostoli
1768 1158 1809 1215 ί.

106 1241 238 1293 Non
259 1241 704 1296 manducantem
727 1259 896 1297 nemo
915 1245 1152 1314 spernit,
1184 1248 1620 1302 manducantem
1645 1265 1812 1303 nemo

96 1328 330 1395 judicat
359 1345 372 1382 :
407 1330 505 1400 qui
522 1329 786 1384 inﬁrmus
809 1337 913 1400 est,
937 1335 1063 1387 olus
1086 1335 1408 1390 manducat.
1440 1337 1597 1391 Multi
1620 1341 1814 1391 tamen

103 1416 266 1470 ﬁrmi
297 1423 536 1487 propter
580 1418 842 1473 inﬁrmos
882 1421 1033 1476 idem
1062 1423 1314 1478 faciunt:
1346 1425 1543 1479 multis
1587 1443 1700 1480 non
1729 1431 1814 1480 est

102 1522 282 1559 causa
311 1506 418 1560 ista
467 1506 733 1574 faciendi,
765 1509 863 1564 sed
893 1512 1046 1582 quod
1074 1512 1272 1566 viliore
1301 1513 1453 1568 victu
1477 1514 1663 1568 vivere
1690 1517 1810 1585 pla-

101 1600 220 1662 cet,
253 1593 608 1667 minimeque
628 1602 964 1668 sumptuoso
987 1602 1237 1671 corporis
1260 1605 1642 1657 sustentaculo
1675 1609 1810 1657 aeta-

98 1686 226 1736 tem
256 1684 788 1754 tranquillissimam
819 1688 1278 1753 ducere.'._0mnia
1326 1694 1465 1746 enim
1492 1695 1631 1746 mihi
1659 1694 1812 1748 licita

102 1775 256 1837 sunt,
289 1771 494 1842 inquit.
529 1775 622 1828 sed
660 1792 752 1843 ego
781 1792 888 1831 non
916 1778 1140 1846 redigar
1185 1781 1286 1834 sub
1340 1786 1600 1850 potestate
1648 1784 1810 1837 ullius

101 1860 158 1928 (Ι
193 1860 312 1915 Cor.
336 1877 410 1926 v1,
457 1865 560 1926 l2).
598 1865 680 1917 Ita
710 1865 876 1918 multi
925 1882 1112 1938 neque
1165 1874 1469 1923 vescuntur
1521 1869 1808 1938 carnibus,

99 1963 295 2018 neque
327 1953 519 2004 tamen
551 1968 644 2005 eas
675 1953 1001 2008 immundas
1034 1957 1420 2026 superstitiose
1445 1963 1668 2027 putant.
1708 1959 1811 2010 Ita-

103 2053 224 2107 que
255 2037 431 2092 iidem
459 2039 569 2110 ipsi
601 2042 700 2112 qui
727 2043 852 2096 sani
868 2049 1204 2114 temperant,
1221 2046 1267 2099 si
1295 2047 1440 2100 ratio
1469 2046 1810 2100 valetudinis

103 2130 295 2196 cogat,
330 2129 530 2198 aegroti
556 2129 676 2184 sine
706 2132 820 2185 ulla
847 2132 1151 2187 formidine
1181 2134 1483 2204 accipiunt.
1536 2135 1695 2189 Multi
1724 2135 1808 2189 vi-

105 2231 254 2268 num
285 2233 403 2270 non
431 2217 656 2286 bibunt,
691 2237 793 2274 nec
823 2225 1016 2275 tamen
1067 2239 1133 2276 eo
1174 2239 1232 2276 se
1260 2223 1615 2294 coinquinari
1655 2224 1806 2278 arbi-

104 2307 362 2357 trantur2
384 2321 396 2358 :
418 2321 550 2359 nam
583 2310 638 2361 et
663 2307 1004 2378 quibusdam
1047 2309 1524 2380 languidioribus,
1563 2316 1620 2364 et
1643 2327 1809 2381 pror-

104 2408 208 2444 sus
239 2393 503 2447 omnibus
533 2395 633 2466 qni
662 2396 783 2450 sine
817 2397 911 2451 illo
964 2404 1259 2468 nequeunt
1287 2401 1528 2454 salutem
1557 2399 1807 2471 corporis

102 2481 391 2548 obtinere,
437 2485 850 2541 humanissime
882 2503 945 2540 ac
977 2488 1394 2542 modestissime
1427 2490 1671 2560 praeberi
1724 2491 1807 2544 fa-

101 2570 280 2624 ciunt.
315 2572 380 2625 Et
410 2574 576 2627 stulte
609 2576 916 2630 nonnullos
947 2581 1291 2644 recusantes,
1327 2579 1573 2632 fraterne
1604 2579 1806 2634 admo-

103 2663 269 2725 nent,
303 2676 372 2713 ne
403 2677 546 2716 vana
599 2665 1000 2735 superstitione
1051 2667 1354 2721 debiliores
1408 2667 1573 2721 citius
1632 2685 1806 2739 quam

101 2747 424 2802 sanctiores
454 2749 612 2804 ﬁant.
645 2753 865 2821 Legunt
885 2754 1319 2824 eisApostolum
1349 2755 1625 2826 discipulo
1655 2771 1802 2824 pras-

99 2833 441 2906 cipientem,
473 2841 536 2891 ut
586 2840 947 2910 aliquantum
997 2843 1114 2896 vini
1168 2849 1357 2898 sumat
1404 2847 1637 2914 propter
1690 2844 1802 2897 fre-

101 2928 347 2992 quentes
378 2923 738 2980 inﬁrmitates
794 2933 964 2981 suas'
996 2929 1035 2998 (Ι
1071 2932 1204 2984 Tim.
1254 2948 1307 2998 v,
1359 2933 1465 3000 23).
1500 2933 1587 2984 Ita
1616 2933 1804 3000 pieta-

100 3015 222 3063 tem
253 3011 448 3066 sedulo
479 3021 740 3070 exercent
771 3031 784 3070 :
827 3018 1082 3088 corporis
1126 3035 1259 3073 vero
1313 3019 1799 3083 exercitationem,

101 3103 166 3150 ut
195 3098 273 3152 ait
302 3098 456 3154 idem
485 3105 810 3172 Apostolus,
844 3106 917 3159 ad
945 3105 1216 3178 exiguum
1259 3111 1486 3178 tempus
1516 3107 1804 3178 pertinere

98 3193 392 3241 noverunt
423 3189 522 3260 (Id.
557 3208 628 3259 Iv,
662 3193 734 3262 8).

173 3279 262 3330 73.
293 3277 598 3334 Continent
620 3298 677 3334 se
709 3282 886 3353 igitur
935 3283 977 3338 ii
1025 3284 1125 3356 qui
1177 3290 1438 3358 possunt,
1483 3285 1581 3358 qui
1611 3289 1804 3341 tamen

98 3367 244 3415 sunt
277 3363 746 3435 innumerabiles,
778 3375 835 3424 et
861 3387 893 3424 a
922 3371 1187 3426 carnibus
1226 3377 1282 3426 et
1314 3389 1345 3426 a
1375 3373 1507 3427 vino
1561 3373 1700 3427 duas
1731 3373 1802 3427 ob

94 3467 301 3504 causas
321 3468 333 3506 :
360 3454 445 3507 vel
474 3457 960 3526 propterfratrum
977 3458 1450 3527 imbecillitatem,
1464 3463 1551 3516 vel
1571 3465 1804 3533 propter

94 3555 262 3592 suam
294 3540 642 3598 libertatem.
686 3546 942 3601 Charitas
972 3549 1261 3619 praecipue
1303 3551 1643 3617 custoditur;
1669 3552 1800 3604 cha-

95 3627 258 3681 ritati
283 3628 484 3698 victus,
519 3631 781 3688 charitati
812 3651 1020 3705 sermo,
1053 3637 1314 3692 charitati
1344 3638 1589 3705 habitus,
1621 3639 1801 3692 chari-

92 3715 202 3768 tati
234 3713 424 3770 vultus
480 3724 742 3788 aptatur;
800 3722 986 3777 coitur
1013 3723 1074 3778 in
1104 3741 1276 3778 unam
1324 3725 1798 3796 conspiraturque

89 3804 434 3859 charitatem
469 3823 480 3861 :
514 3808 660 3863 hanc
689 3810 900 3864 violare
927 3816 1202 3883 tanquam
1235 3815 1414 3867 Deum
1445 3814 1603 3868 nefas
1631 3815 1798 3868 duci-

87 3897 226 3959 tur;
257 3893 391 3947 huic
412 3895 614 3967 siquid
646 3899 912 3966 resistit‘,
943 3907 1300 3972 expugnatur
1323 3908 1493 3974 atque
1533 3903 1798 3974 ejicitur;

86 3981 243 4035 hanc
277 3981 324 4034 si
355 3983 489 4053 quid
512 3986 769 4054 offendit,
802 4005 983 4043 unum
1015 3990 1168 4044 diem
1197 3992 1401 4046 durare
1425 4009 1538 4045 non
1570 3991 1794 4046 sinitur.

88 4071 294 4125 Sciunt
323 4070 400 4125 ita
449 4077 905 4131 commendatam
939 4094 1057 4132 esse
1089 4097 1119 4132 a
1149 4080 1368 4134 Christo
1397 4085 1453 4134 et
1491 4081 1794 4150 Apostolis,

87 4162 156 4211 ut
197 4158 246 4212 si
277 4157 400 4213 haec
430 4179 543 4216 una
573 4164 733 4233 desit,
762 4165 990 4234 inania;
1015 4168 1062 4222 si
1113 4169 1235 4223 haec
1267 4169 1430 4236 adsit,
1475 4171 1645 4240 plena
1685 4169 1798 4224 sint

90 4263 318 4302 01111113.

88 4335 320 4390 CAPUT
357 4337 577 4394 XXXIV.
627 4371 694 4381 —
723 4343 812 4397 Ex
840 4344 1106 4398 malorum
1161 4345 1582 4401 christianorum
1623 4350 1796 4402 mori-

163 4425 268 4479 bus
299 4441 404 4480 non
429 4429 849 4499 vituperandam
871 4433 1184 4488 Ecctesiam.
1215 4434 1594 4503 Sepulcrorum
1628 4440 1678 4490 et
1697 4438 1795 4506 pi-

156 4519 443 4570 cturarum
471 4518 802 4575 adoratores.

154 4606 255 4658 74.
291 4605 441 4675 Istis,
477 4607 790 4676 Manichaei,
825 4609 872 4663 si
899 4610 1160 4680 potestis,
1206 4610 1494 4681 obsistite;
1529 4613 1663 4668 istos
1711 4614 1795 4668 in-

83 4691 364 4761 tuemini,
397 4694 532 4749 istos
562 4697 684 4752 sine
715 4699 1029 4766 mendacio,
1063 4699 1110 4753 si
1134 4700 1377 4768 audetis,
1414 4706 1470 4756 et
1502 4719 1632 4756 cum
1666 4719 1796 4758 con-

80 4781 329 4836 tumelia
374 4784 700 4841 nominate:
745 4787 988 4843 istorum
1029 4788 1266 4860 jejuniis
1320 4795 1504 4844 vestra
1549 4792 1791 4862 jejunia,

83 4869 334 4924 castitati
363 4873 699 4942 castitatem,
733 4877 997 4932 vestitum
1051 4877 1298 4944 vestitui,
1333 4881 1531 4949 epulas
1587 4882 1789 4952 epulis,

148 5013 163 5045 1
190 5011 730 5081 Editi,4postotatus.
766 5018 883 5081 Mss.
908 5019 1172 5075 nonnulli.
1194 5019 1487 5081 Apostolus.
1515 5023 1793 5073 Gemmeti-

82 5075 263 5149 censis
283 5075 479 5149 codex,
509 5080 750 5149 Apostoli.
780 5079 988 5149 Scilicet
1014 5075 1556 5149 alluditﬁugustinus
1587 5086 1651 5135 ad
1682 5088 1791 5148 epi-

81 5135 249 5202 stolas
280 5135 566 5189 Manichaai
577 5154 800 5202 quarum
821 5144 1059 5192 omnium
1072 5135 1346 5193 exordium
1363 5145 1500 5194 istud
1513 5152 1624 5196 erat
1642 5163 1652 5196 :
1678 5135 1791 5198 Ma-

78 5197 323 5248 nichacus
349 5197 622 5264 apostolus
647 5204 774 5254 Iesu
806 5202 1017 5262 Christi,
1059 5210 1177 5264 etc.,
1208 5212 1265 5256 ut
1294 5207 1486 5257 dicitur
1524 5209 1579 5258 in
1610 5210 1698 5261 lib.
1733 5197 1788 5261 13

87 5266 278 5326 contra
311 5263 583 5325 Faustum,
614 5279 728 5326 cap.
752 5268 797 5315 4.

83 5324 468 5438 ὁὶῗνὲιγῗῗᾶἓοιο
497 5342 508 5375 :
540 5324 646 5378 Nec
676 5324 861 5379 tamen
890 5341 974 5378 eos
1001 5332 1088 5392 qui
1114 5329 1302 5382 bibunt
1339 5332 1680 5396 coinquinari
1703 5347 1792 5386 ar-

115 5397 381 5438 urantur.

144 5447 167 5522 εξ
191 5451 452 5522 undecim
485 5451 605 5522 Mss.
629 5467 642 5522 ξ
663 5455 893 5522 Propter
919 5451 1466 5522 uarias-inﬁrmitates
1493 5471 1635 5508 suas.

153 5511 175 5544 ⁴
204 5514 284 5582 Ita
305 5512 595 5582 in_Mss:_At
627 5515 682 5564 in
702 5511 834 5564 Edd.
864 5515 1104 5578 habetur,
1126 5511 1323 5582 siquis
1341 5522 1569 5580 resistit;
1595 5525 1647 5572 et
1664 5535 1786 5572 mox

82 5577 129 5624 si
162 5578 280 5636 quis
308 5573 546 5639 o/fendit.

1605 321 1817 379 LIBER
1857 321 2140 379 PRIMUS.

3483 331 3618 385 1342

1921 445 2260 502 modestiam
2292 446 2603 513 modestiae,
2650 446 2990 502 charitatem
3021 446 3268 518 denique
3325 449 3612 520 charitati,

1923 541 1999 604 et,
2032 535 2185 606 quod
2236 551 2324 588 res
2382 535 2624 589 maxime
2676 535 2948 605 postulat,
3007 535 3302 606 praeceptis
3331 543 3615 607 praecepta

1923 627 2194 679 conferte.
2230 626 2354 679 Iam
2408 625 2672 679 videbitis
2722 625 2858 696 quid
2888 625 3037 680 inter
3091 626 3529 680 ostentationem
3560 632 3617 681 et

1923 713 2330 780 sinceritatem,
2364 713 2511 766 inter
2536 714 2686 766 viam
2716 718 2924 768 rectam
2958 718 3015 768 et
3044 729 3318 779 errorem,
3351 711 3501 766 inter
3538 712 3612 765 li-

1921 803 2050 856 dem
2079 808 2249 873 atque
2279 801 2582 868 fallaciam,
2615 801 2764 854 inter
2813 803 2992 855 robur
3023 807 3078 856 et
3125 807 3433 866 tumorem,
3465 800 3617 854 inter

1919 889 2333 944 beatitudinem
2363 893 2419 944 et
2445 888 2754 956 miseriam,
2782 889 2932 944 inter
2961 890 3239 944 unitatem
3283 895 3340 944 et
3368 889 3614 943 conscis-

1921 977 2162 1045 sionem,
2193 981 2481 1048 postremo
2512 977 2649 1048 quid
2681 977 2829 1030 inter
2866 979 3278 1050 superstitionis
3299 979 3515 1032 sirenas
3549 981 3607 1032 et

1918 1072 2154 1138 portum
2187 1066 2483 1137 religionis
2515 1065 2760 1120 intersit.

1987 1159 2076 1208 75.
2111 1155 2294 1208 Nolite
2325 1153 2468 1208 mihi
2494 1153 2762 1222 colligere
2793 1153 3137 1222 professores
3167 1154 3415 1208 nominis
3459 1154 3614 1209 chri-

1920 1242 2108 1309 stiani,
2144 1259 2243 1296 nec
2274 1242 2642 1313 professionis
2667 1257 2783 1294 suae
2814 1241 2927 1294 vim
2959 1246 3055 1294 aut
3076 1241 3314 1296 scientes
3339 1247 3438 1297 aut
3461 1243 3615 1298 exhi-

1920 1331 2134 1385 bentes.
2177 1332 2359 1385 Nolite
2390 1331 2701 1385 consectari
2727 1331 2921 1385 turbas
2947 1330 3365 1400 imperitorum,
3399 1332 3498 1402 qui
3529 1333 3617 1386 vel

1919 1418 1980 1472 in
2011 1418 2132 1489 ipsa
2160 1435 2290 1474 vera
2318 1420 2595 1490 religione
2625 1419 3002 1489 superstitiosi
3047 1425 3200 1485 sunt,
3243 1421 3325 1471 vel
3355 1419 3436 1472 ita
3483 1418 3616 1484 Libi-

1921 1507 2151 1562 dinibus
2181 1508 2376 1574 dediti,
2430 1513 2492 1562 ut
2527 1508 2690 1562 obliti
2719 1508 2833 1561 sint
2863 1506 3000 1578 quid
3057 1506 3432 1578 promiserint
3483 1508 3614 1562 Deo.

1919 1596 2059 1652 Novi
2081 1597 2290 1650 multos
2329 1612 2448 1650 esse
2477 1596 2870 1665 sepulcrorum
2899 1600 2954 1648 et
2973 1595 3327 1665 picturarum
3347 1594 3616 1648 adorato-

1918 1702 2007 1739 res
2039 1703 2054 1738 :
2081 1685 2211 1739 novi
2239 1685 2448 1739 multos
2479 1700 2598 1738 esse
2625 1685 2722 1756 qui
2758 1683 3205 1738 luxuriosissime
3253 1699 3427 1753 super
3457 1699 3617 1736 mor-

1918 1779 2048 1828 tuos
2079 1774 2296 1840 bibant,
2330 1777 2385 1827 et
2416 1775 2612 1842 epulas
2642 1772 3012 1827 cadaveribus
3051 1772 3402 1838 exhibentes,
3444 1787 3617 1842 super

1917 1863 2168 1932 sepultos
2196 1863 2410 1932 seipsos
2431 1861 2726 1931 sepeliant,
2751 1865 2807 1914 et
2835 1860 3169 1914 voracitates
3199 1860 3619 1930 ebrietatesque

1916 1968 2044 2003 suas
2073 1951 2348 2020 deputent
2373 1949 2664 2019 religioni.
2709 1948 2847 2002 Novi
2878 1951 3089 2002 multos
3116 1965 3238 2003 esse
3271 1947 3370 2023 qui
3401 1964 3614 2002 renun-

1914 2039 2199 2094 tiaverunt
2224 2039 2407 2092 verbis
2453 2038 2587 2092 huic
2639 2039 2866 2104 saeculo,
2923 2042 2980 2092 et
3020 2053 3077 2091 se
3123 2036 3390 2091 omnibus
3442 2038 3615 2107 hujus

1916 2125 2110 2179 saeculi
2144 2125 2388 2180 molibus
2417 2126 2666 2197 opprimi
2695 2126 2890 2191 velint,
2924 2127 3295 2197 oppressique
3327 2127 3613 2180 lmtentur.

1919 2215 2032 2267 Nec
2062 2214 2274 2268 mirum
2301 2221 2386 2268 est
2416 2215 2474 2268 in
2510 2219 2663 2268 tanta
2694 2215 2858 2284 copia
2907 2216 3276 2284 populorum,
3316 2215 3465 2286 quod
3497 2231 3617 2269 non

1915 2301 2072 2356 vobis
2103 2303 2304 2368 desint,
2329 2319 2576 2373 quorum
2607 2303 2718 2358 vita
2744 2305 3062 2374 vituperata
3092 2304 3389 2374 decipiatis
3416 2304 3612 2358 incau-

1915 2392 2022 2456 tos,
2057 2395 2112 2444 et
2151 2408 2182 2443 a
2224 2391 2498 2444 catholica
2557 2393 2734 2445 salute
2786 2393 3074 2458 avertatis,
3129 2410 3258 2447 cum
3316 2393 3378 2447 in
3427 2397 3614 2446 vestra

1912 2479 2197 2548 paucitate
2232 2479 2248 2512 ¹
2281 2495 2517 2550 magnas
2545 2481 2847 2550 patiamini
2878 2481 3189 2552 angustias,
3221 2482 3359 2536 dum
3391 2499 3421 2535 a
3449 2480 3610 2534 vobis

1914 2567 2178 2637 exigitur,
2214 2568 2297 2621 vel
2327 2584 2472 2622 unus
2493 2584 2559 2622 ex
2589 2568 2656 2621 iis
2678 2585 2820 2638 quos
2851 2570 3058 2623 electos
3085 2569 3314 2638 vocatis,
3342 2569 3441 2640 qui
3470 2584 3611 2640 prae-

1913 2662 2077 2726 cepta
2106 2657 2204 2710 illa
2238 2656 2360 2726 ipsa
2388 2656 2687 2721 custodiat,
2749 2674 2877 2727 quas
2929 2657 3308 2712 irrationabili
3339 2657 3613 2727 supersti-

1914 2743 2070 2797 tione
2101 2743 2420 2797 defenditis.
2459 2744 2567 2799 Sed
2613 2749 2668 2798 et
2724 2744 2821 2798 illa
2870 2761 3043 2812 quam
3076 2761 3219 2798 vana
3248 2745 3380 2812 sint,
3441 2760 3614 2816 quam

1912 2831 2102 2898 noxia,
2136 2848 2309 2902 quam
2357 2832 2653 2902 sacrilega,
2688 2837 2744 2886 et
2793 2833 3282 2903 quemadmodum
3323 2850 3357 2886 a
3405 2849 3615 2902 magna

1911 2924 2072 2990 parte
2103 2925 2374 2990 vestrum,
2404 2927 2575 2992 atque
2627 2921 2766 2974 adeo
2826 2937 2974 2990 pene
3023 2922 3092 2976 ab
3133 2921 3401 2975 omnibus
3449 2921 3607 2975 vobis

1911 3025 2029 3062 non
2061 3009 2454 3076 observentur,
2511 3010 2624 3064 alio
2655 3010 2944 3064 volumine
3003 3010 3305 3064 ostendere
3360 3009 3608 3064 institui.

1980 3100 2070 3151 76.
2103 3099 2264 3151 Nunc
2306 3113 2403 3151 vos
2458 3097 2600 3151 illud
2655 3096 2956 3164 admoneo,
2988 3103 3055 3152 ut
3084 3097 3390 3169 aliquando
3423 3099 3612 3152 Eccle-

1909 3185 2008 3239 siae
2037 3186 2328 3241 catholicae
2359 3185 2695 3240 maledicere
2711 3186 2998 3251 desinatis,
3027 3186 3402 3257 vituperando
3422 3203 3610 3240 mores

1910 3274 2211 3330 hominum
2241 3291 2385 3346 quos
2413 3279 2470 3329 et
2492 3275 2615 3346 ipsa
2659 3275 3025 3342 condemnat,
3084 3280 3140 3330 et
3168 3291 3311 3346 quos
3357 3275 3615 3346 quotidie

1910 3367 2186 3434 tanquam
2210 3365 2390 3417 malos
2413 3363 2563 3418 ﬁlios
2590 3363 2875 3434 corrigere
2907 3365 3114 3419 studet.
3146 3365 3252 3418 Sed
3267 3364 3614 3435 quicumque

1909 3449 2144 3504 illorum
2175 3451 2327 3504 bona
2356 3452 2643 3504 voluntate
2694 3451 2908 3521 Deique
2965 3451 3179 3505 auxilio
3228 3451 3610 3522 corriguntur,

1909 3539 2066 3610 quod
2099 3539 2410 3593 amiserant
2437 3539 2743 3609 peccando,
2777 3540 3110 3610 paenitendo
3124 3544 3482 3610 recuperant.
3507 3539 3615 3604 Qui

1907 3631 2103 3680 autem
2144 3628 2432 3680 voluntate
2465 3628 2614 3680 mala
2643 3626 2703 3680 in
2732 3626 2991 3696 pristinis
3030 3627 3182 3681 vitiis
3223 3631 3612 3697 perseverant,

1907 3719 2005 3767 aut
2038 3713 2213 3768 etiam
2235 3714 2446 3768 addant
2483 3715 2742 3784 graviora
2771 3715 3083 3784 prioribus,
3112 3715 3174 3768 in
3219 3731 3356 3785 agro
3383 3715 3614 3786 quidem

1910 3801 2136 3855 Domini
2163 3802 2435 3855 sinuntur
2489 3818 2628 3866 esse,
2661 3806 2718 3856 et
2756 3818 2886 3855 cum
2929 3803 3095 3856 bonis
3133 3803 3447 3858 seminibus
3493 3820 3613 3858 cre-

1907 3906 2081 3957 scere,
2119 3891 2217 3944 sed
2251 3890 2438 3944 veniet
2468 3895 2693 3960 tempus
2725 3906 2837 3961 quo
2865 3889 3081 3945 zizania
3111 3897 3466 3962 separentur.
3496 3893 3615 3947 Aut

1907 3979 1952 4033 si
1975 3964 2100 4048 jam
2150 3983 2389 4049 propter
2431 3978 2620 4048 ipsum
2664 3978 3038 4032 christianum
3080 3995 3292 4033 nomen
3340 3981 3522 4052 magis
3552 3981 3612 4035 in

1904 4069 2068 4136 palea
2099 4083 2273 4137 quam
2321 4068 2382 4121 in
2423 4067 2614 4139 spinis
2672 4084 2792 4121 esse
2849 4066 3163 4122 arbitrandi
3211 4073 3361 4132 sunt,
3423 4068 3614 4124 veniet

1905 4155 2078 4208 etiam
2109 4155 2207 4225 qui
2239 4171 2428 4209 aream
2455 4160 2680 4226 purget,
2713 4159 2768 4209 et
2798 4171 2828 4207 a
2857 4155 3162 4210 frumentis
3193 4157 3417 4227 paleam
3445 4173 3610 4228 sepa-

1903 4248 2012 4309 ret,
2042 4249 2098 4298 et
2137 4243 2377 4315 singulis
2424 4244 2686 4314 partibus
2733 4261 2838 4316 pro
2893 4261 2996 4300 suo
3049 4245 3326 4317 cujusque
3383 4246 3611 4315 merito,

1903 4333 2060 4404 quod
2093 4338 2334 4404 oportet,
2369 4349 2594 4389 summa
2641 4334 2912 4406 aequitate
2963 4333 3267 4390 distribuat
3296 4335 3484 4406 (Math.
3529 4353 3610 4406 nl,

1907 4424 1993 4490 13,
2028 4427 2079 4476 et
2107 4439 2222 4490 xm,
2249 4423 2467 4494 24—43).

1902 4509 2128 4564 CAPUT
2185 4512 2376 4565 XXXV.
2424 4540 2494 4552 —
2541 4501 2876 4581 Conjugiuni
2924 4516 2975 4567 et
3019 4513 3376 4582 possessiones
3424 4512 3611 4584 bapti—

2213 4603 2354 4654 zatis
2383 4603 2546 4654 etiam
2575 4616 2821 4655 concessa
2834 4616 2936 4670 per
2957 4600 3292 4669 Apostolum.

1968 4691 2059 4742 77.
2093 4689 2201 4742 Vos
2231 4689 2450 4742 interea
2480 4689 2618 4758 quid
2651 4689 2895 4757 saevitis,
2931 4689 3071 4759 quid
3102 4689 3464 4744 excmcamini
3494 4694 3611 4746 stu-

1901 4775 1996 4830 dio
2023 4776 2273 4846 partium
2292 4776 2318 4826 ‘I
2341 4777 2488 4840 Quid
2504 4777 2669 4831 tandi
2705 4776 2916 4831 erroris
2946 4778 3119 4847 longa
3151 4777 3483 4839 defensione
3503 4779 3610 4835 im-

1899 4865 2190 4935 plicamiui
2211 4868 2239 4919 ?
2267 4867 2477 4936 Fruges
2506 4866 2565 4920 in
2595 4882 2754 4937 agro,
2788 4867 3077 4921 frumenta
3105 4867 3167 4921 in
3195 4884 3326 4922 area
3367 4869 3608 4940 quaerite

1900 4955 2260 5026 apparebunt
2287 4954 2473 5021 facile,
2508 4971 2744 5026 seseque
2774 4955 3013 5010 offerent
3042 4955 3168 5026 ipsa
3214 4957 3608 5028 quaerentibus

1899 5043 2045 5107 Quid
2079 5043 2248 5097 nimis
2277 5044 2340 5098 in
2365 5049 2745 5116 purgamenta
2775 5046 2967 5100 oculos
2995 5045 3294 5101 intenditis
3313 5046 3340 5100 ?
3367 5045 3504 5116 quid
3535 5045 3606 5098 ab

1899 5131 2077 5202 opimi
2106 5133 2256 5186 horti
2287 5134 2543 5188 ubertate
2573 5134 2872 5206 imperitos
2898 5135 3162 5191 homines
3185 5135 3407 5206 sepium
3437 5151 3604 5204 aspe-

1897 5220 2063 5274 ritate
2106 5222 2330 5276 terretis
2351 5223 2378 5277 τ
2409 5223 2503 5278 Est
2548 5229 2738 5278 certus
2765 5225 2975 5295 aditus,
3007 5224 3267 5296 quamvis
3321 5222 3605 5292 pauciori-

1895 5309 2022 5377 bus,
2066 5315 2246 5374 notus,
2275 5329 2388 5383 qua
2417 5313 2595 5384 possit
2615 5314 2839 5381 intrari,
2874 5330 3046 5386 quem
3087 5329 3182 5366 vos
3213 5315 3308 5366 aut
3337 5328 3456 5366 esse
3487 5328 3605 5366 non

1895 5399 2140 5460 creditis,
2176 5405 2273 5456 aut
2297 5401 2552 5457 invenire
2583 5419 2698 5458 non
2726 5403 2916 5458 vultis.
2951 5403 3094 5457 Sunt
3137 5401 3198 5454 in
3234 5399 3476 5455 Fcclesia
3510 5417 3603 5455 ca-

1959 5526 1996 5572 ι.
2027 5524 2163 5592 Editi
2197 5525 2499 5588 praeferunt,
2524 5529 2870 5592 paupertate,
2909 5528 3138 5588 excepto
3170 5523 3326 5586 Bad.,
3356 5526 3447 5588 qui
3479 5538 3604 5580 cum

1891 5585 2014 5635 Mss.
2050 5585 2225 5648 habet,
2250 5585 2540 5652 paucitate:
