4074 6402
385 317 390 321 ”
483 323 618 376 1343

475 441 686 495 tholica
740 437 1186 494 innumerabiles
1236 437 1433 491 ﬁdeles
1485 435 1586 508 qui
1639 436 1749 490 hoc
1799 436 2016 490 mundo
2052 450 2168 488 non

481 533 733 594 utantur,
764 532 896 581 sunt
923 525 1266 598 quiutantur
1294 530 1564 596 tanquam
1577 540 1696 578 non
1722 529 1942 578 utentes
1969 524 2010 594 (Ι
2034 525 2164 576 Cor.

480 633 576 682 vn,
609 616 720 686 3t),
751 620 817 669 ut
843 615 911 668 ab
931 615 1200 684 Apostolo
1231 614 1474 681 dicitur;
1504 614 1656 684 quod
1687 613 1796 666 illis
1817 611 2167 683 temporibus

475 705 594 775 jam
623 705 929 774 probatum
959 709 1062 769 est,
1095 703 1302 773 quibus
1348 703 1420 756 ad
1454 703 1733 756 idolorum
1765 701 1978 754 cultum
2006 699 2166 753 Chri-

481 792 648 846 stiani
683 793 1054 861 cogebantur.
1093 791 1241 854 Quot
1263 791 1413 844 enim
1458 795 1593 844 tunc
1621 789 1910 860 pecuniosi
1943 789 1961 822 ¹
1983 787 2168 841 homi-

482 898 602 948 nes,
635 886 776 951 quot
803 880 1238 950 patresfamilias
1265 879 1556 943 rusticani,
1590 883 1732 948 quot
1767 876 2168 947 negotiatores,

483 974 622 1040 quot
649 969 944 1028 militares,
977 972 1118 1039 quot
1145 967 1416 1038 primates
1463 967 1692 1020 urbium
1749 981 2000 1031 suarum,
2033 968 2173 1034 quot

480 1059 726 1128 denique
755 1061 1066 1122 senatores,
1115 1056 1411 1126 utriusque
1443 1072 1628 1121 sexus,
1661 1055 1782 1108 haec
1811 1053 2004 1106 omnia
2027 1069 2172 1106 vana

481 1151 537 1200 et
570 1145 906 1216 temporalia
961 1145 1366 1214 relinquentes,
1420 1143 1626 1214 quibus
1682 1142 1880 1212 utique
1910 1140 2171 1212 quamvis

483 1239 800 1299 uterentur,
853 1249 967 1286 non
1018 1232 1439 1300 detinebantur,
1507 1235 1745 1284 mortem
1799 1246 1904 1300 pro
1961 1227 2172 1282 salubri

479 1324 590 1378 ﬁde
622 1338 684 1376 ac
711 1321 987 1392 religione
1021 1321 1338 1389 subierunt,
1363 1321 2011 1389 demonstraveruntque
2034 1316 2164 1370 inﬁ-

481 1412 701 1466 delibus
727 1427 759 1464 a
788 1426 845 1464 se
871 1409 1061 1480 potius
1116 1409 1213 1462 illa
1261 1409 1472 1474 omnia,
1527 1425 1702 1480 quam
1730 1424 1788 1462 se
1845 1408 1914 1461 ab
1942 1407 2024 1460 eis
2054 1421 2174 1459 esse

484 1516 790 1572 possessos.

553 1591 643 1642 78.
665 1587 809 1652 Quid
834 1586 1284 1648 calumniamini,
1310 1585 1460 1656 quod
1484 1583 1678 1638 ﬁdeles
1693 1584 1813 1655 jam
1834 1582 2175 1654 Baptismate

485 1676 764 1742 renovati,
789 1693 1089 1747 procreare
1121 1675 1289 1740 ﬁlios,
1306 1679 1361 1728 et
1379 1691 1546 1745 agros
1558 1691 1622 1728 ac
1642 1674 1842 1728 domos
1853 1671 2178 1744 pecuniam-

485 1781 595 1835 que
624 1764 800 1818 ullam
831 1765 1121 1835 possidere
1150 1780 1262 1817 non
1295 1763 1578 1817 debeant?
1599 1761 2004 1816 Permittithoc
2026 1761 2174 1814 Pau-

480 1853 587 1907 lus.
621 1855 759 1906 Nam
790 1854 939 1924 quod
972 1853 1168 1923 negari
1199 1869 1314 1905 non
1344 1855 1550 1922 potest,
1610 1850 1875 1904 ﬁdelibus
1929 1847 2172 1919 scripsit,

480 1945 609 2012 post
637 1943 947 1996 multorum
963 1943 1173 2012 quippe
1188 1941 1522 1995 vitiosorum
1541 1936 2169 2008 euumerationem,qui

481 2047 724 2100 regnum
753 2029 853 2084 Dei
878 2047 991 2084 non
1016 2029 1406 2100 possidebunt,
1441 2031 1507 2082 Et
1562 2029 1670 2082 haec
1713 2026 1930 2095 quidem
1957 2027 2168 2092 fuistis,

483 2118 790 2190 inquit,sed
819 2120 994 2173 abluti
1022 2121 1166 2185 estis,
1229 2118 1322 2171 sed
1349 2118 1678 2182 sanctiﬁcati
1697 2118 1844 2181 estis,
1867 2115 1960 2169 sed
1982 2115 2181 2182 justiﬁ-

481 2212 591 2262 cati
621 2210 748 2261 estis
777 2206 833 2260 in
864 2210 1072 2261 nomine
1099 2208 1320 2260 Domini
1347 2209 1471 2260 Jesu
1519 2205 1739 2270 Christi,
1789 2208 1840 2257 et
1866 2205 1925 2257 in
1953 2203 2173 2270 Spiritu

485 2298 584 2349 Dei
613 2298 800 2349 nostri.
834 2295 1069 2349 Ablutos
1099 2294 1294 2365 procul
1317 2293 1580 2357 dubio,et
1611 2291 1982 2346 sanctiﬁcatos
2013 2307 2178 2344 nemo

485 2382 596 2436 nisi
624 2382 841 2449 ﬁdeles,
890 2387 946 2436 et
985 2399 1082 2435 eos
1120 2381 1219 2453 qui
1274 2380 1406 2434 huic
1437 2381 1650 2434 mundo
1704 2379 2178 2446 renuntiaverint,

485 2470 807 2540 intelligere
873 2470 1122 2524 audebit.
1180 2470 1287 2524 Sed
1344 2469 1616 2539 quoniam
1681 2469 1927 2522 ostendit
1975 2467 2181 2539 quibus

487 2558 796 2628 scripserit,
826 2559 1118 2612 videamus
1135 2563 1330 2612 utrum
1356 2557 1443 2611 his
1471 2557 1567 2610 illa
1589 2556 1897 2628 permittat.
1915 2557 1995 2609 lta
2025 2557 2180 2610 enim

489 2647 749 2717 sequitur
778 2664 790 2700 :
829 2648 1169 2702 Omniamihi
1194 2648 1346 2700 licita
1375 2650 1520 2711 sunt,
1552 2646 1645 2699 sed
1669 2661 1776 2698 non
1804 2647 1985 2697 omnia
2014 2658 2182 2711 expe—

489 2735 650 2788 diunt
681 2751 692 2788 :
727 2737 905 2788 omnia
924 2737 1062 2788 mihi
1091 2736 1240 2788 licita
1269 2739 1412 2797 sunt,
1442 2734 1536 2787 sed
1572 2749 1665 2801 ego
1694 2733 1792 2786 sub
1820 2733 2021 2785 nullius
2051 2731 2182 2784 red-

491 2826 617 2890 igar
637 2828 920 2892 potestate.
951 2826 1090 2878 Esca
1123 2826 1321 2892 ventri,
1351 2827 1400 2876 et
1429 2827 1610 2876 venter
1645 2825 1806 2887 escis;
1842 2824 1976 2874 Deus
2005 2825 2183 2873 autem

489 2917 538 2966 et
566 2914 663 2966 has
694 2917 742 2966 et
768 2913 907 2966 hunc
945 2913 1199 2966 destruet.
1230 2913 1433 2980 Corpus
1454 2915 1631 2964 autem
1659 2925 1765 2963 non
1805 2908 2179 2976 fornicationi,

485 3001 578 3055 sed
602 3002 837 3066 Domino,
865 3004 913 3053 et
944 3003 1202 3054 Dominus
1251 3001 1480 3068 corpori.
1524 3000 1668 3052 Deus
1721 2983 1842 3051 vero
1892 2997 2180 3050 suscitavit

493 3091 792 3157 Dominum,
826 3093 874 3142 et
907 3104 999 3143 nos
1031 3103 1238 3158 quoque
1265 3088 1568 3153 suscita—bit,
1595 3103 1694 3156 per
1719 3089 1973 3140 virtutem
2007 3100 2181 3138 suam.

491 3179 580 3232 An
626 3179 841 3232 nescitis
892 3180 1145 3247 quoniam
1193 3192 1418 3246 corpora
1470 3180 1650 3230 vestra
1692 3175 1929 3229 membra
1983 3173 2187 3229 Christi

491 3268 665 3320 sunt?
697 3268 901 3319 Totlens
957 3281 1081 3333 ergo
1118 3265 1354 3319 membra
1401 3265 1623 3330 Christi,
1667 3265 1903 3330 efﬁciam
1949 3260 2188 3314 membra

491 3356 787 3408 meretricis
810 3356 837 3406 ?
860 3354 1038 3407 Absit.
1073 3355 1161 3407 An
1181 3354 1398 3406 nescitis
1427 3353 1681 3421 quoniam
1713 3353 1806 3418 qui
1821 3350 2058 3403 adhaeret
2077 3363 2186 3400 me-

494 3445 698 3510 retrici,
731 3459 896 3496 unum
917 3457 1108 3511 corpus
1139 3444 1377 3510 efﬁcitur
1401 3443 1429 3494 ?
1456 3443 1632 3494 Erunt
1661 3441 1820 3506 enim,
1851 3440 2050 3505 inquit,
2083 3436 2187 3489 duo

494 3531 553 3581 in
581 3545 742 3582 carne
761 3545 888 3582 una.
925 3531 1032 3595 Qui
1060 3533 1238 3583 autem
1269 3529 1506 3583 adhzret
1535 3530 1778 3592 Domino,
1797 3541 1933 3580 unus
1959 3527 2188 3594 spiritus

493 3623 586 3670 est.
615 3621 804 3686 Fugite
829 3620 1259 3684 fornicationem.
1292 3619 1455 3673 Omne
1494 3621 1770 3686 peccatum
1821 3615 2189 3684 quodcumque

490 3707 681 3772 fecerit
709 3708 879 3774 homo,
911 3711 1068 3761 extra
1096 3722 1287 3776 corpus
1313 3711 1390 3760 est
1415 3721 1427 3761 :
1461 3709 1558 3774 qui
1580 3711 1757 3760 autem
1780 3706 2108 3771 fornicatur,
2133 3703 2192 3754 in

495 3811 687 3864 corpus
715 3811 871 3850 suum
892 3801 1094 3865 peccat.
1123 3797 1208 3850 An
1226 3798 1443 3850 nescitis
1473 3797 1729 3865 quoniam
1755 3793 1991 3847 membra
2012 3794 2191 3844 vestra

496 3885 750 3953 templum
780 3889 857 3938 est
881 3886 1124 3954 Spiritus
1150 3887 1348 3950 sancti,
1383 3886 1479 3952 qui
1504 3886 1561 3936 in
1590 3882 1737 3936 vobis
1772 3886 1868 3948 est,
1901 3895 2055 3950 quem
2086 3879 2191 3930 ha-

499 3976 631 4029 betis
661 3991 695 4028 a
721 3977 842 4041 Deo,
877 3979 924 4027 et
950 3989 1054 4028 non
1081 3975 1206 4026 estis
1236 3976 1403 4027 vestri
1421 3977 1449 4027 ?
1484 3974 1668 4041 Empti
1696 3973 1836 4024 enim
1872 3972 2000 4022 estis
2015 3968 2192 4036 pretio

499 4078 728 4131 magno:
761 4063 1057 4131 gloriﬁcate
1086 4067 1134 4114 et
1178 4066 1392 4131 portate
1438 4061 1613 4115 Deum
1663 4062 1720 4112 in
1765 4073 1980 4126 corpore
2018 4058 2192 4109 vestro

498 4153 539 4223 (Ι
581 4154 700 4208 Cor.
727 4169 798 4220 νι,
838 4151 1047 4221 tl-20).
1076 4152 1156 4204 De
1185 4150 1379 4220 quibus
1409 4154 1584 4204 autem
1600 4149 1894 4216 scripsistis
1918 4146 2074 4210 mihi,
2102 4144 2193 4196 Bo-

503 4256 630 4294 num
661 4245 738 4293 est
768 4240 970 4293 homini
994 4240 1269 4292 mulierem
1297 4253 1403 4292 non
1433 4242 1648 4305 tangere
1677 4253 1689 4290 :
1720 4240 1942 4305 propter
1961 4233 2193 4286 inconti-

501 4331 741 4382 nentiam
772 4333 948 4380 autem
978 4329 1346 4394 unusquisque
1365 4340 1586 4379 umorem
1601 4341 1754 4378 suam
1769 4324 1980 4389 habeat,
2005 4326 2053 4374 et
2067 4335 2194 4372 una-

501 4431 722 4485 quaeque
741 4417 919 4468 virum
945 4430 1100 4468 suum
1130 4415 1341 4467 habeat.
1373 4415 1540 4467 Umori
1573 4415 1660 4466 vir
1712 4413 1949 4466 debitum
1975 4409 2189 4475 reddat,

499 4508 753 4561 similiter
773 4510 950 4560 autem
972 4509 1021 4558 et
1049 4519 1189 4558 umor
1208 4506 1342 4558 viro.
1376 4505 1570 4558 Mulier
1589 4505 1676 4557 sui
1705 4504 1941 4572 corporis
1967 4502 2192 4569 potesta-

405 4613 407 4615 ·
501 4600 601 4649 tem
629 4611 735 4648 non
762 4595 936 4661 habet,
964 4593 1182 4648 sedvir:
1202 4594 1455 4649 similiter
1482 4598 1658 4646 autem
1684 4595 1830 4647 etvir
1846 4595 1934 4646 sui
1952 4598 2192 4662 corporis

495 4688 815 4752 potestatem
828 4700 930 4738 non
947 4684 1117 4746 habet,
1131 4686 1224 4738 sed
1239 4685 1451 4738 mulier.
1477 4685 1654 4739 Nolite
1664 4683 1930 4750 fraudare
1941 4686 2190 4744 invicem,

505 4774 619 4826 nisi
642 4775 784 4839 forte
814 4788 879 4826 ea:
922 4789 1176 4829 consensu
1203 4773 1277 4827 ad
1322 4778 1548 4842 tempus,
1599 4778 1660 4827 ut
1683 4776 1882 4827 vacetis
1911 4774 2144 4827 orationi
2173 4790 2188 4828 ε

566 4871 580 4904 ¹
613 4868 698 4920 Sic
718 4870 843 4920 Bad.
865 4875 917 4920 et
933 4871 1185 4936 plerique.
1199 4873 1319 4921 Mss.
1343 4871 1408 4920 At
1425 4871 1515 4920 Er.
1540 4872 1662 4920 Lov.
1681 4866 2188 4932 etArn.,perniciost.

1007 317 1101 371 DE
1139 313 1453 372 MORlBUS
1491 311 1853 371 ECCLESUE
1891 309 2311 368 CATHOLICIE
2351 307 2405 364 S.
2448 306 2852 373 AUGUSTINI,
2896 307 3109 362 LIBER
3148 305 3432 362 PRIMUS.

3885 309 3898 356 Ι
3914 307 3993 358 344

2281 439 2330 489 et
2358 437 2551 489 iterum
2577 435 2914 488 revertimini
2957 435 3016 486 in
3061 432 3322 501 idipsum,
3364 448 3430 487 ne
3455 447 3554 488 vos
3585 435 3777 487 tentet
3816 437 3995 487 satana

2275 529 2501 593 propter
2541 525 2984 577 incontinentiam
3011 527 3264 576 vestram.
3299 524 3409 576 Hoc
3439 526 3625 575 autem
3656 521 3796 574 dico
3821 536 3996 572 secun-

2281 612 2408 666 dum
2437 613 2852 679 indulgentiam,
2882 626 2987 664 non
3014 611 3304 665 secundum
3355 612 3681 679 imperium.
3741 610 3881 663 Volo
3911 626 3995 661 au-

2245 726 2252 734 -
2281 707 2382 755 tem
2411 717 2586 755 omnes
2617 703 2851 755 homines
2881 715 2990 754 esse
3011 702 3154 757 sicut
3198 702 3460 768 meipsum
3485 715 3498 764 ;
3549 698 3654 752 sed
3697 701 3998 764 unusquis-

2281 806 2382 859 que
2416 791 2700 859 proprium
2726 789 2882 842 habet
2912 788 3111 842 donum
3151 804 3218 841 ea:
3251 788 3385 854 Deo,
3429 789 3577 841 alius
3620 785 3870 855 quidem
3916 789 3994 851 sic,

2282 880 2422 932 alius
2453 894 2572 931 vero
2601 879 2677 930 sic
2709 877 2872 945 (Ibid.
2909 860 3006 942 vn,
3043 875 3172 944 1-7).

2351 969 2441 1018 '79.
2488 965 2704 1020 Satisne
2767 964 2928 1018 vobis
2981 963 3201 1017 videtur
3241 946 3572 1032 Apostolus,
3636 965 3706 1016 et
3768 961 3997 1015 fortibus

2284 1055 2699 1108 demonstrasse
2714 1052 2848 1124 quid
2863 1068 3152 1106 summum
3167 1051 3257 1117 sit,
3277 1056 3334 1104 et
3364 1050 3873 1105 imbecillioribus
3890 1067 3999 1120 prr-

2286 1141 2503 1195 misisse
2529 1141 2680 1212 quod
2711 1141 3038 1211 proximum
3070 1143 3201 1194 est?
3234 1141 3375 1194 Nam
3402 1156 3518 1194 non
3552 1140 3868 1210 attingere
3890 1155 3999 1193 mu-

2283 1231 2502 1296 lierem,
2536 1245 2820 1284 summum
2853 1230 3102 1283 ostendit
3123 1245 3263 1293 esse,
3292 1245 3424 1282 cum
3453 1230 3554 1296 ait,
3587 1231 3812 1284 Vellem
3839 1245 3999 1282 omnes

2285 1321 2518 1374 homines
2544 1334 2653 1372 esse
2677 1321 2814 1374 sicut
2837 1321 3118 1387 meipsum.
3178 1318 3318 1372 Huic
3363 1323 3556 1372 autem
3597 1333 3853 1370 summo
3881 1333 3998 1370 con-

2278 1408 2491 1479 jugalis
2523 1407 2748 1461 castitas
2803 1407 3064 1478 proxima
3117 1410 3222 1473 est,
3277 1423 3349 1460 ne
3401 1407 3576 1460 homo
3609 1405 3996 1461 fornicatione

2283 1501 2552 1551 vastetur.
2586 1495 2874 1568 Numquid
2905 1499 3208 1567 propterea
3237 1495 3374 1549 istos
3408 1495 3552 1550 dixit
3574 1495 3785 1549 adhuc
3818 1495 3997 1548 ﬁdeles

2285 1601 2399 1639 non
2430 1602 2572 1653 esse,
2604 1585 2739 1656 quia
2787 1583 3130 1656 conjugibus
3187 1584 3478 1638 utuntur?
3507 1584 3998 1655 Quandoquidem

2286 1675 2390 1729 hac
2414 1674 2666 1728 castitate
2693 1673 2968 1744 conjugii,
2999 1676 3055 1726 et
3081 1688 3145 1726 ex
3176 1688 3234 1726 se
3258 1671 3506 1725 invicem
3536 1672 3706 1743 ipsos
3739 1671 3850 1742 qui
3879 1686 3997 1724 con-

2279 1762 2463 1833 juncti
2495 1767 2643 1824 sunt,
2700 1762 2745 1815 si
2804 1763 2947 1816 alter
2978 1777 3179 1815 eorum
3208 1760 3382 1814 fuerit
3437 1759 3722 1826 inﬁdelis,
3769 1765 3832 1814 et
3887 1775 3996 1812 eam

2287 1867 2416 1921 quas
2446 1850 2576 1905 inde
2596 1849 2845 1905 nascitur
2872 1850 3091 1920 prolem
3125 1848 3467 1902 sanctiﬁcari
3517 1848 3670 1902 dixit
3697 1865 3712 1902 :
3747 1850 3996 1914 Sanctiﬁ-

2287 1945 2437 1994 catus
2472 1944 2549 1994 est
2576 1941 2735 2006 enim,
2769 1938 2978 2010 inquit,
3008 1941 3094 1993 vir
3136 1938 3370 2007 inﬁdelis
3400 1939 3460 1991 in
3489 1938 3728 1992 muliere
3756 1937 3929 2006 ﬁdeli,
3957 1943 3997 1992 et

2287 2031 2626 2095 sanctiﬁcata
2669 2033 2747 2081 est
2794 2029 2988 2082 mulier
3057 2028 3292 2096 inﬁdelis
3346 2042 3447 2096 per
3507 2029 3700 2081 virum
3757 2027 3993 2094 ﬁdelem:

2287 2118 2530 2185 alioquin
2553 2119 2660 2186 ﬁlii
2680 2119 2845 2170 vestri
2880 2116 3148 2170 immundi
3181 2119 3355 2170 essent
3383 2132 3396 2182 ;
3420 2131 3562 2169 nunc
3601 2122 3804 2170 autem
3840 2121 3994 2170 sancti

2287 2211 2414 2259 sunt
2446 2205 2604 2275 (Ibid.
2645 2205 2746 2273 14).
2795 2205 2940 2269 Quid
2989 2204 3315 2274 obstrepitis
3344 2204 3668 2275 pertinacia
3701 2209 3886 2258 tantm
3916 2221 3995 2255 ve-

2291 2294 2442 2348 ritati
2467 2296 2497 2347 ?
2518 2293 2656 2364 quid
2689 2295 2874 2348 lucem
2913 2293 3335 2364 Scripturarum
3364 2293 3525 2347 vanis
3553 2293 3797 2347 umbris
3827 2293 3994 2346 obnu-

2290 2383 2468 2436 bilare
2499 2381 2787 2436 conamini
2807 2383 2837 2435 ?

2363 2473 2449 2526 80.
2487 2471 2668 2524 Nolite
2694 2470 2814 2539 jam
2841 2468 3047 2534 dicere,
3079 2469 3496 2523 catechumenis
3525 2468 3710 2523 licere
3759 2469 3847 2523 uti
3876 2485 3992 2521 con-

2285 2559 2539 2629 jugibus,
2564 2558 2827 2612 ﬁdelibus
2857 2562 3049 2611 autem
3074 2574 3190 2611 non
3220 2557 3428 2626 licere;
3461 2558 3906 2612 catechumenis
3935 2558 3990 2610 li-

2290 2665 2416 2701 cere
2465 2647 2674 2700 habere
2721 2646 3047 2716 pecuniam,
3107 2647 3372 2700 ﬁdelibus
3405 2651 3597 2700 autem
3649 2663 3786 2700 non
3818 2647 3992 2700 licere.

2294 2738 2434 2790 Nam
2459 2739 2514 2789 et
2544 2736 2702 2789 multi
2735 2739 2869 2789 sunt
2889 2735 2984 2806 qui
3022 2741 3266 2790 utuntur
3293 2741 3574 2806 tauquam
3600 2752 3729 2789 non
3761 2741 3990 2789 utentes.

2295 2827 2360 2880 Et
2389 2825 2484 2878 illo
2522 2829 2876 2878 sacrosancto
2907 2825 3132 2877 lavacro
3163 2824 3466 2878 inchoatur
3514 2824 3827 2878 innovatio
3879 2825 3996 2878 novi

2291 2913 2562 2979 hominis,
2590 2917 2653 2966 ut
2683 2911 3027 2983 proticiendo
3058 2912 3405 2982 perﬁciatur,
3439 2912 3500 2966 in
3541 2912 3674 2965 aliis
3706 2913 3902 2980 citius,
3949 2929 3994 2965 in

2294 3003 2418 3056 aliis
2475 3001 2731 3055 tardius:
2765 3017 2798 3054 a
2828 3000 3022 3054 multis
3075 3004 3270 3054 tamen
3325 3000 3660 3070 proceditur
3707 3001 3774 3054 in
3805 3016 3994 3055 novam

2293 3090 2490 3157 vitam,
2525 3087 2572 3140 si
2601 3087 2910 3158 quisquam
2934 3103 3047 3140 non
3078 3086 3331 3152 inimice,
3357 3087 3452 3140 sed
3477 3086 3805 3157 diligenter
3833 3088 3994 3140 inten-

2297 3179 2412 3234 dat.
2447 3179 2570 3249 Ipse
2592 3176 2831 3248 quippe,
2854 3175 2998 3230 sicut
3019 3175 3097 3228 ait
3115 3176 3435 3246 Apostolus,
3459 3177 3561 3229 etsi
3580 3178 3835 3230 emterior
3864 3178 3995 3229 homo

2294 3272 2474 3321 noster
2509 3267 2894 3334 corrumpitur,
2942 3264 3036 3318 sed
3076 3266 3302 3318 interior
3351 3268 3644 3318 renovatur
3686 3265 3760 3318 de
3819 3265 3908 3317 die
3952 3266 3997 3316 in

2297 3355 2439 3410 diem
2468 3355 2539 3424 (ΙΙ
2571 3355 2688 3410 Cor.
2725 3370 2798 3420 vr,
2835 3354 2940 3421 t6).
2972 3354 3277 3422 Apostolus
3309 3352 3379 3406 de
3416 3353 3507 3406 die
3560 3353 3621 3405 in
3667 3354 3838 3408 diem
3867 3353 3995 3406 inte-

2299 3445 2508 3497 riorem
2537 3441 2833 3496 hominem
2863 3440 3123 3494 renovari
3155 3441 3293 3494 dicit
3321 3445 3384 3495 ut
3411 3441 3773 3512 perﬁciatur,
3828 3447 3887 3496 et
3913 3457 3997 3493 vos

2299 3529 2707 3602 aperfectione
2758 3529 2928 3583 vultis
2991 3529 3244 3600 incipiat.
3288 3531 3447 3594 Quod
3505 3531 3738 3584 utinam
3787 3530 3994 3584 velitis:

2301 3621 2397 3674 sed
2430 3618 2684 3690 qumritis
2712 3618 2918 3689 potius,
2962 3634 3075 3672 non
3126 3619 3276 3672 unde
3305 3619 3536 3689 erigatis
3565 3618 3879 3680 invalidos,
3911 3618 3995 3670 sed

2301 3710 2450 3765 unde
2480 3708 2686 3762 fallatis
2714 3707 2987 3762 incautos.
3023 3709 3137 3762 Hoc
3163 3707 3317 3762 enim
3367 3724 3484 3761 non
3539 3707 3829 3762 debuistis
3857 3712 3994 3760 tanta

2303 3799 2486 3852 dicere
2517 3796 2772 3862 audacia,
2821 3813 2923 3849 nec
2980 3796 3026 3848 si
3084 3813 3180 3849 vos
3235 3795 3296 3848 in
3352 3795 3433 3849 eis
3486 3794 3625 3865 ipsis
3683 3791 3991 3866 nugatoriis

2303 3885 2584 3940 mandatis
2618 3885 2816 3938 vestris
2844 3885 3122 3955 perfectos
3179 3901 3297 3938 esse
3340 3888 3642 3938 constaret.
3680 3885 3832 3938 Cum
3877 3898 3988 3934 vero

2304 3974 2522 4028 noverit
2552 3978 2737 4027 vestra
2764 3972 3108 4026 conscientia
3140 3989 3239 4026 eos
3267 3973 3500 4043 quos‘in
3521 3977 3740 4027 sectam
3766 3976 3990 4025 vestram

2302 4062 2682 4128 introducitis,
2723 4078 2852 4115 cum
2880 4061 3038 4115 vobis
3091 4060 3428 4115 familiarius
3476 4061 3648 4132 jungi
3703 4059 3988 4132 coeperint.

2305 4151 2485 4204 multa
2516 4150 2871 4218 inventuros,
2904 4165 3032 4220 quas
3055 4150 3114 4203 in
3143 4150 3303 4204 vobis
3330 4165 3470 4214 esse,
3505 4165 3637 4204 cum
3665 4151 3815 4203 alios
3844 4161 3988 4202 accu-

2305 4240 2523 4307 saretis,
2569 4254 2739 4292 nemo
2769 4237 3202 4307 suspicabatur;
3253 4253 3382 4307 quae
3436 4239 3595 4289 tanta
3642 4234 3988 4306 imprudentia

2305 4334 2406 4398 est,
2440 4327 2848 4399 perfectionem
2896 4325 2956 4379 in
3004 4324 3292 4379 catholicis
3340 4323 3816 4379 imbecillioribus
3849 4339 3986 4394 qua»

2305 4435 2447 4483 rere,
2483 4420 2546 4470 ut
2574 4415 2704 4469 inde
2750 4414 3050 4485 imperitos
3099 4417 3336 4477 avertas,
3389 4417 3446 4466 et
3487 4428 3612 4466 eam
3645 4414 3811 4466 nullo
3841 4410 3988 4464 modo

2303 4506 2456 4578 apud
2486 4510 2539 4559 te
2569 4504 2638 4558 iis
2692 4520 2835 4575 quos
2879 4501 3147 4556 averteris
3172 4501 3441 4555 exhibere
3460 4501 3487 4555 ‘?
3511 4500 3621 4555 Sed
3655 4518 3728 4556 ne
3758 4500 3893 4572 quid
3937 4499 3984 4550 in

2302 4613 2399 4649 vos
2429 4599 2640 4649 temere
2687 4595 2807 4664 jam
2838 4593 3130 4646 videamus
3179 4591 3496 4659 effundere,
3553 4590 3661 4644 iste
3715 4591 3788 4644 sit
3834 4588 3985 4655 hujus

2302 4682 2608 4738 voluminis
2669 4682 2894 4746 modus,
2948 4685 3011 4734 ut
3065 4679 3136 4734 ad
3212 4678 3661 4732 demonstranda
3719 4679 3984 4749 precepts

2302 4772 2429 4826 vita;
2478 4775 2696 4839 vestras,
2754 4783 3056 4839 moresque
3112 4766 3512 4822 memorabiles
3566 4766 3878 4838 aliquando
3911 4779 3985 4815 ve-

2300 4875 2456 4914 mam
2463 4875 2546 4913 US.
