4074 6380
102 309 228 360 lli-i5

707 307 800 362 DE
839 307 1150 364 MOBIBUS
1187 307 1760 376 MANICHIEORUM,
1803 309 1856 363 S.
1901 309 2283 366 AUGUSTINI
2325 311 2537 368 LIBER
2577 309 2975 371 SECUNDUSC

3449 324 3584 377 1346

1042 461 1592 584 LIBER
1687 459 2661 590 SECUNDUS.

1365 626 1444 668 DE
1490 625 1762 668 MORIBUS
1810 624 2308 669 MANICILEOBUM.

155 694 214 742 In
236 705 338 756 quo
362 693 588 767 refutati).
607 695 887 767 diligenter
905 696 1094 767 horum
1117 697 1484 767 haereticorum
1511 699 1751 767 doctrina
1770 698 1833 767 de
1854 699 2056 767 origine
2076 704 2338 767 et_n_atura
2355 701 2498 762 mali,
2520 705 2859 767 excutiuntur
2873 705 2973 754 tria
2989 705 3080 755 illa
3099 706 3225 766 oris,
3249 720 3505 756 manuum
3529 713 3580 758 et

50 747 52 766 ί
91 747 513 833 εξςξιξξίᾳᾳωῃὶρείί
530 758 584 806 in
606 747 778 833 impiis
799 759 907 808 suis
923 762 1156 833 moribus
1177 761 1532 833 praedicabant
1553 747 1841 833 signacula,
1854 747 1906 833 et
1919 747 3451 833 si}perstiiioéziébﬁﬁ'aBEiiHéBIiEin'ﬁiéiiEdiiEhe-555;
3457 747 3580 833 51g:

48 830 52 857 ι
89 818 356 879 gillantur.
384 818 727 868 Postmoduin
751 822 1011 871 nonnulla
1039 823 1089 871 in
1123 818 1192 871 iis
1215 824 1543 886 deprehensa
1568 818 1761 885 ﬂagitia
1790 818 2111 872 referuntur.

89 916 314 970 CAPUT
353 916 647 973 PRIMUM.
679 947 747 958 —-
795 918 1078 974 Summum
1111 920 1302 974 bonum
1330 925 1408 975 est
1440 920 1499 974 id
1527 923 1616 974 cui
1639 935 1780 974 com-

48 1003 50 1006 '
675 1000 813 1066 petit
841 1013 1042 1052 summe
1071 1015 1198 1053 esse.

168 1086 214 1137 l.
240 1082 390 1136 Nulli
416 1100 536 1138 esse
562 1084 798 1140 dubium
830 1087 1096 1152 arbitror,
1129 1103 1256 1141 cum
1287 1087 1356 1141 de
1386 1087 1549 1140 bonis
1576 1090 1632 1140 et
1662 1101 1786 1139 ma-

46 1193 48 1198 ·
91 1170 160 1223 lis
189 1171 483 1241 quaeritur,
508 1174 614 1227 hoc
639 1191 822 1244 genus
852 1176 1188 1246 quaestionis
1209 1176 1279 1230 ad
1310 1177 1582 1229 moralem
1608 1175 1783 1245 perti-

46 1275 48 1298 ε
89 1275 227 1312 nere
247 1259 625 1330 disciplinam,
640 1261 699 1314 in
718 1279 832 1332 qua
848 1263 955 1316 isto
970 1279 1232 1316 sermone
1251 1280 1563 1318 versamur.
1582 1264 1786 1326 Quam-

93 1349 289 1401 obrem
320 1350 523 1403 vellem
551 1351 802 1420 quidem,
840 1355 901 1404 ut
931 1356 1048 1405 tam
1078 1368 1341 1405 serenam
1370 1352 1577 1405 mentis
1603 1351 1784 1405 aciem

46 1451 47 1456 ‘
91 1437 353 1491 homines
401 1439 471 1492 ad
525 1439 645 1492 haec
687 1439 1082 1510 investiganda
1111 1441 1418 1506 deferrent,
1455 1446 1519 1494 ut
1553 1443 1784 1510 possent

44 1569 45 1574 η
89 1525 279 1578 videre
309 1525 448 1578 illud
478 1541 767 1580 summum
799 1527 1034 1594 bonum,
1065 1544 1177 1599 quo
1207 1544 1324 1581 non
1356 1532 1440 1582 est
1468 1527 1781 1598 quidquam

91 1610 294 1662 melius
320 1614 418 1662 aut
445 1611 725 1680 superius,
749 1610 839 1663 cui
867 1611 1159 1664 rationalis
1189 1611 1380 1664 anima
1409 1627 1553 1681 pura
1583 1616 1638 1663 et
1662 1627 1786 1681 per-

89 1697 235 1750 fecta
263 1698 646 1769 subjungitur.
674 1699 786 1751 Hoc
816 1698 967 1751 enim
991 1699 1277 1752 intellecto
1307 1704 1479 1769 atque
1510 1699 1782 1769 perfecto,

90 1785 259 1838 simul
289 1785 547 1840 viderent
577 1786 632 1840 id
672 1802 791 1840 esse
831 1787 986 1856 quod
1017 1803 1239 1840 summe
1274 1804 1336 1840 ac
1366 1787 1634 1857 primitus
1665 1803 1785 1842 esse

92 1873 400 1926 rectissime
431 1873 655 1926 dicitur.
700 1875 814 1927 Hoc
855 1874 1010 1928 enim
1050 1875 1298 1929 maxime
1331 1892 1451 1929 esse
1481 1876 1784 1930 dicendum

91 1967 193 2026 est,
226 1962 377 2031 quod
402 1977 627 2032 semper
646 1963 846 2016 eodem
870 1963 1039 2016 modo
1062 1979 1182 2016 sese
1205 1963 1394 2031 habet,
1419 1963 1574 2034 quod
1595 1965 1782 2018 omni-

91 2050 282 2111 modo,
314 2050 402 2102 sui
429 2049 613 2103 simile
635 2053 738 2115 est,
763 2053 918 2121 quod
947 2052 1106 2105 nulla
1133 2067 1199 2104 ex
1222 2056 1382 2121 parte
1404 2053 1697 2123 corrumpi
1718 2068 1784 2107 ac

93 2139 301 2193 mutari
337 2144 541 2209 potest,
577 2140 731 2209 quod
767 2156 883 2193 non
913 2141 1165 2210 subjacet
1197 2141 1462 2211 tempori,
1497 2142 1650 2211 quod
1681 2141 1784 2195 ali-

92 2235 178 2281 ter
211 2243 360 2281 nunc
392 2245 451 2281 se
485 2228 692 2282 habere
721 2244 893 2299 quam
924 2229 1172 2283 habebat
1213 2235 1396 2296 antea,
1432 2246 1549 2283 non
1579 2233 1781 2299 potest.

92 2318 155 2370 Id
185 2317 340 2370 enim
371 2321 454 2370 est
488 2317 641 2386 quod
671 2333 790 2370 esse
818 2317 1109 2370 verissime
1141 2317 1369 2371 dicitur.
1402 2317 1606 2374 Subest
1631 2319 1785 2371 enim

92 2405 226 2458 huic
273 2405 445 2458 verbo
485 2405 768 2458 manentis
815 2405 874 2458 in
914 2421 972 2458 se
1021 2411 1190 2476 atque
1239 2405 1788 2460 incommutabiliter

92 2510 214 2548 sese
263 2493 526 2547 habentis
562 2497 794 2556 natura:
849 2493 1204 2563 signiﬁcatio.
1251 2495 1404 2548 Hanc
1448 2495 1589 2548 nihil
1630 2495 1784 2549 aliud

91 2598 266 2652 quam
306 2583 487 2635 Deum
534 2597 836 2652 possumus
867 2582 1072 2646 dicere,
1117 2582 1209 2636 cui
1243 2582 1290 2635 si
1317 2583 1666 2642 contrarium
1698 2600 1789 2637 re-

90 2677 176 2724 cte
207 2686 430 2740 quaeras
462 2669 607 2723 nihil
661 2669 896 2723 omnino
939 2675 1040 2723 est.
1089 2671 1218 2724 Esse
1249 2670 1405 2724 enim
1435 2671 1785 2725 contrarium

89 2775 209 2813 non
237 2759 426 2824 habet,
461 2757 570 2811 nisi
609 2774 723 2811 non
757 2774 902 2811 esse.
944 2759 1109 2812 Nulla
1154 2763 1238 2812 est
1265 2775 1402 2829 ergo
1436 2760 1550 2812 Deo
1583 2764 1788 2813 natura

91 2846 390 2900 contraria.
413 2846 520 2900 Sed
544 2846 817 2917 quoniam
833 2847 902 2900 ad
926 2846 1044 2899 haec
1070 2847 1512 2916 contemplanda
1532 2848 1784 2900 sauciam

90 2941 146 2989 et
173 2935 434 2988 hebetem
466 2934 781 3002 nugatoriis
814 2933 1184 3004 opinionibus
1211 2939 1267 2987 et
1291 2936 1566 3004 pravitate
1592 2937 1788 2989 volun-

91 3023 222 3077 tatis
245 3023 421 3076 aciem
451 3022 656 3076 mentis
676 3023 966 3076 alferimus
989 3039 1002 3088 ;
1027 3039 1320 3089 conemur,
1353 3028 1630 3094 quantum
1656 3039 1786 3094 pos-

34 3147 39 3183 ;
92 3127 309 3177 sumus,
343 3112 413 3166 ad
442 3111 921 3182 qualemcumque
953 3115 1126 3164 tanta:
1165 3111 1248 3164 rei
1288 3112 1549 3166 notitiam
1588 3129 1786 3183 perve-

34 3245 38 3268 ,
93 3201 219 3254 nire
249 3199 594 3271 pedetentim
623 3205 792 3270 atque
822 3195 1003 3264 caute,
1043 3216 1160 3254 non
1194 3204 1258 3254 ut
1285 3201 1558 3268 videntes,
1602 3202 1701 3256 sed
1727 3206 1790 3255 ut

34 3331 36 3360 ε
93 3291 391 3359 palpantes
417 3289 602 3341 solent
631 3304 912 3358 quarere.

34 3416 39 3451 ε
94 3378 322 3431 CAPUT
354 3377 524 3431 II.‘—
552 3379 757 3430 Malum
786 3377 922 3446 quid
950 3380 1040 3434 sit.
1083 3380 1286 3432 Malum
1313 3393 1422 3432 esse
1451 3378 1512 3432 id
1540 3379 1685 3448 quod
1713 3384 1790 3434 est

163 3470 352 3519 contra
385 3470 640 3519 naturam
673 3466 862 3520 dicunt
892 3469 1170 3521 verissime
1202 3469 1506 3534 Manichzei,
1539 3467 1636 3522 sed
1665 3469 1790 3522 hinc

163 3555 497 3608 subvertitur
524 3569 705 3608 eorum
735 3555 987 3620 heresis:

164 3646 218 3696 ‘2.
251 3643 409 3711 Saepe
441 3647 611 3713 atque
641 3643 783 3696 adeo
823 3660 970 3713 pene
1000 3659 1244 3714 semper,
1279 3642 1590 3710 Manichmi,
1621 3645 1692 3698 ab
1722 3645 1791 3698 iis

34 3773 36 3806 ξ
92 3729 306 3801 quibus
332 3729 594 3783 haarcsim
625 3735 870 3784 vestram
897 3731 1240 3800 persuadere
1271 3730 1575 3798 molimini,
1603 3731 1792 3802 requi-

91 3819 217 3872 ritis
248 3819 396 3872 unde
426 3819 498 3872 sit
519 3819 759 3873 malum.
793 3821 993 3873 Putate
1019 3835 1108 3872 me
1139 3835 1291 3872 nunc
1313 3818 1578 3890 primitus
1605 3819 1665 3873 in
1693 3836 1792 3873 vos

91 3907 396 3974 incidisse;
448 3906 749 3978 impetrem
807 3907 1027 3977 aliquid
1077 3925 1110 3960 a
1158 3907 1341 3978 vobis,
1392 3907 1439 3961 si
1482 3908 1688 3977 placet,
1728 3912 1794 3962 ut

89 3995 265 4051 etiam
304 4012 399 4049 vos
447 3995 704 4065 deposita
733 3995 1028 4066 paulisper
1058 3994 1352 4064 opinione,
1395 4012 1510 4066 qua
1547 4012 1646 4050 vos
1685 3996 1792 4050 ista

91 4088 236 4141 scire
268 4085 608 4157 opinamini,
643 4102 766 4140 rem
810 4091 1030 4140 tantam
1061 4101 1286 4139 mecum
1316 4091 1591 4157 tanquam
1622 4087 1792 4140 rudes

90 4176 358 4246 indigare
389 4175 634 4229 tentctis.
669 4173 1123 4229 Percunctamini
1146 4191 1237 4229 me
1260 4174 1411 4228 unde
1435 4174 1506 4228 sit
1534 4175 1749 4229 malum
1775 4191 1789 4241 ;

92 4270 150 4319 at
176 4280 284 4335 ego
315 4263 555 4318 vicissim
585 4268 927 4334 percunctor
954 4279 1048 4317 vos
1079 4263 1217 4334 quid
1248 4263 1320 4317 sit
1348 4263 1584 4316 malum.
1619 4264 1792 4334 Cujus

92 4357 180 4407 est
201 4353 414 4423 justior
433 4351 730 4423 inquisitio
753 4351 780 4407 7
807 4367 1080 4406 eorumne
1109 4351 1209 4423 qui
1238 4356 1505 4423 quaerunt
1527 4352 1676 4406 unde
1699 4351 1789 4421 sit,

91 4442 251 4512 quod
283 4440 421 4512 quid
459 4441 530 4494 sit
567 4440 869 4511 ignorant;
910 4457 980 4494 an
1012 4441 1133 4510 ejus
1165 4439 1263 4511 qui
1293 4440 1452 4510 prius
1480 4445 1644 4512 putat
1673 4457 1792 4494 esse

91 4528 474 4600 quaerendum
505 4527 644 4600 quid
674 4528 766 4593 sit,
800 4533 863 4582 ut
891 4544 1005 4582 non
1038 4527 1249 4598 ignota
1277 4529 1360 4582 rei
1391 4528 1569 4600 (quod
1599 4529 1795 4583 absur-

92 4618 400 4671 dissimum
447 4621 552 4685 est)
597 4616 756 4687 origo
795 4619 1131 4688 quaeratur?
1177 4616 1480 4670 Verissime
1524 4616 1783 4673 dicitis‘.

91 4707 232 4771 Quis
265 4706 419 4760 enim
451 4706 530 4760 ita
559 4709 645 4759 est
670 4710 858 4760 mente
889 4721 1090 4774 caecus,
1116 4705 1216 4776 qui
1237 4723 1353 4760 non
1372 4705 1560 4760 videat
1586 4706 1644 4761 id
1665 4705 1790 4760 cui-

91 4812 207 4866 que
235 4795 434 4866 generi
454 4795 669 4848 malum
689 4811 831 4862 esse,
855 4795 1006 4866 quod
1024 4799 1221 4849 contra
1242 4795 1363 4866 ejus
1385 4799 1648 4849 naturam
1670 4794 1794 4849 est?

90 4885 201 4938 Sed
251 4885 361 4938 hoc
405 4885 730 4951 constituto,
779 4883 1050 4938 evertitur
1093 4884 1326 4938 hmresis
1364 4889 1586 4938 vestra:
1633 4885 1794 4938 nulla

92 4973 254 5028 enim
286 4977 492 5027 natura
529 4973 761 5034 malum,
803 4973 850 5026 si
881 4973 1037 5044 quod
1073 4977 1271 5027 contra
1301 4977 1566 5026 naturam
1598 4977 1704 5042 est,
1737 4973 1794 5027 id

90 5061 206 5117 erit
250 5062 488 5116 malum.
534 5061 647 5115 Nos
679 5066 870 5115 autem
911 5061 1159 5116 asseritis
1189 5061 1499 5133 quamdam
1529 5065 1794 5115 naturam

1893 921 2062 989 atque
2094 919 2468 974 substantiam
2513 923 2728 976 malum
2761 939 2899 978 esse.
2951 925 3166 980 Accidit
3203 927 3375 981 etiam
3413 927 3584 994 illud,

1893 1007 2046 1076 quod
2071 1011 2263 1062 contra
2289 1013 2553 1062 naturam
2579 1009 2857 1080 quidquid
2884 1019 2987 1079 est,
3015 1014 3216 1085 utique
3242 1020 3466 1069 natura:
3499 1015 3587 1070 ad-

1891 1099 2169 1162 versatur,
2195 1101 2251 1150 et
2270 1111 2394 1150 eam
2416 1097 2699 1168 perimere
2726 1097 2941 1152 nititur.
2966 1101 3168 1155 Tendit
3198 1119 3331 1173 ergo
3354 1103 3412 1158 id
3433 1104 3584 1174 quod

1895 1187 1997 1248 est,
2047 1184 2231 1239 facere
2271 1189 2332 1238 ut
2377 1201 2491 1239 non
2536 1185 2625 1240 sit.
2662 1187 2803 1240 Nam
2835 1192 2890 1240 et
2927 1187 3050 1258 ipsa
3077 1194 3283 1244 natura
3313 1192 3459 1245 nihil
3499 1197 3588 1246 est

1894 1271 2067 1339 aliud,
2101 1289 2272 1344 quam
2303 1274 2359 1327 id
2387 1275 2538 1344 quod
2565 1274 2907 1345 intelligitur
2927 1275 2986 1329 in
3013 1293 3114 1330 suo
3143 1292 3349 1346 genere
3369 1278 3586 1349 aliquid

1894 1377 2033 1413 esse.
2079 1363 2274 1432 Itaque
2306 1368 2368 1416 ut
2396 1379 2496 1416 nos
2518 1364 2640 1434 jam
2675 1381 2820 1418 novo
2852 1365 3086 1418 nomine
3119 1365 3187 1418 ab
3219 1382 3285 1418 eo
3317 1367 3472 1436 quod
3502 1371 3585 1420 est

1894 1463 2038 1515 esse,
2069 1465 2334 1504 vocamus
2367 1451 2692 1519 essentiam,
2733 1469 2906 1524 quam
2950 1453 3292 1524 plerumque
3323 1455 3584 1507 substan-

1894 1536 2033 1590 tiam
2074 1537 2244 1591 etiam
2279 1539 2679 1594 nominamus:
2715 1540 2796 1594 ita
2824 1546 3043 1595 veteres
3073 1541 3173 1612 qui
3205 1543 3324 1596 haec
3353 1541 3590 1595 nomina

1893 1641 2009 1678 non
2040 1626 2346 1693 habebant,
2373 1644 2476 1698 pro
2507 1629 2750 1682 essentia
2779 1635 2833 1683 et
2854 1629 3172 1683 substantia
3204 1636 3468 1684 naturam
3493 1647 3591 1684 vo-

1894 1714 2117 1768 cabant.
2156 1715 2410 1784 Idipsum
2449 1732 2584 1785 ergo
2616 1718 2831 1770 malum
2872 1723 2976 1781 est,
3011 1718 3058 1770 si
3088 1721 3298 1790 praeter
3326 1718 3596 1789 pertina-'

1894 1802 2039 1856 ciam
2070 1803 2255 1856 velitis
2288 1805 2604 1870 attendere,
2649 1804 2890 1859 deﬁcere
2935 1805 3006 1859 ab
3045 1805 3290 1860 essentia
3332 1810 3389 1860 et
3429 1806 3502 1860 ad
3533 1806 3591 1860 id

1893 1891 2127 1945 tendere
2159 1896 2222 1945 ut
2247 1908 2362 1946 non
2395 1893 2490 1946 sit.

1967 1982 2016 2032 3.
2051 1979 2324 2042 Quocirca
2353 1996 2483 2034 cum
2525 1980 2583 2033 in
2615 1980 2899 2034 Catholica
2928 1980 3154 2049 dicitur,
3189 1982 3450 2035 omnium
3482 1999 3591 2036 na-

1891 2069 2152 2120 turarum
2184 2073 2353 2138 atque
2402 2067 2850 2122 substantiarum
2893 2085 3011 2122 esse
3049 2073 3340 2124 auctorem
3382 2072 3588 2136 Deum,

1893 2153 2059 2207 simul
2091 2154 2431 2225 intelligitur
2471 2156 2541 2209 ab
2574 2155 2653 2208 eis
2702 2156 2801 2226 qui
2829 2156 2936 2210 hoc
2975 2162 3213 2227 possunt
3244 2158 3586 2229 intelligere,

1895 2257 2010 2295 non
2042 2258 2161 2296 esse
2187 2245 2364 2297 Deum
2386 2248 2675 2298 auctorem
2706 2245 2863 2298 mali.
2897 2245 3193 2309 Quomodo
3222 2247 3377 2300 enim
3402 2251 3592 2317 potest

1894 2329 2011 2396 ille,
2044 2331 2144 2401 qui
2191 2332 2450 2385 omnium
2498 2349 2625 2402 quae
2658 2336 2808 2399 sunt,
2842 2349 3009 2385 causa
3038 2338 3123 2387 est
3164 2338 3227 2388 ut
3255 2334 3386 2400 sint,
3422 2351 3590 2388 causa

1896 2433 2016 2471 esse
2074 2435 2269 2472 rursus
2332 2423 2393 2473 ut
2460 2436 2574 2472 non
2627 2419 2760 2484 sint,
2827 2420 2885 2473 id
2941 2425 3042 2482 est,
3110 2425 3176 2474 ut
3222 2423 3291 2476 ab
3351 2423 3591 2476 essentia

1894 2506 2160 2560 deﬁciant
2189 2511 2244 2560 et
2291 2509 2357 2561 ad
2409 2524 2524 2562 non
2574 2524 2694 2562 esse
2732 2509 3014 2562 tendant?
3048 2509 3203 2579 quod
3234 2511 3450 2564 malum
3484 2527 3592 2582 ge-

1895 2596 2088 2649 nerale
2137 2611 2258 2650 esse
2289 2597 2497 2650 clamat
2538 2596 2835 2651 verissima
2880 2597 3046 2652 ratio.
3087 2600 3160 2651 At
3200 2615 3332 2652 vero
3370 2599 3467 2654 illa
3505 2615 3596 2652 ve-

1895 2689 2012 2738 stra
2041 2701 2181 2755 gens
2229 2685 2389 2751 mali,
2440 2701 2613 2755 quam
2654 2685 2824 2738 vultis
2860 2702 2981 2740 esse
3021 2703 3311 2740 summum
3351 2689 3593 2757 malum,

1896 2771 2184 2842 quomodo
2212 2772 2321 2826 erit
2349 2777 2549 2826 contra
2579 2777 2862 2839 naturam,
2897 2773 2952 2827 id
2981 2778 3067 2827 est
3095 2781 3295 2828 contra
3324 2777 3594 2830 substan-

1894 2861 2056 2925 tiam,
2085 2876 2214 2913 cum
2245 2876 2371 2914 eam
2402 2864 2663 2914 naturam
2696 2865 2865 2930 atque
2896 2861 3268 2916 substantiam
3299 2879 3420 2916 esse
3449 2863 3596 2917 dica-

1895 2949 2014 3002 tis?
2051 2948 2108 3003 Si
2147 2949 2302 3002 enim
2333 2952 2534 3002 contra
2563 2965 2621 3001 se
2652 2947 2809 3015 facit,
2844 2949 3032 3018 ipsum
3063 2965 3184 3002 esse
3216 2950 3322 3004 sibi
3351 2951 3590 3006 adimit:

1897 3037 2050 3110 quod
2069 3037 2114 3090 si
2137 3037 2456 3108 perfecerit,
2485 3041 2620 3090 tunc
2641 3037 2872 3090 demum
2895 3037 3190 3107 perveniet
3209 3039 3278 3092 ad
3301 3055 3592 3093 summum

1896 3125 2134 3179 malum.
2159 3125 2281 3178 Non
2295 3129 2487 3178 autem
2511 3124 2786 3196 perﬁciet,
2810 3125 2945 3196 quia
2966 3141 3092 3178 eam
3113 3142 3229 3180 non
3250 3128 3421 3180 modo
3443 3143 3591 3193 esse,

1896 3229 2094 3267 verum
2127 3211 2299 3266 etiam
2321 3212 2731 3282 sempiternam
2756 3228 2876 3266 esse
2903 3211 3091 3267 vultis.
3125 3214 3249 3268 Non
3276 3218 3464 3283 potest
3495 3215 3594 3284 igi-

1897 3307 1993 3356 tur
2022 3317 2142 3355 esse
2173 3317 2464 3355 summum
2493 3301 2728 3367 malum,
2763 3301 2918 3372 quod
2947 3300 3279 3372 perhibetur
3309 3317 3431 3356 esse
3463 3303 3599 3355 sub-

1897 3390 2106 3445 stantia
2118 3433 2131 3446 .

1969 3483 2019 3535 4.
2061 3479 2170 3535 Sed
2201 3479 2340 3551 quid
2369 3479 2611 3534 faciam?
2642 3478 2766 3534 Scio
2797 3479 2986 3550 plures
3029 3495 3149 3534 esse
3180 3479 3241 3533 in
3279 3479 3462 3548 vobis,
3497 3479 3599 3551 qui

1897 3569 2021 3624 haec
2066 3568 2386 3639 intelligere
2440 3568 2675 3622 omnino
2722 3571 3030 3639 nequeant.
3076 3568 3200 3623 Scio
3244 3584 3443 3622 rursus
3475 3584 3595 3622 esse

1899 3657 2200 3728 quosdam,
2223 3657 2320 3727 qui
2355 3673 2687 3727 quanquam
2709 3657 2860 3710 bono
2889 3656 3120 3726 ingenio
3145 3660 3457 3727 utcumque
3488 3655 3596 3710 ista

1896 3746 2143 3812 videant,
2188 3745 2338 3798 mala
2385 3749 2579 3798 tamen
2615 3744 2924 3809 voluntate,
2973 3760 3087 3815 qua
3135 3743 3324 3814 ipsum
3367 3761 3596 3814 quoque

1898 3831 2194 3904 ingenium
2233 3836 2368 3885 sunt
2411 3831 2693 3895 amissuri,
2735 3830 3098 3902 pertinaciter
3127 3836 3318 3902 agant,
3351 3838 3407 3885 et
3436 3849 3593 3903 qum-

1901 3926 2031 3974 rant
2072 3919 2264 3990 potius
2293 3918 2431 3988 quid
2459 3918 2728 3972 adversus
2759 3918 2865 3971 ista
2900 3918 3108 3986 dicant,
3149 3919 3298 3989 quod
3334 3920 3510 3974 tardis
3541 3925 3595 3974 et

1898 4008 2196 4063 imbecillis
2222 4007 2381 4061 facile
2407 4007 2838 4078 persuadeatur,
2863 4023 3038 4078 quam
3064 4023 3196 4061 vera
3220 4023 3341 4061 esse
3361 4024 3598 4062 consen-

1898 4099 2060 4152 tiant.
2089 4098 2212 4151 Non
2231 4112 2319 4150 me
2334 4101 2524 4150 tamen
2542 4095 2831 4166 scripsisse
2853 4095 3154 4166 pmnitebit
3175 4097 3330 4166 quod
3354 4101 3451 4150 aut
3467 4097 3595 4167 quis

1902 4202 2072 4258 quam
2104 4184 2161 4238 in
2191 4183 2347 4238 vobis
2376 4183 2605 4238 tandem
2635 4199 2751 4237 non
2773 4182 2975 4254 iniquo
3000 4183 3218 4253 judicio
3246 4183 3592 4253 consideret,

1899 4280 2265 4344 vestrumque
2295 4272 2583 4343 relinquat
2603 4287 2856 4326 errorem
2883 4291 2898 4340 ;
2928 4275 3026 4325 aut
3046 4272 3198 4342 quod
3227 4272 3512 4343 ingeniosi
3541 4279 3598 4328 et

1902 4365 2016 4418 Deo
2043 4361 2276 4428 subditi,
2308 4365 2478 4432 atque
2501 4360 2681 4414 adhuc
2704 4361 2774 4415 ab
2804 4360 2994 4415 studio
3017 4365 3204 4414 vestro
3234 4361 3444 4432 integri
3465 4378 3595 4416 cum

1900 4451 2166 4522 legerint,
2206 4466 2320 4504 non
2349 4450 2568 4520 possint
2596 4450 2794 4503 vestris
2825 4450 3186 4504 sermonibus
3217 4450 3423 4522 decipi.

1901 4540 2126 4595 CAPUT
2159 4541 2257 4594 Ill.
2291 4569 2362 4578 —
2388 4541 2593 4593 Malum
2626 4541 2678 4593 si
2710 4539 2970 4608 deﬁnitur
2993 4539 3055 4592 id
3095 4554 3207 4594 esse
3247 4540 3393 4608 quod
3421 4546 3596 4611 nocet,

2183 4634 2250 4671 ea:
2281 4619 2375 4671 hoc
2402 4633 2592 4672 rursus
2623 4619 2909 4672 Manichaei
2940 4621 3309 4673 revincuntur.

1973 4712 2022 4762 5.
2058 4707 2389 4771 Quaeramus
2409 4721 2544 4775 ergo
2569 4705 2677 4759 ista
2705 4705 3053 4776 diligentius,
3082 4711 3137 4760 et
3158 4712 3440 4778 quantum
3470 4709 3599 4764 fieri

1900 4800 2104 4867 potest,
2137 4795 2382 4865 planius.
2421 4796 2766 4848 Percunctor
2805 4810 2900 4848 vos
2938 4793 3149 4849 iterum
3181 4797 3321 4867 quid
3367 4797 3440 4851 sit
3468 4815 3598 4853 ma—

1902 4884 2066 4939 lum?
2094 4884 2150 4938 Si
2177 4882 2451 4951 dixeritis,
2485 4883 2547 4937 Id
2580 4882 2736 4953 quod
2772 4888 2973 4950 nocet;
3009 4899 3196 4956 neque
3231 4885 3322 4940 hic
3353 4886 3597 4942 mentie-

1901 4970 2064 5026 mini.
2119 4970 2245 5035 Sed,
2297 4985 2510 5040 quaeso,
2549 4969 3025 5038 animadvertite;
3067 4989 3285 5043 quaeso,
3325 4974 3598 5045 vigilate;

1905 5075 2120 5131 quaeso,
2156 5058 2425 5128 deponite
2464 5058 2649 5113 studia
2678 5058 2952 5130 partium,
2986 5065 3044 5115 et
3074 5078 3292 5129 verum,
3325 5078 3440 5116 non
3469 5062 3596 5116 vin-

1422 5162 1699 5198 ADMONITIO
1725 5163 1801 5198 PP.
1833 5160 2282 5198 BKNEDICTINORUI.

156 5219 393 5283 Collatus
409 5223 488 5283 est
505 5219 658 5281 (liber
673 5219 736 5268 de
747 5219 983 5283 Moribus
999 5220 1432 5283 Manichzeorum)
1446 5235 1566 5268 cum
1580 5219 2010 5270 Mss.Sorbonicis
2023 5216 2497 5283 tribpsﬂictprinis
2509 5216 2872 5283 totidem,cum
2885 5217 3594 5283 Navarrico,Christina_2auo,

91 5281 450 5345 Cisterciensi,
470 5279 931 5345 Regio-Montensi.
951 5283 1367 5340 Gemmeticensi,
1381 5279 1431 5331 et
1447 5297 1554 5330 uno
1566 5296 1592 5331 e
1605 5283 1790 5344 majori
1801 5285 2067 5332 conventu
2081 5280 2182 5328 RR.
2200 5279 2295 5328 PP.
2310 5279 2777 5329 Franciscanorum
2792 5281 2952 5330 Paris.
2970 5295 3090 5330 cum
3103 5280 3418 5330 lectionibus
3432 5281 3598 5345 Belgi-

92 5358 286 5392 corum
312 5344 706 5408 quinque’apud
726 5346 872 5400 Lov.,
903 5349 1165 5406 postremo
1187 5359 1306 5394 cum
1329 5345 1648 5394 editiouibus
1661 5345 1747 5408 Er.
1767 5349 1820 5394 et
1836 5346 1958 5395 Lov.

192 5405 750 5494 Comparavihius
781 5405 1112 5495 praeterea
1163 5429 1273 5473 eas
1321 5429 1541 5474 omnes
1591 5407 1906 5475 editiones
1955 5405 2144 5471 initio
2179 5405 2754 5472 Retractationum
2787 5417 2851 5472 et
2899 5407 3423 5473 Confessionum
3461 5429 3594 5473 me-

91 5507 418 5561 moratas.
516 5498 600 5561 M.

162 5597 177 5630 ¹
203 5595 285 5642 Ita
317 5595 373 5643 in
401 5593 656 5643 hactenus
683 5593 853 5658 editis.
882 5592 1040 5658 Atin
1059 5593 1180 5643 Mss.
1201 5596 1399 5658 septem
1420 5595 1714 5645 omittitur:
1754 5593 2036 5648 Verissime
2053 5591 2260 5652 dicitis;
2290 5591 2346 5642 in
2366 5592 2483 5642 aliis
2509 5596 2736 5656 quatuor
2757 5591 2980 5641 habetur
3002 5605 3013 5639 :
3056 5591 3113 5640 Si
3134 5589 3329 5654 dicitis,
3351 5593 3501 5657 quod
3523 5597 3597 5646 est

92 5660 297 5708 contra
313 5659 598 5718 naturam,
623 5657 897 5706 verissime
913 5655 1108 5706 dicitis.
