4074 6364
541 297 561 348 1
574 294 673 348 347

538 415 722 482 cendi,
759 413 860 469 sed
891 411 1219 467 inveniendi
1249 410 1432 481 gratia
1459 409 1718 480 quaerite.
1748 408 2036 480 Quidquid
2066 407 2222 462 enim

535 506 721 568 nocet,
752 502 903 555 bono
939 500 1128 570 aliquo
1159 500 1341 570 privat
1369 514 1494 553 eam
1523 513 1643 552 rem
1664 498 1755 552 cui
1783 501 1979 551 nocet:
2013 512 2147 550 nam
2177 495 2223 548 si

534 591 758 644 nullum
787 590 1003 643 bonum
1032 589 1249 655 adimit,
1291 586 1435 642 nihil
1464 603 1696 657 prorsus
1727 590 1911 640 nocet.
1944 585 2092 649 Quid
2117 585 2225 638 hoc

535 677 804 748 apertius,
830 679 1062 732 obsecro
1084 693 1182 730 vos
1197 679 1226 730 ?
1252 675 1392 746 quid
1417 675 1643 746 planius
1658 674 1685 727 Ἰ
1709 675 1845 745 quid
1865 679 1980 728 tam
2003 673 2224 743 exposi-

533 770 657 820 tum
673 765 846 820 cuivis
869 763 1142 819 mediocri
1161 763 1522 833 intellectori,
1556 764 1724 818 modo
1755 779 1872 817 non
1902 762 2224 834 pertinaci?

536 855 651 908 Hoc
674 853 1105 923 autempositio,
1130 853 1357 906 videtur
1369 853 1513 922 jam,
1530 857 1596 906 ut
1618 851 1839 923 opinor,
1865 852 2002 922 quid
2023 868 2226 921 sequa-

535 946 647 997 tur.
678 943 742 996 ln
766 941 865 995 illa
891 941 1102 1012 quippe
1134 944 1303 1011 gente
1333 955 1506 1011 quam
1533 955 1822 993 summum
1855 939 2072 993 malum
2102 955 2223 992 esse

535 1029 925 1101 suspicamini,
957 1028 1152 1083 noceri
1176 1028 1444 1098 cuiquam
1475 1027 1556 1080 rei
1579 1043 1694 1081 non
1720 1031 1925 1098 potest,
1952 1026 2052 1080 ubi
2079 1025 2220 1080 nihil

533 1123 617 1173 est
645 1119 798 1173 boni.
832 1119 990 1183 Quod
1019 1118 1066 1171 si
1100 1117 1228 1189 dque
1257 1121 1479 1170 naturae
1506 1123 1656 1185 sunt,
1688 1121 1753 1169 ut
1793 1114 2109 1177 afﬁrmatis,
2139 1131 2224 1168 re-

532 1223 709 1278 gnum
731 1206 894 1273 lucis,
919 1211 976 1260 et
998 1222 1240 1276 regnum
1259 1205 1621 1259 tenebrarum
1648 1224 1664 1272 ;
1686 1205 1958 1276 quoniam
1981 1220 2224 1274 regnum

531 1295 693 1362 lucis,
735 1296 914 1349 Deum
946 1311 1064 1348 esse
1111 1293 1390 1360 fatemini,
1433 1293 1524 1347 cui
1561 1293 1878 1363 simplicem
1916 1292 2224 1363 quamdam

530 1388 796 1438 naturam
830 1382 1155 1450 conceditis,
1187 1382 1266 1436 ita
1295 1387 1357 1436 ut
1387 1381 1464 1435 ibi
1495 1399 1612 1435 non
1641 1383 1712 1435 sit
1741 1380 1895 1435 aliud
1926 1381 2037 1435 alio
2071 1381 2224 1435 dete-

532 1472 685 1526 rius:
719 1471 1107 1526 conﬁteamini
1133 1486 1358 1525 necesse
1389 1475 1492 1537 est,
1529 1471 1680 1540 quod
1707 1471 2072 1523 vehementer
2101 1468 2224 1539 qui-

535 1560 667 1614 dem
701 1563 784 1613 est
822 1560 1121 1614 adversum
1156 1575 1270 1624 vos,
1316 1559 1415 1612 sed
1444 1563 1638 1612 tamen
1668 1574 1896 1611 necesse
1931 1563 2016 1611 est
2047 1557 2223 1610 conﬁ-

533 1646 786 1712 teamini,
820 1647 984 1700 istam
1015 1650 1296 1712 naturam,
1331 1661 1504 1716 quam
1540 1661 1831 1699 summum
1862 1646 2079 1699 bonum
2109 1661 2223 1698 non

533 1736 701 1789 modo
733 1751 847 1788 non
877 1734 1118 1805 negatis,
1152 1733 1249 1787 sed
1280 1732 1449 1786 etiam
1482 1733 1849 1787 vehementer
1877 1733 2222 1803 persuadere

530 1822 837 1889 conamini,
874 1839 994 1876 esse
1026 1821 1573 1885 incommutabilem,
1609 1825 1668 1874 et
1706 1820 2219 1891 impenetrabilem,

532 1916 588 1966 et
625 1910 1138 1980 incorruptibilem,
1185 1915 1244 1964 et
1288 1908 1712 1963 inviolabilem:
1766 1926 1879 1962 non
1921 1908 2073 1962 enim
2116 1909 2224 1963 erit

531 1999 696 2054 aliter
723 2015 1012 2054 summum
1041 1998 1285 2052 bonum:
1311 1997 1367 2052 id
1390 2002 1472 2050 est
1501 1997 1654 2051 enim
1685 2014 1796 2068 quo
1835 1996 1977 2050 nihil
2005 2002 2089 2050 est
2107 2013 2224 2050 me-

531 2088 676 2142 lius:
710 2087 811 2142 tali
839 2091 1031 2141 autem
1061 2091 1281 2140 natura:
1312 2086 1502 2139 noceri
1525 2086 1680 2139 nullo
1710 2089 1874 2156 pacto
1903 2089 2115 2155 potest.
2153 2088 2224 2140 At

531 2176 578 2230 si
606 2191 830 2242 nocere,
860 2175 1012 2230 bono
1042 2174 1264 2245 privare
1295 2178 1398 2239 est,
1423 2173 1566 2227 sicut
1595 2173 1818 2228 ostendi
1843 2190 1855 2239 ;
1889 2173 2082 2228 noceri
2110 2190 2223 2227 non

529 2268 721 2336 potest
744 2279 921 2334 regno
951 2263 1341 2328 tenebrarum,
1375 2260 1511 2332 quia
1539 2261 1680 2315 nihil
1708 2261 1788 2315 ibi
1804 2262 1941 2315 boni
1967 2267 2084 2328 est;
2117 2278 2222 2315 no-

530 2353 644 2407 ceri
674 2369 793 2407 non
825 2356 1021 2422 potest
1048 2367 1226 2421 regno
1253 2350 1414 2415 lucis,
1449 2350 1583 2420 quia
1609 2350 1934 2404 inviolabile
1969 2353 2082 2404 est:
2131 2349 2223 2405 cui

531 2442 710 2513 igitur
737 2441 963 2494 nocebit
991 2439 1146 2510 quod
1177 2437 1360 2492 dicitis
1391 2438 1607 2491 malum
1626 2439 1654 2491 ?

535 2531 758 2585 CAPUT
788 2529 874 2582 IV.
905 2555 971 2565 —
1001 2529 1136 2582 Boni
1173 2543 1274 2596 per
1319 2541 1374 2580 se
1416 2531 1466 2580 et
1507 2528 1927 2596 participatione
1965 2526 2221 2596 differen-

1322 2616 1419 2668 tia.

601 2709 653 2762 6.
685 2704 1088 2770 Quamobrem,
1118 2719 1248 2757 cum
1282 2719 1379 2756 vos
1417 2701 1683 2771 expedire
1715 2701 2030 2772 nequeatis,
2063 2702 2221 2756 vide-

458 2847 462 2850 _
532 2801 586 2850 te
620 2811 794 2867 quam
839 2792 1102 2864 expedita
1140 2792 1214 2845 sit
1255 2790 1539 2844 sententia
1567 2789 1853 2844 catholicae
1886 2790 2216 2862 disciplinae,

531 2901 661 2956 quae
691 2883 842 2938 aliud
875 2882 1007 2936 dicit
1029 2880 1246 2936 bonum
1276 2880 1430 2950 quod
1453 2895 1674 2933 summe
1697 2895 1760 2932 ac
1790 2895 1891 2950 per
1919 2896 1976 2933 se
2005 2881 2220 2934 bonum

528 2977 633 3040 est,
678 2975 736 3026 et
776 2987 895 3025 non
926 2968 1368 3040 participatione
1398 2968 1636 3038 alicujus
1665 2968 1820 3030 boni,
1853 2969 1951 3022 sed
1984 2969 2222 3040 propria

526 3064 730 3114 natura
758 3061 775 3096 ¹
809 3063 866 3113 et
897 3059 1174 3125 essentia;
1209 3057 1366 3111 aliud
1399 3056 1552 3126 quod
1580 3055 1975 3128 participando
2005 3058 2220 3112 bonum

527 3152 582 3202 et
604 3148 867 3202 habendo
893 3165 906 3215 ;
940 3147 1110 3200 habet
1142 3151 1335 3200 autem
1369 3146 1436 3199 de
1465 3145 1565 3198 illo
1594 3161 1818 3198 summo
1849 3145 1999 3199 bono
2029 3152 2095 3200 ut
2122 3147 2220 3200 bo-

527 3254 668 3292 num
689 3237 781 3304 sit,
804 3236 864 3290 in
879 3252 939 3290 se
965 3240 1162 3289 tamen
1185 3239 1451 3288 manente
1473 3233 1594 3302 illo,
1617 3233 1878 3304 nihilque
1899 3233 2215 3290 emittente.

531 3326 646 3378 Hoc
678 3326 870 3377 autem
898 3323 1115 3376 bonum
1164 3321 1319 3392 quod
1368 3325 1564 3390 postea
1600 3320 1868 3388 diximus,
1900 3327 2219 3376 creaturam

528 3416 710 3478 vocat,
748 3411 839 3465 cui
867 3411 1062 3464 noceri
1091 3427 1196 3480 per
1223 3409 1507 3464 defectum
1533 3414 1751 3479 potest:
1781 3410 1940 3480 cujus
1970 3410 2219 3465 defectus

468 3535 472 3540 ι
530 3501 678 3554 Deus
707 3510 900 3554 auctor
927 3515 1044 3553 non
1088 3502 1191 3566 est,
1238 3498 1374 3570 quia
1403 3497 1701 3564 existendi,
1744 3503 1801 3552 et
1835 3502 1898 3552 ut
1931 3498 2008 3552 ita
2035 3500 2217 3554 dicam

441 3645 444 3648 ,
528 3588 773 3654 essendi,
807 3591 1003 3642 auctor
1034 3591 1138 3640 est.
1165 3588 1246 3641 Ita
1275 3591 1332 3640 et
1352 3587 1568 3639 malum
1590 3586 1906 3640 ostenditur
1934 3589 2217 3658 quomodo

525 3677 778 3743 dicatur;
822 3692 939 3730 non
969 3675 1124 3730 enim
1174 3674 1489 3729 secundum
1520 3675 1843 3743 essentiam,
1877 3677 1972 3731 sed
2012 3691 2216 3732 secun-

526 3765 664 3820 dum
692 3764 1073 3835 privationem
1105 3763 1396 3818 verissime
1419 3763 1658 3818 dicitur:
1687 3769 1743 3819 et
1769 3769 1974 3820 natura
2001 3766 2093 3820 cui
2121 3783 2217 3820 no-

525 3853 641 3909 ceri
671 3852 848 3924 possit
877 3856 1138 3922 apparet.
1174 3853 1298 3906 Non
1327 3852 1481 3906 enim
1511 3851 1634 3922 ipsa
1663 3858 1748 3907 est
1777 3870 2063 3908 summum
2095 3871 2216 3909 ma-

523 3941 667 4008 lum,
701 3940 790 3995 cui
816 3941 1032 3995 bonum
1062 3940 1339 3994 adimitur
1367 3957 1496 3994 cum
1525 3946 1798 4010 nocetur;
1833 3959 2020 4014 neque
2052 3959 2214 3997 sum-

525 4045 684 4083 mum
716 4029 954 4094 bonum,
986 4044 1115 4098 qua:
1142 4032 1444 4099 propterea
1476 4029 1716 4083 deﬁcere
1749 4045 1782 4082 a
1819 4029 1969 4083 bono
2008 4035 2215 4100 potest,

525 4118 660 4188 quia
687 4134 805 4171 non
836 4117 1126 4171 existendo
1154 4117 1391 4183 bonum,
1414 4117 1513 4171 sed
1537 4117 1754 4172 bonum
1783 4118 2045 4172 habendo
2078 4118 2216 4172 dici-

523 4212 620 4260 tur
657 4207 826 4261 bona.
876 4207 1068 4276 Neque
1100 4205 1440 4260 naturaliter
1485 4207 1638 4260 bona
1665 4223 1754 4261 res
1783 4213 1884 4274 est,
1917 4223 2045 4278 quae
2085 4225 2216 4263 cum

524 4293 670 4348 facta
693 4293 920 4359 dicitur,
952 4293 1150 4362 utique
1180 4298 1240 4348 ut
1273 4293 1424 4347 bona
1447 4299 1595 4348 esset
1620 4295 1851 4365 accepit.
1886 4297 1970 4349 Ita
1994 4300 2050 4350 et
2070 4298 2216 4351 Deus

526 4379 818 4435 summum
845 4380 1066 4435 bonum
1089 4385 1193 4449 est,
1216 4385 1272 4436 et
1286 4398 1352 4435 ea
1367 4398 1494 4452 quae
1507 4383 1657 4450 fecit,
1677 4383 1828 4437 bona
1848 4389 1982 4438 sunt
2000 4385 2215 4456 omnia,

526 4469 785 4540 quamvis
818 4485 934 4524 non
977 4469 1092 4524 sint
1136 4474 1253 4524 tam
1291 4471 1461 4538 bona,
1503 4487 1676 4542 quam
1712 4475 1795 4526 est
1833 4471 1928 4526 ille
1965 4473 2086 4544 ipse
2116 4474 2216 4545 qui

523 4558 674 4613 fecit.
725 4559 862 4623 Quis
902 4559 1058 4614 enim
1103 4559 1210 4614 hoc
1248 4564 1366 4614 tam
1404 4560 1638 4615 insanus
1666 4561 1838 4616 audet
1877 4561 2123 4632 exigere,
2153 4567 2218 4616 ut

527 4647 771 4717 aequalia
798 4647 913 4703 sint
941 4647 1145 4703 artiﬁci
1176 4665 1367 4720 opera,
1399 4654 1456 4704 et
1483 4650 1710 4704 condita
1737 4650 2052 4706 conditori?
2069 4650 2215 4715 Quid

528 4735 775 4805 amplius
805 4737 1133 4792 desideratis
1151 4739 1179 4792 ?
1205 4740 1294 4792 An
1315 4738 1490 4793 etiam
1516 4738 1685 4793 vultis
1709 4738 1924 4811 aliquid
1946 4739 2172 4810 planius
2187 4743 2214 4796 ‘2

525 4825 751 4879 CAPUT
788 4825 850 4878 V.
889 4854 960 4865 —
997 4828 1204 4881 Malam
1248 4829 1300 4882 si
1349 4828 1605 4897 deﬁnitur
1638 4843 1747 4882 esse
1785 4830 2057 4898 corruptio
2089 4829 2216 4885 inde

745 4915 914 4966 etiam
941 4914 1196 4979 funditus
1225 4918 1483 4970 evertitur
1509 4917 1725 4970 illorum
1753 4916 1990 4971 haeresis.

594 5003 646 5056 7.
679 5001 941 5066 Quaeram
964 5016 1100 5071 ergo
1124 5001 1294 5056 tertio
1318 5002 1454 5074 quid
1480 5003 1552 5056 sit
1567 5004 1802 5058 malum.
1830 5005 2215 5073 Respondebi-

522 5089 594 5144 tis
618 5089 876 5152 fortasse,
908 5089 1230 5158 Corruptio.
1254 5091 1388 5154 Quis
1411 5098 1465 5145 et
1490 5093 1597 5145 hoc
1617 5093 1927 5162 negaverit,
1950 5096 2213 5163 generale

524 5179 741 5234 malum
771 5176 933 5233 esse?
974 5179 1114 5231 Nam
1146 5177 1252 5232 hoc
1288 5183 1370 5233 est
1403 5184 1601 5234 contra
1629 5185 1914 5249 naturam,
1949 5183 2055 5236 hoc
2085 5187 2168 5238 est
2194 5181 2217 5214 ³

588 5286 609 5355 ξ
627 5282 1446 5357 ΡΙᾳπθᾳΜεε..ἱειὴωοοοωίιςυηιε
1468 5287 1535 5334 Et
1551 5298 1660 5336 non
1677 5288 2098 5350 participatione
2115 5288 2215 5340 ali-

522 5346 669 5405 cujus
697 5346 837 5405 boni,
863 5345 959 5396 sed
977 5347 1198 5410 propria
1225 5349 1454 5396 natura.
1677 5345 1695 5350 “
1877 5345 1896 5350 ”

589 5409 610 5441 9
634 5407 732 5483 Hic
752 5422 814 5456 ex
855 5409 977 5483 lites.
1008 5407 1355 5483 restituimus,
1403 5405 1503 5457 hoc
1536 5412 1634 5466 est,
1674 5423 1882 5483 necnon
1905 5411 2215 5483 “infrahpost

526 5481 634 5578 nolit
659 5472 983 5579 esttmalum,
1013 5485 1076 5520 ex
1104 5471 1165 5519 iis
1186 5471 1490 5533 adjecimus,
1516 5483 1621 5519 non
1643 5476 1736 5531 est,
1764 5487 1881 5535 quae
1902 5474 1956 5522 in
1973 5471 2112 5523 Eddf
2129 5475 2214 5523 de-

523 5544 566 5578 si
606 5543 730 5580 eran
760 5545 838 5579 ur.

1495 286 1591 342 DE
1627 283 1940 342 MOBIBUS
1979 277 2550 346 MANICHJEORUM,
2593 277 2647 333 S.
2689 273 3070 333 AUGUSTINI
3924 278 4009 328 IBlé

2335 403 2490 477 quod
2519 406 2702 458 nocet.
2730 401 2839 456 Sed
2863 399 3149 470 corruptio
3167 413 3282 452 non
3301 402 3387 453 est
3415 398 3475 452 in
3498 398 3719 470 seipsa,
3749 397 3853 453 sed
3871 397 3926 451 in
3946 399 4012 452 ali-

2331 510 2444 564 qua
2474 489 2786 546 substantia
2807 504 2979 561 quam
3001 487 3353 558 corrumpit:
3377 503 3496 541 non
3530 487 3700 544 enim
3735 486 4015 540 substantia

2331 586 2416 636 est
2445 581 2566 652 ipsa
2597 577 2908 650 corruptio.
2935 579 3011 630 Ea
3031 576 3205 647 igitur
3224 591 3313 630 res
3339 593 3515 648 quam
3548 577 3906 646 corrumpit,
3929 593 4014 630 cor-

2329 669 2522 741 ruptio
2555 684 2668 722 non
2699 673 2802 734 est,
2827 666 3043 720 malum
3067 681 3180 718 nou
3212 663 3358 718 est‘.
3391 664 3559 729 Quod
3592 664 3766 718 enim
3798 681 4014 718 corrum-

2329 759 2505 830 pitur,
2554 756 2882 827 integritate
2913 758 2968 809 et
2999 752 3320 808 sinceritate
3363 753 3646 825 privatur.
3707 753 3878 817 Quod
3918 769 4010 814 errr

2332 863 2445 901 non
2473 846 2644 901 habet
2675 846 2851 899 ullam
2882 843 3267 898 sinceritatem
3291 859 3405 913 qua
3433 841 3730 912 privetur,
3761 858 4017 910 corrumpi

2330 952 2445 990 non
2473 938 2684 1006 potest;
2736 933 2890 1004 quod
2923 936 3115 987 autem
3161 932 3354 993 habet,
3401 931 3666 1001 profecto
3720 930 3938 984 bonum
3965 937 4017 983 est

2328 1022 2766 1094 participatione
2813 1020 3172 1076 sinceritatis.
3228 1021 3369 1074 Item
3420 1020 3576 1091 quod
3629 1021 4017 1090 corrumpitur,

2330 1113 2578 1184 profecto
2619 1110 2989 1182 pervertitur;
3033 1109 3183 1181 quod
3215 1113 3405 1163 autem
3436 1108 3823 1179 pervertitur,
3858 1108 4017 1162 ordine

2329 1200 2584 1272 privatur
2607 1215 2621 1252 :
2643 1199 2779 1254 ordo
2800 1201 2991 1252 autem
3017 1197 3234 1252 bonum
3259 1201 3362 1251 est.
3389 1198 3512 1250 Non
3538 1196 3732 1267 igitur
3760 1196 3913 1266 quod
3933 1213 4018 1249 cor-

2328 1290 2636 1361 rumpitur,
2683 1290 2833 1343 bono
2873 1292 3056 1343 caret:
3104 1303 3169 1341 eo
3202 1303 3449 1358 namque
3480 1287 3606 1358 ipso
3657 1303 3784 1357 quo
3819 1302 3929 1339 non
3956 1302 4018 1337 ca-

2332 1383 2434 1445 ret,
2468 1377 2689 1432 viduari
2727 1377 2864 1432 dum
2904 1375 3291 1447 corrumpitur
3337 1379 3544 1445 potest.
3595 1376 3762 1430 Gens
3793 1391 3924 1445 ergo
3951 1375 4018 1427 illa

2330 1467 2716 1532 tenebrarum,
2745 1465 2792 1520 si
2812 1465 2968 1519 omni
2991 1465 3141 1520 bono
3164 1464 3410 1532 carebat,
3436 1469 3499 1518 ut
3516 1463 3742 1533 dicitis,
3761 1467 4017 1532 corrumpi

2331 1572 2446 1609 non
2464 1559 2690 1625 poterat
2716 1570 2729 1608 :
2761 1570 2878 1608 non
2903 1553 3057 1608 enim
3077 1553 3321 1608 habebat
3352 1553 3503 1624 quod
3529 1551 3581 1605 ei
3600 1558 3813 1623 posset
3834 1552 4017 1607 aufero.-

2330 1643 2637 1714 corruplio,
2659 1659 2786 1714 quae
2813 1643 2861 1696 si
2886 1642 3031 1696 nihil
3052 1641 3292 1709 auferat,
3322 1658 3435 1695 non
3456 1641 3814 1711 corrumpit.
3839 1642 4017 1695 Audeie

2324 1733 2445 1803 jam
2477 1732 2684 1798 dicere,
2717 1731 2763 1784 si
2791 1730 3049 1802 potestis,
3079 1732 3261 1785 Deum
3289 1735 3346 1785 ct
3379 1730 3477 1784 Dei
3512 1746 3774 1800 regnum
3804 1731 4017 1802 potuisse

2331 1819 2642 1890 corrumpi,
2667 1819 2713 1873 si
2743 1820 2956 1874 diaboli
2975 1835 3220 1890 regnum
3242 1820 3411 1890 quale
3433 1819 3788 1886 describitis,
3821 1835 4019 1890 quomo~

2331 1909 2404 1963 do
2435 1907 2726 1978 corrumpi
2755 1913 2948 1978 posset
2976 1924 3091 1962 non
3115 1907 3404 1961 invenitis.

2332 1997 2557 2052 CAPUT
2589 1997 2678 2050 VI.
2713 2023 2778 2033 -—
2807 1997 3091 2065 Corruptio
3122 2011 3285 2064 quam
3314 2011 3427 2049 rem
3447 1997 3677 2063 ofﬁciat,
3708 1999 3764 2049 et
3795 1995 3927 2064 quid
3949 1998 4013 2048 sit.

2403 2088 2453 2140 8.
2484 2084 2628 2149 Quid
2651 2100 2787 2155 ergo
2808 2084 2943 2139 hinc
2967 2085 3064 2139 lux
3085 2083 3364 2138 catholica
3386 2083 3409 2115 ¹
3435 2084 3606 2138 dicit?
3626 2083 3792 2148 Quid
3819 2085 4015 2155 putatis.

2330 2173 2439 2228 nisi
2466 2175 2523 2228 id
2552 2174 2706 2244 quod
2735 2174 2908 2228 habet
2925 2173 3151 2238 veritas,
3173 2172 3466 2242 corrumpi
3492 2189 3660 2242 posse
3690 2173 3905 2227 factam
3924 2174 4019 2225 sub

2331 2261 2633 2316 stantiam:
2677 2277 2808 2315 nam
2855 2266 2911 2316 et
2939 2261 3098 2316 illam
3131 2277 3249 2315 non
3287 2261 3518 2328 factam,
3568 2277 3710 2332 qua:
3758 2277 4019 2315 summum

2277 2345 2282 2350 ’
2329 2350 2547 2404 bonum
2579 2354 2682 2418 est,
2716 2365 2836 2404 esse
2867 2349 3385 2419 incorruptibilem,
3416 2353 3472 2403 et
3500 2349 3697 2419 ipsam
3725 2351 4020 2420 corruptio-

2332 2455 2483 2505 nem,
2516 2455 2644 2509 qum
2676 2455 2967 2492 summum
2997 2439 3212 2492 malum
3241 2442 3345 2505 est,
3380 2455 3492 2492 non
3523 2455 3700 2510 posse
3733 2440 4018 2507 corrumpi,

2332 2528 2430 2582 sed
2470 2528 2615 2581 hanc
2663 2544 2778 2581 non
2823 2544 2942 2582 esse
2985 2527 3398 2582 substantiam?
3436 2527 3493 2582 Si
3542 2532 3750 2582 autem
3795 2528 4019 2599 quaeritis

2331 2617 2469 2687 quid
2500 2616 2590 2684 sit,
2623 2616 2806 2669 videte
2843 2632 2956 2686 quo
2984 2620 3223 2670 conetur
3264 2615 3577 2686 perducere
3618 2632 3761 2686 qua:
3790 2631 4018 2670 corrum-

2329 2701 2450 2772 pit?
2503 2719 2571 2756 ex
2617 2703 2802 2774 seipsa
2849 2703 3004 2757 enim
3051 2702 3225 2758 afﬁcit
3267 2720 3333 2758 ea
3384 2721 3514 2774 quae
3561 2710 4017 2775 corrumpuntur.

2331 2791 2612 2845 Deﬁciunt
2640 2797 2833 2846 autem
2861 2791 3053 2846 omnia
3083 2809 3185 2862 per
3213 2792 3648 2863 corruptionem
3688 2793 3766 2847 ab
3799 2811 3868 2848 eo
3897 2794 4018 2864 quod

2331 2884 2511 2948 erant,
2543 2885 2599 2934 et
2622 2897 2737 2934 non
2755 2897 3089 2952 permanere
3118 2887 3420 2952 coguntur,
3448 2898 3565 2936 non
3584 2898 3712 2937 esse
3737 2888 4017 2953 coguntur.

2328 2969 2456 3021 Esse
2489 2967 2642 3022 enim
2670 2968 2737 3022 ad
2781 2969 3129 3022 manendum
3167 2970 3430 3024 refertur.
3464 2971 3667 3041 Itaque
3704 2972 3866 3042 quod
3891 2988 4015 3024 sum-

2329 3073 2420 3110 me
2446 3061 2502 3111 et
2525 3056 2772 3111 maxime
2804 3074 2922 3111 esse
2949 3057 3175 3124 dicitur,
3208 3059 3597 3128 permanando
3621 3059 3688 3113 in
3723 3077 3786 3114 se
3815 3060 4014 3114 dicitur.

2329 3146 2471 3200 Nam
2503 3146 2654 3217 quod
2685 3150 2938 3200 mutatur
2967 3146 3025 3200 in
3053 3147 3276 3209 melius,
3312 3164 3427 3201 non
3457 3147 3592 3218 quia
3621 3150 3909 3204 manebat
3937 3165 4016 3201 nu~

2327 3237 2500 3299 tatur,
2529 3234 2628 3287 sed
2650 3234 2786 3304 quia
2805 3235 3235 3304 pervertebatur
3259 3234 3317 3288 in
3338 3235 3526 3306 pejus,
3549 3235 3605 3290 id
3631 3241 3728 3290 est
3749 3237 3827 3291 ab
3849 3252 4016 3291 essen-

2326 3321 2406 3375 tia
2425 3321 2753 3376 deﬁciebat:
2783 3322 2944 3392 cujus
2968 3322 3298 3377 defectionis
3323 3330 3523 3378 auctor
3551 3340 3674 3378 non
3709 3331 3806 3380 est
3833 3325 3933 3396 qui
3958 3339 4018 3378 es'i

2325 3414 2522 3464 auctor
2551 3409 2831 3465 essentize.
2873 3411 3163 3465 Mutantur
3193 3427 3328 3482 ergo
3364 3411 3631 3482 quiedam
3668 3413 3738 3468 in
3781 3414 4017 3475 meliora,

2327 3503 2380 3551 et
2407 3502 2708 3568 propterea
2729 3499 2972 3552 tendunt
2993 3515 3142 3553 esse:
3168 3516 3273 3553 nec
3292 3499 3560 3554 dicuntur
3577 3500 3692 3555 ista
3717 3503 4018 3557 mutatione

2324 3586 2596 3656 perverti,
2627 3587 2725 3642 sed
2775 3587 2985 3641 reverti
3031 3591 3200 3658 atque
3231 3589 3499 3643 converti.
3539 3591 3850 3645 Perversio
3890 3591 4019 3644 enim

2325 3674 2610 3729 contraria
2637 3679 2720 3730 est
2750 3676 3118 3730 ordinationi.
3145 3678 3274 3732 Haec
3301 3694 3432 3732 vero
3457 3694 3588 3748 quae
3612 3679 3876 3734 tendunt
3901 3697 4018 3744 esse.

2325 3762 2398 3816 ad
2437 3762 2698 3816 ordinem
2735 3763 3008 3818 tendunt:
3041 3780 3212 3834 quem
3263 3780 3394 3818 cum
3434 3764 3652 3820 fuerint
3707 3773 4014 3822 consecuta.

2323 3849 2513 3920 ipsum
2544 3867 2663 3905 esse
2701 3856 3153 3923 consequuntur,
3196 3860 3473 3924 quantum
3505 3853 3562 3908 id
3601 3861 3878 3910 creatura
3907 3870 4013 3910 con-

2325 3938 2486 4009 sequi
2509 3943 2714 4010 potest.
2750 3940 2899 3994 Ordo
2930 3940 3085 3994 enim
3115 3942 3186 3995 ad
3217 3941 3686 3998 convenientiam
3721 3945 4013 4016 quamdam

2324 4027 2476 4098 quod
2501 4027 2721 4082 ordinat
2741 4029 2969 4098 redigit.
2994 4029 3240 4098 Nihiljest
3264 4036 3455 4084 autem
3478 4047 3620 4098 esse,
3647 4049 3837 4104 quam
3862 4049 4014 4088 unum

2325 4131 2466 4171 esse.
2495 4117 2692 4188 Itaque
2707 4117 2769 4171 in
2793 4123 3070 4188 quantum
3093 4119 3346 4190 quidque
3370 4119 3646 4174 unitatem
3668 4122 4013 4194 adipiscitur.

2321 4204 2384 4258 in
2413 4208 2634 4259 tantum
2656 4211 2758 4260 est.
2788 4206 3030 4261 Unitatis
3049 4211 3134 4261 est
3150 4207 3303 4261 enim
3324 4208 3602 4278 operatio,
3628 4209 4016 4264 convenientia

2325 4297 2379 4348 et
2406 4294 2726 4363 concordia,
2757 4311 2870 4366 qua
2892 4300 3025 4350 sunt
3044 4295 3104 4350 in
3129 4300 3408 4368 quantum
3437 4302 3588 4363 sunt,
3617 4314 3688 4352 ea
3716 4315 3857 4370 quae
3884 4315 4015 4353 com-

2321 4382 2510 4452 posita
2539 4387 2704 4438 sunt:
2749 4400 2882 4438 nam
2926 4384 3207 4456 simplicia
3252 4401 3358 4455 per
3412 4401 3470 4439 se
3517 4390 3673 4452 sunt,
3727 4387 3874 4459 quia
3922 4402 4014 4439 una

2323 4473 2495 4538 sunt;
2524 4487 2653 4541 quae
2681 4477 2876 4526 autem
2904 4489 3021 4527 non
3056 4477 3192 4527 sunt
3220 4473 3522 4544 simplicia,
3554 4476 3874 4532 concordia
3906 4492 4014 4548 par-

2321 4557 2466 4611 tium
2483 4557 2787 4614 imitantur
2800 4560 3101 4626 unitatem,
3122 4566 3178 4616 et
3194 4561 3252 4616 in
3268 4565 3491 4617 tantum
3506 4563 3726 4618 suntin
3751 4571 4014 4636 quantum

2322 4651 2704 4718 assequuntur
2745 4649 2931 4714 Quare
2965 4649 3247 4705 ordinatio
3289 4667 3411 4705 esse
3451 4651 3626 4722 cogit,
3667 4651 4012 4708 inordinatio

2321 4752 2454 4790 vero
2484 4752 2602 4791 non
2628 4753 2748 4792 esse
2771 4758 2785 4806 ;
2811 4755 2939 4809 quae
2968 4739 3256 4810 perversio
3288 4739 3460 4794 etiam
3487 4741 3838 4796 nominatur
3867 4747 4014 4811 atque

2321 4825 2632 4896 corruptio.
2668 4826 2957 4898 Quidquid
2985 4827 3162 4898 igitur
3191 4829 3598 4899 corrumpitur,
3635 4846 3703 4884 eo
3748 4831 3936 4885 tendit
3967 4833 4016 4882 ul

2323 4929 2436 4968 non
2466 4913 2562 4969 sit.
2611 4916 2737 4969 Jam
2769 4921 3022 4971 vestrum
3054 4921 3140 4971 est
3168 4917 3526 4971 considerare
3557 4933 3675 4987 quo
3708 4924 3884 4990 cogat
3911 4933 4014 4969 cor—

2322 5001 2532 5072 ruptio,
2560 5007 2623 5057 ut
2645 5003 2876 5074 possitis
2905 5003 3162 5060 invenire
3194 5021 3487 5060 summum
3512 5006 3768 5061 malum:
3809 5022 3941 5062 nam
3968 5004 4010 5056 id

2323 5095 2408 5145 est
2435 5107 2548 5161 quo
2577 5091 2869 5162 corruptio
2897 5093 3207 5162 perducere
3237 5093 3457 5148 nititur.

2389 5228 2582 5293 1_Apud
2611 5229 2695 5277 Er.
2729 5229 2892 5292 Lugd.
2927 5231 3057 5280 Ven.
3086 5232 3210 5282 Lov.
3238 5232 3446 5281 omissis
3475 5231 3670 5292 verbis,
3703 5247 3819 5285 non
3842 5237 3934 5293 est,
3960 5234 4011 5280 ita

2321 5291 2542 5358 legitur:
2574 5295 2656 5358 Βία
2681 5291 2857 5358 igitur
2872 5305 2957 5343 res
2980 5306 3142 5358 quam
3173 5294 3462 5356 corrumpit
3490 5291 3792 5358 corruptio.
3825 5291 3929 5347 non
3951 5301 4011 5345 est

2321 5354 2550 5402 malum.
2590 5353 2743 5410 Quod
2776 5355 2930 5403 enim.
2984 5353 3067 5405 Μ.

2385 5415 2406 5448 ²
2435 5415 2610 5481 Editi:
2633 5413 2770 5481 Quid
2798 5429 2922 5481 ergo
2952 5417 3051 5468 tua:
3073 5416 3386 5469 catholica?
3405 5419 3653 5481 Mss.sex
3682 5435 3694 5468 :
3738 5421 3879 5478 Quid
3907 5431 4009 5481 ergo

2385 5431 2406 5448 ι
2435 5431 2600 5462 nuiu:
2633 5431 2769 5474 quia
2798 5431 2858 5466 er
2893 5431 2922 5465 ο
2952 5431 3051 5468 tua:
3073 5431 3344 5469 catnouca
3362 5431 3386 5466 γ
3405 5431 3527 5468 mss.
3561 5432 3653 5468 sex
3682 5435 3694 5468 :
3738 5431 3878 5478 Qm’a
3907 5431 4008 5481 ergo

2493 5476 2782 5528 Catholica.
2813 5431 2914 5528 Αῆἱ
2957 5481 3190 5544 quinque
3247 5484 3480 5530 nostram
3536 5480 3828 5532 lectionem
3886 5483 4008 5532 exhi-
