  <div class='ocr_page' id='page_1' title='image "/cluster/home/n/w/nwhite01/storage/ocr_20150623/32/umn.31951002477326y/686.png"; bbox 0 0 4074 6384; ppageno 0'>
   <div class='ocr_carea' id='block_1_1' title="bbox 131 314 255 367">
    <p class='ocr_par' dir='ltr' id='par_1_1' title="bbox 131 314 255 367">
     <span class='ocr_line' id='line_1_1' title="bbox 131 314 255 367; baseline -0.008 0"><span class='ocrx_word' id='word_1_1' title='bbox 131 314 255 367; x_wconf 74' lang='grc'><strong>1349</strong></span> 
     </span>
    </p>
   </div>
   <div class='ocr_carea' id='block_1_2' title="bbox 125 431 1815 489">
    <p class='ocr_par' dir='ltr' id='par_1_2' title="bbox 125 431 1815 489">
     <span class='ocr_line' id='line_1_2' title="bbox 125 431 1815 489; baseline -0.002 0"><span class='ocrx_word' id='word_1_2' title='bbox 125 435 344 489; x_wconf 85' lang='lat' dir='ltr'>CAPUT</span> <span class='ocrx_word' id='word_1_3' title='bbox 382 434 496 489; x_wconf 87' lang='lat' dir='ltr'><strong>VII.</strong></span> <span class='ocrx_word' id='word_1_4' title='bbox 538 464 607 472; x_wconf 94' lang='lat'><strong><em>—</em></strong></span> <span class='ocrx_word' id='word_1_5' title='bbox 638 434 736 488; x_wconf 85' lang='lat' dir='ltr'>Dei</span> <span class='ocrx_word' id='word_1_6' title='bbox 763 431 972 486; x_wconf 82' lang='lat' dir='ltr'>bonitas</span> <span class='ocrx_word' id='word_1_7' title='bbox 997 445 1104 485; x_wconf 85' lang='lat' dir='ltr'>non</span> <span class='ocrx_word' id='word_1_8' title='bbox 1135 432 1269 485; x_wconf 80' lang='lat' dir='ltr'><strong><em>sinit</em></strong></span> <span class='ocrx_word' id='word_1_9' title='bbox 1291 445 1403 484; x_wconf 82' lang='lat' dir='ltr'>rem</span> <span class='ocrx_word' id='word_1_10' title='bbox 1434 431 1603 485; x_wconf 82' lang='lat' dir='ltr'><strong><em>ullam</em></strong></span> <span class='ocrx_word' id='word_1_11' title='bbox 1632 446 1815 485; x_wconf 82' lang='lat' dir='ltr'>corru—</span> 
     </span>
    </p>
   </div>
   <div class='ocr_carea' id='block_1_3' title="bbox 185 520 1821 593">
    <p class='ocr_par' dir='ltr' id='par_1_3' title="bbox 185 520 1821 593">
     <span class='ocr_line' id='line_1_3' title="bbox 185 520 1821 593; baseline -0.002 -17"><span class='ocrx_word' id='word_1_12' title='bbox 185 525 367 593; x_wconf 76' lang='lat' dir='ltr'>ptione</span> <span class='ocrx_word' id='word_1_13' title='bbox 397 539 453 578; x_wconf 91' lang='lat' dir='ltr'>eo</span> <span class='ocrx_word' id='word_1_14' title='bbox 479 522 707 593; x_wconf 84' lang='lat' dir='ltr'>perduci</span> <span class='ocrx_word' id='word_1_15' title='bbox 720 525 782 575; x_wconf 85' lang='lat' dir='ltr'>ut</span> <span class='ocrx_word' id='word_1_16' title='bbox 803 535 909 575; x_wconf 86' lang='lat' dir='ltr'>non</span> <span class='ocrx_word' id='word_1_17' title='bbox 931 522 1022 575; x_wconf 84' lang='lat' dir='ltr'>sit.</span> <span class='ocrx_word' id='word_1_18' title='bbox 1049 520 1241 576; x_wconf 83' lang='lat' dir='ltr'>Creare</span> <span class='ocrx_word' id='word_1_19' title='bbox 1259 524 1309 575; x_wconf 84' lang='lat' dir='ltr'>et</span> <span class='ocrx_word' id='word_1_20' title='bbox 1337 520 1558 575; x_wconf 83' lang='lat' dir='ltr'>condere</span> <span class='ocrx_word' id='word_1_21' title='bbox 1581 535 1684 589; x_wconf 85' lang='lat' dir='ltr'>quo</span> <span class='ocrx_word' id='word_1_22' title='bbox 1710 520 1821 586; x_wconf 81' lang='lat' dir='ltr'>dif-</span> 
     </span>
    </p>
   </div>
   <div class='ocr_carea' id='block_1_4' title="bbox 188 614 390 679">
    <p class='ocr_par' dir='ltr' id='par_1_4' title="bbox 188 614 390 679">
     <span class='ocr_line' id='line_1_4' title="bbox 188 614 390 679; baseline 0 -13"><span class='ocrx_word' id='word_1_23' title='bbox 188 614 390 679; x_wconf 82' lang='lat' dir='ltr'>ferant.</span> 
     </span>
    </p>
   </div>
   <div class='ocr_carea' id='block_1_5' title="bbox 191 695 1818 767">
    <p class='ocr_par' dir='ltr' id='par_1_5' title="bbox 191 695 1818 767">
     <span class='ocr_line' id='line_1_5' title="bbox 191 695 1818 767; baseline -0.002 -12"><span class='ocrx_word' id='word_1_24' title='bbox 191 704 241 755; x_wconf 89' lang='lat'>9.</span> <span class='ocrx_word' id='word_1_25' title='bbox 275 700 381 755; x_wconf 82' lang='lat' dir='ltr'>Sed</span> <span class='ocrx_word' id='word_1_26' title='bbox 418 700 512 754; x_wconf 86' lang='lat' dir='ltr'>Dei</span> <span class='ocrx_word' id='word_1_27' title='bbox 541 697 765 752; x_wconf 84' lang='lat' dir='ltr'>bonitas</span> <span class='ocrx_word' id='word_1_28' title='bbox 795 713 860 751; x_wconf 91' lang='lat' dir='ltr'>eo</span> <span class='ocrx_word' id='word_1_29' title='bbox 883 712 1006 751; x_wconf 92' lang='lat' dir='ltr'>rem</span> <span class='ocrx_word' id='word_1_30' title='bbox 1029 695 1264 767; x_wconf 86' lang='lat' dir='ltr'>perduci</span> <span class='ocrx_word' id='word_1_31' title='bbox 1293 711 1410 749; x_wconf 91' lang='lat' dir='ltr'>non</span> <span class='ocrx_word' id='word_1_32' title='bbox 1435 695 1590 761; x_wconf 82' lang='lat' dir='ltr'>sinit,</span> <span class='ocrx_word' id='word_1_33' title='bbox 1615 700 1670 751; x_wconf 90' lang='lat' dir='ltr'>et</span> <span class='ocrx_word' id='word_1_34' title='bbox 1696 713 1818 751; x_wconf 92' lang='lat' dir='ltr'>om-</span> 
     </span>
    </p>
   </div>
   <div class='ocr_carea' id='block_1_6' title="bbox 122 784 1824 856">
    <p class='ocr_par' dir='ltr' id='par_1_6' title="bbox 122 784 1824 856">
     <span class='ocr_line' id='line_1_6' title="bbox 122 784 1824 856; baseline -0.003 -13"><span class='ocrx_word' id='word_1_35' title='bbox 122 789 215 844; x_wconf 80' lang='lat' dir='ltr'>nia</span> <span class='ocrx_word' id='word_1_36' title='bbox 241 787 563 842; x_wconf 90' lang='lat' dir='ltr'>deﬁcientia</span> <span class='ocrx_word' id='word_1_37' title='bbox 592 787 669 841; x_wconf 92' lang='lat' dir='ltr'>sic</span> <span class='ocrx_word' id='word_1_38' title='bbox 701 785 948 851; x_wconf 86' lang='lat' dir='ltr'>ordinat,</span> <span class='ocrx_word' id='word_1_39' title='bbox 975 789 1036 839; x_wconf 91' lang='lat' dir='ltr'>ut</span> <span class='ocrx_word' id='word_1_40' title='bbox 1063 784 1144 838; x_wconf 90' lang='lat' dir='ltr'>ibi</span> <span class='ocrx_word' id='word_1_41' title='bbox 1169 784 1282 837; x_wconf 89' lang='lat' dir='ltr'>sint</span> <span class='ocrx_word' id='word_1_42' title='bbox 1314 784 1409 838; x_wconf 90' lang='lat' dir='ltr'>ubi</span> <span class='ocrx_word' id='word_1_43' title='bbox 1435 785 1824 856; x_wconf 89' lang='lat' dir='ltr'>congruentis-</span> 
     </span>
    </p>
   </div>
   <div class='ocr_carea' id='block_1_7' title="bbox 124 873 1820 947">
    <p class='ocr_par' dir='ltr' id='par_1_7' title="bbox 124 873 1820 947">
     <span class='ocr_line' id='line_1_7' title="bbox 124 873 1820 947; baseline -0.002 -17"><span class='ocrx_word' id='word_1_44' title='bbox 124 877 262 932; x_wconf 82' lang='lat' dir='ltr'>sime</span> <span class='ocrx_word' id='word_1_45' title='bbox 301 877 520 947; x_wconf 87' lang='lat' dir='ltr'>possint</span> <span class='ocrx_word' id='word_1_46' title='bbox 551 891 694 941; x_wconf 89' lang='lat' dir='ltr'>esse,</span> <span class='ocrx_word' id='word_1_47' title='bbox 736 875 916 928; x_wconf 89' lang='lat' dir='ltr'>donec</span> <span class='ocrx_word' id='word_1_48' title='bbox 953 873 1231 928; x_wconf 75' lang='lat' dir='ltr'>ordinatis</span> <span class='ocrx_word' id='word_1_49' title='bbox 1263 874 1509 927; x_wconf 84' lang='lat' dir='ltr'>motibus</span> <span class='ocrx_word' id='word_1_50' title='bbox 1543 874 1613 928; x_wconf 89' lang='lat' dir='ltr'>ad</span> <span class='ocrx_word' id='word_1_51' title='bbox 1644 873 1699 928; x_wconf 91' lang='lat' dir='ltr'>id</span> <span class='ocrx_word' id='word_1_52' title='bbox 1732 890 1820 927; x_wconf 90' lang='lat' dir='ltr'>re-</span> 
     </span>
    </p>
   </div>
   <div class='ocr_carea' id='block_1_8' title="bbox 124 961 1820 1032">
    <p class='ocr_par' dir='ltr' id='par_1_8' title="bbox 124 961 1820 1032">
     <span class='ocr_line' id='line_1_8' title="bbox 124 961 1820 1032; baseline -0.002 -13"><span class='ocrx_word' id='word_1_53' title='bbox 124 969 352 1020; x_wconf 84' lang='lat' dir='ltr'>currant</span> <span class='ocrx_word' id='word_1_54' title='bbox 379 963 533 1018; x_wconf 91' lang='lat' dir='ltr'>unde</span> <span class='ocrx_word' id='word_1_55' title='bbox 567 962 898 1017; x_wconf 82' lang='lat' dir='ltr'>defecerunt</span> <span class='ocrx_word' id='word_1_56' title='bbox 927 961 1021 1032; x_wconf 89' lang='lat' dir='ltr'>(a).</span> <span class='ocrx_word' id='word_1_57' title='bbox 1058 962 1252 1031; x_wconf 83' lang='lat' dir='ltr'>Itaque</span> <span class='ocrx_word' id='word_1_58' title='bbox 1283 961 1455 1014; x_wconf 90' lang='lat' dir='ltr'>etiam</span> <span class='ocrx_word' id='word_1_59' title='bbox 1487 961 1705 1016; x_wconf 89' lang='lat' dir='ltr'>animas</span> <span class='ocrx_word' id='word_1_60' title='bbox 1729 977 1820 1015; x_wconf 91' lang='lat' dir='ltr'>ra-</span> 
     </span>
    </p>
   </div>
   <div class='ocr_carea' id='block_1_9' title="bbox 123 1047 1822 1123">
    <p class='ocr_par' dir='ltr' id='par_1_9' title="bbox 123 1047 1822 1123">
     <span class='ocr_line' id='line_1_9' title="bbox 123 1047 1822 1123; baseline -0.004 -16"><span class='ocrx_word' id='word_1_61' title='bbox 123 1052 380 1116; x_wconf 89' lang='lat' dir='ltr'>tionales,</span> <span class='ocrx_word' id='word_1_62' title='bbox 411 1051 473 1106; x_wconf 91' lang='lat' dir='ltr'>in</span> <span class='ocrx_word' id='word_1_63' title='bbox 511 1051 720 1123; x_wconf 86' lang='lat' dir='ltr'>quibus</span> <span class='ocrx_word' id='word_1_64' title='bbox 765 1055 851 1104; x_wconf 91' lang='lat' dir='ltr'>est</span> <span class='ocrx_word' id='word_1_65' title='bbox 889 1048 1350 1120; x_wconf 77' lang='lat' dir='ltr'>potentissimum</span> <span class='ocrx_word' id='word_1_66' title='bbox 1385 1049 1627 1103; x_wconf 90' lang='lat' dir='ltr'>liberum</span> <span class='ocrx_word' id='word_1_67' title='bbox 1667 1047 1822 1101; x_wconf 88' lang='lat' dir='ltr'>arbi-</span> 
     </span>
    </p>
   </div>
   <div class='ocr_carea' id='block_1_10' title="bbox 123 1137 1822 1209">
    <p class='ocr_par' dir='ltr' id='par_1_10' title="bbox 123 1137 1822 1209">
     <span class='ocr_line' id='line_1_10' title="bbox 123 1137 1822 1209; baseline -0.004 -13"><span class='ocrx_word' id='word_1_68' title='bbox 123 1143 296 1197; x_wconf 87' lang='lat' dir='ltr'>trium</span> <span class='ocrx_word' id='word_1_69' title='bbox 310 1141 676 1203; x_wconf 68' lang='lat' dir='ltr'>*,deﬁcientes</span> <span class='ocrx_word' id='word_1_70' title='bbox 691 1157 719 1193; x_wconf 90' lang='lat' dir='ltr'>a</span> <span class='ocrx_word' id='word_1_71' title='bbox 732 1139 878 1206; x_wconf 88' lang='lat' dir='ltr'>se,in</span> <span class='ocrx_word' id='word_1_72' title='bbox 890 1137 1257 1192; x_wconf 89' lang='lat' dir='ltr'>inferioribus</span> <span class='ocrx_word' id='word_1_73' title='bbox 1269 1142 1540 1192; x_wconf 54' lang='lat' dir='ltr'>creatura).</span> <span class='ocrx_word' id='word_1_74' title='bbox 1552 1137 1822 1209; x_wconf 81' lang='lat' dir='ltr'>gradibus</span> 
     </span>
    </p>
   </div>
   <div class='ocr_carea' id='block_1_11' title="bbox 127 1225 1822 1298">
    <p class='ocr_par' dir='ltr' id='par_1_11' title="bbox 127 1225 1822 1298">
     <span class='ocr_line' id='line_1_11' title="bbox 127 1225 1822 1298; baseline -0.005 -13"><span class='ocrx_word' id='word_1_75' title='bbox 127 1231 368 1298; x_wconf 84' lang='lat' dir='ltr'>ordinat,</span> <span class='ocrx_word' id='word_1_76' title='bbox 399 1229 497 1284; x_wconf 89' lang='lat' dir='ltr'>ubi</span> <span class='ocrx_word' id='word_1_77' title='bbox 517 1230 660 1283; x_wconf 86' lang='lat' dir='ltr'>tales</span> <span class='ocrx_word' id='word_1_78' title='bbox 682 1245 804 1282; x_wconf 91' lang='lat' dir='ltr'>esse</span> <span class='ocrx_word' id='word_1_79' title='bbox 825 1228 1002 1282; x_wconf 87' lang='lat' dir='ltr'>decet.</span> <span class='ocrx_word' id='word_1_80' title='bbox 1033 1227 1195 1281; x_wconf 83' lang='lat' dir='ltr'>Fiunt</span> <span class='ocrx_word' id='word_1_81' title='bbox 1220 1242 1356 1297; x_wconf 91' lang='lat' dir='ltr'>ergo</span> <span class='ocrx_word' id='word_1_82' title='bbox 1377 1227 1602 1280; x_wconf 71' lang='lat' dir='ltr'>miseras</span> <span class='ocrx_word' id='word_1_83' title='bbox 1629 1225 1822 1280; x_wconf 90' lang='lat' dir='ltr'>divino</span> 
     </span>
    </p>
   </div>
   <div class='ocr_carea' id='block_1_12' title="bbox 118 1315 1824 1390">
    <p class='ocr_par' dir='ltr' id='par_1_12' title="bbox 118 1315 1824 1390">
     <span class='ocr_line' id='line_1_12' title="bbox 118 1315 1824 1390; baseline -0.004 -17"><span class='ocrx_word' id='word_1_84' title='bbox 118 1319 355 1390; x_wconf 86' lang='lat' dir='ltr'>judicio,</span> <span class='ocrx_word' id='word_1_85' title='bbox 383 1319 522 1373; x_wconf 90' lang='lat' dir='ltr'>dum</span> <span class='ocrx_word' id='word_1_86' title='bbox 551 1317 956 1371; x_wconf 85' lang='lat' dir='ltr'>convenienter</span> <span class='ocrx_word' id='word_1_87' title='bbox 984 1331 1087 1386; x_wconf 90' lang='lat' dir='ltr'>pro</span> <span class='ocrx_word' id='word_1_88' title='bbox 1116 1315 1332 1368; x_wconf 91' lang='lat' dir='ltr'>meritis</span> <span class='ocrx_word' id='word_1_89' title='bbox 1363 1315 1718 1369; x_wconf 88' lang='lat' dir='ltr'>ordinantur.</span> <span class='ocrx_word' id='word_1_90' title='bbox 1746 1315 1824 1368; x_wconf 77' lang='lat' dir='ltr'>Ex</span> 
     </span>
    </p>
   </div>
   <div class='ocr_carea' id='block_1_13' title="bbox 126 1402 1822 1477">
    <p class='ocr_par' dir='ltr' id='par_1_13' title="bbox 126 1402 1822 1477">
     <span class='ocr_line' id='line_1_13' title="bbox 126 1402 1822 1477; baseline -0.003 -17"><span class='ocrx_word' id='word_1_91' title='bbox 126 1424 237 1477; x_wconf 89' lang='lat' dir='ltr'>quo</span> <span class='ocrx_word' id='word_1_92' title='bbox 271 1407 412 1462; x_wconf 92' lang='lat' dir='ltr'>illud</span> <span class='ocrx_word' id='word_1_93' title='bbox 445 1406 661 1476; x_wconf 91' lang='lat' dir='ltr'>optime</span> <span class='ocrx_word' id='word_1_94' title='bbox 693 1405 905 1460; x_wconf 90' lang='lat' dir='ltr'>dictum</span> <span class='ocrx_word' id='word_1_95' title='bbox 942 1408 1044 1470; x_wconf 88' lang='lat' dir='ltr'>est,</span> <span class='ocrx_word' id='word_1_96' title='bbox 1078 1403 1231 1474; x_wconf 89' lang='lat' dir='ltr'>quod</span> <span class='ocrx_word' id='word_1_97' title='bbox 1276 1403 1541 1457; x_wconf 88' lang='lat' dir='ltr'>insectari</span> <span class='ocrx_word' id='word_1_98' title='bbox 1582 1402 1822 1456; x_wconf 84' lang='lat' dir='ltr'>maxime</span> 
     </span>
    </p>
   </div>
   <div class='ocr_carea' id='block_1_14' title="bbox 124 1491 1820 1562">
    <p class='ocr_par' dir='ltr' id='par_1_14' title="bbox 124 1491 1820 1562">
     <span class='ocr_line' id='line_1_14' title="bbox 124 1491 1820 1562; baseline -0.004 -12"><span class='ocrx_word' id='word_1_99' title='bbox 124 1496 349 1550; x_wconf 86' lang='lat' dir='ltr'>soletis:</span> <span class='ocrx_word' id='word_1_100' title='bbox 401 1498 514 1562; x_wconf 85' lang='lat' dir='ltr'>Ego</span> <span class='ocrx_word' id='word_1_101' title='bbox 562 1497 706 1561; x_wconf 86' lang='lat' dir='ltr'>facio</span> <span class='ocrx_word' id='word_1_102' title='bbox 757 1495 913 1560; x_wconf 85' lang='lat' dir='ltr'>bona,</span> <span class='ocrx_word' id='word_1_103' title='bbox 954 1497 1005 1546; x_wconf 89' lang='lat' dir='ltr'>et</span> <span class='ocrx_word' id='word_1_104' title='bbox 1050 1508 1164 1546; x_wconf 84' lang='lat' dir='ltr'>creo</span> <span class='ocrx_word' id='word_1_105' title='bbox 1205 1493 1352 1546; x_wconf 87' lang='lat' dir='ltr'>mala</span> <span class='ocrx_word' id='word_1_106' title='bbox 1396 1493 1550 1562; x_wconf 81' lang='grc' dir='ltr'>(1εαὶ.</span> <span class='ocrx_word' id='word_1_107' title='bbox 1591 1507 1713 1557; x_wconf 78' lang='lat' dir='ltr'>XLV,</span> <span class='ocrx_word' id='word_1_108' title='bbox 1746 1491 1820 1560; x_wconf 87' lang='lat'>7).</span> 
     </span>
    </p>
   </div>
   <div class='ocr_carea' id='block_1_15' title="bbox 124 1578 1824 1654">
    <p class='ocr_par' dir='ltr' id='par_1_15' title="bbox 124 1578 1824 1654">
     <span class='ocr_line' id='line_1_15' title="bbox 124 1578 1824 1654; baseline -0.004 -15"><span class='ocrx_word' id='word_1_109' title='bbox 124 1586 324 1639; x_wconf 82' lang='lat' dir='ltr'>Creare</span> <span class='ocrx_word' id='word_1_110' title='bbox 354 1599 606 1654; x_wconf 85' lang='lat' dir='ltr'>namque</span> <span class='ocrx_word' id='word_1_111' title='bbox 633 1583 841 1637; x_wconf 92' lang='lat' dir='ltr'>dicitur</span> <span class='ocrx_word' id='word_1_112' title='bbox 869 1581 1113 1636; x_wconf 89' lang='lat' dir='ltr'>condere</span> <span class='ocrx_word' id='word_1_113' title='bbox 1145 1585 1201 1635; x_wconf 89' lang='lat' dir='ltr'>et</span> <span class='ocrx_word' id='word_1_114' title='bbox 1227 1581 1510 1634; x_wconf 89' lang='lat' dir='ltr'>ordinare.</span> <span class='ocrx_word' id='word_1_115' title='bbox 1540 1581 1736 1650; x_wconf 85' lang='lat' dir='ltr'>Itaque</span> <span class='ocrx_word' id='word_1_116' title='bbox 1764 1578 1824 1632; x_wconf 90' lang='lat' dir='ltr'>in</span> 
     </span>
    </p>
   </div>
   <div class='ocr_carea' id='block_1_16' title="bbox 123 1669 1823 1745">
    <p class='ocr_par' dir='ltr' id='par_1_16' title="bbox 123 1669 1823 1745">
     <span class='ocr_line' id='line_1_16' title="bbox 123 1669 1823 1745; baseline -0.003 -19"><span class='ocrx_word' id='word_1_117' title='bbox 123 1674 408 1745; x_wconf 84' lang='lat' dir='ltr'>plerisque</span> <span class='ocrx_word' id='word_1_118' title='bbox 453 1671 876 1742; x_wconf 84' lang='lat' dir='ltr'>exemplaribus</span> <span class='ocrx_word' id='word_1_119' title='bbox 921 1670 1000 1723; x_wconf 91' lang='lat' dir='ltr'>sic</span> <span class='ocrx_word' id='word_1_120' title='bbox 1047 1669 1321 1739; x_wconf 89' lang='lat' dir='ltr'>scriptum</span> <span class='ocrx_word' id='word_1_121' title='bbox 1367 1672 1470 1735; x_wconf 89' lang='lat' dir='ltr'>est,</span> <span class='ocrx_word' id='word_1_122' title='bbox 1521 1671 1634 1736; x_wconf 89' lang='lat' dir='ltr'>Ego</span> <span class='ocrx_word' id='word_1_123' title='bbox 1677 1670 1823 1733; x_wconf 85' lang='lat' dir='ltr'>facio</span> 
     </span>
    </p>
   </div>
   <div class='ocr_carea' id='block_1_17' title="bbox 125 1757 1824 1827">
    <p class='ocr_par' dir='ltr' id='par_1_17' title="bbox 125 1757 1824 1827">
     <span class='ocr_line' id='line_1_17' title="bbox 125 1757 1824 1827; baseline -0.005 -10"><span class='ocrx_word' id='word_1_124' title='bbox 125 1763 258 1816; x_wconf 82' lang='lat' dir='ltr'>bona</span> <span class='ocrx_word' id='word_1_125' title='bbox 282 1766 332 1816; x_wconf 85' lang='lat' dir='ltr'>et</span> <span class='ocrx_word' id='word_1_126' title='bbox 354 1762 519 1816; x_wconf 83' lang='lat' dir='ltr'>condo</span> <span class='ocrx_word' id='word_1_127' title='bbox 541 1763 706 1814; x_wconf 88' lang='lat' dir='ltr'>mala.</span> <span class='ocrx_word' id='word_1_128' title='bbox 743 1760 944 1813; x_wconf 83' lang='lat' dir='ltr'>Facere</span> <span class='ocrx_word' id='word_1_129' title='bbox 969 1757 1124 1812; x_wconf 91' lang='lat' dir='ltr'>enim</span> <span class='ocrx_word' id='word_1_130' title='bbox 1147 1762 1249 1820; x_wconf 85' lang='lat' dir='ltr'>est,</span> <span class='ocrx_word' id='word_1_131' title='bbox 1272 1758 1423 1827; x_wconf 76' lang='lat' dir='ltr'>quod</span> <span class='ocrx_word' id='word_1_132' title='bbox 1449 1757 1682 1810; x_wconf 80' lang='lat' dir='ltr'>omnino</span> <span class='ocrx_word' id='word_1_133' title='bbox 1707 1772 1824 1810; x_wconf 92' lang='lat' dir='ltr'>non</span> 
     </span>
    </p>
   </div>
   <div class='ocr_carea' id='block_1_18' title="bbox 124 1845 1824 1916">
    <p class='ocr_par' dir='ltr' id='par_1_18' title="bbox 124 1845 1824 1916">
     <span class='ocr_line' id='line_1_18' title="bbox 124 1845 1824 1916; baseline -0.005 -11"><span class='ocrx_word' id='word_1_134' title='bbox 124 1855 271 1916; x_wconf 90' lang='lat' dir='ltr'>erat;</span> <span class='ocrx_word' id='word_1_135' title='bbox 313 1850 559 1904; x_wconf 91' lang='lat' dir='ltr'>condere</span> <span class='ocrx_word' id='word_1_136' title='bbox 597 1852 812 1914; x_wconf 90' lang='lat' dir='ltr'>autem,</span> <span class='ocrx_word' id='word_1_137' title='bbox 855 1846 1120 1901; x_wconf 90' lang='lat' dir='ltr'>ordinare</span> <span class='ocrx_word' id='word_1_138' title='bbox 1167 1845 1320 1916; x_wconf 92' lang='lat' dir='ltr'>quod</span> <span class='ocrx_word' id='word_1_139' title='bbox 1361 1849 1670 1915; x_wconf 89' lang='lat' dir='ltr'>utcumque</span> <span class='ocrx_word' id='word_1_140' title='bbox 1700 1846 1824 1914; x_wconf 86' lang='lat' dir='ltr'>jam</span> 
     </span>
    </p>
   </div>
   <div class='ocr_carea' id='block_1_19' title="bbox 123 1934 1818 2006">
    <p class='ocr_par' dir='ltr' id='par_1_19' title="bbox 123 1934 1818 2006">
     <span class='ocr_line' id='line_1_19' title="bbox 123 1934 1818 2006; baseline -0.004 -14"><span class='ocrx_word' id='word_1_141' title='bbox 123 1942 259 2001; x_wconf 88' lang='lat' dir='ltr'>erat,</span> <span class='ocrx_word' id='word_1_142' title='bbox 287 1943 350 1992; x_wconf 92' lang='lat' dir='ltr'>ut</span> <span class='ocrx_word' id='word_1_143' title='bbox 379 1938 584 1991; x_wconf 88' lang='lat' dir='ltr'>melius</span> <span class='ocrx_word' id='word_1_144' title='bbox 615 1935 911 2006; x_wconf 84' lang='lat' dir='ltr'>magisque</span> <span class='ocrx_word' id='word_1_145' title='bbox 941 1935 1031 1988; x_wconf 87' lang='lat' dir='ltr'>sit.</span> <span class='ocrx_word' id='word_1_146' title='bbox 1059 1936 1133 1988; x_wconf 90' lang='lat' dir='ltr'>Ea</span> <span class='ocrx_word' id='word_1_147' title='bbox 1164 1950 1412 2004; x_wconf 90' lang='lat' dir='ltr'>namque</span> <span class='ocrx_word' id='word_1_148' title='bbox 1434 1934 1624 1987; x_wconf 86' lang='lat' dir='ltr'>condit</span> <span class='ocrx_word' id='word_1_149' title='bbox 1656 1935 1818 2000; x_wconf 91' lang='lat' dir='ltr'>Deus,</span> 
     </span>
    </p>
   </div>
   <div class='ocr_carea' id='block_1_20' title="bbox 123 2021 1824 2095">
    <p class='ocr_par' dir='ltr' id='par_1_20' title="bbox 123 2021 1824 2095">
     <span class='ocr_line' id='line_1_20' title="bbox 123 2021 1824 2095; baseline -0.002 -15"><span class='ocrx_word' id='word_1_150' title='bbox 123 2027 177 2082; x_wconf 93' lang='lat' dir='ltr'>id</span> <span class='ocrx_word' id='word_1_151' title='bbox 209 2030 295 2082; x_wconf 91' lang='lat' dir='ltr'>est</span> <span class='ocrx_word' id='word_1_152' title='bbox 315 2027 561 2095; x_wconf 87' lang='lat' dir='ltr'>ordinat,</span> <span class='ocrx_word' id='word_1_153' title='bbox 583 2041 712 2078; x_wconf 91' lang='lat' dir='ltr'>cum</span> <span class='ocrx_word' id='word_1_154' title='bbox 735 2024 890 2090; x_wconf 90' lang='lat' dir='ltr'>dicit,</span> <span class='ocrx_word' id='word_1_155' title='bbox 911 2023 1089 2080; x_wconf 86' lang='lat' dir='ltr'>Condo</span> <span class='ocrx_word' id='word_1_156' title='bbox 1109 2023 1274 2089; x_wconf 87' lang='lat' dir='ltr'>mala,</span> <span class='ocrx_word' id='word_1_157' title='bbox 1300 2039 1430 2093; x_wconf 69' lang='lat' dir='ltr'>quae</span> <span class='ocrx_word' id='word_1_158' title='bbox 1451 2021 1740 2090; x_wconf 83' lang='lat' dir='ltr'>deﬁciunt,</span> <span class='ocrx_word' id='word_1_159' title='bbox 1765 2022 1824 2076; x_wconf 90' lang='lat' dir='ltr'>id</span> 
     </span>
    </p>
   </div>
   <div class='ocr_carea' id='block_1_21' title="bbox 125 2110 1824 2182">
    <p class='ocr_par' dir='ltr' id='par_1_21' title="bbox 125 2110 1824 2182">
     <span class='ocr_line' id='line_1_21' title="bbox 125 2110 1824 2182; baseline -0.004 -13"><span class='ocrx_word' id='word_1_160' title='bbox 125 2119 205 2170; x_wconf 89' lang='lat' dir='ltr'>est</span> <span class='ocrx_word' id='word_1_161' title='bbox 229 2130 348 2169; x_wconf 91' lang='lat' dir='ltr'>non</span> <span class='ocrx_word' id='word_1_162' title='bbox 380 2130 502 2167; x_wconf 91' lang='lat' dir='ltr'>esse</span> <span class='ocrx_word' id='word_1_163' title='bbox 529 2112 808 2179; x_wconf 86' lang='lat' dir='ltr'>tendunt;</span> <span class='ocrx_word' id='word_1_164' title='bbox 829 2127 947 2165; x_wconf 90' lang='lat' dir='ltr'>non</span> <span class='ocrx_word' id='word_1_165' title='bbox 979 2127 1044 2164; x_wconf 90' lang='lat' dir='ltr'>ea</span> <span class='ocrx_word' id='word_1_166' title='bbox 1076 2127 1206 2182; x_wconf 80' lang='lat' dir='ltr'>quas</span> <span class='ocrx_word' id='word_1_167' title='bbox 1237 2111 1305 2165; x_wconf 92' lang='lat' dir='ltr'>ad</span> <span class='ocrx_word' id='word_1_168' title='bbox 1336 2110 1394 2164; x_wconf 93' lang='lat' dir='ltr'>id</span> <span class='ocrx_word' id='word_1_169' title='bbox 1416 2127 1530 2182; x_wconf 90' lang='lat' dir='ltr'>quo</span> <span class='ocrx_word' id='word_1_170' title='bbox 1559 2110 1824 2179; x_wconf 89' lang='lat' dir='ltr'>tendunt,</span> 
     </span>
    </p>
   </div>
   <div class='ocr_carea' id='block_1_22' title="bbox 124 2198 1825 2274">
    <p class='ocr_par' dir='ltr' id='par_1_22' title="bbox 124 2198 1825 2274">
     <span class='ocr_line' id='line_1_22' title="bbox 124 2198 1825 2274; baseline -0.004 -16"><span class='ocrx_word' id='word_1_171' title='bbox 124 2206 526 2274; x_wconf 90' lang='lat' dir='ltr'>pervenerunt.</span> <span class='ocrx_word' id='word_1_172' title='bbox 581 2201 805 2255; x_wconf 88' lang='lat' dir='ltr'>Dictum</span> <span class='ocrx_word' id='word_1_173' title='bbox 854 2204 939 2254; x_wconf 90' lang='lat' dir='ltr'>est</span> <span class='ocrx_word' id='word_1_174' title='bbox 985 2200 1180 2254; x_wconf 88' lang='lat' dir='ltr'>enim:</span> <span class='ocrx_word' id='word_1_175' title='bbox 1230 2199 1381 2253; x_wconf 86' lang='lat' dir='ltr'>Nihil</span> <span class='ocrx_word' id='word_1_176' title='bbox 1425 2215 1528 2270; x_wconf 91' lang='lat' dir='ltr'>per</span> <span class='ocrx_word' id='word_1_177' title='bbox 1573 2198 1825 2253; x_wconf 87' lang='lat' dir='ltr'>divinam</span> 
     </span>
    </p>
   </div>
   <div class='ocr_carea' id='block_1_23' title="bbox 123 2287 1821 2362">
    <p class='ocr_par' dir='ltr' id='par_1_23' title="bbox 123 2287 1821 2362">
     <span class='ocr_line' id='line_1_23' title="bbox 123 2287 1821 2362; baseline -0.002 -17"><span class='ocrx_word' id='word_1_178' title='bbox 123 2290 564 2362; x_wconf 87' lang='lat' dir='ltr'>providentiam,</span> <span class='ocrx_word' id='word_1_179' title='bbox 595 2289 667 2344; x_wconf 92' lang='lat' dir='ltr'>ad</span> <span class='ocrx_word' id='word_1_180' title='bbox 696 2289 756 2342; x_wconf 93' lang='lat' dir='ltr'>id</span> <span class='ocrx_word' id='word_1_181' title='bbox 783 2292 847 2343; x_wconf 91' lang='lat' dir='ltr'>ut</span> <span class='ocrx_word' id='word_1_182' title='bbox 876 2303 994 2341; x_wconf 91' lang='lat' dir='ltr'>non</span> <span class='ocrx_word' id='word_1_183' title='bbox 1028 2287 1102 2341; x_wconf 88' lang='lat' dir='ltr'>sit</span> <span class='ocrx_word' id='word_1_184' title='bbox 1127 2287 1423 2358; x_wconf 85' lang='lat' dir='ltr'>pervenire</span> <span class='ocrx_word' id='word_1_185' title='bbox 1452 2287 1821 2358; x_wconf 89' lang='lat' dir='ltr'>permittitur.</span> 
     </span>
    </p>
   </div>
   <div class='ocr_carea' id='block_1_24' title="bbox 196 2375 1826 2440">
    <p class='ocr_par' dir='ltr' id='par_1_24' title="bbox 196 2375 1826 2440">
     <span class='ocr_line' id='line_1_24' title="bbox 196 2375 1826 2440; baseline -0.003 -6"><span class='ocrx_word' id='word_1_186' title='bbox 196 2382 280 2434; x_wconf 87' lang='lat' dir='ltr'>l0.</span> <span class='ocrx_word' id='word_1_187' title='bbox 315 2380 654 2433; x_wconf 88' lang='lat' dir='ltr'>Tractantur</span> <span class='ocrx_word' id='word_1_188' title='bbox 681 2380 703 2413; x_wconf 79' lang='grc'>³</span> <span class='ocrx_word' id='word_1_189' title='bbox 731 2377 850 2430; x_wconf 65' lang='grc' dir='ltr'>Ι]ωο</span> <span class='ocrx_word' id='word_1_190' title='bbox 873 2376 1042 2430; x_wconf 90' lang='lat' dir='ltr'>latius</span> <span class='ocrx_word' id='word_1_191' title='bbox 1068 2380 1124 2430; x_wconf 91' lang='lat' dir='ltr'>et</span> <span class='ocrx_word' id='word_1_192' title='bbox 1151 2375 1400 2440; x_wconf 90' lang='lat' dir='ltr'>uberius,</span> <span class='ocrx_word' id='word_1_193' title='bbox 1433 2376 1531 2430; x_wconf 91' lang='lat' dir='ltr'>sed</span> <span class='ocrx_word' id='word_1_194' title='bbox 1560 2375 1698 2429; x_wconf 91' lang='lat' dir='ltr'>dum</span> <span class='ocrx_word' id='word_1_195' title='bbox 1728 2391 1826 2429; x_wconf 90' lang='lat' dir='ltr'>vo-</span> 
     </span>
    </p>
   </div>
   <div class='ocr_carea' id='block_1_25' title="bbox 126 2464 1827 2539">
    <p class='ocr_par' dir='ltr' id='par_1_25' title="bbox 126 2464 1827 2539">
     <span class='ocr_line' id='line_1_25' title="bbox 126 2464 1827 2539; baseline -0.002 -17"><span class='ocrx_word' id='word_1_196' title='bbox 126 2469 344 2522; x_wconf 89' lang='lat' dir='ltr'>biscum</span> <span class='ocrx_word' id='word_1_197' title='bbox 374 2467 584 2539; x_wconf 87' lang='lat' dir='ltr'>agitur,</span> <span class='ocrx_word' id='word_1_198' title='bbox 611 2465 745 2520; x_wconf 88' lang='lat' dir='ltr'>satis</span> <span class='ocrx_word' id='word_1_199' title='bbox 770 2470 868 2520; x_wconf 91' lang='lat' dir='ltr'>est.</span> <span class='ocrx_word' id='word_1_200' title='bbox 906 2465 1270 2519; x_wconf 88' lang='lat' dir='ltr'>Ostendenda</span> <span class='ocrx_word' id='word_1_201' title='bbox 1291 2464 1445 2518; x_wconf 90' lang='lat' dir='ltr'>enim</span> <span class='ocrx_word' id='word_1_202' title='bbox 1466 2464 1625 2519; x_wconf 89' lang='lat' dir='ltr'>vobis</span> <span class='ocrx_word' id='word_1_203' title='bbox 1647 2465 1827 2534; x_wconf 88' lang='lat' dir='ltr'>janua</span> 
     </span>
    </p>
   </div>
   <div class='ocr_carea' id='block_1_26' title="bbox 126 2553 1824 2627">
    <p class='ocr_par' dir='ltr' id='par_1_26' title="bbox 126 2553 1824 2627">
     <span class='ocr_line' id='line_1_26' title="bbox 126 2553 1824 2627; baseline -0.003 -16"><span class='ocrx_word' id='word_1_204' title='bbox 126 2557 249 2624; x_wconf 90' lang='lat' dir='ltr'>fuit,</span> <span class='ocrx_word' id='word_1_205' title='bbox 285 2573 462 2627; x_wconf 89' lang='lat' dir='ltr'>quam</span> <span class='ocrx_word' id='word_1_206' title='bbox 503 2554 837 2626; x_wconf 86' lang='lat' dir='ltr'>desperatis,</span> <span class='ocrx_word' id='word_1_207' title='bbox 871 2558 928 2608; x_wconf 91' lang='lat' dir='ltr'>et</span> <span class='ocrx_word' id='word_1_208' title='bbox 958 2553 1368 2624; x_wconf 90' lang='lat' dir='ltr'>desperandam</span> <span class='ocrx_word' id='word_1_209' title='bbox 1399 2553 1581 2608; x_wconf 89' lang='lat' dir='ltr'>facitis</span> <span class='ocrx_word' id='word_1_210' title='bbox 1610 2553 1824 2622; x_wconf 87' lang='lat' dir='ltr'>imper-</span> 
     </span>
    </p>
   </div>
   <div class='ocr_carea' id='block_1_27' title="bbox 123 2641 1821 2710">
    <p class='ocr_par' dir='ltr' id='par_1_27' title="bbox 123 2641 1821 2710">
     <span class='ocr_line' id='line_1_27' title="bbox 123 2641 1821 2710; baseline -0.002 -11"><span class='ocrx_word' id='word_1_211' title='bbox 123 2646 231 2700; x_wconf 84' lang='lat' dir='ltr'>itis.</span> <span class='ocrx_word' id='word_1_212' title='bbox 284 2647 431 2700; x_wconf 89' lang='lat' dir='ltr'>Nam</span> <span class='ocrx_word' id='word_1_213' title='bbox 472 2661 572 2698; x_wconf 90' lang='lat' dir='ltr'>vos</span> <span class='ocrx_word' id='word_1_214' title='bbox 613 2643 924 2698; x_wconf 90' lang='lat' dir='ltr'>introducit</span> <span class='ocrx_word' id='word_1_215' title='bbox 971 2658 1140 2696; x_wconf 92' lang='lat' dir='ltr'>nemo</span> <span class='ocrx_word' id='word_1_216' title='bbox 1184 2641 1295 2696; x_wconf 89' lang='lat' dir='ltr'>nisi</span> <span class='ocrx_word' id='word_1_217' title='bbox 1337 2643 1598 2696; x_wconf 87' lang='lat' dir='ltr'>voluntas</span> <span class='ocrx_word' id='word_1_218' title='bbox 1643 2643 1821 2710; x_wconf 89' lang='lat' dir='ltr'>bona;</span> 
     </span>
    </p>
   </div>
   <div class='ocr_carea' id='block_1_28' title="bbox 125 2729 1828 2804">
    <p class='ocr_par' dir='ltr' id='par_1_28' title="bbox 125 2729 1828 2804">
     <span class='ocr_line' id='line_1_28' title="bbox 125 2729 1828 2804; baseline -0.001 -18"><span class='ocrx_word' id='word_1_219' title='bbox 125 2749 294 2804; x_wconf 88' lang='lat' dir='ltr'>quam</span> <span class='ocrx_word' id='word_1_220' title='bbox 327 2736 590 2802; x_wconf 88' lang='lat' dir='ltr'>pacatam</span> <span class='ocrx_word' id='word_1_221' title='bbox 615 2731 788 2786; x_wconf 90' lang='lat' dir='ltr'>efﬁcit</span> <span class='ocrx_word' id='word_1_222' title='bbox 818 2730 1013 2785; x_wconf 89' lang='lat' dir='ltr'>divina</span> <span class='ocrx_word' id='word_1_223' title='bbox 1042 2730 1361 2797; x_wconf 89' lang='lat' dir='ltr'>clementia,</span> <span class='ocrx_word' id='word_1_224' title='bbox 1391 2730 1536 2784; x_wconf 90' lang='lat' dir='ltr'>sicut</span> <span class='ocrx_word' id='word_1_225' title='bbox 1563 2729 1624 2784; x_wconf 90' lang='lat' dir='ltr'>in</span> <span class='ocrx_word' id='word_1_226' title='bbox 1651 2731 1828 2784; x_wconf 86' lang='lat' dir='ltr'>Evan-</span> 
     </span>
    </p>
   </div>
   <div class='ocr_carea' id='block_1_29' title="bbox 124 2820 1827 2892">
    <p class='ocr_par' dir='ltr' id='par_1_29' title="bbox 124 2820 1827 2892">
     <span class='ocr_line' id='line_1_29' title="bbox 124 2820 1827 2892; baseline -0.001 -18"><span class='ocrx_word' id='word_1_227' title='bbox 124 2822 270 2892; x_wconf 91' lang='lat' dir='ltr'>gelio</span> <span class='ocrx_word' id='word_1_228' title='bbox 300 2821 565 2875; x_wconf 89' lang='lat' dir='ltr'>canitur:</span> <span class='ocrx_word' id='word_1_229' title='bbox 611 2820 797 2876; x_wconf 87' lang='lat' dir='ltr'>Gloria</span> <span class='ocrx_word' id='word_1_230' title='bbox 839 2822 899 2872; x_wconf 86' lang='lat' dir='ltr'>in</span> <span class='ocrx_word' id='word_1_231' title='bbox 931 2821 1153 2873; x_wconf 70' lang='lat' dir='ltr'>excelsis</span> <span class='ocrx_word' id='word_1_232' title='bbox 1190 2822 1314 2885; x_wconf 86' lang='lat' dir='ltr'>Deo,</span> <span class='ocrx_word' id='word_1_233' title='bbox 1347 2823 1397 2872; x_wconf 84' lang='lat' dir='ltr'>et</span> <span class='ocrx_word' id='word_1_234' title='bbox 1442 2823 1499 2873; x_wconf 78' lang='lat' dir='ltr'>in</span> <span class='ocrx_word' id='word_1_235' title='bbox 1539 2823 1684 2872; x_wconf 79' lang='lat' dir='ltr'>terra</span> <span class='ocrx_word' id='word_1_236' title='bbox 1709 2834 1827 2888; x_wconf 69' lang='lat' dir='ltr'>pas:</span> 
     </span>
    </p>
   </div>
   <div class='ocr_carea' id='block_1_30' title="bbox 123 2907 1826 2978">
    <p class='ocr_par' dir='ltr' id='par_1_30' title="bbox 123 2907 1826 2978">
     <span class='ocr_line' id='line_1_30' title="bbox 123 2907 1826 2978; baseline -0.002 -14"><span class='ocrx_word' id='word_1_237' title='bbox 123 2911 425 2964; x_wconf 77' lang='lat' dir='ltr'>hominibus</span> <span class='ocrx_word' id='word_1_238' title='bbox 466 2910 611 2964; x_wconf 59' lang='lat' dir='ltr'>bona</span> <span class='ocrx_word' id='word_1_239' title='bbox 645 2909 939 2963; x_wconf 78' lang='lat' dir='ltr'>voluntatis</span> <span class='ocrx_word' id='word_1_240' title='bbox 984 2909 1127 2977; x_wconf 83' lang='lat' dir='ltr'>(Luc.</span> <span class='ocrx_word' id='word_1_241' title='bbox 1172 2923 1230 2973; x_wconf 79' lang='grc' dir='ltr'>ιι,</span> <span class='ocrx_word' id='word_1_242' title='bbox 1281 2907 1382 2978; x_wconf 77' lang='grc'>14).</span> <span class='ocrx_word' id='word_1_243' title='bbox 1418 2907 1562 2962; x_wconf 86' lang='lat' dir='ltr'>Satis</span> <span class='ocrx_word' id='word_1_244' title='bbox 1601 2911 1702 2974; x_wconf 90' lang='lat' dir='ltr'>est,</span> <span class='ocrx_word' id='word_1_245' title='bbox 1735 2907 1826 2961; x_wconf 90' lang='lat' dir='ltr'>in-</span> 
     </span>
    </p>
   </div>
   <div class='ocr_carea' id='block_1_31' title="bbox 124 2995 1828 3070">
    <p class='ocr_par' dir='ltr' id='par_1_31' title="bbox 124 2995 1828 3070">
     <span class='ocr_line' id='line_1_31' title="bbox 124 2995 1828 3070; baseline -0.003 -17"><span class='ocrx_word' id='word_1_246' title='bbox 124 3015 312 3070; x_wconf 89' lang='lat' dir='ltr'>quam,</span> <span class='ocrx_word' id='word_1_247' title='bbox 346 3003 414 3052; x_wconf 90' lang='lat' dir='ltr'>ut</span> <span class='ocrx_word' id='word_1_248' title='bbox 443 2997 680 3052; x_wconf 89' lang='lat' dir='ltr'>videatis</span> <span class='ocrx_word' id='word_1_249' title='bbox 709 2997 933 3050; x_wconf 91' lang='lat' dir='ltr'>nullum</span> <span class='ocrx_word' id='word_1_250' title='bbox 973 3012 1092 3049; x_wconf 91' lang='lat' dir='ltr'>esse</span> <span class='ocrx_word' id='word_1_251' title='bbox 1129 2995 1198 3049; x_wconf 92' lang='lat' dir='ltr'>de</span> <span class='ocrx_word' id='word_1_252' title='bbox 1227 2995 1380 3049; x_wconf 93' lang='lat' dir='ltr'>bono</span> <span class='ocrx_word' id='word_1_253' title='bbox 1420 2999 1475 3050; x_wconf 89' lang='lat' dir='ltr'>et</span> <span class='ocrx_word' id='word_1_254' title='bbox 1503 2996 1654 3049; x_wconf 90' lang='lat' dir='ltr'>malo</span> <span class='ocrx_word' id='word_1_255' title='bbox 1698 2995 1828 3049; x_wconf 88' lang='lat' dir='ltr'>reli-</span> 
     </span>
    </p>
   </div>
   <div class='ocr_carea' id='block_1_32' title="bbox 122 3084 1828 3158">
    <p class='ocr_par' dir='ltr' id='par_1_32' title="bbox 122 3084 1828 3158">
     <span class='ocr_line' id='line_1_32' title="bbox 122 3084 1828 3158; baseline -0.002 -18"><span class='ocrx_word' id='word_1_256' title='bbox 122 3087 293 3158; x_wconf 67' lang='lat' dir='ltr'>giosas</span> <span class='ocrx_word' id='word_1_257' title='bbox 315 3086 720 3157; x_wconf 86' lang='lat' dir='ltr'>disputationis</span> <span class='ocrx_word' id='word_1_258' title='bbox 742 3085 980 3151; x_wconf 84' lang='lat' dir='ltr'>exitum,</span> <span class='ocrx_word' id='word_1_259' title='bbox 1005 3085 1116 3138; x_wconf 90' lang='lat' dir='ltr'>nisi</span> <span class='ocrx_word' id='word_1_260' title='bbox 1142 3084 1420 3155; x_wconf 90' lang='lat' dir='ltr'>quidquid</span> <span class='ocrx_word' id='word_1_261' title='bbox 1446 3089 1548 3150; x_wconf 88' lang='lat' dir='ltr'>est,</span> <span class='ocrx_word' id='word_1_262' title='bbox 1569 3085 1627 3138; x_wconf 91' lang='lat' dir='ltr'>in</span> <span class='ocrx_word' id='word_1_263' title='bbox 1650 3100 1828 3155; x_wconf 89' lang='lat' dir='ltr'>quan-</span> 
     </span>
    </p>
   </div>
   <div class='ocr_carea' id='block_1_33' title="bbox 122 3173 1828 3244">
    <p class='ocr_par' dir='ltr' id='par_1_33' title="bbox 122 3173 1828 3244">
     <span class='ocr_line' id='line_1_33' title="bbox 122 3173 1828 3244; baseline -0.001 -16"><span class='ocrx_word' id='word_1_264' title='bbox 122 3181 243 3229; x_wconf 90' lang='lat' dir='ltr'>tum</span> <span class='ocrx_word' id='word_1_265' title='bbox 277 3179 386 3242; x_wconf 90' lang='lat' dir='ltr'>est,</span> <span class='ocrx_word' id='word_1_266' title='bbox 422 3191 490 3229; x_wconf 85' lang='lat' dir='ltr'>ex</span> <span class='ocrx_word' id='word_1_267' title='bbox 536 3176 652 3229; x_wconf 92' lang='lat' dir='ltr'>Deo</span> <span class='ocrx_word' id='word_1_268' title='bbox 685 3173 756 3228; x_wconf 89' lang='lat' dir='ltr'>sit</span> <span class='ocrx_word' id='word_1_269' title='bbox 783 3189 796 3226; x_wconf 91' lang='lat'>:</span> <span class='ocrx_word' id='word_1_270' title='bbox 829 3173 890 3227; x_wconf 93' lang='lat' dir='ltr'>in</span> <span class='ocrx_word' id='word_1_271' title='bbox 920 3178 1199 3244; x_wconf 91' lang='lat' dir='ltr'>quantum</span> <span class='ocrx_word' id='word_1_272' title='bbox 1229 3177 1421 3227; x_wconf 89' lang='lat' dir='ltr'>autem</span> <span class='ocrx_word' id='word_1_273' title='bbox 1468 3173 1537 3227; x_wconf 93' lang='lat' dir='ltr'>ab</span> <span class='ocrx_word' id='word_1_274' title='bbox 1583 3173 1828 3227; x_wconf 87' lang='lat' dir='ltr'>essentia</span> 
     </span>
    </p>
   </div>
   <div class='ocr_carea' id='block_1_34' title="bbox 123 3261 1829 3332">
    <p class='ocr_par' dir='ltr' id='par_1_34' title="bbox 123 3261 1829 3332">
     <span class='ocr_line' id='line_1_34' title="bbox 123 3261 1829 3332; baseline -0.001 -15"><span class='ocrx_word' id='word_1_275' title='bbox 123 3263 329 3331; x_wconf 84' lang='lat' dir='ltr'>deﬁcit,</span> <span class='ocrx_word' id='word_1_276' title='bbox 366 3280 486 3318; x_wconf 89' lang='lat' dir='ltr'>non</span> <span class='ocrx_word' id='word_1_277' title='bbox 515 3263 588 3317; x_wconf 89' lang='lat' dir='ltr'>sit</span> <span class='ocrx_word' id='word_1_278' title='bbox 618 3280 684 3317; x_wconf 81' lang='lat' dir='ltr'>ex</span> <span class='ocrx_word' id='word_1_279' title='bbox 729 3264 865 3327; x_wconf 92' lang='lat' dir='ltr'>Deo,</span> <span class='ocrx_word' id='word_1_280' title='bbox 899 3263 994 3317; x_wconf 88' lang='lat' dir='ltr'>sed</span> <span class='ocrx_word' id='word_1_281' title='bbox 1024 3267 1215 3316; x_wconf 89' lang='lat' dir='ltr'>tamen</span> <span class='ocrx_word' id='word_1_282' title='bbox 1247 3261 1438 3316; x_wconf 89' lang='lat' dir='ltr'>divina</span> <span class='ocrx_word' id='word_1_283' title='bbox 1467 3261 1829 3332; x_wconf 85' lang='lat' dir='ltr'>providentia</span> 
     </span>
    </p>
   </div>
   <div class='ocr_carea' id='block_1_35' title="bbox 123 3349 1828 3423">
    <p class='ocr_par' dir='ltr' id='par_1_35' title="bbox 123 3349 1828 3423">
     <span class='ocr_line' id='line_1_35' title="bbox 123 3349 1828 3423; baseline -0.002 -17"><span class='ocrx_word' id='word_1_284' title='bbox 123 3369 372 3423; x_wconf 88' lang='lat' dir='ltr'>semper,</span> <span class='ocrx_word' id='word_1_285' title='bbox 401 3353 545 3406; x_wconf 88' lang='lat' dir='ltr'>sicut</span> <span class='ocrx_word' id='word_1_286' title='bbox 570 3351 924 3406; x_wconf 87' lang='lat' dir='ltr'>universitati</span> <span class='ocrx_word' id='word_1_287' title='bbox 940 3351 1226 3423; x_wconf 83' lang='lat' dir='ltr'>congruit,</span> <span class='ocrx_word' id='word_1_288' title='bbox 1259 3351 1574 3404; x_wconf 84' lang='lat' dir='ltr'>ordinetur.</span> <span class='ocrx_word' id='word_1_289' title='bbox 1597 3350 1759 3414; x_wconf 91' lang='lat' dir='ltr'>Quod</span> <span class='ocrx_word' id='word_1_290' title='bbox 1781 3349 1828 3403; x_wconf 91' lang='lat' dir='ltr'>si</span> 
     </span>
    </p>
   </div>
   <div class='ocr_carea' id='block_1_36' title="bbox 123 3438 1830 3512">
    <p class='ocr_par' dir='ltr' id='par_1_36' title="bbox 123 3438 1830 3512">
     <span class='ocr_line' id='line_1_36' title="bbox 123 3438 1830 3512; baseline -0.002 -16"><span class='ocrx_word' id='word_1_291' title='bbox 123 3442 381 3496; x_wconf 89' lang='lat' dir='ltr'>nondum</span> <span class='ocrx_word' id='word_1_292' title='bbox 405 3441 630 3508; x_wconf 86' lang='lat' dir='ltr'>videtis,</span> <span class='ocrx_word' id='word_1_293' title='bbox 655 3441 793 3512; x_wconf 91' lang='lat' dir='ltr'>quid</span> <span class='ocrx_word' id='word_1_294' title='bbox 816 3440 1058 3510; x_wconf 91' lang='lat' dir='ltr'>amplius</span> <span class='ocrx_word' id='word_1_295' title='bbox 1079 3455 1231 3493; x_wconf 91' lang='lat' dir='ltr'>nunc</span> <span class='ocrx_word' id='word_1_296' title='bbox 1261 3439 1466 3494; x_wconf 88' lang='lat' dir='ltr'>faciam</span> <span class='ocrx_word' id='word_1_297' title='bbox 1488 3439 1698 3506; x_wconf 89' lang='lat' dir='ltr'>nescio,</span> <span class='ocrx_word' id='word_1_298' title='bbox 1719 3438 1830 3492; x_wconf 90' lang='lat' dir='ltr'>nisi</span> 
     </span>
    </p>
   </div>
   <div class='ocr_carea' id='block_1_37' title="bbox 123 3527 1830 3599">
    <p class='ocr_par' dir='ltr' id='par_1_37' title="bbox 123 3527 1830 3599">
     <span class='ocr_line' id='line_1_37' title="bbox 123 3527 1830 3599; baseline -0.001 -15"><span class='ocrx_word' id='word_1_299' title='bbox 123 3536 185 3584; x_wconf 91' lang='lat' dir='ltr'>ut</span> <span class='ocrx_word' id='word_1_300' title='bbox 198 3530 480 3585; x_wconf 89' lang='lat' dir='ltr'>minutius</span> <span class='ocrx_word' id='word_1_301' title='bbox 493 3529 665 3584; x_wconf 89' lang='lat' dir='ltr'>etiam</span> <span class='ocrx_word' id='word_1_302' title='bbox 681 3533 918 3582; x_wconf 89' lang='lat' dir='ltr'>tractem</span> <span class='ocrx_word' id='word_1_303' title='bbox 931 3529 1037 3582; x_wconf 82' lang='lat' dir='ltr'>ista</span> <span class='ocrx_word' id='word_1_304' title='bbox 1057 3545 1185 3599; x_wconf 62' lang='lat' dir='ltr'>quas</span> <span class='ocrx_word' id='word_1_305' title='bbox 1199 3528 1348 3582; x_wconf 91' lang='lat' dir='ltr'>dicta</span> <span class='ocrx_word' id='word_1_306' title='bbox 1360 3532 1509 3582; x_wconf 91' lang='lat' dir='ltr'>sunt.</span> <span class='ocrx_word' id='word_1_307' title='bbox 1529 3529 1653 3582; x_wconf 82' lang='lat' dir='ltr'>Non</span> <span class='ocrx_word' id='word_1_308' title='bbox 1674 3527 1830 3582; x_wconf 90' lang='lat' dir='ltr'>enim</span> 
     </span>
    </p>
   </div>
   <div class='ocr_carea' id='block_1_38' title="bbox 125 3616 1740 3691">
    <p class='ocr_par' dir='ltr' id='par_1_38' title="bbox 125 3616 1740 3691">
     <span class='ocr_line' id='line_1_38' title="bbox 125 3616 1740 3691; baseline -0.002 -18"><span class='ocrx_word' id='word_1_309' title='bbox 125 3620 192 3673; x_wconf 86' lang='lat' dir='ltr'>ad</span> <span class='ocrx_word' id='word_1_310' title='bbox 223 3620 445 3691; x_wconf 88' lang='lat' dir='ltr'>majora</span> <span class='ocrx_word' id='word_1_311' title='bbox 475 3623 723 3672; x_wconf 88' lang='lat' dir='ltr'>mentem</span> <span class='ocrx_word' id='word_1_312' title='bbox 755 3617 865 3671; x_wconf 89' lang='lat' dir='ltr'>nisi</span> <span class='ocrx_word' id='word_1_313' title='bbox 894 3617 1074 3688; x_wconf 90' lang='lat' dir='ltr'>pietas</span> <span class='ocrx_word' id='word_1_314' title='bbox 1105 3617 1436 3688; x_wconf 89' lang='lat' dir='ltr'>puritasque</span> <span class='ocrx_word' id='word_1_315' title='bbox 1465 3616 1740 3688; x_wconf 89' lang='lat' dir='ltr'>perducit.</span> 
     </span>
    </p>
   </div>
   <div class='ocr_carea' id='block_1_39' title="bbox 127 3705 1831 3774">
    <p class='ocr_par' dir='ltr' id='par_1_39' title="bbox 127 3705 1831 3774">
     <span class='ocr_line' id='line_1_39' title="bbox 127 3705 1831 3774; baseline -0.002 -12"><span class='ocrx_word' id='word_1_316' title='bbox 127 3709 353 3764; x_wconf 88' lang='lat' dir='ltr'>CAPUT</span> <span class='ocrx_word' id='word_1_317' title='bbox 395 3708 536 3762; x_wconf 83' lang='lat' dir='ltr'><strong>VIII.</strong></span> <span class='ocrx_word' id='word_1_318' title='bbox 565 3737 634 3746; x_wconf 94' lang='lat'><strong>—</strong></span> <span class='ocrx_word' id='word_1_319' title='bbox 682 3707 886 3760; x_wconf 83' lang='lat' dir='ltr'>Malum</span> <span class='ocrx_word' id='word_1_320' title='bbox 934 3711 1029 3772; x_wconf 81' lang='lat' dir='ltr'>est,</span> <span class='ocrx_word' id='word_1_321' title='bbox 1063 3721 1170 3760; x_wconf 88' lang='lat' dir='ltr'>non</span> <span class='ocrx_word' id='word_1_322' title='bbox 1224 3706 1533 3759; x_wconf 83' lang='lat' dir='ltr'>substantia</span> <span class='ocrx_word' id='word_1_323' title='bbox 1573 3706 1706 3774; x_wconf 85' lang='lat' dir='ltr'>ulla,</span> <span class='ocrx_word' id='word_1_324' title='bbox 1736 3705 1831 3758; x_wconf 84' lang='lat' dir='ltr'>sed</span> 
     </span>
    </p>
   </div>
   <div class='ocr_carea' id='block_1_40' title="bbox 439 3787 1510 3851">
    <p class='ocr_par' dir='ltr' id='par_1_40' title="bbox 439 3787 1510 3851">
     <span class='ocr_line' id='line_1_40' title="bbox 439 3787 1510 3851; baseline -0.002 -1"><span class='ocrx_word' id='word_1_325' title='bbox 439 3787 757 3851; x_wconf 74' lang='lat' dir='ltr'>substantiae</span> <span class='ocrx_word' id='word_1_326' title='bbox 793 3796 1019 3848; x_wconf 86' lang='lat' dir='ltr'>inimica</span> <span class='ocrx_word' id='word_1_327' title='bbox 1056 3795 1510 3848; x_wconf 73' lang='lat' dir='ltr'>inconvenientia.</span> 
     </span>
    </p>
   </div>
   <div class='ocr_carea' id='block_1_41' title="bbox 196 3881 1826 3953">
    <p class='ocr_par' dir='ltr' id='par_1_41' title="bbox 196 3881 1826 3953">
     <span class='ocr_line' id='line_1_41' title="bbox 196 3881 1826 3953; baseline -0.004 -13"><span class='ocrx_word' id='word_1_328' title='bbox 196 3889 280 3941; x_wconf 87' lang='grc'><strong>11.</strong></span> <span class='ocrx_word' id='word_1_329' title='bbox 314 3885 465 3950; x_wconf 88' lang='lat' dir='ltr'>Quid</span> <span class='ocrx_word' id='word_1_330' title='bbox 501 3885 655 3938; x_wconf 90' lang='lat' dir='ltr'>enim</span> <span class='ocrx_word' id='word_1_331' title='bbox 690 3883 867 3949; x_wconf 86' lang='lat' dir='ltr'>aliud,</span> <span class='ocrx_word' id='word_1_332' title='bbox 899 3899 1030 3937; x_wconf 91' lang='lat' dir='ltr'>cum</span> <span class='ocrx_word' id='word_1_333' title='bbox 1074 3898 1270 3953; x_wconf 61' lang='lat' dir='ltr'>quaero</span> <span class='ocrx_word' id='word_1_334' title='bbox 1300 3881 1439 3952; x_wconf 90' lang='lat' dir='ltr'>quid</span> <span class='ocrx_word' id='word_1_335' title='bbox 1471 3881 1544 3936; x_wconf 88' lang='lat' dir='ltr'>sit</span> <span class='ocrx_word' id='word_1_336' title='bbox 1587 3882 1826 3949; x_wconf 90' lang='lat' dir='ltr'>malum,</span> 
     </span>
    </p>
   </div>
   <div class='ocr_carea' id='block_1_42' title="bbox 120 3971 1826 4044">
    <p class='ocr_par' dir='ltr' id='par_1_42' title="bbox 120 3971 1826 4044">
     <span class='ocr_line' id='line_1_42' title="bbox 120 3971 1826 4044; baseline -0.002 -18"><span class='ocrx_word' id='word_1_337' title='bbox 120 3973 460 4044; x_wconf 86' lang='lat' dir='ltr'>responsuri</span> <span class='ocrx_word' id='word_1_338' title='bbox 498 3972 651 4039; x_wconf 88' lang='lat' dir='ltr'>estis,</span> <span class='ocrx_word' id='word_1_339' title='bbox 683 3971 796 4026; x_wconf 91' lang='lat' dir='ltr'>nisi</span> <span class='ocrx_word' id='word_1_340' title='bbox 834 3977 932 4024; x_wconf 90' lang='lat' dir='ltr'>aut</span> <span class='ocrx_word' id='word_1_341' title='bbox 975 3971 1127 4040; x_wconf 90' lang='lat' dir='ltr'>quod</span> <span class='ocrx_word' id='word_1_342' title='bbox 1176 3974 1373 4023; x_wconf 88' lang='lat' dir='ltr'>contra</span> <span class='ocrx_word' id='word_1_343' title='bbox 1412 3973 1678 4023; x_wconf 91' lang='lat' dir='ltr'>naturam</span> <span class='ocrx_word' id='word_1_344' title='bbox 1720 3974 1826 4038; x_wconf 90' lang='lat' dir='ltr'>est,</span> 
     </span>
    </p>
   </div>
   <div class='ocr_carea' id='block_1_43' title="bbox 121 4057 1832 4133">
    <p class='ocr_par' dir='ltr' id='par_1_43' title="bbox 121 4057 1832 4133">
     <span class='ocr_line' id='line_1_43' title="bbox 121 4057 1832 4133; baseline -0.001 -19"><span class='ocrx_word' id='word_1_345' title='bbox 121 4068 219 4115; x_wconf 89' lang='lat' dir='ltr'>aut</span> <span class='ocrx_word' id='word_1_346' title='bbox 244 4061 406 4133; x_wconf 92' lang='lat' dir='ltr'>quod</span> <span class='ocrx_word' id='word_1_347' title='bbox 428 4064 646 4127; x_wconf 88' lang='lat' dir='ltr'>noceat,</span> <span class='ocrx_word' id='word_1_348' title='bbox 671 4064 770 4113; x_wconf 90' lang='lat' dir='ltr'>aut</span> <span class='ocrx_word' id='word_1_349' title='bbox 789 4058 1240 4129; x_wconf 88' lang='lat' dir='ltr'>corruptionem,</span> <span class='ocrx_word' id='word_1_350' title='bbox 1264 4062 1363 4111; x_wconf 90' lang='lat' dir='ltr'>aut</span> <span class='ocrx_word' id='word_1_351' title='bbox 1389 4057 1607 4128; x_wconf 90' lang='lat' dir='ltr'>aliquid</span> <span class='ocrx_word' id='word_1_352' title='bbox 1636 4059 1832 4128; x_wconf 87' lang='lat' dir='ltr'>hujus-</span> 
     </span>
    </p>
   </div>
   <div class='ocr_carea' id='block_1_44' title="bbox 118 4145 1827 4216">
    <p class='ocr_par' dir='ltr' id='par_1_44' title="bbox 118 4145 1827 4216">
     <span class='ocr_line' id='line_1_44' title="bbox 118 4145 1827 4216; baseline -0.001 -14"><span class='ocrx_word' id='word_1_353' title='bbox 118 4149 313 4204; x_wconf 79' lang='lat' dir='ltr'>modi‘!</span> <span class='ocrx_word' id='word_1_354' title='bbox 340 4152 418 4203; x_wconf 85' lang='lat' dir='ltr'>At</span> <span class='ocrx_word' id='word_1_355' title='bbox 454 4148 514 4202; x_wconf 90' lang='lat' dir='ltr'>in</span> <span class='ocrx_word' id='word_1_356' title='bbox 553 4147 642 4201; x_wconf 91' lang='lat' dir='ltr'>his</span> <span class='ocrx_word' id='word_1_357' title='bbox 681 4147 904 4201; x_wconf 91' lang='lat' dir='ltr'>ostendi</span> <span class='ocrx_word' id='word_1_358' title='bbox 946 4150 1130 4201; x_wconf 90' lang='lat' dir='ltr'>vestra</span> <span class='ocrx_word' id='word_1_359' title='bbox 1159 4145 1477 4216; x_wconf 86' lang='lat' dir='ltr'>naufragia,</span> <span class='ocrx_word' id='word_1_360' title='bbox 1510 4145 1621 4199; x_wconf 90' lang='lat' dir='ltr'>nisi</span> <span class='ocrx_word' id='word_1_361' title='bbox 1661 4147 1827 4214; x_wconf 89' lang='lat' dir='ltr'>forte,</span> 
     </span>
    </p>
   </div>
   <div class='ocr_carea' id='block_1_45' title="bbox 117 4231 1830 4307">
    <p class='ocr_par' dir='ltr' id='par_1_45' title="bbox 117 4231 1830 4307">
     <span class='ocr_line' id='line_1_45' title="bbox 117 4231 1830 4307; baseline -0.002 -15"><span class='ocrx_word' id='word_1_362' title='bbox 117 4243 183 4291; x_wconf 88' lang='lat' dir='ltr'>ut</span> <span class='ocrx_word' id='word_1_363' title='bbox 213 4236 411 4292; x_wconf 91' lang='lat' dir='ltr'>soletis</span> <span class='ocrx_word' id='word_1_364' title='bbox 437 4253 566 4290; x_wconf 90' lang='lat' dir='ltr'>cum</span> <span class='ocrx_word' id='word_1_365' title='bbox 598 4235 789 4307; x_wconf 90' lang='lat' dir='ltr'>pueris</span> <span class='ocrx_word' id='word_1_366' title='bbox 817 4235 1116 4305; x_wconf 89' lang='lat' dir='ltr'>pueriliter</span> <span class='ocrx_word' id='word_1_367' title='bbox 1143 4250 1312 4304; x_wconf 91' lang='lat' dir='ltr'>agere</span> <span class='ocrx_word' id='word_1_368' title='bbox 1342 4231 1384 4301; x_wconf 77' lang='grc' dir='ltr'>δ,</span> <span class='ocrx_word' id='word_1_369' title='bbox 1417 4234 1830 4304; x_wconf 89' lang='lat' dir='ltr'>respondebitis</span> 
     </span>
    </p>
   </div>
   <div class='ocr_carea' id='block_1_46' title="bbox 119 4322 1830 4395">
    <p class='ocr_par' dir='ltr' id='par_1_46' title="bbox 119 4322 1830 4395">
     <span class='ocr_line' id='line_1_46' title="bbox 119 4322 1830 4395; baseline -0.001 -16"><span class='ocrx_word' id='word_1_370' title='bbox 119 4328 340 4381; x_wconf 89' lang='lat' dir='ltr'>malum</span> <span class='ocrx_word' id='word_1_371' title='bbox 370 4341 492 4379; x_wconf 90' lang='lat' dir='ltr'>esse</span> <span class='ocrx_word' id='word_1_372' title='bbox 520 4324 736 4395; x_wconf 85' lang='lat' dir='ltr'>ignem,</span> <span class='ocrx_word' id='word_1_373' title='bbox 767 4339 1073 4384; x_wconf 89' lang='lat' dir='ltr'>venenum,</span> <span class='ocrx_word' id='word_1_374' title='bbox 1100 4322 1301 4391; x_wconf 89' lang='lat' dir='ltr'>feram,</span> <span class='ocrx_word' id='word_1_375' title='bbox 1332 4326 1388 4376; x_wconf 88' lang='lat' dir='ltr'>et</span> <span class='ocrx_word' id='word_1_376' title='bbox 1415 4326 1618 4376; x_wconf 61' lang='lat' dir='ltr'>caetera</span> <span class='ocrx_word' id='word_1_377' title='bbox 1638 4323 1830 4393; x_wconf 90' lang='lat' dir='ltr'>hujus-</span> 
     </span>
    </p>
   </div>
   <div class='ocr_carea' id='block_1_47' title="bbox 121 4411 1828 4483">
    <p class='ocr_par' dir='ltr' id='par_1_47' title="bbox 121 4411 1828 4483">
     <span class='ocr_line' id='line_1_47' title="bbox 121 4411 1828 4483; baseline -0.002 -14"><span class='ocrx_word' id='word_1_378' title='bbox 121 4415 298 4469; x_wconf 91' lang='lat' dir='ltr'>modi.</span> <span class='ocrx_word' id='word_1_379' title='bbox 346 4416 492 4469; x_wconf 85' lang='lat' dir='ltr'>Nam</span> <span class='ocrx_word' id='word_1_380' title='bbox 534 4413 706 4467; x_wconf 90' lang='lat' dir='ltr'>etiam</span> <span class='ocrx_word' id='word_1_381' title='bbox 747 4413 816 4466; x_wconf 90' lang='lat' dir='ltr'>de</span> <span class='ocrx_word' id='word_1_382' title='bbox 864 4412 1112 4483; x_wconf 89' lang='lat' dir='ltr'>quodam</span> <span class='ocrx_word' id='word_1_383' title='bbox 1154 4411 1396 4478; x_wconf 89' lang='lat' dir='ltr'>dicente,</span> <span class='ocrx_word' id='word_1_384' title='bbox 1436 4412 1656 4466; x_wconf 87' lang='lat' dir='ltr'>nullam</span> <span class='ocrx_word' id='word_1_385' title='bbox 1693 4413 1828 4467; x_wconf 85' lang='lat' dir='ltr'>sub-</span> 
     </span>
    </p>
   </div>
   <div class='ocr_carea' id='block_1_48' title="bbox 122 4500 1828 4572">
    <p class='ocr_par' dir='ltr' id='par_1_48' title="bbox 122 4500 1828 4572">
     <span class='ocr_line' id='line_1_48' title="bbox 122 4500 1828 4572; baseline -0.001 -15"><span class='ocrx_word' id='word_1_386' title='bbox 122 4505 397 4559; x_wconf 89' lang='lat' dir='ltr'>stantiam</span> <span class='ocrx_word' id='word_1_387' title='bbox 428 4502 645 4556; x_wconf 91' lang='lat' dir='ltr'>malum</span> <span class='ocrx_word' id='word_1_388' title='bbox 675 4518 819 4569; x_wconf 90' lang='lat' dir='ltr'>esse,</span> <span class='ocrx_word' id='word_1_389' title='bbox 856 4517 1003 4556; x_wconf 88' lang='lat' dir='ltr'>unus</span> <span class='ocrx_word' id='word_1_390' title='bbox 1029 4501 1096 4554; x_wconf 92' lang='lat' dir='ltr'>de</span> <span class='ocrx_word' id='word_1_391' title='bbox 1125 4500 1466 4570; x_wconf 88' lang='lat' dir='ltr'>primatibus</span> <span class='ocrx_word' id='word_1_392' title='bbox 1499 4501 1678 4572; x_wconf 26' lang='lat' dir='ltr'>[hujus</span> <span class='ocrx_word' id='word_1_393' title='bbox 1709 4503 1828 4556; x_wconf 75' lang='lat' dir='ltr'>bte-</span> 
     </span>
    </p>
   </div>
   <div class='ocr_carea' id='block_1_49' title="bbox 122 4589 1828 4664">
    <p class='ocr_par' dir='ltr' id='par_1_49' title="bbox 122 4589 1828 4664">
     <span class='ocr_line' id='line_1_49' title="bbox 122 4589 1828 4664; baseline -0.001 -18"><span class='ocrx_word' id='word_1_394' title='bbox 122 4594 288 4662; x_wconf 90' lang='lat' dir='ltr'>resis,</span> <span class='ocrx_word' id='word_1_395' title='bbox 320 4609 499 4664; x_wconf 88' lang='lat' dir='ltr'>quem</span> <span class='ocrx_word' id='word_1_396' title='bbox 537 4591 876 4646; x_wconf 89' lang='lat' dir='ltr'>familiarius</span> <span class='ocrx_word' id='word_1_397' title='bbox 916 4589 1283 4660; x_wconf 88' lang='lat' dir='ltr'>crebriusque</span> <span class='ocrx_word' id='word_1_398' title='bbox 1313 4589 1705 4657; x_wconf 90' lang='lat' dir='ltr'>audiebamus,</span> <span class='ocrx_word' id='word_1_399' title='bbox 1738 4591 1828 4645; x_wconf 90' lang='lat' dir='ltr'>di-</span> 
     </span>
    </p>
   </div>
   <div class='ocr_carea' id='block_1_50' title="bbox 120 4678 1826 4750">
    <p class='ocr_par' dir='ltr' id='par_1_50' title="bbox 120 4678 1826 4750">
     <span class='ocr_line' id='line_1_50' title="bbox 120 4678 1826 4750; baseline -0.002 -13"><span class='ocrx_word' id='word_1_400' title='bbox 120 4683 322 4737; x_wconf 90' lang='lat' dir='ltr'>cebat:</span> <span class='ocrx_word' id='word_1_401' title='bbox 360 4681 577 4735; x_wconf 85' lang='lat' dir='ltr'>Vellem</span> <span class='ocrx_word' id='word_1_402' title='bbox 624 4680 984 4750; x_wconf 89' lang='lat' dir='ltr'>scorpionem</span> <span class='ocrx_word' id='word_1_403' title='bbox 1013 4678 1074 4732; x_wconf 89' lang='lat' dir='ltr'>in</span> <span class='ocrx_word' id='word_1_404' title='bbox 1111 4694 1287 4732; x_wconf 90' lang='lat' dir='ltr'>manu</span> <span class='ocrx_word' id='word_1_405' title='bbox 1316 4679 1566 4733; x_wconf 89' lang='lat' dir='ltr'>hominis</span> <span class='ocrx_word' id='word_1_406' title='bbox 1594 4696 1826 4750; x_wconf 88' lang='lat' dir='ltr'>ponere,</span> 
     </span>
    </p>
   </div>
   <div class='ocr_carea' id='block_1_51' title="bbox 121 4767 1832 4838">
    <p class='ocr_par' dir='ltr' id='par_1_51' title="bbox 121 4767 1832 4838">
     <span class='ocr_line' id='line_1_51' title="bbox 121 4767 1832 4838; baseline -0.002 -13"><span class='ocrx_word' id='word_1_407' title='bbox 121 4787 185 4825; x_wconf 89' lang='lat' dir='ltr'>ac</span> <span class='ocrx_word' id='word_1_408' title='bbox 213 4771 413 4826; x_wconf 90' lang='lat' dir='ltr'>videre</span> <span class='ocrx_word' id='word_1_409' title='bbox 446 4774 642 4824; x_wconf 91' lang='lat' dir='ltr'>utrum</span> <span class='ocrx_word' id='word_1_410' title='bbox 669 4781 788 4823; x_wconf 90' lang='lat' dir='ltr'>non</span> <span class='ocrx_word' id='word_1_411' title='bbox 821 4767 1177 4823; x_wconf 88' lang='lat' dir='ltr'>subtraheret</span> <span class='ocrx_word' id='word_1_412' title='bbox 1204 4783 1470 4833; x_wconf 90' lang='lat' dir='ltr'>manum;</span> <span class='ocrx_word' id='word_1_413' title='bbox 1503 4768 1659 4838; x_wconf 92' lang='lat' dir='ltr'>quod</span> <span class='ocrx_word' id='word_1_414' title='bbox 1689 4767 1734 4821; x_wconf 91' lang='lat' dir='ltr'>si</span> <span class='ocrx_word' id='word_1_415' title='bbox 1754 4768 1832 4822; x_wconf 88' lang='lat' dir='ltr'>fa-</span> 
     </span>
    </p>
   </div>
   <div class='ocr_carea' id='block_1_52' title="bbox 119 4856 1830 4928">
    <p class='ocr_par' dir='ltr' id='par_1_52' title="bbox 119 4856 1830 4928">
     <span class='ocr_line' id='line_1_52' title="bbox 119 4856 1830 4928; baseline -0.002 -14"><span class='ocrx_word' id='word_1_416' title='bbox 119 4865 292 4924; x_wconf 89' lang='lat' dir='ltr'>ceret,</span> <span class='ocrx_word' id='word_1_417' title='bbox 325 4876 449 4914; x_wconf 91' lang='lat' dir='ltr'>non</span> <span class='ocrx_word' id='word_1_418' title='bbox 488 4858 692 4925; x_wconf 90' lang='lat' dir='ltr'>verbis,</span> <span class='ocrx_word' id='word_1_419' title='bbox 726 4858 824 4913; x_wconf 92' lang='lat' dir='ltr'>sed</span> <span class='ocrx_word' id='word_1_420' title='bbox 861 4875 920 4912; x_wconf 89' lang='lat' dir='ltr'>re</span> <span class='ocrx_word' id='word_1_421' title='bbox 959 4857 1082 4928; x_wconf 88' lang='lat' dir='ltr'>ipsa</span> <span class='ocrx_word' id='word_1_422' title='bbox 1120 4856 1551 4911; x_wconf 87' lang='lat' dir='ltr'>convinceretur</span> <span class='ocrx_word' id='word_1_423' title='bbox 1578 4856 1830 4927; x_wconf 89' lang='lat' dir='ltr'>aliquam</span> 
     </span>
    </p>
   </div>
   <div class='ocr_carea' id='block_1_53' title="bbox 118 4943 1830 5018">
    <p class='ocr_par' dir='ltr' id='par_1_53' title="bbox 118 4943 1830 5018">
     <span class='ocr_line' id='line_1_53' title="bbox 118 4943 1830 5018; baseline -0.004 -14"><span class='ocrx_word' id='word_1_424' title='bbox 118 4948 503 5004; x_wconf 88' lang='lat' dir='ltr'>substantiam</span> <span class='ocrx_word' id='word_1_425' title='bbox 531 4949 747 5002; x_wconf 92' lang='lat' dir='ltr'>malum</span> <span class='ocrx_word' id='word_1_426' title='bbox 774 4963 918 5018; x_wconf 89' lang='lat' dir='ltr'>esse,</span> <span class='ocrx_word' id='word_1_427' title='bbox 949 4945 1415 5018; x_wconf 86' lang='lat' dir='ltr'>quandoquidem</span> <span class='ocrx_word' id='word_1_428' title='bbox 1445 4944 1588 4998; x_wconf 92' lang='lat' dir='ltr'>illud</span> <span class='ocrx_word' id='word_1_429' title='bbox 1618 4943 1830 4998; x_wconf 88' lang='lat' dir='ltr'>animal</span> 
     </span>
    </p>
   </div>
   <div class='ocr_carea' id='block_1_54' title="bbox 115 5033 1828 5106">
    <p class='ocr_par' dir='ltr' id='par_1_54' title="bbox 115 5033 1828 5106">
     <span class='ocr_line' id='line_1_54' title="bbox 115 5033 1828 5106; baseline -0.005 -12"><span class='ocrx_word' id='word_1_430' title='bbox 115 5054 236 5094; x_wconf 88' lang='lat' dir='ltr'>esse</span> <span class='ocrx_word' id='word_1_431' title='bbox 267 5036 652 5093; x_wconf 88' lang='lat' dir='ltr'>substantiam</span> <span class='ocrx_word' id='word_1_432' title='bbox 682 5051 797 5089; x_wconf 89' lang='lat' dir='ltr'>non</span> <span class='ocrx_word' id='word_1_433' title='bbox 826 5039 1080 5106; x_wconf 88' lang='lat' dir='ltr'>negaret.</span> <span class='ocrx_word' id='word_1_434' title='bbox 1111 5035 1177 5089; x_wconf 89' lang='lat' dir='ltr'>Et</span> <span class='ocrx_word' id='word_1_435' title='bbox 1206 5033 1427 5088; x_wconf 89' lang='lat' dir='ltr'>dicebat</span> <span class='ocrx_word' id='word_1_436' title='bbox 1450 5033 1558 5087; x_wconf 92' lang='lat' dir='ltr'>hoc</span> <span class='ocrx_word' id='word_1_437' title='bbox 1586 5049 1704 5087; x_wconf 90' lang='lat' dir='ltr'>non</span> <span class='ocrx_word' id='word_1_438' title='bbox 1732 5049 1828 5086; x_wconf 92' lang='lat' dir='ltr'>co-</span> 
     </span>
    </p>
   </div>
   <div class='ocr_carea' id='block_1_55' title="bbox 176 5137 1830 5205">
    <p class='ocr_par' dir='ltr' id='par_1_55' title="bbox 176 5137 1830 5205">
     <span class='ocr_line' id='line_1_55' title="bbox 176 5137 1830 5205; baseline -0.003 -12"><span class='ocrx_word' id='word_1_439' title='bbox 176 5145 193 5179; x_wconf 82' lang='grc'>¹</span> <span class='ocrx_word' id='word_1_440' title='bbox 225 5144 389 5200; x_wconf 88' lang='lat' dir='ltr'>Editi,</span> <span class='ocrx_word' id='word_1_441' title='bbox 420 5141 781 5205; x_wconf 82' lang='lat' dir='ltr'>potissimum,</span> <span class='ocrx_word' id='word_1_442' title='bbox 814 5154 908 5203; x_wconf 89' lang='lat' dir='ltr'>pro</span> <span class='ocrx_word' id='word_1_443' title='bbox 930 5154 1035 5203; x_wconf 90' lang='lat' dir='ltr'>quo</span> <span class='ocrx_word' id='word_1_444' title='bbox 1064 5141 1193 5190; x_wconf 85' lang='lat' dir='ltr'>Mss.</span> <span class='ocrx_word' id='word_1_445' title='bbox 1223 5139 1468 5190; x_wconf 89' lang='lat' dir='ltr'>undecim</span> <span class='ocrx_word' id='word_1_446' title='bbox 1498 5137 1711 5199; x_wconf 85' lang='lat' dir='ltr'>habent,</span> <span class='ocrx_word' id='word_1_447' title='bbox 1739 5151 1830 5202; x_wconf 85' lang='lat' dir='ltr'>po-</span> 
     </span>
    </p>
   </div>
   <div class='ocr_carea' id='block_1_56' title="bbox 116 5209 514 5258">
    <p class='ocr_par' dir='ltr' id='par_1_56' title="bbox 116 5209 514 5258">
     <span class='ocr_line' id='line_1_56' title="bbox 116 5209 514 5258; baseline -0.013 0"><span class='ocrx_word' id='word_1_448' title='bbox 116 5209 514 5258; x_wconf 77' lang='lat' dir='ltr'>tentissimum.</span> 
     </span>
    </p>
   </div>
   <div class='ocr_carea' id='block_1_57' title="bbox 174 5264 1426 5318">
    <p class='ocr_par' dir='ltr' id='par_1_57' title="bbox 174 5264 1426 5318">
     <span class='ocr_line' id='line_1_57' title="bbox 174 5264 1426 5318; baseline -0.005 0"><span class='ocrx_word' id='word_1_449' title='bbox 174 5269 196 5304; x_wconf 68' lang='grc'>³</span> <span class='ocrx_word' id='word_1_450' title='bbox 229 5271 308 5318; x_wconf 86' lang='lat' dir='ltr'>Ita</span> <span class='ocrx_word' id='word_1_451' title='bbox 332 5269 391 5316; x_wconf 87' lang='lat' dir='ltr'>in</span> <span class='ocrx_word' id='word_1_452' title='bbox 423 5268 544 5315; x_wconf 85' lang='lat' dir='ltr'>Mss.</span> <span class='ocrx_word' id='word_1_453' title='bbox 576 5266 642 5315; x_wconf 86' lang='lat' dir='ltr'>At</span> <span class='ocrx_word' id='word_1_454' title='bbox 668 5265 724 5313; x_wconf 91' lang='lat' dir='ltr'>in</span> <span class='ocrx_word' id='word_1_455' title='bbox 745 5264 989 5314; x_wconf 83' lang='lat' dir='ltr'>excusis:</span> <span class='ocrx_word' id='word_1_456' title='bbox 1021 5266 1426 5315; x_wconf 79' lang='lat' dir='ltr'>Tractarenlur.</span> 
     </span>
    </p>
   </div>
   <div class='ocr_carea' id='block_1_58' title="bbox 175 5325 1829 5392">
    <p class='ocr_par' dir='ltr' id='par_1_58' title="bbox 175 5325 1829 5392">
     <span class='ocr_line' id='line_1_58' title="bbox 175 5325 1829 5392; baseline -0.004 -12"><span class='ocrx_word' id='word_1_457' title='bbox 175 5330 194 5359; x_wconf 86' lang='grc'>³</span> <span class='ocrx_word' id='word_1_458' title='bbox 227 5333 362 5380; x_wconf 85' lang='lat' dir='ltr'>Mss.</span> <span class='ocrx_word' id='word_1_459' title='bbox 393 5333 599 5392; x_wconf 12' lang='lat' dir='ltr'>septem!</span> <span class='ocrx_word' id='word_1_460' title='bbox 615 5333 666 5376; x_wconf 91' lang='lat' dir='ltr'>et</span> <span class='ocrx_word' id='word_1_461' title='bbox 684 5327 1090 5392; x_wconf 76' lang='lat' dir='ltr'>Chevalloniana</span> <span class='ocrx_word' id='word_1_462' title='bbox 1108 5327 1266 5375; x_wconf 90' lang='lat' dir='ltr'>editio</span> <span class='ocrx_word' id='word_1_463' title='bbox 1283 5327 1356 5392; x_wconf 70' lang='lat' dir='ltr'>sic</span> <span class='ocrx_word' id='word_1_464' title='bbox 1383 5325 1581 5392; x_wconf 77' lang='lat' dir='ltr'>habent</span> <span class='ocrx_word' id='word_1_465' title='bbox 1596 5340 1612 5392; x_wconf 50' lang='grc' dir='ltr'><strong>ἱ</strong></span> <span class='ocrx_word' id='word_1_466' title='bbox 1628 5325 1829 5376; x_wconf 78' lang='lat' dir='ltr'>Soletis</span> 
     </span>
    </p>
   </div>
   <div class='ocr_carea' id='block_1_59' title="bbox 112 5387 1829 5454">
    <p class='ocr_par' dir='ltr' id='par_1_59' title="bbox 112 5387 1829 5454">
     <span class='ocr_line' id='line_1_59' title="bbox 112 5387 1829 5454; baseline -0.004 -11"><span class='ocrx_word' id='word_1_467' title='bbox 112 5407 240 5443; x_wconf 81' lang='lat' dir='ltr'>cum</span> <span class='ocrx_word' id='word_1_468' title='bbox 253 5387 782 5454; x_wconf 66' lang='lat' dir='ltr'>angust&#39;ialifuerilis</span> <span class='ocrx_word' id='word_1_469' title='bbox 792 5389 1080 5454; x_wconf 72' lang='lat' dir='ltr'>pueriliter</span> <span class='ocrx_word' id='word_1_470' title='bbox 1099 5400 1272 5454; x_wconf 75' lang='lat' dir='ltr'>agere.</span> <span class='ocrx_word' id='word_1_471' title='bbox 1285 5390 1352 5437; x_wconf 89' lang='lat' dir='ltr'>Pa</span> <span class='ocrx_word' id='word_1_472' title='bbox 1361 5389 1588 5454; x_wconf 79' lang='lat' dir='ltr'>ulo_p_ost</span> <span class='ocrx_word' id='word_1_473' title='bbox 1600 5387 1659 5454; x_wconf 88' lang='lat' dir='ltr'>i_n_</span> <span class='ocrx_word' id='word_1_474' title='bbox 1673 5401 1829 5436; x_wconf 85' lang='lat' dir='ltr'>excu—</span> 
     </span>
    </p>
   </div>
   <div class='ocr_carea' id='block_1_60' title="bbox 115 5449 1830 5519">
    <p class='ocr_par' dir='ltr' id='par_1_60' title="bbox 115 5449 1830 5519">
     <span class='ocr_line' id='line_1_60' title="bbox 115 5449 1830 5519; baseline -0.003 -14"><span class='ocrx_word' id='word_1_475' title='bbox 115 5457 188 5505; x_wconf 89' lang='lat' dir='ltr'>sis</span> <span class='ocrx_word' id='word_1_476' title='bbox 209 5449 429 5519; x_wconf 68' lang='lat' dir='ltr'>legitur,</span> <span class='ocrx_word' id='word_1_477' title='bbox 447 5449 1008 5519; x_wconf 73' lang='lat' dir='ltr'>nullamsubslanliam</span> <span class='ocrx_word' id='word_1_478' title='bbox 1030 5449 1235 5501; x_wconf 79' lang='lat' dir='ltr'>malum</span> <span class='ocrx_word' id='word_1_479' title='bbox 1256 5463 1398 5512; x_wconf 82' lang='lat' dir='ltr'>esse;</span> <span class='ocrx_word' id='word_1_480' title='bbox 1415 5449 1506 5500; x_wconf 79' lang='lat' dir='ltr'>ubi</span> <span class='ocrx_word' id='word_1_481' title='bbox 1527 5449 1593 5499; x_wconf 87' lang='lat' dir='ltr'>ad</span> <span class='ocrx_word' id='word_1_482' title='bbox 1611 5451 1734 5499; x_wconf 86' lang='lat' dir='ltr'>Mss.</span> <span class='ocrx_word' id='word_1_483' title='bbox 1748 5463 1830 5500; x_wconf 85' lang='lat' dir='ltr'>ca-</span> 
     </span>
    </p>
   </div>
   <div class='ocr_carea' id='block_1_61' title="bbox 119 5515 844 5574">
    <p class='ocr_par' dir='ltr' id='par_1_61' title="bbox 119 5515 844 5574">
     <span class='ocr_line' id='line_1_61' title="bbox 119 5515 844 5574; baseline -0.007 -7"><span class='ocrx_word' id='word_1_484' title='bbox 119 5515 459 5574; x_wconf 71' lang='lat' dir='ltr'>stigavimus,</span> <span class='ocrx_word' id='word_1_485' title='bbox 492 5515 696 5566; x_wconf 84' lang='lat' dir='ltr'>malum</span> <span class='ocrx_word' id='word_1_486' title='bbox 719 5527 844 5563; x_wconf 81' lang='lat' dir='ltr'>esse.</span> 
     </span>
    </p>
   </div>
   <div class='ocr_carea' id='block_1_62' title="bbox 205 5574 1260 5642">
    <p class='ocr_par' dir='ltr' id='par_1_62' title="bbox 205 5574 1260 5642">
     <span class='ocr_line' id='line_1_62' title="bbox 205 5574 1260 5642; baseline -0.008 -12"><span class='ocrx_word' id='word_1_487' title='bbox 205 5574 264 5642; x_wconf 77' lang='lat' dir='ltr'>a)</span> <span class='ocrx_word' id='word_1_488' title='bbox 292 5578 416 5630; x_wconf 86' lang='lat' dir='ltr'>Vid.</span> <span class='ocrx_word' id='word_1_489' title='bbox 452 5578 677 5628; x_wconf 82' lang='lat' dir='ltr'>Retract.</span> <span class='ocrx_word' id='word_1_490' title='bbox 707 5576 796 5627; x_wconf 88' lang='lat' dir='ltr'>lib.</span> <span class='ocrx_word' id='word_1_491' title='bbox 827 5578 872 5636; x_wconf 86' lang='grc'>1,</span> <span class='ocrx_word' id='word_1_492' title='bbox 903 5588 1014 5638; x_wconf 85' lang='lat' dir='ltr'>cap.</span> <span class='ocrx_word' id='word_1_493' title='bbox 1045 5577 1094 5634; x_wconf 87' lang='lat'>7,</span> <span class='ocrx_word' id='word_1_494' title='bbox 1124 5586 1178 5622; x_wconf 91' lang='lat' dir='ltr'>n.</span> <span class='ocrx_word' id='word_1_495' title='bbox 1213 5574 1260 5622; x_wconf 89' lang='lat'>6.</span> 
     </span>
    </p>
   </div>
   <div class='ocr_carea' id='block_1_63' title="bbox 1554 306 2193 366">
    <p class='ocr_par' dir='ltr' id='par_1_63' title="bbox 1554 306 2193 366">
     <span class='ocr_line' id='line_1_63' title="bbox 1554 306 2193 366; baseline 0.002 -3"><span class='ocrx_word' id='word_1_496' title='bbox 1554 307 1767 363; x_wconf 82' lang='lat' dir='ltr'><strong>LIBER</strong></span> <span class='ocrx_word' id='word_1_497' title='bbox 1807 306 2193 366; x_wconf 88' lang='lat' dir='ltr'>SECUNDUS.</span> 
     </span>
    </p>
   </div>
   <div class='ocr_carea' id='block_1_64' title="bbox 3493 316 3628 369">
    <p class='ocr_par' dir='ltr' id='par_1_64' title="bbox 3493 316 3628 369">
     <span class='ocr_line' id='line_1_64' title="bbox 3493 316 3628 369; baseline 0.015 -2"><span class='ocrx_word' id='word_1_498' title='bbox 3493 316 3628 369; x_wconf 71' lang='lat'>{350</span> 
     </span>
    </p>
   </div>
   <div class='ocr_carea' id='block_1_65' title="bbox 1929 430 3622 498">
    <p class='ocr_par' dir='ltr' id='par_1_65' title="bbox 1929 430 3622 498">
     <span class='ocr_line' id='line_1_65' title="bbox 1929 430 3622 498; baseline 0.002 -14"><span class='ocrx_word' id='word_1_499' title='bbox 1929 447 2050 485; x_wconf 91' lang='lat' dir='ltr'>ram</span> <span class='ocrx_word' id='word_1_500' title='bbox 2098 431 2216 498; x_wconf 93' lang='lat' dir='ltr'>illo,</span> <span class='ocrx_word' id='word_1_501' title='bbox 2277 431 2374 485; x_wconf 93' lang='lat' dir='ltr'>sed</span> <span class='ocrx_word' id='word_1_502' title='bbox 2409 446 2536 485; x_wconf 91' lang='lat' dir='ltr'>cum</span> <span class='ocrx_word' id='word_1_503' title='bbox 2576 430 2647 484; x_wconf 88' lang='lat' dir='ltr'>ad</span> <span class='ocrx_word' id='word_1_504' title='bbox 2687 446 2816 485; x_wconf 88' lang='lat' dir='ltr'>eum</span> <span class='ocrx_word' id='word_1_505' title='bbox 2846 445 2952 485; x_wconf 91' lang='lat' dir='ltr'>nos</span> <span class='ocrx_word' id='word_1_506' title='bbox 2985 431 3256 486; x_wconf 90' lang='lat' dir='ltr'>commoti</span> <span class='ocrx_word' id='word_1_507' title='bbox 3282 432 3622 490; x_wconf 86' lang='lat' dir='ltr'>referremus</span> 
     </span>
    </p>
   </div>
   <div class='ocr_carea' id='block_1_66' title="bbox 1929 518 3620 590">
    <p class='ocr_par' dir='ltr' id='par_1_66' title="bbox 1929 518 3620 590">
     <span class='ocr_line' id='line_1_66' title="bbox 1929 518 3620 590; baseline 0.001 -16"><span class='ocrx_word' id='word_1_508' title='bbox 1929 520 2079 590; x_wconf 90' lang='lat' dir='ltr'>quod</span> <span class='ocrx_word' id='word_1_509' title='bbox 2110 518 2204 572; x_wconf 92' lang='lat' dir='ltr'>ille</span> <span class='ocrx_word' id='word_1_510' title='bbox 2235 519 2500 574; x_wconf 86' lang='lat' dir='ltr'>dixisset:</span> <span class='ocrx_word' id='word_1_511' title='bbox 2533 518 2912 590; x_wconf 90' lang='lat' dir='ltr'>respondebat</span> <span class='ocrx_word' id='word_1_512' title='bbox 2932 535 3091 589; x_wconf 88' lang='lat' dir='ltr'>ergo,</span> <span class='ocrx_word' id='word_1_513' title='bbox 3125 524 3190 573; x_wconf 90' lang='lat' dir='ltr'>ut</span> <span class='ocrx_word' id='word_1_514' title='bbox 3210 518 3346 580; x_wconf 84' lang='lat' dir='ltr'>dixi,</span> <span class='ocrx_word' id='word_1_515' title='bbox 3377 523 3620 590; x_wconf 88' lang='lat' dir='ltr'>puerili-</span> 
     </span>
    </p>
   </div>
   <div class='ocr_carea' id='block_1_67' title="bbox 1927 607 3620 678">
    <p class='ocr_par' dir='ltr' id='par_1_67' title="bbox 1927 607 3620 678">
     <span class='ocr_line' id='line_1_67' title="bbox 1927 607 3620 678; baseline 0.001 -16"><span class='ocrx_word' id='word_1_516' title='bbox 1927 611 2017 662; x_wconf 82' lang='lat' dir='ltr'>ter</span> <span class='ocrx_word' id='word_1_517' title='bbox 2042 607 2254 677; x_wconf 88' lang='lat' dir='ltr'>pueris.</span> <span class='ocrx_word' id='word_1_518' title='bbox 2271 608 2406 672; x_wconf 87' lang='lat' dir='ltr'>Quis</span> <span class='ocrx_word' id='word_1_519' title='bbox 2432 607 2584 662; x_wconf 90' lang='lat' dir='ltr'>enim</span> <span class='ocrx_word' id='word_1_520' title='bbox 2608 609 2939 663; x_wconf 89' lang='lat' dir='ltr'>meliuscule</span> <span class='ocrx_word' id='word_1_521' title='bbox 2960 608 3214 662; x_wconf 89' lang='lat' dir='ltr'>imbutus</span> <span class='ocrx_word' id='word_1_522' title='bbox 3258 613 3315 663; x_wconf 91' lang='lat' dir='ltr'>et</span> <span class='ocrx_word' id='word_1_523' title='bbox 3341 611 3620 678; x_wconf 90' lang='lat' dir='ltr'>eruditus,</span> 
     </span>
    </p>
   </div>
   <div class='ocr_carea' id='block_1_68' title="bbox 1929 696 3622 769">
    <p class='ocr_par' dir='ltr' id='par_1_68' title="bbox 1929 696 3622 769">
     <span class='ocr_line' id='line_1_68' title="bbox 1929 696 3622 769; baseline 0.002 -19"><span class='ocrx_word' id='word_1_524' title='bbox 1929 712 2042 750; x_wconf 90' lang='lat' dir='ltr'>non</span> <span class='ocrx_word' id='word_1_525' title='bbox 2099 696 2283 750; x_wconf 89' lang='lat' dir='ltr'>videat</span> <span class='ocrx_word' id='word_1_526' title='bbox 2318 713 2422 767; x_wconf 90' lang='lat' dir='ltr'>per</span> <span class='ocrx_word' id='word_1_527' title='bbox 2453 697 2974 752; x_wconf 88' lang='lat' dir='ltr'>inconvenientiam</span> <span class='ocrx_word' id='word_1_528' title='bbox 3003 697 3311 768; x_wconf 90' lang='lat' dir='ltr'>corporalis</span> <span class='ocrx_word' id='word_1_529' title='bbox 3331 703 3622 769; x_wconf 86' lang='lat' dir='ltr'>tempera-</span> 
     </span>
    </p>
   </div>
   <div class='ocr_carea' id='block_1_69' title="bbox 1927 784 3623 857">
    <p class='ocr_par' dir='ltr' id='par_1_69' title="bbox 1927 784 3623 857">
     <span class='ocr_line' id='line_1_69' title="bbox 1927 784 3623 857; baseline 0.002 -19"><span class='ocrx_word' id='word_1_530' title='bbox 1927 784 2104 838; x_wconf 90' lang='lat' dir='ltr'>tionis</span> <span class='ocrx_word' id='word_1_531' title='bbox 2132 785 2252 839; x_wconf 73' lang='lat' dir='ltr'>haec</span> <span class='ocrx_word' id='word_1_532' title='bbox 2279 785 2504 852; x_wconf 74' lang='lat' dir='ltr'>hedera,</span> <span class='ocrx_word' id='word_1_533' title='bbox 2543 801 2606 839; x_wconf 89' lang='lat' dir='ltr'>ac</span> <span class='ocrx_word' id='word_1_534' title='bbox 2643 802 2836 840; x_wconf 91' lang='lat' dir='ltr'>rursus</span> <span class='ocrx_word' id='word_1_535' title='bbox 2866 803 2970 857; x_wconf 90' lang='lat' dir='ltr'>per</span> <span class='ocrx_word' id='word_1_536' title='bbox 2999 786 3457 841; x_wconf 89' lang='lat' dir='ltr'>convenientiam</span> <span class='ocrx_word' id='word_1_537' title='bbox 3508 805 3623 842; x_wconf 91' lang='lat' dir='ltr'>non</span> 
     </span>
    </p>
   </div>
   <div class='ocr_carea' id='block_1_70' title="bbox 1928 873 3621 947">
    <p class='ocr_par' dir='ltr' id='par_1_70' title="bbox 1928 873 3621 947">
     <span class='ocr_line' id='line_1_70' title="bbox 1928 873 3621 947; baseline 0.003 -21"><span class='ocrx_word' id='word_1_538' title='bbox 1928 873 2156 940; x_wconf 68' lang='lat' dir='ltr'>laedere,</span> <span class='ocrx_word' id='word_1_539' title='bbox 2190 890 2340 944; x_wconf 70' lang='lat' dir='ltr'>saepe</span> <span class='ocrx_word' id='word_1_540' title='bbox 2395 874 2564 928; x_wconf 88' lang='lat' dir='ltr'>etiam</span> <span class='ocrx_word' id='word_1_541' title='bbox 2617 875 2913 929; x_wconf 88' lang='lat' dir='ltr'>commoda</span> <span class='ocrx_word' id='word_1_542' title='bbox 2969 891 3083 929; x_wconf 90' lang='lat' dir='ltr'>non</span> <span class='ocrx_word' id='word_1_543' title='bbox 3108 892 3283 947; x_wconf 90' lang='lat' dir='ltr'>parva</span> <span class='ocrx_word' id='word_1_544' title='bbox 3314 877 3571 930; x_wconf 87' lang='lat' dir='ltr'>conferre</span> <span class='ocrx_word' id='word_1_545' title='bbox 3593 877 3621 932; x_wconf 67' lang='grc' dir='ltr'><strong><em>Ἰ</em></strong></span> 
     </span>
    </p>
   </div>
   <div class='ocr_carea' id='block_1_71' title="bbox 1932 962 3623 1034">
    <p class='ocr_par' dir='ltr' id='par_1_71' title="bbox 1932 962 3623 1034">
     <span class='ocr_line' id='line_1_71' title="bbox 1932 962 3623 1034; baseline 0.002 -18"><span class='ocrx_word' id='word_1_546' title='bbox 1932 963 2073 1016; x_wconf 89' lang='lat' dir='ltr'>Nam</span> <span class='ocrx_word' id='word_1_547' title='bbox 2101 962 2146 1015; x_wconf 92' lang='lat' dir='ltr'>si</span> <span class='ocrx_word' id='word_1_548' title='bbox 2167 962 2307 1017; x_wconf 89' lang='lat' dir='ltr'>illud</span> <span class='ocrx_word' id='word_1_549' title='bbox 2336 978 2619 1016; x_wconf 87' lang='lat' dir='ltr'>venenum</span> <span class='ocrx_word' id='word_1_550' title='bbox 2647 979 2749 1033; x_wconf 89' lang='lat' dir='ltr'>per</span> <span class='ocrx_word' id='word_1_551' title='bbox 2764 963 3012 1034; x_wconf 90' lang='lat' dir='ltr'>seipsum</span> <span class='ocrx_word' id='word_1_552' title='bbox 3038 965 3253 1019; x_wconf 91' lang='lat' dir='ltr'>malum</span> <span class='ocrx_word' id='word_1_553' title='bbox 3276 971 3440 1032; x_wconf 90' lang='lat' dir='ltr'>esset,</span> <span class='ocrx_word' id='word_1_554' title='bbox 3466 982 3623 1020; x_wconf 90' lang='lat' dir='ltr'>eum-</span> 
     </span>
    </p>
   </div>
   <div class='ocr_carea' id='block_1_72' title="bbox 1932 1049 3621 1124">
    <p class='ocr_par' dir='ltr' id='par_1_72' title="bbox 1932 1049 3621 1124">
     <span class='ocr_line' id='line_1_72' title="bbox 1932 1049 3621 1124; baseline 0.002 -21"><span class='ocrx_word' id='word_1_555' title='bbox 1932 1049 2062 1104; x_wconf 90' lang='lat' dir='ltr'>dem</span> <span class='ocrx_word' id='word_1_556' title='bbox 2089 1051 2444 1123; x_wconf 89' lang='lat' dir='ltr'>scorpionem</span> <span class='ocrx_word' id='word_1_557' title='bbox 2463 1051 2645 1121; x_wconf 91' lang='lat' dir='ltr'>magis</span> <span class='ocrx_word' id='word_1_558' title='bbox 2667 1051 2941 1123; x_wconf 89' lang='lat' dir='ltr'>priusque</span> <span class='ocrx_word' id='word_1_559' title='bbox 2962 1053 3285 1122; x_wconf 88' lang='lat' dir='ltr'>perimeret.</span> <span class='ocrx_word' id='word_1_560' title='bbox 3310 1055 3382 1109; x_wconf 89' lang='lat' dir='ltr'>At</span> <span class='ocrx_word' id='word_1_561' title='bbox 3403 1058 3621 1124; x_wconf 89' lang='lat' dir='ltr'>contra,</span> 
     </span>
    </p>
   </div>
   <div class='ocr_carea' id='block_1_73' title="bbox 1931 1137 3625 1211">
    <p class='ocr_par' dir='ltr' id='par_1_73' title="bbox 1931 1137 3625 1211">
     <span class='ocr_line' id='line_1_73' title="bbox 1931 1137 3625 1211; baseline 0.004 -20"><span class='ocrx_word' id='word_1_562' title='bbox 1931 1137 1977 1191; x_wconf 92' lang='lat' dir='ltr'>si</span> <span class='ocrx_word' id='word_1_563' title='bbox 2007 1138 2059 1192; x_wconf 92' lang='lat' dir='ltr'>ei</span> <span class='ocrx_word' id='word_1_564' title='bbox 2083 1140 2310 1210; x_wconf 85' lang='lat' dir='ltr'>penitus</span> <span class='ocrx_word' id='word_1_565' title='bbox 2341 1141 2532 1211; x_wconf 91' lang='lat' dir='ltr'>aliquo</span> <span class='ocrx_word' id='word_1_566' title='bbox 2554 1144 2716 1210; x_wconf 91' lang='lat' dir='ltr'>pacto</span> <span class='ocrx_word' id='word_1_567' title='bbox 2738 1140 3084 1208; x_wconf 88' lang='lat' dir='ltr'>detrahatur,</span> <span class='ocrx_word' id='word_1_568' title='bbox 3109 1142 3230 1195; x_wconf 91' lang='lat' dir='ltr'>sine</span> <span class='ocrx_word' id='word_1_569' title='bbox 3266 1142 3625 1198; x_wconf 90' lang='lat' dir='ltr'>dubitatione</span> 
     </span>
    </p>
   </div>
   <div class='ocr_carea' id='block_1_74' title="bbox 1929 1227 3622 1302">
    <p class='ocr_par' dir='ltr' id='par_1_74' title="bbox 1929 1227 3622 1302">
     <span class='ocr_line' id='line_1_74' title="bbox 1929 1227 3622 1302; baseline 0.004 -22"><span class='ocrx_word' id='word_1_570' title='bbox 1929 1227 2209 1283; x_wconf 91' lang='lat' dir='ltr'>interiret.</span> <span class='ocrx_word' id='word_1_571' title='bbox 2243 1230 2388 1300; x_wconf 87' lang='lat' dir='ltr'>Ergo</span> <span class='ocrx_word' id='word_1_572' title='bbox 2417 1229 2569 1282; x_wconf 89' lang='lat' dir='ltr'>illius</span> <span class='ocrx_word' id='word_1_573' title='bbox 2590 1228 2815 1300; x_wconf 87' lang='lat' dir='ltr'>corpori</span> <span class='ocrx_word' id='word_1_574' title='bbox 2837 1229 3050 1282; x_wconf 90' lang='lat' dir='ltr'>malum</span> <span class='ocrx_word' id='word_1_575' title='bbox 3076 1235 3158 1283; x_wconf 92' lang='lat' dir='ltr'>est</span> <span class='ocrx_word' id='word_1_576' title='bbox 3183 1230 3442 1286; x_wconf 88' lang='lat' dir='ltr'>amittere</span> <span class='ocrx_word' id='word_1_577' title='bbox 3468 1232 3622 1302; x_wconf 89' lang='lat' dir='ltr'>quod</span> 
     </span>
    </p>
   </div>
   <div class='ocr_carea' id='block_1_75' title="bbox 1929 1315 3619 1390">
    <p class='ocr_par' dir='ltr' id='par_1_75' title="bbox 1929 1315 3619 1390">
     <span class='ocr_line' id='line_1_75' title="bbox 1929 1315 3619 1390; baseline 0.004 -23"><span class='ocrx_word' id='word_1_578' title='bbox 1929 1319 2125 1369; x_wconf 89' lang='lat' dir='ltr'>nostro</span> <span class='ocrx_word' id='word_1_579' title='bbox 2157 1315 2440 1386; x_wconf 87' lang='lat' dir='ltr'>recipere:</span> <span class='ocrx_word' id='word_1_580' title='bbox 2471 1316 2613 1370; x_wconf 89' lang='lat' dir='ltr'>item</span> <span class='ocrx_word' id='word_1_581' title='bbox 2629 1315 2713 1370; x_wconf 91' lang='lat' dir='ltr'>illi</span> <span class='ocrx_word' id='word_1_582' title='bbox 2733 1316 2948 1370; x_wconf 91' lang='lat' dir='ltr'>bonum</span> <span class='ocrx_word' id='word_1_583' title='bbox 2970 1320 3054 1370; x_wconf 90' lang='lat' dir='ltr'>est</span> <span class='ocrx_word' id='word_1_584' title='bbox 3071 1317 3277 1371; x_wconf 88' lang='lat' dir='ltr'>habere</span> <span class='ocrx_word' id='word_1_585' title='bbox 3298 1319 3355 1373; x_wconf 92' lang='lat' dir='ltr'>id</span> <span class='ocrx_word' id='word_1_586' title='bbox 3379 1336 3492 1390; x_wconf 89' lang='lat' dir='ltr'>quo</span> <span class='ocrx_word' id='word_1_587' title='bbox 3515 1336 3619 1374; x_wconf 89' lang='lat' dir='ltr'>no-</span> 
     </span>
    </p>
   </div>
   <div class='ocr_carea' id='block_1_76' title="bbox 1932 1403 3622 1475">
    <p class='ocr_par' dir='ltr' id='par_1_76' title="bbox 1932 1403 3622 1475">
     <span class='ocr_line' id='line_1_76' title="bbox 1932 1403 3622 1475; baseline 0.003 -17"><span class='ocrx_word' id='word_1_588' title='bbox 1932 1403 2019 1458; x_wconf 89' lang='lat' dir='ltr'>bis</span> <span class='ocrx_word' id='word_1_589' title='bbox 2049 1404 2260 1458; x_wconf 89' lang='lat' dir='ltr'>bonum</span> <span class='ocrx_word' id='word_1_590' title='bbox 2295 1410 2379 1458; x_wconf 92' lang='lat' dir='ltr'>est</span> <span class='ocrx_word' id='word_1_591' title='bbox 2415 1420 2626 1459; x_wconf 88' lang='lat' dir='ltr'>carere.</span> <span class='ocrx_word' id='word_1_592' title='bbox 2665 1404 2781 1458; x_wconf 91' lang='lat' dir='ltr'>Erit</span> <span class='ocrx_word' id='word_1_593' title='bbox 2810 1420 2946 1475; x_wconf 89' lang='lat' dir='ltr'>ergo</span> <span class='ocrx_word' id='word_1_594' title='bbox 2976 1405 3177 1468; x_wconf 87' lang='lat' dir='ltr'>eadem</span> <span class='ocrx_word' id='word_1_595' title='bbox 3207 1421 3296 1459; x_wconf 89' lang='lat' dir='ltr'>res</span> <span class='ocrx_word' id='word_1_596' title='bbox 3327 1411 3384 1460; x_wconf 92' lang='lat' dir='ltr'>et</span> <span class='ocrx_word' id='word_1_597' title='bbox 3410 1408 3622 1462; x_wconf 91' lang='lat' dir='ltr'>bonum</span> 
     </span>
    </p>
   </div>
   <div class='ocr_carea' id='block_1_77' title="bbox 1931 1492 3626 1564">
    <p class='ocr_par' dir='ltr' id='par_1_77' title="bbox 1931 1492 3626 1564">
     <span class='ocr_line' id='line_1_77' title="bbox 1931 1492 3626 1564; baseline 0.003 -19"><span class='ocrx_word' id='word_1_598' title='bbox 1931 1495 1988 1545; x_wconf 91' lang='lat' dir='ltr'>et</span> <span class='ocrx_word' id='word_1_599' title='bbox 2000 1493 2214 1545; x_wconf 89' lang='lat' dir='ltr'>malum</span> <span class='ocrx_word' id='word_1_600' title='bbox 2235 1493 2263 1545; x_wconf 85' lang='lat'>?</span> <span class='ocrx_word' id='word_1_601' title='bbox 2283 1493 2448 1546; x_wconf 86' lang='lat' dir='ltr'>Nullo</span> <span class='ocrx_word' id='word_1_602' title='bbox 2472 1492 2671 1559; x_wconf 92' lang='lat' dir='ltr'>modo;</span> <span class='ocrx_word' id='word_1_603' title='bbox 2695 1493 2792 1546; x_wconf 92' lang='lat' dir='ltr'>sed</span> <span class='ocrx_word' id='word_1_604' title='bbox 2810 1494 3026 1546; x_wconf 90' lang='lat' dir='ltr'>malum</span> <span class='ocrx_word' id='word_1_605' title='bbox 3046 1497 3128 1547; x_wconf 89' lang='lat' dir='ltr'>est</span> <span class='ocrx_word' id='word_1_606' title='bbox 3149 1494 3305 1564; x_wconf 89' lang='lat' dir='ltr'>quod</span> <span class='ocrx_word' id='word_1_607' title='bbox 3317 1499 3510 1550; x_wconf 90' lang='lat' dir='ltr'>contra</span> <span class='ocrx_word' id='word_1_608' title='bbox 3530 1513 3626 1550; x_wconf 88' lang='lat' dir='ltr'>na-</span> 
     </span>
    </p>
   </div>
   <div class='ocr_carea' id='block_1_78' title="bbox 1928 1580 3626 1652">
    <p class='ocr_par' dir='ltr' id='par_1_78' title="bbox 1928 1580 3626 1652">
     <span class='ocr_line' id='line_1_78' title="bbox 1928 1580 3626 1652; baseline 0.004 -19"><span class='ocrx_word' id='word_1_609' title='bbox 1928 1583 2119 1634; x_wconf 90' lang='lat' dir='ltr'>turam</span> <span class='ocrx_word' id='word_1_610' title='bbox 2135 1585 2218 1634; x_wconf 91' lang='lat' dir='ltr'>est</span> <span class='ocrx_word' id='word_1_611' title='bbox 2238 1597 2251 1634; x_wconf 90' lang='lat'>:</span> <span class='ocrx_word' id='word_1_612' title='bbox 2269 1580 2375 1634; x_wconf 92' lang='lat' dir='ltr'>hoc</span> <span class='ocrx_word' id='word_1_613' title='bbox 2396 1580 2550 1634; x_wconf 91' lang='lat' dir='ltr'>enim</span> <span class='ocrx_word' id='word_1_614' title='bbox 2571 1584 2625 1633; x_wconf 92' lang='lat' dir='ltr'>et</span> <span class='ocrx_word' id='word_1_615' title='bbox 2639 1580 2834 1634; x_wconf 65' lang='lat' dir='ltr'>bestiae</span> <span class='ocrx_word' id='word_1_616' title='bbox 2851 1580 2935 1634; x_wconf 91' lang='lat' dir='ltr'>illi</span> <span class='ocrx_word' id='word_1_617' title='bbox 2953 1582 3184 1636; x_wconf 91' lang='lat' dir='ltr'>etnobis</span> <span class='ocrx_word' id='word_1_618' title='bbox 3198 1584 3414 1638; x_wconf 88' lang='lat' dir='ltr'>malum</span> <span class='ocrx_word' id='word_1_619' title='bbox 3431 1589 3535 1652; x_wconf 91' lang='lat' dir='ltr'>est,</span> <span class='ocrx_word' id='word_1_620' title='bbox 3569 1585 3626 1640; x_wconf 93' lang='lat' dir='ltr'>id</span> 
     </span>
    </p>
   </div>
   <div class='ocr_carea' id='block_1_79' title="bbox 1934 1668 3630 1739">
    <p class='ocr_par' dir='ltr' id='par_1_79' title="bbox 1934 1668 3630 1739">
     <span class='ocr_line' id='line_1_79' title="bbox 1934 1668 3630 1739; baseline 0.004 -18"><span class='ocrx_word' id='word_1_621' title='bbox 1934 1673 2018 1722; x_wconf 93' lang='lat' dir='ltr'>est</span> <span class='ocrx_word' id='word_1_622' title='bbox 2028 1668 2640 1738; x_wconf 86' lang='lat' dir='ltr'>ipsainconvenientia,</span> <span class='ocrx_word' id='word_1_623' title='bbox 2661 1685 2789 1739; x_wconf 79' lang='lat' dir='ltr'>quae</span> <span class='ocrx_word' id='word_1_624' title='bbox 2803 1669 2923 1723; x_wconf 91' lang='lat' dir='ltr'>sine</span> <span class='ocrx_word' id='word_1_625' title='bbox 2939 1669 3110 1724; x_wconf 92' lang='lat' dir='ltr'>dubio</span> <span class='ocrx_word' id='word_1_626' title='bbox 3125 1686 3242 1725; x_wconf 91' lang='lat' dir='ltr'>non</span> <span class='ocrx_word' id='word_1_627' title='bbox 3268 1676 3351 1726; x_wconf 90' lang='lat' dir='ltr'>est</span> <span class='ocrx_word' id='word_1_628' title='bbox 3375 1673 3630 1727; x_wconf 87' lang='lat' dir='ltr'>substan-</span> 
     </span>
    </p>
   </div>
   <div class='ocr_carea' id='block_1_80' title="bbox 1932 1757 3632 1830">
    <p class='ocr_par' dir='ltr' id='par_1_80' title="bbox 1932 1757 3632 1830">
     <span class='ocr_line' id='line_1_80' title="bbox 1932 1757 3632 1830; baseline 0.002 -18"><span class='ocrx_word' id='word_1_629' title='bbox 1932 1757 2032 1823; x_wconf 88' lang='lat' dir='ltr'>tia,</span> <span class='ocrx_word' id='word_1_630' title='bbox 2051 1757 2166 1810; x_wconf 90' lang='lat' dir='ltr'>imo</span> <span class='ocrx_word' id='word_1_631' title='bbox 2183 1762 2266 1811; x_wconf 91' lang='lat' dir='ltr'>est</span> <span class='ocrx_word' id='word_1_632' title='bbox 2279 1757 2509 1811; x_wconf 89' lang='lat' dir='ltr'>inimica</span> <span class='ocrx_word' id='word_1_633' title='bbox 2547 1757 2898 1811; x_wconf 66' lang='lat' dir='ltr'>substantias.</span> <span class='ocrx_word' id='word_1_634' title='bbox 2918 1758 3074 1812; x_wconf 91' lang='lat' dir='ltr'>Unde</span> <span class='ocrx_word' id='word_1_635' title='bbox 3108 1763 3193 1812; x_wconf 89' lang='lat' dir='ltr'>est</span> <span class='ocrx_word' id='word_1_636' title='bbox 3206 1759 3417 1830; x_wconf 80' lang='lat' dir='ltr'>igitur?</span> <span class='ocrx_word' id='word_1_637' title='bbox 3437 1763 3632 1816; x_wconf 82' lang='lat' dir='ltr'>Atten-</span> 
     </span>
    </p>
   </div>
   <div class='ocr_carea' id='block_1_81' title="bbox 1933 1847 3626 1921">
    <p class='ocr_par' dir='ltr' id='par_1_81' title="bbox 1933 1847 3626 1921">
     <span class='ocr_line' id='line_1_81' title="bbox 1933 1847 3626 1921; baseline 0.004 -20"><span class='ocrx_word' id='word_1_638' title='bbox 1933 1847 2002 1901; x_wconf 88' lang='lat' dir='ltr'>de</span> <span class='ocrx_word' id='word_1_639' title='bbox 2033 1864 2146 1918; x_wconf 93' lang='lat' dir='ltr'>quo</span> <span class='ocrx_word' id='word_1_640' title='bbox 2177 1853 2363 1919; x_wconf 84' lang='lat' dir='ltr'>cogat,</span> <span class='ocrx_word' id='word_1_641' title='bbox 2395 1852 2450 1902; x_wconf 89' lang='lat' dir='ltr'>et</span> <span class='ocrx_word' id='word_1_642' title='bbox 2492 1847 2699 1914; x_wconf 90' lang='lat' dir='ltr'>disces;</span> <span class='ocrx_word' id='word_1_643' title='bbox 2733 1849 2781 1901; x_wconf 91' lang='lat' dir='ltr'>si</span> <span class='ocrx_word' id='word_1_644' title='bbox 2825 1853 3018 1902; x_wconf 90' lang='lat' dir='ltr'>tamen</span> <span class='ocrx_word' id='word_1_645' title='bbox 3045 1848 3105 1902; x_wconf 91' lang='lat' dir='ltr'>in</span> <span class='ocrx_word' id='word_1_646' title='bbox 3142 1853 3197 1904; x_wconf 90' lang='lat' dir='ltr'>te</span> <span class='ocrx_word' id='word_1_647' title='bbox 3226 1850 3442 1921; x_wconf 89' lang='lat' dir='ltr'>aliquid</span> <span class='ocrx_word' id='word_1_648' title='bbox 3481 1851 3626 1908; x_wconf 89' lang='lat' dir='ltr'>inte-</span> 
     </span>
    </p>
   </div>
   <div class='ocr_carea' id='block_1_82' title="bbox 1933 1935 3631 2010">
    <p class='ocr_par' dir='ltr' id='par_1_82' title="bbox 1933 1935 3631 2010">
     <span class='ocr_line' id='line_1_82' title="bbox 1933 1935 3631 2010; baseline 0.005 -22"><span class='ocrx_word' id='word_1_649' title='bbox 1933 1935 2098 1989; x_wconf 90' lang='lat' dir='ltr'>rioris</span> <span class='ocrx_word' id='word_1_650' title='bbox 2125 1936 2356 1989; x_wconf 91' lang='lat' dir='ltr'>luminis</span> <span class='ocrx_word' id='word_1_651' title='bbox 2384 1935 2538 1990; x_wconf 86' lang='lat' dir='ltr'>vivit.</span> <span class='ocrx_word' id='word_1_652' title='bbox 2572 1937 2696 1989; x_wconf 90' lang='lat' dir='ltr'>Non</span> <span class='ocrx_word' id='word_1_653' title='bbox 2734 1952 2855 1990; x_wconf 90' lang='lat' dir='ltr'>esse</span> <span class='ocrx_word' id='word_1_654' title='bbox 2896 1936 3051 1990; x_wconf 91' lang='lat' dir='ltr'>enim</span> <span class='ocrx_word' id='word_1_655' title='bbox 3095 1937 3248 2008; x_wconf 89' lang='lat' dir='ltr'>cogit</span> <span class='ocrx_word' id='word_1_656' title='bbox 3278 1955 3445 1994; x_wconf 90' lang='lat' dir='ltr'>omne</span> <span class='ocrx_word' id='word_1_657' title='bbox 3477 1941 3631 2010; x_wconf 90' lang='lat' dir='ltr'>quod</span> 
     </span>
    </p>
   </div>
   <div class='ocr_carea' id='block_1_83' title="bbox 1932 2023 3630 2099">
    <p class='ocr_par' dir='ltr' id='par_1_83' title="bbox 1932 2023 3630 2099">
     <span class='ocr_line' id='line_1_83' title="bbox 1932 2023 3630 2099; baseline 0.004 -22"><span class='ocrx_word' id='word_1_658' title='bbox 1932 2023 2184 2094; x_wconf 88' lang='lat' dir='ltr'>perimit.</span> <span class='ocrx_word' id='word_1_659' title='bbox 2222 2025 2368 2078; x_wconf 89' lang='lat' dir='ltr'>Deus</span> <span class='ocrx_word' id='word_1_660' title='bbox 2397 2040 2530 2078; x_wconf 90' lang='lat' dir='ltr'>vero</span> <span class='ocrx_word' id='word_1_661' title='bbox 2577 2027 2778 2077; x_wconf 89' lang='lat' dir='ltr'>auctor</span> <span class='ocrx_word' id='word_1_662' title='bbox 2828 2024 3084 2079; x_wconf 72' lang='lat' dir='ltr'>essentite</span> <span class='ocrx_word' id='word_1_663' title='bbox 3135 2030 3252 2081; x_wconf 90' lang='lat' dir='ltr'>est:</span> <span class='ocrx_word' id='word_1_664' title='bbox 3302 2043 3406 2082; x_wconf 90' lang='lat' dir='ltr'>nec</span> <span class='ocrx_word' id='word_1_665' title='bbox 3438 2028 3630 2099; x_wconf 88' lang='lat' dir='ltr'>aliqua</span> 
     </span>
    </p>
   </div>
   <div class='ocr_carea' id='block_1_84' title="bbox 1935 2112 3632 2188">
    <p class='ocr_par' dir='ltr' id='par_1_84' title="bbox 1935 2112 3632 2188">
     <span class='ocr_line' id='line_1_84' title="bbox 1935 2112 3632 2188; baseline 0.005 -24"><span class='ocrx_word' id='word_1_666' title='bbox 1935 2112 2178 2166; x_wconf 88' lang='lat' dir='ltr'>essentia</span> <span class='ocrx_word' id='word_1_667' title='bbox 2213 2116 2402 2184; x_wconf 90' lang='lat' dir='ltr'>potest</span> <span class='ocrx_word' id='word_1_668' title='bbox 2428 2112 2611 2167; x_wconf 91' lang='lat' dir='ltr'>videri</span> <span class='ocrx_word' id='word_1_669' title='bbox 2651 2128 2792 2179; x_wconf 88' lang='lat' dir='ltr'>esse,</span> <span class='ocrx_word' id='word_1_670' title='bbox 2834 2113 2990 2184; x_wconf 91' lang='lat' dir='ltr'>quod</span> <span class='ocrx_word' id='word_1_671' title='bbox 3033 2113 3094 2167; x_wconf 91' lang='lat' dir='ltr'>in</span> <span class='ocrx_word' id='word_1_672' title='bbox 3124 2131 3236 2185; x_wconf 91' lang='lat' dir='ltr'>qua</span> <span class='ocrx_word' id='word_1_673' title='bbox 3275 2115 3447 2170; x_wconf 91' lang='lat' dir='ltr'>fuerit</span> <span class='ocrx_word' id='word_1_674' title='bbox 3478 2117 3632 2188; x_wconf 91' lang='lat' dir='ltr'>cogit</span> 
     </span>
    </p>
   </div>
   <div class='ocr_carea' id='block_1_85' title="bbox 1933 2199 3628 2271">
    <p class='ocr_par' dir='ltr' id='par_1_85' title="bbox 1933 2199 3628 2271">
     <span class='ocr_line' id='line_1_85' title="bbox 1933 2199 3628 2271; baseline 0.004 -19"><span class='ocrx_word' id='word_1_675' title='bbox 1933 2216 2050 2253; x_wconf 91' lang='lat' dir='ltr'>non</span> <span class='ocrx_word' id='word_1_676' title='bbox 2080 2217 2218 2256; x_wconf 89' lang='lat' dir='ltr'>esse.</span> <span class='ocrx_word' id='word_1_677' title='bbox 2257 2200 2472 2255; x_wconf 86' lang='lat' dir='ltr'>Dicitur</span> <span class='ocrx_word' id='word_1_678' title='bbox 2498 2216 2634 2271; x_wconf 89' lang='lat' dir='ltr'>ergo</span> <span class='ocrx_word' id='word_1_679' title='bbox 2666 2199 2884 2271; x_wconf 89' lang='lat' dir='ltr'>aliquid</span> <span class='ocrx_word' id='word_1_680' title='bbox 2929 2201 3078 2256; x_wconf 91' lang='lat' dir='ltr'>unde</span> <span class='ocrx_word' id='word_1_681' title='bbox 3119 2219 3233 2257; x_wconf 90' lang='lat' dir='ltr'>non</span> <span class='ocrx_word' id='word_1_682' title='bbox 3261 2203 3334 2257; x_wconf 88' lang='lat' dir='ltr'>sit</span> <span class='ocrx_word' id='word_1_683' title='bbox 3361 2203 3628 2260; x_wconf 88' lang='lat' dir='ltr'>inconve-</span> 
     </span>
    </p>
   </div>
   <div class='ocr_carea' id='block_1_86' title="bbox 1933 2289 3184 2360">
    <p class='ocr_par' dir='ltr' id='par_1_86' title="bbox 1933 2289 3184 2360">
     <span class='ocr_line' id='line_1_86' title="bbox 1933 2289 3184 2360; baseline 0.003 -18"><span class='ocrx_word' id='word_1_684' title='bbox 1933 2289 2186 2355; x_wconf 89' lang='lat' dir='ltr'>nientia;</span> <span class='ocrx_word' id='word_1_685' title='bbox 2219 2305 2353 2343; x_wconf 90' lang='lat' dir='ltr'>nam</span> <span class='ocrx_word' id='word_1_686' title='bbox 2382 2289 2534 2343; x_wconf 89' lang='lat' dir='ltr'>unde</span> <span class='ocrx_word' id='word_1_687' title='bbox 2567 2289 2638 2342; x_wconf 91' lang='lat' dir='ltr'>sit</span> <span class='ocrx_word' id='word_1_688' title='bbox 2668 2289 2810 2343; x_wconf 89' lang='lat' dir='ltr'>nihil</span> <span class='ocrx_word' id='word_1_689' title='bbox 2841 2289 2953 2344; x_wconf 91' lang='lat' dir='ltr'>dici</span> <span class='ocrx_word' id='word_1_690' title='bbox 2980 2294 3184 2360; x_wconf 89' lang='lat' dir='ltr'>potest.</span> 
     </span>
    </p>
   </div>
   <div class='ocr_carea' id='block_1_87' title="bbox 2009 2377 3631 2453">
    <p class='ocr_par' dir='ltr' id='par_1_87' title="bbox 2009 2377 3631 2453">
     <span class='ocr_line' id='line_1_87' title="bbox 2009 2377 3631 2453; baseline 0.004 -22"><span class='ocrx_word' id='word_1_691' title='bbox 2009 2381 2092 2432; x_wconf 82' lang='lat' dir='ltr'>l2.</span> <span class='ocrx_word' id='word_1_692' title='bbox 2122 2378 2392 2442; x_wconf 65' lang='lat' dir='ltr'>Quaedam</span> <span class='ocrx_word' id='word_1_693' title='bbox 2420 2378 2738 2432; x_wconf 88' lang='lat' dir='ltr'>facinorosa</span> <span class='ocrx_word' id='word_1_694' title='bbox 2766 2377 2974 2432; x_wconf 89' lang='lat' dir='ltr'>mulier</span> <span class='ocrx_word' id='word_1_695' title='bbox 3001 2379 3380 2449; x_wconf 82' lang='lat' dir='ltr'>Atheniensis,</span> <span class='ocrx_word' id='word_1_696' title='bbox 3409 2385 3472 2436; x_wconf 93' lang='lat' dir='ltr'>ut</span> <span class='ocrx_word' id='word_1_697' title='bbox 3500 2399 3631 2453; x_wconf 88' lang='lat' dir='ltr'>pro-</span> 
     </span>
    </p>
   </div>
   <div class='ocr_carea' id='block_1_88' title="bbox 1936 2466 3635 2537">
    <p class='ocr_par' dir='ltr' id='par_1_88' title="bbox 1936 2466 3635 2537">
     <span class='ocr_line' id='line_1_88' title="bbox 1936 2466 3635 2537; baseline 0.004 -17"><span class='ocrx_word' id='word_1_698' title='bbox 1936 2466 2022 2520; x_wconf 88' lang='lat' dir='ltr'>dit</span> <span class='ocrx_word' id='word_1_699' title='bbox 2049 2466 2305 2532; x_wconf 91' lang='lat' dir='ltr'>historia,</span> <span class='ocrx_word' id='word_1_700' title='bbox 2339 2482 2624 2521; x_wconf 89' lang='lat' dir='ltr'>venenum</span> <span class='ocrx_word' id='word_1_701' title='bbox 2657 2467 2810 2537; x_wconf 91' lang='lat' dir='ltr'>quod</span> <span class='ocrx_word' id='word_1_702' title='bbox 2840 2471 2994 2520; x_wconf 90' lang='lat' dir='ltr'>certo</span> <span class='ocrx_word' id='word_1_703' title='bbox 3028 2468 3257 2523; x_wconf 89' lang='lat' dir='ltr'>modulo</span> <span class='ocrx_word' id='word_1_704' title='bbox 3289 2470 3543 2525; x_wconf 89' lang='lat' dir='ltr'>damnati</span> <span class='ocrx_word' id='word_1_705' title='bbox 3570 2476 3635 2526; x_wconf 88' lang='lat' dir='ltr'>ut</span> 
     </span>
    </p>
   </div>
   <div class='ocr_carea' id='block_1_89' title="bbox 1938 2555 3633 2626">
    <p class='ocr_par' dir='ltr' id='par_1_89' title="bbox 1938 2555 3633 2626">
     <span class='ocr_line' id='line_1_89' title="bbox 1938 2555 3633 2626; baseline 0.004 -18"><span class='ocrx_word' id='word_1_706' title='bbox 1938 2560 2297 2609; x_wconf 88' lang='lat' dir='ltr'>morerentur</span> <span class='ocrx_word' id='word_1_707' title='bbox 2312 2555 2674 2622; x_wconf 90' lang='lat' dir='ltr'>hauriebant,</span> <span class='ocrx_word' id='word_1_708' title='bbox 2691 2555 2970 2626; x_wconf 89' lang='lat' dir='ltr'>paulatim</span> <span class='ocrx_word' id='word_1_709' title='bbox 2996 2555 3243 2612; x_wconf 90' lang='lat' dir='ltr'>bibendo</span> <span class='ocrx_word' id='word_1_710' title='bbox 3265 2558 3387 2613; x_wconf 90' lang='lat' dir='ltr'>sine</span> <span class='ocrx_word' id='word_1_711' title='bbox 3409 2560 3526 2614; x_wconf 92' lang='lat' dir='ltr'>ullo</span> <span class='ocrx_word' id='word_1_712' title='bbox 3545 2562 3633 2614; x_wconf 86' lang='lat' dir='ltr'>vel</span> 
     </span>
    </p>
   </div>
   <div class='ocr_carea' id='block_1_90' title="bbox 1933 2643 3631 2718">
    <p class='ocr_par' dir='ltr' id='par_1_90' title="bbox 1933 2643 3631 2718">
     <span class='ocr_line' id='line_1_90' title="bbox 1933 2643 3631 2718; baseline 0.003 -21"><span class='ocrx_word' id='word_1_713' title='bbox 1933 2643 2046 2698; x_wconf 89' lang='lat' dir='ltr'>levi</span> <span class='ocrx_word' id='word_1_714' title='bbox 2077 2644 2440 2698; x_wconf 91' lang='lat' dir='ltr'>incommodo</span> <span class='ocrx_word' id='word_1_715' title='bbox 2470 2643 2814 2698; x_wconf 89' lang='lat' dir='ltr'>valetudinis</span> <span class='ocrx_word' id='word_1_716' title='bbox 2828 2643 3013 2698; x_wconf 74' lang='lat' dir='ltr'>effecit</span> <span class='ocrx_word' id='word_1_717' title='bbox 3043 2649 3105 2698; x_wconf 90' lang='lat' dir='ltr'>ut</span> <span class='ocrx_word' id='word_1_718' title='bbox 3137 2645 3379 2701; x_wconf 86' lang='lat' dir='ltr'>biberet.</span> <span class='ocrx_word' id='word_1_719' title='bbox 3413 2649 3631 2718; x_wconf 89' lang='lat' dir='ltr'>Itaque,</span> 
     </span>
    </p>
   </div>
   <div class='ocr_carea' id='block_1_91' title="bbox 1936 2731 3636 2808">
    <p class='ocr_par' dir='ltr' id='par_1_91' title="bbox 1936 2731 3636 2808">
     <span class='ocr_line' id='line_1_91' title="bbox 1936 2731 3636 2808; baseline 0.002 -22"><span class='ocrx_word' id='word_1_720' title='bbox 1936 2748 2064 2786; x_wconf 90' lang='lat' dir='ltr'>cum</span> <span class='ocrx_word' id='word_1_721' title='bbox 2100 2737 2244 2787; x_wconf 87' lang='lat' dir='ltr'>esset</span> <span class='ocrx_word' id='word_1_722' title='bbox 2275 2731 2582 2803; x_wconf 89' lang='lat' dir='ltr'>aliquando</span> <span class='ocrx_word' id='word_1_723' title='bbox 2618 2733 2906 2801; x_wconf 89' lang='lat' dir='ltr'>damnata,</span> <span class='ocrx_word' id='word_1_724' title='bbox 2937 2733 3257 2802; x_wconf 88' lang='lat' dir='ltr'>legitimam</span> <span class='ocrx_word' id='word_1_725' title='bbox 3282 2734 3440 2790; x_wconf 90' lang='lat' dir='ltr'>illam</span> <span class='ocrx_word' id='word_1_726' title='bbox 3463 2752 3636 2808; x_wconf 88' lang='lat' dir='ltr'>quan-</span> 
     </span>
    </p>
   </div>
   <div class='ocr_carea' id='block_1_92' title="bbox 1936 2821 3637 2895">
    <p class='ocr_par' dir='ltr' id='par_1_92' title="bbox 1936 2821 3637 2895">
     <span class='ocr_line' id='line_1_92' title="bbox 1936 2821 3637 2895; baseline 0.002 -20"><span class='ocrx_word' id='word_1_727' title='bbox 1936 2821 2157 2875; x_wconf 85' lang='lat' dir='ltr'>titatem</span> <span class='ocrx_word' id='word_1_728' title='bbox 2209 2821 2432 2887; x_wconf 90' lang='lat' dir='ltr'>veneni,</span> <span class='ocrx_word' id='word_1_729' title='bbox 2471 2837 2647 2890; x_wconf 88' lang='lat' dir='ltr'>quam</span> <span class='ocrx_word' id='word_1_730' title='bbox 2686 2821 3099 2876; x_wconf 87' lang='lat' dir='ltr'>consuetudine</span> <span class='ocrx_word' id='word_1_731' title='bbox 3146 2822 3374 2889; x_wconf 87' lang='lat' dir='ltr'>vicerat,</span> <span class='ocrx_word' id='word_1_732' title='bbox 3419 2824 3637 2895; x_wconf 88' lang='lat' dir='ltr'>accepit</span> 
     </span>
    </p>
   </div>
   <div class='ocr_carea' id='block_1_93' title="bbox 1936 2908 3637 2978">
    <p class='ocr_par' dir='ltr' id='par_1_93' title="bbox 1936 2908 3637 2978">
     <span class='ocr_line' id='line_1_93' title="bbox 1936 2908 3637 2978; baseline 0.002 -14"><span class='ocrx_word' id='word_1_733' title='bbox 1936 2914 2000 2964; x_wconf 90' lang='lat' dir='ltr'>ut</span> <span class='ocrx_word' id='word_1_734' title='bbox 2028 2908 2244 2978; x_wconf 58' lang='lat' dir='ltr'>caateri,</span> <span class='ocrx_word' id='word_1_735' title='bbox 2276 2925 2380 2962; x_wconf 92' lang='lat' dir='ltr'>nec</span> <span class='ocrx_word' id='word_1_736' title='bbox 2411 2913 2476 2962; x_wconf 91' lang='lat' dir='ltr'>ut</span> <span class='ocrx_word' id='word_1_737' title='bbox 2505 2909 2693 2963; x_wconf 62' lang='lat' dir='ltr'>caeteri</span> <span class='ocrx_word' id='word_1_738' title='bbox 2719 2909 2992 2963; x_wconf 84' lang='lat' dir='ltr'>exstincta</span> <span class='ocrx_word' id='word_1_739' title='bbox 3013 2914 3118 2965; x_wconf 90' lang='lat' dir='ltr'>est.</span> <span class='ocrx_word' id='word_1_740' title='bbox 3149 2911 3310 2974; x_wconf 91' lang='lat' dir='ltr'>Quod</span> <span class='ocrx_word' id='word_1_741' title='bbox 3331 2928 3461 2966; x_wconf 92' lang='lat' dir='ltr'>cum</span> <span class='ocrx_word' id='word_1_742' title='bbox 3490 2917 3637 2968; x_wconf 87' lang='lat' dir='ltr'>esset</span> 
     </span>
    </p>
   </div>
   <div class='ocr_carea' id='block_1_94' title="bbox 1935 2996 3631 3070">
    <p class='ocr_par' dir='ltr' id='par_1_94' title="bbox 1935 2996 3631 3070">
     <span class='ocr_line' id='line_1_94' title="bbox 1935 2996 3631 3070; baseline 0.003 -20"><span class='ocrx_word' id='word_1_743' title='bbox 1935 3012 2145 3068; x_wconf 87' lang='lat' dir='ltr'>magno</span> <span class='ocrx_word' id='word_1_744' title='bbox 2179 2997 2471 3062; x_wconf 88' lang='lat' dir='ltr'>miraculo,</span> <span class='ocrx_word' id='word_1_745' title='bbox 2493 2997 2665 3050; x_wconf 90' lang='lat' dir='ltr'>missa</span> <span class='ocrx_word' id='word_1_746' title='bbox 2678 3003 2763 3051; x_wconf 91' lang='lat' dir='ltr'>est</span> <span class='ocrx_word' id='word_1_747' title='bbox 2791 2996 2852 3051; x_wconf 91' lang='lat' dir='ltr'>in</span> <span class='ocrx_word' id='word_1_748' title='bbox 2865 2998 3147 3052; x_wconf 86' lang='lat' dir='ltr'>exsilium.</span> <span class='ocrx_word' id='word_1_749' title='bbox 3171 2999 3315 3063; x_wconf 90' lang='lat' dir='ltr'>Quid</span> <span class='ocrx_word' id='word_1_750' title='bbox 3337 3005 3631 3070; x_wconf 89' lang='lat' dir='ltr'>putamus,</span> 
     </span>
    </p>
   </div>
   <div class='ocr_carea' id='block_1_95' title="bbox 1937 3084 3634 3152">
    <p class='ocr_par' dir='ltr' id='par_1_95' title="bbox 1937 3084 3634 3152">
     <span class='ocr_line' id='line_1_95' title="bbox 1937 3084 3634 3152; baseline 0.004 -14"><span class='ocrx_word' id='word_1_751' title='bbox 1937 3084 1984 3138; x_wconf 91' lang='lat' dir='ltr'>si</span> <span class='ocrx_word' id='word_1_752' title='bbox 2015 3101 2300 3139; x_wconf 88' lang='lat' dir='ltr'>venenum</span> <span class='ocrx_word' id='word_1_753' title='bbox 2331 3086 2546 3139; x_wconf 90' lang='lat' dir='ltr'>malum</span> <span class='ocrx_word' id='word_1_754' title='bbox 2584 3090 2686 3152; x_wconf 91' lang='lat' dir='ltr'>est,</span> <span class='ocrx_word' id='word_1_755' title='bbox 2716 3086 2883 3140; x_wconf 86' lang='lat' dir='ltr'>istam</span> <span class='ocrx_word' id='word_1_756' title='bbox 2913 3087 3114 3141; x_wconf 87' lang='lat' dir='ltr'>fecisse</span> <span class='ocrx_word' id='word_1_757' title='bbox 3143 3092 3206 3142; x_wconf 92' lang='lat' dir='ltr'>ut</span> <span class='ocrx_word' id='word_1_758' title='bbox 3254 3089 3361 3142; x_wconf 91' lang='lat' dir='ltr'>sibi</span> <span class='ocrx_word' id='word_1_759' title='bbox 3418 3091 3634 3144; x_wconf 89' lang='lat' dir='ltr'>malum</span> 
     </span>
    </p>
   </div>
   <div class='ocr_carea' id='block_1_96' title="bbox 1937 3173 3636 3246">
    <p class='ocr_par' dir='ltr' id='par_1_96' title="bbox 1937 3173 3636 3246">
     <span class='ocr_line' id='line_1_96' title="bbox 1937 3173 3636 3246; baseline 0.003 -20"><span class='ocrx_word' id='word_1_760' title='bbox 1937 3189 2052 3227; x_wconf 92' lang='lat' dir='ltr'>non</span> <span class='ocrx_word' id='word_1_761' title='bbox 2077 3175 2267 3227; x_wconf 89' lang='lat' dir='ltr'>esset?</span> <span class='ocrx_word' id='word_1_762' title='bbox 2287 3173 2431 3238; x_wconf 92' lang='lat' dir='ltr'>Quid</span> <span class='ocrx_word' id='word_1_763' title='bbox 2449 3175 2555 3227; x_wconf 88' lang='lat' dir='ltr'>hoc</span> <span class='ocrx_word' id='word_1_764' title='bbox 2575 3175 2878 3229; x_wconf 89' lang='lat' dir='ltr'>absurdius</span> <span class='ocrx_word' id='word_1_765' title='bbox 2899 3175 3044 3230; x_wconf 90' lang='lat' dir='ltr'>?Sed</span> <span class='ocrx_word' id='word_1_766' title='bbox 3065 3176 3200 3246; x_wconf 89' lang='lat' dir='ltr'>quia</span> <span class='ocrx_word' id='word_1_767' title='bbox 3220 3175 3636 3231; x_wconf 89' lang='lat' dir='ltr'>inconvenien-</span> 
     </span>
    </p>
   </div>
   <div class='ocr_carea' id='block_1_97' title="bbox 1935 3261 3635 3333">
    <p class='ocr_par' dir='ltr' id='par_1_97' title="bbox 1935 3261 3635 3333">
     <span class='ocr_line' id='line_1_97' title="bbox 1935 3261 3635 3333; baseline 0.004 -19"><span class='ocrx_word' id='word_1_768' title='bbox 1935 3261 2016 3315; x_wconf 89' lang='lat' dir='ltr'>tia</span> <span class='ocrx_word' id='word_1_769' title='bbox 2066 3262 2281 3315; x_wconf 87' lang='lat' dir='ltr'>malum</span> <span class='ocrx_word' id='word_1_770' title='bbox 2334 3266 2434 3329; x_wconf 90' lang='lat' dir='ltr'>est,</span> <span class='ocrx_word' id='word_1_771' title='bbox 2489 3262 2622 3316; x_wconf 90' lang='lat' dir='ltr'>fecit</span> <span class='ocrx_word' id='word_1_772' title='bbox 2657 3263 2849 3333; x_wconf 89' lang='lat' dir='ltr'>potius</span> <span class='ocrx_word' id='word_1_773' title='bbox 2889 3267 2953 3317; x_wconf 89' lang='lat' dir='ltr'>ut</span> <span class='ocrx_word' id='word_1_774' title='bbox 2997 3265 3355 3319; x_wconf 87' lang='lat' dir='ltr'>moderatam</span> <span class='ocrx_word' id='word_1_775' title='bbox 3396 3282 3635 3321; x_wconf 88' lang='lat' dir='ltr'>consue-</span> 
     </span>
    </p>
   </div>
   <div class='ocr_carea' id='block_1_98' title="bbox 1937 3350 3637 3423">
    <p class='ocr_par' dir='ltr' id='par_1_98' title="bbox 1937 3350 3637 3423">
     <span class='ocr_line' id='line_1_98' title="bbox 1937 3350 3637 3423; baseline 0.004 -20"><span class='ocrx_word' id='word_1_776' title='bbox 1937 3350 2200 3404; x_wconf 88' lang='lat' dir='ltr'>tudinem</span> <span class='ocrx_word' id='word_1_777' title='bbox 2242 3350 2384 3405; x_wconf 89' lang='lat' dir='ltr'>illud</span> <span class='ocrx_word' id='word_1_778' title='bbox 2429 3367 2634 3421; x_wconf 89' lang='lat' dir='ltr'>corpus</span> <span class='ocrx_word' id='word_1_779' title='bbox 2680 3367 2784 3405; x_wconf 91' lang='lat' dir='ltr'>suo</span> <span class='ocrx_word' id='word_1_780' title='bbox 2829 3352 3054 3423; x_wconf 89' lang='lat' dir='ltr'>corpori</span> <span class='ocrx_word' id='word_1_781' title='bbox 3103 3353 3450 3408; x_wconf 90' lang='lat' dir='ltr'>conveniret.</span> <span class='ocrx_word' id='word_1_782' title='bbox 3494 3356 3637 3409; x_wconf 90' lang='lat' dir='ltr'>Nam</span> 
     </span>
    </p>
   </div>
   <div class='ocr_carea' id='block_1_99' title="bbox 1939 3439 3634 3512">
    <p class='ocr_par' dir='ltr' id='par_1_99' title="bbox 1939 3439 3634 3512">
     <span class='ocr_line' id='line_1_99' title="bbox 1939 3439 3634 3512; baseline 0.004 -20"><span class='ocrx_word' id='word_1_783' title='bbox 1939 3439 2165 3510; x_wconf 89' lang='lat' dir='ltr'>quando</span> <span class='ocrx_word' id='word_1_784' title='bbox 2197 3439 2293 3494; x_wconf 86' lang='lat' dir='ltr'>illa</span> <span class='ocrx_word' id='word_1_785' title='bbox 2325 3441 2581 3511; x_wconf 86' lang='lat' dir='ltr'>qualibet</span> <span class='ocrx_word' id='word_1_786' title='bbox 2609 3440 2917 3495; x_wconf 90' lang='lat' dir='ltr'>calliditate</span> <span class='ocrx_word' id='word_1_787' title='bbox 2945 3447 3139 3512; x_wconf 88' lang='lat' dir='ltr'>posset</span> <span class='ocrx_word' id='word_1_788' title='bbox 3167 3442 3413 3510; x_wconf 88' lang='lat' dir='ltr'>efﬁcere,</span> <span class='ocrx_word' id='word_1_789' title='bbox 3449 3443 3634 3498; x_wconf 83' lang='lat' dir='ltr'>utsibi</span> 
     </span>
    </p>
   </div>
   <div class='ocr_carea' id='block_1_100' title="bbox 1937 3527 3638 3602">
    <p class='ocr_par' dir='ltr' id='par_1_100' title="bbox 1937 3527 3638 3602">
     <span class='ocr_line' id='line_1_100' title="bbox 1937 3527 3638 3602; baseline 0.003 -20"><span class='ocrx_word' id='word_1_790' title='bbox 1937 3527 2399 3583; x_wconf 89' lang='lat' dir='ltr'>inconvenientia</span> <span class='ocrx_word' id='word_1_791' title='bbox 2428 3545 2546 3583; x_wconf 90' lang='lat' dir='ltr'>non</span> <span class='ocrx_word' id='word_1_792' title='bbox 2566 3531 2842 3584; x_wconf 84' lang='lat' dir='ltr'>noceret?</span> <span class='ocrx_word' id='word_1_793' title='bbox 2861 3529 3008 3594; x_wconf 88' lang='lat' dir='ltr'>Quid</span> <span class='ocrx_word' id='word_1_794' title='bbox 3032 3530 3148 3585; x_wconf 85' lang='lat' dir='ltr'>ita?</span> <span class='ocrx_word' id='word_1_795' title='bbox 3167 3531 3311 3595; x_wconf 90' lang='lat' dir='ltr'>Quia</span> <span class='ocrx_word' id='word_1_796' title='bbox 3335 3532 3488 3602; x_wconf 93' lang='lat' dir='ltr'>quod</span> <span class='ocrx_word' id='word_1_797' title='bbox 3509 3549 3638 3587; x_wconf 89' lang='lat' dir='ltr'>vere</span> 
     </span>
    </p>
   </div>
   <div class='ocr_carea' id='block_1_101' title="bbox 1939 3619 3636 3689">
    <p class='ocr_par' dir='ltr' id='par_1_101' title="bbox 1939 3619 3636 3689">
     <span class='ocr_line' id='line_1_101' title="bbox 1939 3619 3636 3689; baseline 0.002 -17"><span class='ocrx_word' id='word_1_798' title='bbox 1939 3624 1996 3672; x_wconf 89' lang='lat' dir='ltr'>et</span> <span class='ocrx_word' id='word_1_799' title='bbox 2025 3619 2370 3688; x_wconf 88' lang='lat' dir='ltr'>generaliter</span> <span class='ocrx_word' id='word_1_800' title='bbox 2389 3619 2605 3672; x_wconf 87' lang='lat' dir='ltr'>malum</span> <span class='ocrx_word' id='word_1_801' title='bbox 2630 3623 2731 3685; x_wconf 91' lang='lat' dir='ltr'>est,</span> <span class='ocrx_word' id='word_1_802' title='bbox 2748 3623 2804 3672; x_wconf 90' lang='lat' dir='ltr'>et</span> <span class='ocrx_word' id='word_1_803' title='bbox 2821 3635 3047 3689; x_wconf 91' lang='lat' dir='ltr'>semper</span> <span class='ocrx_word' id='word_1_804' title='bbox 3067 3625 3122 3674; x_wconf 90' lang='lat' dir='ltr'>et</span> <span class='ocrx_word' id='word_1_805' title='bbox 3152 3621 3419 3675; x_wconf 91' lang='lat' dir='ltr'>omnibus</span> <span class='ocrx_word' id='word_1_806' title='bbox 3448 3627 3636 3677; x_wconf 90' lang='lat' dir='ltr'>nocet.</span> 
     </span>
    </p>
   </div>
   <div class='ocr_carea' id='block_1_102' title="bbox 1937 3705 3637 3777">
    <p class='ocr_par' dir='ltr' id='par_1_102' title="bbox 1937 3705 3637 3777">
     <span class='ocr_line' id='line_1_102' title="bbox 1937 3705 3637 3777; baseline 0.003 -17"><span class='ocrx_word' id='word_1_807' title='bbox 1937 3707 2139 3761; x_wconf 91' lang='lat' dir='ltr'>Oleum</span> <span class='ocrx_word' id='word_1_808' title='bbox 2167 3705 2376 3760; x_wconf 88' lang='lat' dir='ltr'>nostris</span> <span class='ocrx_word' id='word_1_809' title='bbox 2407 3707 2737 3777; x_wconf 86' lang='lat' dir='ltr'>corporibus</span> <span class='ocrx_word' id='word_1_810' title='bbox 2766 3709 3132 3762; x_wconf 91' lang='lat' dir='ltr'>commodum</span> <span class='ocrx_word' id='word_1_811' title='bbox 3163 3715 3265 3771; x_wconf 86' lang='lat' dir='ltr'>est,</span> <span class='ocrx_word' id='word_1_812' title='bbox 3298 3709 3637 3765; x_wconf 88' lang='lat' dir='ltr'>animalium</span> 
     </span>
    </p>
   </div>
   <div class='ocr_carea' id='block_1_103' title="bbox 1940 3793 3639 3864">
    <p class='ocr_par' dir='ltr' id='par_1_103' title="bbox 1940 3793 3639 3864">
     <span class='ocr_line' id='line_1_103' title="bbox 1940 3793 3639 3864; baseline 0.003 -16"><span class='ocrx_word' id='word_1_813' title='bbox 1940 3800 2133 3848; x_wconf 90' lang='lat' dir='ltr'>autem</span> <span class='ocrx_word' id='word_1_814' title='bbox 2160 3793 2376 3860; x_wconf 90' lang='lat' dir='ltr'>multis,</span> <span class='ocrx_word' id='word_1_815' title='bbox 2410 3809 2538 3864; x_wconf 66' lang='lat' dir='ltr'>quas</span> <span class='ocrx_word' id='word_1_816' title='bbox 2552 3809 2644 3848; x_wconf 84' lang='lat' dir='ltr'>sex</span> <span class='ocrx_word' id='word_1_817' title='bbox 2676 3795 2847 3864; x_wconf 89' lang='lat' dir='ltr'>pedes</span> <span class='ocrx_word' id='word_1_818' title='bbox 2877 3796 3106 3862; x_wconf 87' lang='lat' dir='ltr'>habent,</span> <span class='ocrx_word' id='word_1_819' title='bbox 3137 3797 3509 3852; x_wconf 89' lang='lat' dir='ltr'>vehementer</span> <span class='ocrx_word' id='word_1_820' title='bbox 3537 3799 3639 3854; x_wconf 86' lang='lat' dir='ltr'>ad-</span> 
     </span>
    </p>
   </div>
   <div class='ocr_carea' id='block_1_104' title="bbox 1936 3881 3640 3948">
    <p class='ocr_par' dir='ltr' id='par_1_104' title="bbox 1936 3881 3640 3948">
     <span class='ocr_line' id='line_1_104' title="bbox 1936 3881 3640 3948; baseline 0.003 -12"><span class='ocrx_word' id='word_1_821' title='bbox 1936 3898 2183 3936; x_wconf 87' lang='lat' dir='ltr'>versum.</span> <span class='ocrx_word' id='word_1_822' title='bbox 2205 3881 2552 3948; x_wconf 90' lang='lat' dir='ltr'>Elleborum,</span> <span class='ocrx_word' id='word_1_823' title='bbox 2567 3898 2758 3936; x_wconf 91' lang='lat' dir='ltr'>nonne</span> <span class='ocrx_word' id='word_1_824' title='bbox 2775 3882 2885 3936; x_wconf 90' lang='lat' dir='ltr'>alio</span> <span class='ocrx_word' id='word_1_825' title='bbox 2907 3883 3074 3938; x_wconf 91' lang='lat' dir='ltr'>modo</span> <span class='ocrx_word' id='word_1_826' title='bbox 3093 3883 3252 3938; x_wconf 89' lang='lat' dir='ltr'>cibus</span> <span class='ocrx_word' id='word_1_827' title='bbox 3266 3889 3364 3946; x_wconf 86' lang='lat' dir='ltr'>est,</span> <span class='ocrx_word' id='word_1_828' title='bbox 3389 3886 3501 3940; x_wconf 88' lang='lat' dir='ltr'>alio</span> <span class='ocrx_word' id='word_1_829' title='bbox 3523 3903 3640 3941; x_wconf 90' lang='lat' dir='ltr'>me-</span> 
     </span>
    </p>
   </div>
   <div class='ocr_carea' id='block_1_105' title="bbox 1940 3969 3641 4035">
    <p class='ocr_par' dir='ltr' id='par_1_105' title="bbox 1940 3969 3641 4035">
     <span class='ocr_line' id='line_1_105' title="bbox 1940 3969 3641 4035; baseline 0.002 -11"><span class='ocrx_word' id='word_1_830' title='bbox 1940 3970 2347 4035; x_wconf 89' lang='lat' dir='ltr'>dicamentum,</span> <span class='ocrx_word' id='word_1_831' title='bbox 2372 3969 2482 4023; x_wconf 91' lang='lat' dir='ltr'>alio</span> <span class='ocrx_word' id='word_1_832' title='bbox 2509 3970 2821 4024; x_wconf 84' lang='lat' dir='ltr'>venenum?</span> <span class='ocrx_word' id='word_1_833' title='bbox 2841 3971 3471 4027; x_wconf 88' lang='lat' dir='ltr'>Salemimmoderatius</span> <span class='ocrx_word' id='word_1_834' title='bbox 3489 3991 3641 4028; x_wconf 91' lang='lat' dir='ltr'>acce-</span> 
     </span>
    </p>
   </div>
   <div class='ocr_carea' id='block_1_106' title="bbox 1937 4059 3640 4132">
    <p class='ocr_par' dir='ltr' id='par_1_106' title="bbox 1937 4059 3640 4132">
     <span class='ocr_line' id='line_1_106' title="bbox 1937 4059 3640 4132; baseline 0.004 -19"><span class='ocrx_word' id='word_1_835' title='bbox 1937 4063 2122 4129; x_wconf 90' lang='lat' dir='ltr'>ptum,</span> <span class='ocrx_word' id='word_1_836' title='bbox 2137 4059 2264 4128; x_wconf 92' lang='lat' dir='ltr'>quis</span> <span class='ocrx_word' id='word_1_837' title='bbox 2279 4074 2395 4112; x_wconf 91' lang='lat' dir='ltr'>non</span> <span class='ocrx_word' id='word_1_838' title='bbox 2415 4073 2700 4113; x_wconf 87' lang='lat' dir='ltr'>venenum</span> <span class='ocrx_word' id='word_1_839' title='bbox 2714 4075 2832 4113; x_wconf 91' lang='lat' dir='ltr'>esse</span> <span class='ocrx_word' id='word_1_840' title='bbox 2847 4060 3204 4115; x_wconf 81' lang='lat' dir='ltr'>clamaverit?</span> <span class='ocrx_word' id='word_1_841' title='bbox 3218 4067 3356 4132; x_wconf 89' lang='lat' dir='ltr'>quot</span> <span class='ocrx_word' id='word_1_842' title='bbox 3373 4068 3568 4118; x_wconf 91' lang='lat' dir='ltr'>autem</span> <span class='ocrx_word' id='word_1_843' title='bbox 3583 4068 3640 4119; x_wconf 90' lang='lat' dir='ltr'>et</span> 
     </span>
    </p>
   </div>
   <div class='ocr_carea' id='block_1_107' title="bbox 1939 4146 3641 4222">
    <p class='ocr_par' dir='ltr' id='par_1_107' title="bbox 1939 4146 3641 4222">
     <span class='ocr_line' id='line_1_107' title="bbox 1939 4146 3641 4222; baseline 0.003 -21"><span class='ocrx_word' id='word_1_844' title='bbox 1939 4152 2167 4218; x_wconf 69' lang='lat' dir='ltr'>quantae</span> <span class='ocrx_word' id='word_1_845' title='bbox 2199 4146 2456 4216; x_wconf 89' lang='lat' dir='ltr'>corporis</span> <span class='ocrx_word' id='word_1_846' title='bbox 2486 4147 2919 4201; x_wconf 90' lang='lat' dir='ltr'>commoditates</span> <span class='ocrx_word' id='word_1_847' title='bbox 2941 4164 3008 4201; x_wconf 86' lang='lat' dir='ltr'>ex</span> <span class='ocrx_word' id='word_1_848' title='bbox 3038 4165 3104 4202; x_wconf 92' lang='lat' dir='ltr'>eo</span> <span class='ocrx_word' id='word_1_849' title='bbox 3130 4149 3259 4212; x_wconf 90' lang='lat' dir='ltr'>sint,</span> <span class='ocrx_word' id='word_1_850' title='bbox 3298 4150 3424 4220; x_wconf 87' lang='lat' dir='ltr'>quis</span> <span class='ocrx_word' id='word_1_851' title='bbox 3455 4156 3641 4222; x_wconf 86' lang='lat' dir='ltr'>potest</span> 
     </span>
    </p>
   </div>
   <div class='ocr_carea' id='block_1_108' title="bbox 1939 4235 3638 4306">
    <p class='ocr_par' dir='ltr' id='par_1_108' title="bbox 1939 4235 3638 4306">
     <span class='ocr_line' id='line_1_108' title="bbox 1939 4235 3638 4306; baseline 0.003 -17"><span class='ocrx_word' id='word_1_852' title='bbox 1939 4238 2287 4291; x_wconf 86' lang='lat' dir='ltr'>numerare?</span> <span class='ocrx_word' id='word_1_853' title='bbox 2313 4237 2479 4306; x_wconf 80' lang='lat' dir='ltr'>Aqua</span> <span class='ocrx_word' id='word_1_854' title='bbox 2510 4235 2683 4289; x_wconf 87' lang='lat' dir='ltr'>maris</span> <span class='ocrx_word' id='word_1_855' title='bbox 2697 4236 2937 4290; x_wconf 87' lang='lat' dir='ltr'>terrenis</span> <span class='ocrx_word' id='word_1_856' title='bbox 2964 4237 3308 4292; x_wconf 87' lang='lat' dir='ltr'>animalibus</span> <span class='ocrx_word' id='word_1_857' title='bbox 3339 4255 3470 4293; x_wconf 93' lang='lat' dir='ltr'>cum</span> <span class='ocrx_word' id='word_1_858' title='bbox 3491 4239 3638 4294; x_wconf 90' lang='lat' dir='ltr'>bibi-</span> 
     </span>
    </p>
   </div>
   <div class='ocr_carea' id='block_1_109' title="bbox 1938 4323 3642 4397">
    <p class='ocr_par' dir='ltr' id='par_1_109' title="bbox 1938 4323 3642 4397">
     <span class='ocr_line' id='line_1_109' title="bbox 1938 4323 3642 4397; baseline 0.003 -18"><span class='ocrx_word' id='word_1_859' title='bbox 1938 4329 2052 4391; x_wconf 89' lang='lat' dir='ltr'>tur,</span> <span class='ocrx_word' id='word_1_860' title='bbox 2082 4323 2254 4378; x_wconf 86' lang='lat' dir='ltr'>noxia</span> <span class='ocrx_word' id='word_1_861' title='bbox 2284 4328 2367 4378; x_wconf 91' lang='lat' dir='ltr'>est</span> <span class='ocrx_word' id='word_1_862' title='bbox 2397 4341 2410 4379; x_wconf 87' lang='lat'>:</span> <span class='ocrx_word' id='word_1_863' title='bbox 2443 4325 2757 4378; x_wconf 89' lang='lat' dir='ltr'>multorum</span> <span class='ocrx_word' id='word_1_864' title='bbox 2790 4330 2981 4380; x_wconf 89' lang='lat' dir='ltr'>autem</span> <span class='ocrx_word' id='word_1_865' title='bbox 3012 4327 3524 4397; x_wconf 90' lang='lat' dir='ltr'>corporibus,dum</span> <span class='ocrx_word' id='word_1_866' title='bbox 3544 4329 3642 4384; x_wconf 90' lang='lat' dir='ltr'>illa</span> 
     </span>
    </p>
   </div>
   <div class='ocr_carea' id='block_1_110' title="bbox 1939 4413 3640 4489">
    <p class='ocr_par' dir='ltr' id='par_1_110' title="bbox 1939 4413 3640 4489">
     <span class='ocr_line' id='line_1_110' title="bbox 1939 4413 3640 4489; baseline 0.003 -22"><span class='ocrx_word' id='word_1_867' title='bbox 1939 4413 2362 4482; x_wconf 88' lang='lat' dir='ltr'>humectantur,</span> <span class='ocrx_word' id='word_1_868' title='bbox 2394 4414 2978 4469; x_wconf 88' lang='lat' dir='ltr'>accommodatissima</span> <span class='ocrx_word' id='word_1_869' title='bbox 3009 4420 3066 4470; x_wconf 90' lang='lat' dir='ltr'>et</span> <span class='ocrx_word' id='word_1_870' title='bbox 3103 4415 3289 4471; x_wconf 89' lang='lat' dir='ltr'>utilis:</span> <span class='ocrx_word' id='word_1_871' title='bbox 3313 4416 3374 4470; x_wconf 92' lang='lat' dir='ltr'>in</span> <span class='ocrx_word' id='word_1_872' title='bbox 3397 4422 3640 4489; x_wconf 90' lang='lat' dir='ltr'>utroque</span> 
     </span>
    </p>
   </div>
   <div class='ocr_carea' id='block_1_111' title="bbox 1939 4501 3640 4574">
    <p class='ocr_par' dir='ltr' id='par_1_111' title="bbox 1939 4501 3640 4574">
     <span class='ocr_line' id='line_1_111' title="bbox 1939 4501 3640 4574; baseline 0.004 -19"><span class='ocrx_word' id='word_1_873' title='bbox 1939 4507 2128 4556; x_wconf 91' lang='lat' dir='ltr'>autem</span> <span class='ocrx_word' id='word_1_874' title='bbox 2156 4501 2408 4572; x_wconf 91' lang='lat' dir='ltr'>piscibus</span> <span class='ocrx_word' id='word_1_875' title='bbox 2436 4503 2606 4556; x_wconf 89' lang='lat' dir='ltr'>saluti</span> <span class='ocrx_word' id='word_1_876' title='bbox 2632 4507 2687 4556; x_wconf 91' lang='lat' dir='ltr'>et</span> <span class='ocrx_word' id='word_1_877' title='bbox 2715 4503 3104 4574; x_wconf 87' lang='lat' dir='ltr'>voluptatiest.</span> <span class='ocrx_word' id='word_1_878' title='bbox 3148 4504 3315 4558; x_wconf 88' lang='lat' dir='ltr'>Panis</span> <span class='ocrx_word' id='word_1_879' title='bbox 3345 4506 3640 4561; x_wconf 88' lang='lat' dir='ltr'>hominem</span> 
     </span>
    </p>
   </div>
   <div class='ocr_carea' id='block_1_112' title="bbox 1937 4590 3640 4662">
    <p class='ocr_par' dir='ltr' id='par_1_112' title="bbox 1937 4590 3640 4662">
     <span class='ocr_line' id='line_1_112' title="bbox 1937 4590 3640 4662; baseline 0.004 -19"><span class='ocrx_word' id='word_1_880' title='bbox 1937 4590 2060 4659; x_wconf 88' lang='lat' dir='ltr'>alit,</span> <span class='ocrx_word' id='word_1_881' title='bbox 2091 4590 2421 4660; x_wconf 89' lang='lat' dir='ltr'>accipitrem</span> <span class='ocrx_word' id='word_1_882' title='bbox 2435 4593 2616 4644; x_wconf 90' lang='lat' dir='ltr'>necat.</span> <span class='ocrx_word' id='word_1_883' title='bbox 2642 4590 3100 4662; x_wconf 87' lang='lat' dir='ltr'>Coenumipsum,</span> <span class='ocrx_word' id='word_1_884' title='bbox 3116 4593 3269 4662; x_wconf 90' lang='lat' dir='ltr'>quod</span> <span class='ocrx_word' id='word_1_885' title='bbox 3291 4597 3345 4646; x_wconf 88' lang='lat' dir='ltr'>et</span> <span class='ocrx_word' id='word_1_886' title='bbox 3369 4594 3640 4649; x_wconf 88' lang='lat' dir='ltr'>haustum</span> 
     </span>
    </p>
   </div>
   <div class='ocr_carea' id='block_1_113' title="bbox 1939 4677 3639 4749">
    <p class='ocr_par' dir='ltr' id='par_1_113' title="bbox 1939 4677 3639 4749">
     <span class='ocr_line' id='line_1_113' title="bbox 1939 4677 3639 4749; baseline 0.004 -16"><span class='ocrx_word' id='word_1_887' title='bbox 1939 4684 1996 4733; x_wconf 90' lang='lat' dir='ltr'>et</span> <span class='ocrx_word' id='word_1_888' title='bbox 2023 4679 2295 4733; x_wconf 88' lang='lat' dir='ltr'>olfactum</span> <span class='ocrx_word' id='word_1_889' title='bbox 2325 4678 2576 4749; x_wconf 87' lang='lat' dir='ltr'>graviter</span> <span class='ocrx_word' id='word_1_890' title='bbox 2605 4677 2843 4732; x_wconf 83' lang='lat' dir='ltr'>oﬁ‘endit</span> <span class='ocrx_word' id='word_1_891' title='bbox 2862 4684 2917 4733; x_wconf 90' lang='lat' dir='ltr'>et</span> <span class='ocrx_word' id='word_1_892' title='bbox 2943 4680 3119 4747; x_wconf 59' lang='lat' dir='ltr'>laedit,</span> <span class='ocrx_word' id='word_1_893' title='bbox 3142 4697 3332 4735; x_wconf 90' lang='lat' dir='ltr'>nonne</span> <span class='ocrx_word' id='word_1_894' title='bbox 3362 4687 3419 4737; x_wconf 88' lang='lat' dir='ltr'>et</span> <span class='ocrx_word' id='word_1_895' title='bbox 3445 4688 3639 4738; x_wconf 74' lang='lat' dir='ltr'>aestate</span> 
     </span>
    </p>
   </div>
   <div class='ocr_carea' id='block_1_114' title="bbox 1936 4767 3638 4842">
    <p class='ocr_par' dir='ltr' id='par_1_114' title="bbox 1936 4767 3638 4842">
     <span class='ocr_line' id='line_1_114' title="bbox 1936 4767 3638 4842; baseline 0.005 -22"><span class='ocrx_word' id='word_1_896' title='bbox 1936 4771 2151 4821; x_wconf 87' lang='lat' dir='ltr'>tactum</span> <span class='ocrx_word' id='word_1_897' title='bbox 2181 4767 2499 4836; x_wconf 88' lang='lat' dir='ltr'>refrigerat,</span> <span class='ocrx_word' id='word_1_898' title='bbox 2533 4771 2588 4821; x_wconf 90' lang='lat' dir='ltr'>et</span> <span class='ocrx_word' id='word_1_899' title='bbox 2614 4768 2944 4822; x_wconf 88' lang='lat' dir='ltr'>vulneribus</span> <span class='ocrx_word' id='word_1_900' title='bbox 2973 4785 3103 4839; x_wconf 67' lang='lat' dir='ltr'>qua:</span> <span class='ocrx_word' id='word_1_901' title='bbox 3132 4770 3202 4824; x_wconf 90' lang='lat' dir='ltr'>ab</span> <span class='ocrx_word' id='word_1_902' title='bbox 3246 4770 3382 4842; x_wconf 85' lang='lat' dir='ltr'>igne</span> <span class='ocrx_word' id='word_1_903' title='bbox 3404 4773 3638 4828; x_wconf 83' lang='lat' dir='ltr'>accide-</span> 
     </span>
    </p>
   </div>
   <div class='ocr_carea' id='block_1_115' title="bbox 1937 4856 3642 4931">
    <p class='ocr_par' dir='ltr' id='par_1_115' title="bbox 1937 4856 3642 4931">
     <span class='ocr_line' id='line_1_115' title="bbox 1937 4856 3642 4931; baseline 0.004 -22"><span class='ocrx_word' id='word_1_904' title='bbox 1937 4861 2091 4923; x_wconf 89' lang='lat' dir='ltr'>runt,</span> <span class='ocrx_word' id='word_1_905' title='bbox 2125 4856 2604 4910; x_wconf 89' lang='lat' dir='ltr'>medicamentum</span> <span class='ocrx_word' id='word_1_906' title='bbox 2625 4858 2736 4910; x_wconf 85' lang='lat' dir='ltr'>est?</span> <span class='ocrx_word' id='word_1_907' title='bbox 2759 4857 2904 4921; x_wconf 92' lang='lat' dir='ltr'>Quid</span> <span class='ocrx_word' id='word_1_908' title='bbox 2930 4862 3178 4914; x_wconf 91' lang='lat' dir='ltr'>stercore</span> <span class='ocrx_word' id='word_1_909' title='bbox 3198 4861 3642 4931; x_wconf 83' lang='lat' dir='ltr'>aspernabilius?</span> 
     </span>
    </p>
   </div>
   <div class='ocr_carea' id='block_1_116' title="bbox 1939 4944 3638 5020">
    <p class='ocr_par' dir='ltr' id='par_1_116' title="bbox 1939 4944 3638 5020">
     <span class='ocr_line' id='line_1_116' title="bbox 1939 4944 3638 5020; baseline 0.002 -22"><span class='ocrx_word' id='word_1_910' title='bbox 1939 4945 2077 5016; x_wconf 91' lang='lat' dir='ltr'>quid</span> <span class='ocrx_word' id='word_1_911' title='bbox 2111 4945 2301 4999; x_wconf 91' lang='lat' dir='ltr'>cinere</span> <span class='ocrx_word' id='word_1_912' title='bbox 2331 4944 2608 5015; x_wconf 84' lang='lat' dir='ltr'>abjectius</span> <span class='ocrx_word' id='word_1_913' title='bbox 2627 4946 2656 4999; x_wconf 84' lang='lat'>‘?</span> <span class='ocrx_word' id='word_1_914' title='bbox 2683 4948 2756 5000; x_wconf 84' lang='lat' dir='ltr'>At</span> <span class='ocrx_word' id='word_1_915' title='bbox 2805 4946 2929 5000; x_wconf 59' lang='lat' dir='ltr'>hac</span> <span class='ocrx_word' id='word_1_916' title='bbox 2956 4950 3142 5002; x_wconf 89' lang='lat' dir='ltr'>tantas</span> <span class='ocrx_word' id='word_1_917' title='bbox 3186 4949 3337 5020; x_wconf 89' lang='lat' dir='ltr'>agris</span> <span class='ocrx_word' id='word_1_918' title='bbox 3364 4950 3638 5004; x_wconf 84' lang='lat' dir='ltr'>utilitates</span> 
     </span>
    </p>
   </div>
   <div class='ocr_carea' id='block_1_117' title="bbox 1939 5033 3636 5108">
    <p class='ocr_par' dir='ltr' id='par_1_117' title="bbox 1939 5033 3636 5108">
     <span class='ocr_line' id='line_1_117' title="bbox 1939 5033 3636 5108; baseline 0.003 -21"><span class='ocrx_word' id='word_1_919' title='bbox 1939 5034 2202 5099; x_wconf 76' lang='lat' dir='ltr'>afferunt,</span> <span class='ocrx_word' id='word_1_920' title='bbox 2235 5037 2300 5088; x_wconf 89' lang='lat' dir='ltr'>ut</span> <span class='ocrx_word' id='word_1_921' title='bbox 2327 5049 2528 5088; x_wconf 91' lang='lat' dir='ltr'>eorum</span> <span class='ocrx_word' id='word_1_922' title='bbox 2558 5033 2863 5099; x_wconf 88' lang='lat' dir='ltr'>inventori,</span> <span class='ocrx_word' id='word_1_923' title='bbox 2893 5051 2924 5089; x_wconf 91' lang='lat' dir='ltr'>a</span> <span class='ocrx_word' id='word_1_924' title='bbox 2945 5051 3060 5108; x_wconf 88' lang='lat' dir='ltr'>quo</span> <span class='ocrx_word' id='word_1_925' title='bbox 3093 5037 3264 5092; x_wconf 90' lang='lat' dir='ltr'>etiam</span> <span class='ocrx_word' id='word_1_926' title='bbox 3289 5043 3503 5093; x_wconf 89' lang='lat' dir='ltr'>stercus</span> <span class='ocrx_word' id='word_1_927' title='bbox 3534 5054 3636 5092; x_wconf 88' lang='lat' dir='ltr'>no-</span> 
     </span>
    </p>
   </div>
   <div class='ocr_carea' id='block_1_118' title="bbox 1939 5121 3638 5193">
    <p class='ocr_par' dir='ltr' id='par_1_118' title="bbox 1939 5121 3638 5193">
     <span class='ocr_line' id='line_1_118' title="bbox 1939 5121 3638 5193; baseline 0.002 -15"><span class='ocrx_word' id='word_1_928' title='bbox 1939 5139 2073 5178; x_wconf 90' lang='lat' dir='ltr'>men</span> <span class='ocrx_word' id='word_1_929' title='bbox 2107 5121 2341 5193; x_wconf 86' lang='lat' dir='ltr'>accepit,</span> <span class='ocrx_word' id='word_1_930' title='bbox 2372 5122 2653 5178; x_wconf 89' lang='lat' dir='ltr'>Stercutio</span> <span class='ocrx_word' id='word_1_931' title='bbox 2687 5123 2911 5179; x_wconf 88' lang='lat' dir='ltr'>divinos</span> <span class='ocrx_word' id='word_1_932' title='bbox 2957 5125 3206 5182; x_wconf 90' lang='lat' dir='ltr'>honores</span> <span class='ocrx_word' id='word_1_933' title='bbox 3254 5126 3496 5181; x_wconf 82' lang='lat' dir='ltr'>Romani</span> <span class='ocrx_word' id='word_1_934' title='bbox 3538 5126 3638 5182; x_wconf 83' lang='lat' dir='ltr'>de-</span> 
     </span>
    </p>
   </div>
   <div class='ocr_carea' id='block_1_119' title="bbox 1937 5212 2524 5282">
    <p class='ocr_par' dir='ltr' id='par_1_119' title="bbox 1937 5212 2524 5282">
     <span class='ocr_line' id='line_1_119' title="bbox 1937 5212 2524 5282; baseline -0.002 -15"><span class='ocrx_word' id='word_1_935' title='bbox 1937 5212 2208 5267; x_wconf 90' lang='lat' dir='ltr'>ferendos</span> <span class='ocrx_word' id='word_1_936' title='bbox 2233 5215 2524 5282; x_wconf 90' lang='lat' dir='ltr'>putarent.</span> 
     </span>
    </p>
   </div>
   <div class='ocr_carea' id='block_1_120' title="bbox 2012 5299 3637 5375">
    <p class='ocr_par' dir='ltr' id='par_1_120' title="bbox 2012 5299 3637 5375">
     <span class='ocr_line' id='line_1_120' title="bbox 2012 5299 3637 5375; baseline 0.004 -21"><span class='ocrx_word' id='word_1_937' title='bbox 2012 5303 2098 5355; x_wconf 80' lang='lat' dir='ltr'>l3.</span> <span class='ocrx_word' id='word_1_938' title='bbox 2130 5299 2240 5354; x_wconf 91' lang='lat' dir='ltr'>Sed</span> <span class='ocrx_word' id='word_1_939' title='bbox 2265 5300 2402 5371; x_wconf 91' lang='lat' dir='ltr'>quid</span> <span class='ocrx_word' id='word_1_940' title='bbox 2424 5316 2598 5370; x_wconf 89' lang='lat' dir='ltr'>parva</span> <span class='ocrx_word' id='word_1_941' title='bbox 2619 5301 2902 5375; x_wconf 91' lang='lat' dir='ltr'>colligam,</span> <span class='ocrx_word' id='word_1_942' title='bbox 2935 5319 3063 5375; x_wconf 71' lang='lat' dir='ltr'>qua:</span> <span class='ocrx_word' id='word_1_943' title='bbox 3085 5307 3218 5358; x_wconf 89' lang='lat' dir='ltr'>sunt</span> <span class='ocrx_word' id='word_1_944' title='bbox 3244 5302 3637 5361; x_wconf 89' lang='lat' dir='ltr'>innumerabi-</span> 
     </span>
    </p>
   </div>
   <div class='ocr_carea' id='block_1_121' title="bbox 1936 5388 3637 5464">
    <p class='ocr_par' dir='ltr' id='par_1_121' title="bbox 1936 5388 3637 5464">
     <span class='ocr_line' id='line_1_121' title="bbox 1936 5388 3637 5464; baseline 0.004 -21"><span class='ocrx_word' id='word_1_945' title='bbox 1936 5388 2016 5443; x_wconf 88' lang='lat' dir='ltr'>lia</span> <span class='ocrx_word' id='word_1_946' title='bbox 2033 5389 2061 5443; x_wconf 89' lang='lat'><strong>?</strong></span> <span class='ocrx_word' id='word_1_947' title='bbox 2092 5389 2347 5453; x_wconf 87' lang='lat' dir='ltr'>Quatuor</span> <span class='ocrx_word' id='word_1_948' title='bbox 2359 5389 2485 5460; x_wconf 90' lang='lat' dir='ltr'>ipsa</span> <span class='ocrx_word' id='word_1_949' title='bbox 2504 5406 2633 5462; x_wconf 69' lang='lat' dir='ltr'>qua:</span> <span class='ocrx_word' id='word_1_950' title='bbox 2651 5390 2713 5446; x_wconf 91' lang='lat' dir='ltr'>in</span> <span class='ocrx_word' id='word_1_951' title='bbox 2732 5397 3003 5462; x_wconf 90' lang='lat' dir='ltr'>promptu</span> <span class='ocrx_word' id='word_1_952' title='bbox 3017 5396 3160 5452; x_wconf 81' lang='lat' dir='ltr'>sunt</span> <span class='ocrx_word' id='word_1_953' title='bbox 3176 5391 3479 5463; x_wconf 82' lang='lat' dir='ltr'>elementa,</span> <span class='ocrx_word' id='word_1_954' title='bbox 3506 5394 3637 5464; x_wconf 89' lang='lat' dir='ltr'>quis</span> 
     </span>
    </p>
   </div>
   <div class='ocr_carea' id='block_1_122' title="bbox 1939 5477 3636 5550">
    <p class='ocr_par' dir='ltr' id='par_1_122' title="bbox 1939 5477 3636 5550">
     <span class='ocr_line' id='line_1_122' title="bbox 1939 5477 3636 5550; baseline 0.004 -18"><span class='ocrx_word' id='word_1_955' title='bbox 1939 5477 2163 5532; x_wconf 89' lang='lat' dir='ltr'>dubitet</span> <span class='ocrx_word' id='word_1_956' title='bbox 2218 5478 2487 5548; x_wconf 89' lang='lat' dir='ltr'>prodesse</span> <span class='ocrx_word' id='word_1_957' title='bbox 2512 5495 2618 5550; x_wconf 91' lang='lat' dir='ltr'>per</span> <span class='ocrx_word' id='word_1_958' title='bbox 2644 5480 3121 5549; x_wconf 85' lang='lat' dir='ltr'>convenientiam,</span> <span class='ocrx_word' id='word_1_959' title='bbox 3167 5480 3636 5538; x_wconf 88' lang='lat' dir='ltr'>inconvenienter</span> 
     </span>
    </p>
   </div>
   <div class='ocr_carea' id='block_1_123' title="bbox 1940 5565 3637 5638">
    <p class='ocr_par' dir='ltr' id='par_1_123' title="bbox 1940 5565 3637 5638">
     <span class='ocr_line' id='line_1_123' title="bbox 1940 5565 3637 5638; baseline 0.004 -18"><span class='ocrx_word' id='word_1_960' title='bbox 1940 5570 2132 5621; x_wconf 88' lang='lat' dir='ltr'>autem</span> <span class='ocrx_word' id='word_1_961' title='bbox 2161 5565 2436 5638; x_wconf 84' lang='lat' dir='ltr'>adhibita,</span> <span class='ocrx_word' id='word_1_962' title='bbox 2476 5569 2846 5625; x_wconf 89' lang='lat' dir='ltr'>vehementer</span> <span class='ocrx_word' id='word_1_963' title='bbox 2897 5568 3132 5624; x_wconf 87' lang='lat' dir='ltr'>adversa</span> <span class='ocrx_word' id='word_1_964' title='bbox 3184 5585 3304 5624; x_wconf 90' lang='lat' dir='ltr'>esse</span> <span class='ocrx_word' id='word_1_965' title='bbox 3361 5574 3582 5627; x_wconf 71' lang='lat' dir='ltr'>naturas</span> <span class='ocrx_word' id='word_1_966' title='bbox 3608 5570 3637 5626; x_wconf 85' lang='lat'><strong>?</strong></span> 
     </span>
    </p>
   </div>
  </div>
