4056 6418
485 295 609 347 13ξ51

481 419 595 472 Nos
625 415 723 488 qui
744 431 874 470 aere
897 413 1158 477 vivimus,
1183 416 1241 466 et
1269 417 1419 465 terra
1447 414 1502 464 et
1523 427 1672 480 aqua
1692 409 1924 464 obrutos
1941 413 2164 463 necant:

477 502 926 560 innumerabilia
954 518 1086 566 vero
1117 499 1431 554 animantia
1459 514 1563 568 per
1609 513 1840 552 arenam
1871 497 2169 550 laxiorem-

479 611 592 666 que
619 598 832 654 terram
861 593 1069 660 repunt
1096 588 1372 642 vitaliter:
1394 587 1577 656 pisces
1596 591 1787 640 autem
1817 585 1875 638 in
1901 585 2010 638 hoc
2038 600 2167 638 aere

477 681 823 737 moriuntur.
858 678 1014 749 Ignis
1052 692 1294 748 corpora
1322 680 1518 730 nostra
1547 673 1882 745 corrumpit,
1917 673 2015 727 sed
2041 689 2168 726 con-

475 770 771 825 venienter
796 765 1104 832 adhibitus,
1139 769 1196 818 et
1237 764 1474 819 resumit
1505 781 1538 817 a
1567 763 1798 832 frigore,
1842 767 1900 816 et
1935 761 2165 814 morbos

475 855 920 912 innumerabiles
948 853 1129 924 pellit.
1165 852 1256 906 Sol
1284 851 1389 905 iste
1418 851 1508 905 cui
1553 866 1704 920 genu
1752 849 1996 915 flectitis,
2051 865 2164 918 quo

475 963 603 1002 vere
617 945 756 999 nihil
773 945 923 998 inter
942 941 1188 996 visibilis
1202 941 1496 1011 pulchrius
1512 939 1823 1006 invenitur,
1843 926 2165 1008 aquilarum

473 1036 666 1089 oculos
696 1036 937 1104 vegetat,
967 1034 1191 1084 nostros
1220 1029 1434 1082 sauciat
1463 1028 1749 1097 inspectus
1787 1030 1841 1079 et
1869 1025 2162 1079 tenebrat:

473 1123 569 1177 sed
599 1121 665 1176 ﬁt
683 1137 787 1192 per
807 1118 1281 1174 consuetudinem
1298 1121 1362 1170 ut
1400 1133 1504 1169 nos
1523 1130 1751 1186 quoque
1773 1114 1830 1166 in
1852 1130 1918 1167 eo
1943 1113 2066 1167 sine
2083 1113 2166 1166 in-

473 1210 772 1266 commodo
804 1208 982 1262 aciem
1011 1207 1277 1276 ﬁgamus.
1313 1205 1460 1258 Num
1492 1220 1626 1274 ergo
1659 1202 1842 1256 sinitis
1871 1205 1935 1255 ut
1961 1201 2047 1255 illi
2069 1217 2162 1254 ve-

473 1315 624 1353 neno
654 1313 787 1352 eum
817 1310 1230 1365 comparemus,
1250 1291 1399 1363 quod
1420 1291 1646 1344 mulieri
1667 1289 1998 1344 Atheniensi
2025 1305 2162 1342 con-

473 1386 714 1440 suetudo
746 1383 879 1438 fecit
916 1381 1212 1435 innoxium
1235 1381 1261 1434 ?
1291 1378 1573 1448 Respicite
1603 1393 1738 1448 ergo
1770 1377 2078 1447 aliquando
2110 1380 2165 1430 et

475 1473 767 1535 advertite,
795 1471 843 1524 si
872 1468 1184 1523 substantia
1210 1469 1329 1522 ulla
1361 1467 1574 1520 malum
1601 1473 1704 1532 est,
1737 1466 1864 1519 ideo
1894 1465 2047 1534 quod
2071 1465 2164 1518 la:-

475 1563 558 1616 dit
594 1561 867 1630 aliquem,
901 1560 1084 1612 lucem
1117 1571 1288 1627 quam
1322 1554 1508 1609 colitis
1538 1555 1609 1608 ab
1639 1555 1748 1607 hoc
1779 1553 2018 1606 crimine
2047 1569 2164 1605 non

473 1666 638 1720 posse
667 1647 915 1703 defendi.
949 1646 1308 1700 Considerate
1359 1643 1544 1714 potius
1581 1642 1726 1696 hanc
1769 1641 2164 1695 inconvenien-

472 1739 608 1792 tiam
636 1735 954 1791 universale
985 1734 1198 1787 malum
1233 1749 1374 1797 esse,
1416 1747 1518 1801 per
1564 1747 1737 1801 quam
1789 1730 1921 1783 solis
1971 1729 2162 1783 radius

471 1826 856 1879 teuebrascere
911 1821 1104 1876 oculos
1155 1820 1310 1887 facit,
1367 1835 1498 1874 cum
1529 1819 1609 1873 eis
1663 1818 1803 1872 nihil
1835 1818 1906 1871 sit
1933 1818 2056 1872 luce
2073 1818 2163 1888 ju-

469 1914 727 1968 cundius.

470 2003 695 2057 CAPUT
744 2001 829 2054 1X.
876 2029 945 2040 -——
1003 2000 1077 2053 Ne
1129 1999 1416 2052 consistere
1464 1995 1680 2064 quidem
1729 1995 2160 2049 Manichworum

925 2087 1147 2151 fabulas
1170 2085 1235 2138 de
1266 2085 1417 2138 bonis
1447 2088 1496 2137 et
1515 2086 1695 2138 malis.

543 2180 626 2232 14.
660 2179 788 2231 Haec
814 2174 950 2241 dixi,
983 2178 1064 2238 ut,
1099 2173 1142 2226 si
1175 2172 1301 2226 ﬁeri
1330 2177 1531 2241 potest,
1578 2171 1803 2226 tandem
1844 2172 2028 2226 dicere
2061 2171 2157 2226 de-

470 2267 666 2320 sinatis
695 2265 911 2318 malum
946 2278 1066 2316 esse
1100 2266 1308 2315 terram
1335 2276 1438 2330 per
1457 2259 1800 2314 immensum
1817 2259 2158 2330 profundam

469 2360 526 2408 et
554 2355 820 2424 longam;
853 2353 1071 2406 malum
1119 2365 1238 2403 esse
1281 2352 1528 2402 mentem
1575 2365 1678 2418 per
1705 2354 1914 2402 terram
1946 2363 2156 2416 vagan-

466 2447 583 2497 tem
607 2462 622 2508 ;
643 2442 858 2495 malum
892 2455 1012 2492 esse
1044 2438 1298 2507 quinque
1329 2441 1492 2490 antra
1523 2437 1957 2505 elementorum,
2007 2436 2158 2490 aliud

470 2527 743 2596 tenebris,
779 2525 936 2580 aliud
967 2523 1150 2594 aquis,
1183 2523 1338 2576 aliud
1394 2522 1597 2588 ventis,
1629 2522 1783 2576 aliud
1814 2522 1955 2591 igni,
2003 2521 2158 2576 aliud

464 2616 624 2670 fumo
655 2616 891 2686 plenum
919 2629 935 2679 ;
968 2611 1184 2665 malum
1217 2626 1337 2663 esse
1378 2610 1644 2663 animalia
1677 2610 1734 2663 in
1777 2609 1888 2663 illis
1920 2609 2158 2679 singulis

463 2709 598 2758 nata
649 2701 966 2767 elementis,
1016 2697 1304 2769 serpentia
1361 2697 1422 2751 in
1478 2697 1749 2765 tenebris,
1803 2698 2056 2751 natantia
2096 2697 2157 2751 in

461 2791 644 2863 aquis,
675 2790 926 2844 volatilia
949 2788 1009 2841 in
1040 2787 1245 2854 ventis,
1277 2786 1672 2857 quadrupedia
1714 2786 1774 2839 in
1804 2786 1960 2855 igne,
1992 2785 2154 2856 bipe-

461 2881 554 2935 dia
584 2880 643 2934 in
673 2879 849 2933 fumo.
907 2878 1036 2931 Haec
1066 2874 1221 2930 enim
1256 2874 1401 2928 sicut
1452 2891 1484 2928 a
1532 2874 1692 2928 vobis
1748 2874 2157 2928 describuntur

463 2968 621 3022 nullo
649 2966 818 3020 modo
850 2980 970 3019 esse
995 2967 1298 3034 poterunt;
1322 2961 1597 3033 quoniam
1617 2961 1897 3032 quidquid
1919 2963 2028 3015 tale
2050 2967 2152 3030 est,

460 3058 518 3111 in
550 3061 828 3126 quantum
877 3057 984 3118 est,
1016 3068 1050 3105 a
1099 3067 1324 3105 summo
1370 3052 1483 3105 Deo
1514 3050 1586 3104 sit
1613 3066 1839 3104 necesse
1865 3056 1967 3116 est,
2003 3067 2151 3120 quo-

461 3145 615 3198 niam
647 3142 706 3196 in
738 3145 1018 3212 quantum
1038 3143 1140 3202 est,
1164 3139 1364 3210 utique
1395 3139 1609 3191 bonum
1631 3142 1733 3192 est.
1749 3137 1969 3191 Sienim
1991 3138 2155 3191 dolor

460 3236 515 3286 et
544 3230 908 3285 imbecillitas
941 3229 1156 3282 malum
1180 3231 1285 3296 est,
1313 3231 1475 3281 erant
1505 3227 1585 3281 ibi
1609 3227 1878 3280 animalia
1907 3226 1967 3279 in
1998 3231 2153 3279 tanta

459 3319 711 3388 corporis
759 3316 1051 3382 ﬁrmitate,
1100 3319 1163 3369 ut
1201 3331 1398 3369 eorum
1435 3315 1718 3369 abortivus
1781 3315 1946 3374 fetus,
1993 3319 2152 3384 post-

460 3423 632 3476 quam
663 3405 731 3459 de
758 3404 849 3458 bis
879 3403 1190 3456 secundum
1217 3407 1462 3456 vestram
1497 3407 1705 3456 sectam
1734 3401 2036 3455 fabricatus
2070 3406 2153 3456 est

459 3495 727 3557 mundus,
759 3493 827 3546 de
857 3492 995 3546 caelo
1024 3491 1084 3544 in
1113 3494 1324 3544 terram
1354 3489 1615 3544 cecidisse
1646 3494 1702 3543 et
1728 3489 1876 3543 mori
1900 3505 2017 3543 non
2044 3506 2148 3560 po-

455 3582 628 3636 tuisse
676 3579 893 3635 dicatis.
957 3579 1014 3634 Si
1081 3578 1300 3633 caecitas
1349 3579 1564 3632 malum
1622 3583 1728 3643 est,
1761 3579 2060 3632 videbant:
2103 3579 2150 3632 si

457 3671 722 3735 surditas,
756 3668 1082 3724 audiebant.
1115 3666 1174 3722 Si
1215 3667 1606 3721 obmutescere
1637 3670 1734 3720 aut
1772 3672 1997 3721 mutum
2028 3683 2148 3722 esse

456 3759 672 3814 malum
703 3763 808 3826 est,
839 3773 1021 3828 usque
1053 3756 1191 3810 adeo
1240 3755 1477 3826 signatae
1526 3760 1696 3826 atque
1743 3755 2021 3809 distinctas
2068 3755 2148 3809 ibi

452 3864 616 3901 voces
649 3851 830 3911 erant,
868 3850 928 3899 ut
954 3845 1222 3899 adversus
1259 3845 1443 3898 Deum
1479 3844 1695 3898 bellum
1743 3860 1962 3915 gerere,
2007 3843 2151 3898 sicut

453 3935 720 4001 asseritis,
749 3933 828 3988 eis
872 3933 935 3986 in
988 3931 1260 3986 concione
1301 3947 1414 3985 uno
1444 3931 1820 4001 persuadente
1849 3930 2143 4000 placuerit.

456 4023 512 4076 Si
543 4023 804 4077 sterilitas
830 4022 1047 4075 malum
1077 4025 1180 4086 est,
1205 4025 1328 4073 erat
1357 4019 1436 4072 ibi
1465 4019 1610 4072 ﬁlios
1662 4018 2003 4088 procreandi
2024 4035 2145 4072 ma-

453 4129 567 4182 gna
598 4110 932 4165 fecunditas.
964 4108 1021 4163 Si
1049 4107 1310 4162 exsilium
1349 4107 1565 4161 malum
1611 4111 1714 4174 est,
1747 4107 1806 4160 in
1853 4124 1954 4160 sua
1996 4111 2147 4161 terra

452 4204 634 4266 erant,
673 4213 917 4265 suasque
966 4196 1230 4265 regiones
1279 4195 1622 4250 incolebant.
1661 4195 1717 4249 Si
1763 4194 1999 4248 servitus
2029 4211 2146 4249 ma-

452 4288 574 4340 lum
601 4292 706 4353 est,
738 4290 900 4339 erant
928 4284 1008 4337 ibi
1041 4283 1214 4337 etiam
1245 4283 1345 4352 qui
1376 4284 1708 4352 regnabant.
1754 4283 1810 4338 Si
1839 4299 1992 4337 mors
2021 4301 2144 4338 ma-

453 4375 572 4428 lum
601 4378 702 4440 est,
752 4372 1036 4437 vivebant,
1069 4374 1125 4423 et
1151 4370 1230 4424 ita
1263 4371 1543 4439 vivebant,
1585 4375 1647 4424 ut
1678 4376 1932 4426 mentem
1961 4372 2142 4442 ipsam

447 4478 702 4534 prorsus,
737 4476 842 4516 nec
869 4464 1001 4531 post
1025 4458 1322 4514 victoriam
1381 4459 1481 4513 Dei
1511 4460 1628 4514 ullo
1661 4461 1835 4515 modo
1890 4477 2142 4532 unquam

446 4550 595 4604 mori
629 4566 794 4620 posse
831 4548 1170 4621 praedicetis.

524 4643 609 4694 {5.
654 4639 784 4706 Cur,
841 4655 1056 4710 quasso,
1115 4637 1174 4691 in
1231 4653 1457 4691 summo
1509 4637 1662 4692 malo
1713 4638 1940 4692 invenio
1987 4642 2144 4693 tanta

445 4727 598 4781 bona
624 4726 694 4780 iis
723 4728 910 4797 malis,
932 4738 1062 4798 quae
1094 4727 1559 4794 commemoravi,
1587 4727 1872 4781 contraria
1897 4729 1925 4780 ?
1953 4729 2068 4782 Aut
2095 4728 2144 4782 si

441 4816 564 4870 hazc
589 4832 708 4870 non
756 4821 890 4870 sunt
943 4817 1115 4884 mala,
1174 4817 1367 4870 ullane
1431 4817 1660 4870 tandem
1718 4817 2054 4884 substantia,
2082 4816 2143 4870 in

443 4909 724 4977 quantum
773 4905 1090 4960 substantia
1120 4910 1224 4972 est,
1258 4907 1476 4960 malum
1508 4906 1616 4960 erit
1647 4905 1748 4961 ?Si
1779 4906 1996 4959 malum
2028 4905 2140 4960 im-

440 4994 716 5049 becillitas
745 5009 862 5047 non
891 4998 994 5060 est,
1027 4995 1318 5048 malumne
1350 4994 1458 5049 erit
1485 5011 1692 5065 corpus
1718 4993 2012 5048 inﬁrmum
2032 4996 2060 5048 ?
2084 4994 2142 5049 Si

440 5083 661 5138 malum
711 5081 932 5136 caecitas
955 5097 1071 5134 non
1104 5086 1208 5148 est,
1241 5082 1534 5136 malumne
1573 5085 1744 5136 erunt
1767 5081 2060 5136 tenebrae?
2085 5081 2142 5137 Si

440 5173 660 5225 malum
705 5169 952 5225 surditas
999 5185 1115 5222 non
1170 5173 1275 5239 est,
1324 5171 1616 5224 malumne
1645 5171 1754 5225 erit
1801 5170 2003 5224 surdus
2030 5169 2057 5223 ‘I
2086 5171 2142 5225 Si

438 5260 659 5312 malum
691 5274 808 5314 non
857 5261 943 5314 est
968 5261 1194 5311 mutum
1227 5272 1369 5324 esse,
1424 5259 1718 5312 malumne
1776 5258 1885 5311 erit
1925 5257 2142 5327 piscis?

439 5347 498 5401 Si
531 5347 796 5402 sterilitas
853 5346 1072 5401 malum
1118 5361 1235 5400 non
1290 5349 1390 5412 est,
1437 5346 1731 5416 quomodo
1782 5346 2001 5399 malum
2059 5351 2140 5400 est

441 5434 651 5489 animal
691 5435 880 5488 sterile
900 5437 928 5488 ?
958 5434 1014 5490 Si
1045 5433 1306 5488 exsilium
1328 5434 1542 5486 malum
1573 5450 1688 5486 non
1718 5439 1821 5498 est,
1847 5434 2136 5503 quomodo

437 5523 655 5578 malum
687 5529 773 5577 est
832 5523 1042 5578 animal
1088 5523 1373 5589 exsulans,
1408 5523 1493 5576 vel
1525 5521 1739 5575 animal
1781 5522 1841 5575 in
1872 5523 2138 5576 exsilium

1435 288 1528 341 DE
1567 285 1879 342 MORIBUS
1917 285 2492 354 MANICIIIEORUM,
2536 285 2586 338 ἓ.
2630 284 3046 340 AUGUSTINI,

3861 291 3875 338 l
3890 290 3961 340 351’

2276 408 2526 479 aliquem
2572 407 2843 462 mittens?
2875 407 2934 464 Si
2982 408 3223 462 servitus
3266 407 3485 462 malum
3533 424 3661 463 non
3705 413 3813 475 est,
3853 426 3963 479 quo.

2273 497 2442 550 modo
2520 497 2736 550 malum
2821 500 2905 550 est
2977 495 3190 550 animal
3264 497 3540 562 serviens,
3617 498 3711 552 vel
3795 498 3963 551 servire

2273 585 2604 654 quempiam
2677 601 2884 654 cogens
2953 581 2971 616 ¹
3007 586 3035 638 ?
3091 583 3149 638 Si
3200 600 3354 638 mors
3422 585 3649 638 malum
3724 601 3844 638 non
3887 592 3962 650 est,

2274 673 2563 742 quomodo
2617 673 2832 726 malum
2881 677 2966 726 est
3011 672 3223 726 animal
3279 673 3547 740 mortale,
3595 674 3696 729 vel
3748 673 3964 728 inferens

2272 760 2554 815 mortem?
2581 760 2640 814 Si
2669 777 2802 815 vero
2831 761 2953 815 haec
2983 762 3133 815 mala
3163 766 3317 828 sunt,
3347 761 3646 832 quomodo
3681 778 3802 816 non
3831 767 3964 816 erunt

2273 849 2422 903 bona
2466 849 2704 904 ﬁrmitas
2748 850 3020 920 corporis,
3070 850 3240 911 visus,
3289 850 3538 914 auditus,
3591 851 3819 905 locutio
3863 867 3962 921 per-

2273 937 2534 997 suadens,
2586 937 2920 1001 fecunditas,
2971 939 3159 990 solum
3229 938 3498 1007 genitale,
3552 939 3820 1004 libertas,
3851 940 3958 1001 vita,

2272 1041 2400 1095 quae
2449 1024 2643 1078 omnia
2689 1025 2749 1078 in
2794 1024 2891 1092 illo
2936 1027 3072 1079 mali
3118 1041 3292 1096 regno
3339 1026 3514 1080 fuisse
3553 1028 3894 1098 perhibetis,
3925 1035 3964 1082 et

2272 1130 2561 1167 summum
2592 1113 2807 1168 malum
2839 1114 3060 1169 audetis
3091 1117 3379 1169 asserere?

2345 1205 2428 1255 l6.
2461 1203 2756 1256 Postremo
2779 1201 2828 1255 si
2855 1202 3026 1272 (quod
3057 1203 3292 1257 omnino
3320 1220 3491 1258 nemo
3519 1220 3793 1276 unquam
3822 1221 3962 1275 nega-

2268 1289 2364 1353 vit)
2413 1289 2870 1344 inconvenientia
2926 1292 3141 1344 malum
3201 1296 3304 1356 est,
3357 1293 3495 1362 quid
3547 1294 3962 1347 convenientius

2275 1392 2444 1445 quam
2475 1377 2571 1429 illa
2600 1377 2715 1430 suis
2746 1378 3066 1448 quibusque
3097 1379 3440 1433 animalibus
3469 1381 3728 1434 elemen’
3758 1399 3799 1451 _:
3831 1387 3961 1434 tene-

2269 1463 2386 1518 brae
2419 1465 2800 1535 serpentibus,
2838 1482 3002 1536 aqua:
3043 1467 3394 1531 natantibus,
3433 1468 3590 1521 venti
3636 1469 3961 1526 volantibus.

2270 1551 2418 1620 ignis
2466 1553 2841 1620 edacioribus,
2890 1554 3081 1608 fumus
3117 1555 3492 1609 elatioribus?
3533 1557 3726 1610 Tanta
3763 1557 3908 1611 enim
3941 1574 3962 1608 ει

2268 1641 2423 1694 vobis
2453 1640 2514 1693 in
2544 1641 2842 1695 discordiae
2883 1648 3053 1712 gente
3082 1643 3399 1706 concordia,
3439 1649 3496 1697 et
3533 1649 3738 1698 tantus
3771 1645 3830 1698 in
3857 1661 3962 1714 per-

2268 1729 2546 1782 versitatis
2594 1729 2724 1783 sede
2774 1731 2912 1784 ordo
2961 1730 3314 1784 describitur.
3352 1731 3410 1785 Si
3448 1732 3599 1802 quod
3648 1737 3843 1800 nocet,
3871 1747 3965 1785 ma-

2268 1817 2389 1870 lum
2429 1822 2534 1886 est,
2575 1818 2776 1872 omitto
2813 1818 2955 1872 illud
2996 1819 3450 1873 valentissimum
3491 1821 3649 1890 quod
3688 1838 3866 1892 supra
3899 1823 3964 1873 di-

2267 1911 2423 1961 ctum
2467 1913 2571 1975 est,
2607 1907 2803 1961 noceri
2832 1924 2950 1961 non
3002 1908 3273 1978 potuisse,
3305 1909 3406 1963 ubi
3448 1910 3681 1964 nullum
3717 1915 3842 1964 erat
3883 1911 3961 1962 bo-

2267 2012 2442 2049 num:
2477 1996 2573 2050 sed
2613 1995 2660 2049 si
2697 1997 2804 2049 hoc
2846 1997 3153 2050 obscurum
3193 2001 3296 2062 est,
3338 1997 3480 2050 illud
3519 2002 3680 2052 certe
3721 1998 3962 2053 omnibus

2267 2084 2480 2138 eminet
2516 2089 2570 2138 el.
2600 2090 2857 2154 apparet,
2892 2083 3046 2154 quia,
3080 2084 3224 2139 sicut
3255 2077 3389 2150 dixi,
3423 2090 3478 2139 et
3507 2091 3567 2139 ut
3599 2102 3813 2140 omnes
3850 2101 3960 2138 con-

2267 2173 2541 2239 sentiunt,
2574 2174 2726 2244 quod
2754 2178 2922 2227 nocet
2951 2178 3034 2227 est
3064 2175 3317 2228 malum:
3353 2175 3547 2228 fumus
3579 2175 3639 2228 in
3685 2177 3789 2229 illa
3815 2180 3961 2246 gente

2266 2259 2571 2329 bipedibus
2602 2260 2943 2314 animalibus
2974 2277 3086 2314 non
3115 2261 3381 2328 nocebat;
3411 2262 3613 2332 genuit
3635 2279 3731 2330 ea,
3766 2270 3824 2318 et
3843 2263 3962 2316 aluit

2267 2353 2435 2418 atque
2485 2348 2758 2402 sustinuit
2807 2349 2929 2403 sine
2975 2350 3099 2403 labe
3147 2350 3454 2417 nascentia,
3503 2353 3842 2418 crescentia,
3894 2369 3962 2404 rc-

2266 2436 2520 2504 gnantia.
2553 2438 2713 2491 Nunc
2751 2454 2884 2492 vero
2921 2444 3226 2507 postquam
3267 2439 3510 2492 mixtum
3552 2443 3639 2493 est
3688 2441 3844 2494 malo
3882 2441 3960 2492 bo-

2265 2538 2425 2588 num,
2455 2524 2752 2577 nocentior
2779 2524 2971 2578 fumus
3005 2525 3235 2579 effectus
3266 2531 3380 2591 est;
3416 2525 3496 2579 ita
3524 2529 3590 2579 ut
3617 2543 3653 2579 a
3686 2527 3853 2580 nobis
3880 2525 3959 2596 qui

2265 2614 2414 2664 certe
2459 2611 2695 2681 bipedes
2735 2628 2953 2680 sumus,
2985 2612 3254 2666 sustineri
3292 2629 3412 2667 non
3461 2614 3667 2684 possit,
3719 2619 3960 2678 excmcal,

2266 2699 2564 2769 opprimit,
2604 2705 2785 2754 necat.
2828 2702 3077 2755 Tantane
3130 2701 3292 2755 malis
3340 2703 3637 2757 elementis
3694 2704 3962 2758 commix-

2264 2787 2420 2840 tione
2463 2787 2601 2841 boni
2649 2789 2882 2842 accessit
2918 2789 3292 2843 immanitas?
3333 2795 3492 2844 tanta
3534 2792 3650 2845 Deo
3701 2797 3962 2863 regnante

2263 2877 2641 2945 perversitas?

2338 2968 2420 3018 17.
2454 2965 2615 3018 Certe
2662 2981 2763 3018 cur
2799 2965 2859 3018 in
2899 2966 3116 3019 caeteris
3147 2967 3406 3021 videmus
3443 2967 3610 3022 istam
3645 2985 3960 3040 congruen-

2260 3052 2418 3120 tiam,
2453 3069 2582 3123 quae
2612 3060 2901 3108 auctorem
2936 3061 3186 3109 vestrum
3217 3057 3439 3128 decepit
3467 3063 3639 3128 atque
3693 3059 3882 3112 illexit
3906 3058 3960 3111 ad

2260 3141 2656 3208 componenda
2698 3141 3038 3196 mendacia?
3078 3143 3208 3209 Cur,
3249 3143 3509 3214 inquam,
3550 3145 3814 3199 tenebrae
3855 3163 3959 3199 ser-

2259 3227 2547 3296 pentibus,
2606 3245 2769 3298 aquze
2833 3230 3179 3298 natantibus,
3237 3232 3391 3285 venti
3445 3232 3786 3288 volantibus
3844 3251 3960 3288 con-

2259 3320 2506 3384 gruunt;
2552 3317 2982 3386 quadrupedem
3027 3335 3159 3371 vero
3219 3318 3372 3389 ignis
3425 3320 3710 3391 incendit,
3763 3329 3824 3378 et
3873 3340 3964 3377 nos

2257 3403 2449 3456 fumus
2479 3404 2721 3457 olfocat?
2747 3404 2892 3468 Quid
2926 3406 3078 3476 quod
3110 3406 3280 3461 etiam
3311 3414 3605 3479 serpentes
3636 3412 3963 3466 acutissime

2257 3490 2469 3558 vident,
2527 3497 2582 3545 et
2641 3493 2944 3562 praesentia
3001 3495 3132 3548 solis
3205 3497 3509 3563 exsultant,
3563 3497 3770 3570 ibique
3845 3505 3966 3554 sunt

2257 3579 2721 3644 abundantiores,
2766 3580 2864 3635 ubi
2911 3598 3006 3636 aer
3043 3584 3301 3637 serenior
3339 3584 3626 3639 difﬁcilius
3678 3593 3742 3641 et
3789 3589 3965 3642 rarius

2258 3667 2472 3722 nubem
2499 3668 2824 3722 contrahit?
2854 3669 2997 3734 Quid
3040 3671 3361 3742 absurdius,
3392 3689 3564 3743 quam
3614 3673 3700 3728 ibi
3734 3692 3860 3731 esse
3889 3693 3964 3729 ac-

2256 3757 2666 3811 commodatius
2696 3762 2753 3811 et
2792 3758 2978 3828 aptius
3014 3758 3225 3814 incolas
3255 3766 3656 3832 amatoresque
3705 3765 3964 3819 tenebra-

2255 3859 2404 3911 rum,
2437 3845 2537 3899 ubi
2577 3845 2718 3899 lucis
2763 3847 3169 3916 perspicuitate
3209 3849 3518 3918 gaudetur?
3570 3850 3738 3914 Quod
3781 3853 3830 3906 si
3878 3870 3961 3907 eos

2254 3932 2441 3986 dicitis
2485 3933 2753 3988 delectari
2799 3935 2988 4005 potius
3028 3935 3214 3991 calore
3263 3953 3436 4007 quam
3483 3938 3733 4007 lumine,
3787 3942 3958 3995 multo

2253 4023 2661 4092 congruentius
2689 4022 2750 4076 in
2793 4023 2926 4092 igne
2969 4028 3261 4094 serpentes
3307 4025 3520 4079 alacres
3561 4032 3754 4093 natos,
3798 4045 3958 4100 quam

2252 4110 2478 4164 tardum
2507 4110 2733 4164 asinum
2756 4110 3020 4165 diceretis
3045 4128 3058 4164 :
3093 4117 3150 4166 et
3176 4116 3371 4167 tamen
3401 4113 3516 4167 luci
3549 4114 3689 4169 huic
3719 4117 3957 4171 amicam

2251 4197 2506 4267 aspidem
2555 4198 2683 4268 quis
2728 4203 2915 4268 neget,
2963 4215 3092 4252 cum
3151 4200 3274 4269 ejus
3319 4201 3470 4255 oculi
3519 4202 3737 4272 aquilas
3789 4205 3959 4259 oculis

2251 4287 2690 4354 comparentur?
2728 4285 2836 4339 Sed
2875 4287 2943 4340 de
2980 4287 3173 4340 bestiis
3227 4288 3442 4344 videro.
3490 4291 3603 4343 Nos
3649 4291 3836 4361 ipsos,
3873 4294 3958 4348 ob-

2250 4390 2428 4441 secro,
2461 4375 2886 4429 consideremus
2923 4375 3044 4430 sine
3073 4376 3407 4446 pertinacia,
3441 4383 3496 4433 et
3529 4380 3774 4436 tandem
3804 4384 3958 4438 fabu-

2249 4462 2320 4516 lis
2349 4462 2508 4516 vanis
2546 4467 2602 4516 et
2637 4463 2972 4532 perniciosis
3003 4464 3258 4518 animum
3303 4482 3598 4521 exuamus.
3630 4467 3776 4532 Quis
3810 4472 3957 4524 enim

2248 4553 2466 4604 tantam
2481 4551 2911 4621 perversitatem
2940 4553 3103 4619 ferat,
3129 4570 3241 4624 qua
3264 4554 3472 4609 dicitur
3493 4555 3556 4609 in
3585 4558 3957 4613 tenebrarum

2250 4643 2439 4709 gente,
2489 4639 2581 4693 cui
2638 4639 2782 4693 nihil
2841 4641 3158 4695 admixtum
3207 4647 3329 4696 erat
3381 4643 3640 4712 luminis,
3687 4647 3960 4702 animalia

2248 4727 2480 4797 bipedia
2516 4731 2629 4781 tam
2674 4729 2918 4796 ﬁrmam,
2951 4733 3069 4783 tam
3108 4735 3388 4800 vegetam,
3417 4735 3534 4786 tam
3574 4733 3835 4806 denique
3876 4736 3957 4789 in-

2249 4815 2578 4868 credibilem
2617 4815 2732 4870 vim
2769 4816 3033 4872 habuisse
3074 4817 3134 4871 in
3180 4819 3477 4873 oculorum
3515 4819 3658 4888 acie,
3699 4827 3770 4876 ut
3811 4829 3870 4876 et
3904 4822 3959 4876 in

2248 4903 2497 4958 tenebris
2523 4905 2641 4958 suis
2675 4904 2932 4959 viderent
2961 4905 3349 4976 purissimam,
3379 4924 3508 4978 quae
3550 4925 3585 4962 a
3611 4909 3780 4964 vobis
3809 4927 3958 4965 com-

2248 4993 2574 5060 mendatur,
2600 5009 2910 5064 regnorum
2933 4994 3035 5048 Dei
3057 4995 3242 5050 lucem
3270 4995 3573 5068 (siquidem
3598 4997 3766 5053 illam
3787 5001 3957 5054 etiam

2247 5081 2456 5136 talibus
2491 5081 2772 5135 visibilem
2810 5081 2985 5135 fuisse
3023 5083 3234 5152 vultis),
3277 5090 3334 5139 et
3362 5085 3707 5156 aspicerent,
3743 5093 3800 5142 et
3833 5106 3957 5143 con-

2249 5169 2582 5235 siderarent,
2624 5173 2679 5222 et
2729 5169 3168 5241 delectarentur,
3215 5176 3270 5226 et
3311 5179 3682 5243 appeterent:
3738 5185 3956 5232 nostros

2249 5262 2438 5311 autem
2469 5259 2664 5311 oculos
2693 5258 3094 5314 commixtione
3125 5259 3285 5327 lucis,
3306 5261 3720 5318 commixtione
3749 5267 3954 5321 summi

2312 5409 2328 5440 ι
2352 5407 2487 5454 Editi
2509 5410 2560 5454 et
2577 5407 2809 5481 plerique
2830 5409 2949 5457 Mss.
2966 5423 3074 5481 non
3089 5409 3400 5481 habent,i’el
3417 5412 3629 5481 servire
3645 5417 3952 5481 quempiam

2249 5481 2436 5534 cogens
2459 5485 2470 5527 ;
2491 5483 2608 5534 qua:
2631 5471 2789 5534 verba
2810 5485 2873 5519 ex
2896 5472 3072 5520 codice
3098 5473 3548 5534 Regio-Monteusi
3566 5479 3619 5525 et
3639 5471 3822 5528 tribus
3838 5481 3952 5529 Sor»

2248 5531 2452 5579 bonicis
2481 5531 2699 5593 adjecim
2709 5546 2785 5580 us.
