4056 6370
73 331 219 384 1353

33 515 35 520 ,
68 453 238 525 boni,
270 455 676 511 commixtione
732 453 979 527 denique
1014 455 1116 511 Dei
1169 459 1288 512 tam
1329 456 1609 526 inﬁrmos,
1657 462 1777 513 tam

32 593 34 624 λ
69 542 400 600 imbecillos
429 561 549 600 esse
588 544 959 614 redditos,‘ut
1008 561 1196 617 neque
1242 546 1556 618 quidquam
1582 548 1775 602 videa-

32 681 34 692 ,
71 649 208 687 mus
242 634 304 688 in
333 633 598 696 tenebris,
631 638 689 689 et
734 634 870 688 solis
895 639 1186 706 aspectum
1231 637 1388 690 nullo
1427 637 1598 692 modo
1629 636 1777 691 ferre

32 709 34 715 ’
69 723 386 794 possimus,
428 728 600 795 atque
655 723 790 778 inde
821 725 1097 793 conversi,
1127 725 1300 781 etiam
1356 743 1486 798 quae
1535 745 1568 782 a
1612 727 1777 782 nobis

69 811 446 882 videbantur,
473 828 801 884 quaeramus
819 815 848 868 ?

150 903 242 956 18.
279 902 409 956 Haec
452 901 565 956 dici
594 905 852 972 possunt,
893 901 1062 956 etiam
1117 901 1166 956 si
1214 904 1501 976 corruptio
1559 905 1775 959 malum

72 993 184 1056 est,
209 990 562 1061 quod-aeque
590 1006 759 1044 nemo
782 989 1054 1062 ambigit:
1096 1007 1214 1046 non
1242 992 1396 1047 enim
1419 997 1556 1048 tunc
1583 993 1775 1048 fumus

32 1069 34 1074 ’
71 1079 493 1149 corrumpebat
525 1094 708 1150 genus
738 1079 1094 1147 animalium,
1122 1081 1277 1151 quod
1317 1082 1490 1136 modo
1517 1098 1775 1137 corrum-

73 1167 177 1238 pit.
218 1169 285 1222 Et
337 1185 408 1222 ne
455 1184 694 1239 pergam
741 1185 845 1240 per
891 1169 1140 1240 singula,
1173 1171 1324 1242 quod
1353 1171 1591 1242 longum
1617 1177 1702 1227 est
1721 1175 1776 1226 et

71 1272 195 1310 non
256 1257 662 1322 necessarium,
717 1273 900 1328 usque
948 1259 1091 1313 adeo
1140 1260 1332 1314 minus
1377 1266 1539 1315 erant
1580 1277 1775 1315 corru-

70 1345 265 1415 ptioni
284 1346 548 1413 obnoxia,
597 1363 726 1418 qua:
766 1347 847 1401 ibi
881 1345 1196 1402 animantia
1223 1347 1394 1403 fuisse
1425 1348 1772 1419 conﬁngitis,

73 1438 134 1487 ut
169 1434 419 1489 abortivi
454 1451 658 1490 eorum
681 1435 828 1490 fetus
856 1437 1114 1491 nondum
1145 1437 1215 1491 ad
1261 1439 1606 1492 nascendum
1650 1437 1773 1492 ido-

71 1521 192 1592 nei,
225 1523 299 1577 de
333 1523 475 1578 coelo
506 1522 568 1577 in
613 1527 824 1578 terram
856 1524 1219 1595 praecipitati,
1251 1530 1308 1580 et
1335 1525 1546 1592 vivere,
1594 1530 1648 1580 et
1693 1525 1775 1597 gi-

69 1626 277 1681 gnere,
327 1614 384 1666 et
411 1627 609 1665 rursus
638 1611 935 1682 conjurare
975 1613 1291 1683 potuerint,
1338 1614 1611 1669 habentes
1660 1614 1776 1669 uti-

70 1715 186 1770 que
231 1698 537 1770 pristinam
578 1699 929 1767 ﬁrmitatem,
963 1701 1098 1772 quia
1121 1702 1242 1772 jam
1271 1707 1435 1758 erant
1457 1703 1721 1774 concepti
1755 1705 1776 1740 ί

73 1793 205 1843 ante
236 1789 712 1844 commixtionem
739 1789 879 1844 boni
917 1795 972 1844 et
1026 1790 1196 1845 mali:
1255 1807 1391 1846 nam
1438 1797 1570 1863 post
1606 1793 1774 1846 istam

70 1877 500 1933 concretionem
545 1893 675 1948 quae
726 1878 796 1932 de
825 1877 895 1932 iis
937 1884 1072 1934 nata
1118 1883 1269 1947 sunt,
1302 1897 1370 1935 ea
1425 1880 1609 1942 dicitis
1653 1898 1772 1936 esse

71 1965 370 2035 animalia,
401 1982 530 2037 quae
559 1983 712 2021 nunc
730 1966 1123 2022 inﬁrmissima
1144 1973 1200 2023 et
1226 1969 1390 2024 facile
1418 1970 1773 2041 corruptioni

71 2055 337 2110 cedentia
366 2055 660 2110 videmus:
718 2056 845 2126 quis
893 2056 1047 2111 hunc
1077 2056 1291 2111 diutius
1318 2059 1562 2112 tolerare
1591 2057 1773 2129 possit

72 2159 354 2212 errorem,
388 2144 497 2198 nisi
526 2148 627 2216 qui
656 2150 755 2199 aut
781 2145 889 2200 ista
941 2161 1060 2201 non
1089 2145 1259 2213 videt,
1291 2150 1391 2200 aut
1432 2146 1624 2201 nescio
1657 2163 1772 2218 qua

70 2233 398 2288 incredibili
446 2233 854 2288 consuetudine
910 2249 974 2288 ac
1035 2233 1421 2290 familiaritate
1475 2235 1770 2291 vobiscum

70 2326 274 2376 contra
305 2338 504 2377 omnes
535 2323 714 2376 moles
741 2322 981 2376 rationis
1007 2323 1281 2379 obduruit
1298 2324 1326 2378 Ἰ

71 2407 304 2462 CAPUT
334 2408 394 2462 Χ.
427 2436 497 2449 -
527 2407 660 2462 Tria
689 2409 972 2476 signacula
995 2423 1202 2463 morum
1240 2425 1276 2464 a
1303 2411 1614 2467 Manichzis
1640 2426 1770 2481 per-

657 2513 848 2568 peram
863 2500 1186 2566 excogitata.

145 2588 228 2641 l9.
259 2584 372 2640 Sed
399 2585 674 2656 quoniam
702 2587 944 2654 ostendi,
991 2591 1052 2641 ut
1101 2586 1366 2654 arbitror,
1397 2586 1468 2642 de
1510 2585 1676 2642 bonis
1715 2591 1773 2642 et

66 2674 231 2729 malis
281 2675 667 2745 generalibus,
712 2676 772 2730 in
811 2677 1040 2747 quantis
1081 2676 1333 2732 tenebris
1371 2681 1428 2731 et
1467 2676 1528 2731 in
1558 2681 1772 2748 quanta

65 2763 316 2818 falsitate
349 2763 654 2818 versemini
678 2784 693 2831 ;
721 2780 876 2818 nunc
895 2765 1184 2819 videamus
1201 2765 1310 2820 tria
1337 2765 1436 2818 illa
1457 2765 1767 2834 signacula,

70 2868 196 2924 quae
220 2852 288 2906 in
307 2851 509 2906 vestris
540 2852 799 2907 moribus
836 2869 1050 2924 magna
1086 2853 1252 2908 laude
1276 2869 1338 2908 ac
1361 2853 1770 2924 praedicatione

32 3003 34 3012 ε
61 2937 310 3008 jactatis.
349 2938 486 3003 Quas
520 2944 655 2994 sunt
683 2940 916 2995 tandem
942 2940 1051 2995 ista
1075 2941 1412 3012 signacula?
1441 2941 1567 2996 Oris
1595 2946 1766 3008 certe,

32 3027 34 3032 ’
67 3016 441 3095 etmanuum,
473 3032 530 3082 et
557 3027 733 3083 sinus.
763 3028 910 3094 Quid
931 3033 1017 3084 est
1043 3030 1148 3084 hoc
1169 3031 1198 3084 ?
1231 3031 1299 3085 Ut
1322 3047 1442 3096 ore,
1475 3031 1687 3102 inquit,
1712 3036 1769 3086 et

32 3119 34 3125 '
67 3114 358 3182 manibus,
396 3117 454 3169 et
482 3115 608 3169 sinu
647 3121 832 3171 castus
859 3121 917 3172 et
942 3116 1216 3172 innocens
1245 3117 1317 3171 sit
1361 3118 1558 3172 homo.
1599 3118 1763 3182 Quid,

68 3201 113 3254 si
147 3202 352 3270 oculis,
387 3203 641 3274 auribus,
691 3205 926 3259 naribus
955 3208 1190 3277 peccet?
1245 3205 1383 3276 quid
1436 3206 1482 3260 si
1520 3206 1768 3260 calcibus

33 3295 36 3300 '
67 3289 364 3345 hominem
394 3291 631 3363 afﬂigat,
681 3294 772 3348 vel
816 3294 986 3349 etiam
1017 3293 1224 3348 necet?
1271 3294 1566 3359 Quomodo
1591 3294 1766 3350 istum

32 3447 36 3452 _
67 3380 395 3435 tenebimus
422 3397 608 3452 reum,
630 3382 731 3453 qui
759 3398 865 3437 nec
890 3399 1007 3450 ore,
1045 3399 1151 3438 nec
1179 3383 1466 3450 manibus,
1508 3399 1614 3438 nec
1637 3383 1766 3437 sinu

32 3459 370 3536 'peccavit?
406 3469 515 3525 Scd
563 3486 695 3525 cum
741 3487 824 3538 os,
869 3470 1078 3542 inquit,
1125 3471 1382 3538 nomino,
1415 3486 1616 3525 omnes
1644 3487 1767 3525 sen-

32 3559 38 3636 ς
68 3575 160 3613 sus
185 3556 291 3629 qui
311 3561 446 3611 sunt
473 3556 532 3611 in
563 3557 767 3629 capite,
800 3557 1046 3630 intelligi
1073 3559 1202 3613 volo
1224 3561 1395 3624 {cum
1426 3561 1618 3612 autem
1641 3573 1762 3611 ma—

32 3649 38 3658 '
66 3663 228 3716 num,
261 3660 494 3700 omnem
525 3645 960 3717 operationem;
1006 3663 1138 3701 cum
1185 3645 1398 3713 sinum,
1431 3661 1664 3700 omnem
1695 3645 1764 3699 li-

32 3727 33 3730 “
68 3735 326 3791 bidinem
369 3734 723 3789 seminalem.
772 3735 895 3799 Quo
939 3750 1076 3805 ergo
1120 3734 1291 3788 vultis
1320 3733 1608 3805 pertinere
1651 3733 1766 3788 bla-

32 3827 35 3836 '
68 3823 406 3894 sphemias?
437 3823 507 3878 ad
537 3839 622 3894 os,
655 3839 726 3877 an
757 3823 829 3878 ad
852 3839 1088 3878 manum
1108 3824 1136 3877 ?
1174 3824 1269 3878 Est
1309 3822 1464 3877 enim
1506 3821 1762 3893 operatio

32 3981 34 3984 τ
68 3915 171 3970 ista
198 3930 308 3986 per
334 3913 613 3986 linguam.
657 3915 856 3985 Itaque
893 3914 940 3968 si
984 3929 1101 3968 uno
1131 3929 1340 3985 genere
1371 3912 1764 3984 operationem

32 4003 35 4074 ξ
67 4019 301 4058 omnem
331 4003 687 4067 concluditis,
719 4019 820 4057 cur
858 4002 1253 4074 operationem
1279 4002 1492 4073 pedum
1518 4002 1763 4073 conjun-

32 4091 34 4164 ξ
67 4092 197 4163 gitis
226 4090 516 4161 manibus,
538 4091 753 4162 linguae
781 4090 1054 4162 separatis
1072 4091 1099 4146 ?
1122 4093 1230 4159 An,
1263 4091 1402 4162 quia
1423 4090 1621 4162 lingua
1646 4106 1766 4145 ver-

32 4183 34 4190 '
69 4180 152 4235 bis
175 4179 465 4252 significat
495 4179 734 4252 aliquid,
767 4195 894 4235 eam
924 4180 1093 4235 vultis
1116 4180 1414 4252 sejungere
1448 4180 1517 4234 ab
1547 4196 1614 4234 ea
1635 4197 1766 4252 ope-

32 4269 34 4276 ’
69 4270 294 4325 ratione
316 4285 445 4341 quae
472 4285 589 4324 non
617 4268 976 4340 signiﬁcandi
1000 4268 1186 4340 gratia
1209 4268 1298 4337 ﬁt;
1333 4268 1412 4324 ita
1441 4272 1505 4323 ut
1533 4268 1766 4324 deﬁnia-

32 4423 33 4426 η
70 4363 163 4414 tur
191 4359 555 4430 signaculum
605 4374 905 4426 manuum,
945 4358 1016 4413 ab
1065 4359 1398 4430 operatione
1426 4360 1598 4428 mala,
1637 4375 1766 4430 quas

32 4451 33 4518 ξ
69 4463 184 4502 non
217 4447 581 4519 significandi
611 4463 782 4502 causa
811 4452 913 4515 est,
945 4447 1342 4502 continentia?
1379 4447 1485 4503 Sed
1518 4448 1656 4519 quid
1681 4448 1764 4502 fa-

32 4539 33 4544 “
70 4537 217 4591 cturi
248 4535 406 4605 estis,
443 4535 490 4589 si
528 4535 656 4607 quis
683 4539 876 4606 peccet
917 4533 1290 4605 significando
1334 4534 1551 4606 aliquid
1582 4535 1765 4590 mani-

32 4625 34 4694 ξ
70 4624 192 4692 bus,
221 4623 372 4680 utﬁt
399 4640 530 4679 cum
557 4624 879 4694 scribimus,
909 4624 998 4678 vel
1041 4627 1206 4694 gestu
1252 4622 1465 4694 aliquid
1495 4624 1648 4696 quod
1675 4623 1766 4678 in-

32 4713 34 4784 ξ
72 4713 366 4785 telligatur
413 4711 809 4768 ostendimus?
855 4712 965 4767 hoc
1006 4711 1161 4766 enim
1207 4712 1293 4766 ori
1334 4716 1505 4783 atque
1554 4713 1766 4784 linguae

32 4803 34 4808 ’
72 4802 329 4857 tribuere
359 4817 476 4856 non
505 4802 763 4872 potestis,
813 4800 949 4872 quia
999 4799 1267 4855 manibus
1315 4800 1400 4854 ﬁt.
1434 4800 1580 4866 Quid
1612 4801 1766 4856 enim

32 4949 34 4960 ,
77 4890 397 4958 absurdius,
427 4906 600 4962 quam
625 4895 686 4945 ut
717 4907 846 4945 cum
884 4890 987 4945 lria
1007 4889 1268 4945 dicantur
1283 4887 1596 4960 signacula,
1629 4889 1784 4956 oris,.

32 4979 34 5044 ί
75 4994 376 5046 manuum,
410 4983 466 5033 et
515 4979 693 5046 sinus,
738 4979 1005 5050 quaedam
1053 4981 1282 5050 peccata
1327 4977 1682 5048 deprehensa
1706 4978 1767 5032 in

32 5069 33 5074 “
73 5070 341 5125 manibus
367 5068 691 5124 tribuantur
715 5068 846 5124 ori?
867 5068 925 5124 Si
964 5072 1155 5124 autem
1204 5067 1456 5139 operatio
1486 5066 1768 5138 generalis

32 5167 38 5232 ς
74 5160 340 5214 manibus
361 5158 549 5225 datur,
571 5173 700 5229 quae
726 5157 957 5211 tandem
978 5158 1123 5212 ratio
1139 5161 1222 5211 est
1241 5157 1457 5227 pedum
1485 5155 1769 5226 operatio-

32 5313 34 5322 ι
76 5264 206 5304 nem
237 5248 375 5303 huic
404 5246 632 5313 addere,
651 5241 878 5316 lingua:
909 5261 1021 5299 non
1053 5245 1298 5300 addere?
1328 5243 1612 5299 Videtisne
1638 5258 1772 5314 quo-

77 5337 248 5393 modo
272 5335 544 5391 novitatis
575 5333 850 5406 appetitio
872 5333 1079 5388 comite
1109 5349 1301 5388 errore
1327 5332 1388 5388 in
1416 5348 1650 5403 magnas
1670 5331 1768 5386 de-

32 5459 36 5494 ,
83 5427 322 5482 ducatur
347 5423 688 5496 angustias?
735 5422 938 5478 Tribus
982 5437 1231 5493 namque
1277 5421 1400 5477 istis
1443 5420 1768 5493 signaculis,

142 5547 332 5607 1Editi,
351 5559 458 5619 qua
457 5544 573 5611 jam
601 5547 758 5598 erant
781 5543 1296 5610 concepti.,Undecim
1320 5543 1463 5607 Msa,
1488 5543 1632 5608 quia.
1654 5543 1774 5593 For-

79 5614 196 5660 tean
219 5624 335 5674 pro,
359 5614 415 5661 in
445 5622 572 5673 qua.

393 5700 668 5765 PATROL.
717 5697 964 5765 XXXII.

1508 334 1722 392 LIBER
1753 333 2157 412 SECUNDUS.

3451 348 3474 400 ί
3487 345 3592 402 354

1891 475 2018 530 quae
2033 475 2175 514 nova
2187 459 2434 530 quadam
2453 460 2733 516 divisione
2753 461 3104 533 praedicatis,
3119 465 3412 534 quomodo
3431 465 3586 522 inclu

1888 548 2035 603 datis
2057 547 2316 604 omnium
2339 554 2703 621 peccatorum
2728 551 3132 623 purgationem
3159 569 3274 608 non
3294 553 3582 610 invenitis.

1889 639 2114 693 CAPUT
2143 639 2228 693 XI.
2251 666 2316 679 —
2351 640 2701 707 Signaculum
2732 643 2841 696 oris
2868 643 3025 711 quale
3056 643 3210 712 apud
3239 642 3587 710 Manichaeos,

1995 728 2093 796 qui
2122 727 2468 796 blasphemiae
2497 731 2557 782 in
2597 731 2771 784 Deum
2800 732 2881 786 rei
2917 746 3028 786 esse
3055 733 3465 787 convincuntur.

1957 818 2046 870 20.
2078 815 2187 871 Sed
2231 815 2468 871 dividite
2499 821 2563 872 ut
2599 819 2786 886 vultis,
2831 820 3252 890 prmtermittite
3299 820 3582 893 quidquid

1885 904 2086 959 vultis:
2137 920 2204 960 ea
2249 920 2378 976 qua:
2407 905 2652 960 maxime
2691 908 2880 962 soletis
2910 909 3330 976 commendare,
3374 912 3587 964 tracte-

1885 1009 2033 1048 mus.
2065 993 2151 1047 Ad
2187 993 2302 1047 oris
2330 993 2484 1048 enim
2525 994 2881 1065 signaculum
2927 998 3111 1052 dicitis
3162 998 3472 1068 pertinere,
3515 998 3585 1053 ab

1887 1081 2046 1136 omni
2085 1082 2376 1136 continere
2417 1082 2795 1154 blasphemia.
2847 1086 2940 1140 Est
2970 1091 3159 1140 autem
3197 1087 3573 1157 blasphemia,

1885 1185 2015 1223 cum
2045 1168 2241 1240 aliqua
2264 1170 2416 1224 mala
2440 1171 2712 1225 dicuntur
2741 1172 2809 1226 de
2830 1171 3015 1228 bonis.
3036 1173 3232 1244 Itaque
3256 1174 3376 1244 jam
3408 1175 3578 1245 vulgo

1883 1257 2238 1328 blasphemia
2262 1275 2379 1313 non
2397 1258 2694 1330 accipitur,
2727 1259 2842 1314 nisi
2870 1261 3021 1314 mala
3052 1262 3225 1316 verba
3246 1262 3315 1316 de
3347 1264 3462 1316 Deo
3486 1263 3571 1316 di-

1884 1362 2048 1401 cere:
2097 1346 2166 1401 de
2193 1346 2525 1402 hominibus
2574 1365 2824 1420 namque
2871 1348 3118 1404 dubitari
3158 1354 3379 1420 potest;
3433 1352 3581 1406 Deus

1883 1449 2017 1490 vero
2049 1434 2169 1490 sine
2199 1436 2581 1492 controversia
2622 1437 2810 1492 bonus
2840 1442 2945 1492 est.
2979 1438 3036 1493 Si
3066 1454 3202 1508 ergo
3227 1437 3370 1492 ratio
3393 1440 3582 1494 convi-

1884 1522 2042 1592 cerit,
2070 1523 2365 1578 neminem
2393 1525 2462 1580 de
2506 1527 2620 1580 Deo
2644 1528 2842 1596 pejora
2868 1542 3042 1597 quam
3089 1542 3190 1580 vos
3238 1526 3448 1590 dicere,
3480 1528 3581 1582 ubi

1885 1611 1994 1666 erit
2023 1613 2395 1668 memorabile
2438 1614 2550 1668 oris
2579 1614 2936 1685 signaculum
2962 1616 2992 1669 ?
3029 1616 3203 1670 Docet
3231 1615 3384 1670 enim
3413 1615 3583 1686 ratio,

1885 1715 1988 1754 nec
2031 1717 2166 1756 sane
2214 1702 2526 1770 recondita,
2560 1703 2658 1758 sed
2685 1703 2746 1757 in
2776 1708 3051 1774 promptu
3079 1704 3186 1758 sita
3213 1708 3271 1758 et
3323 1704 3583 1775 exposita

1885 1787 2145 1844 omnium
2182 1789 2494 1858 intellectu,
2539 1791 2637 1845 sed
2667 1791 2873 1846 invicta
2918 1796 2976 1846 et
3005 1807 3071 1846 eo
3113 1792 3381 1847 invictior
3423 1795 3579 1865 quod

1883 1894 2010 1932 eam
2031 1894 2202 1933 nemo
2232 1878 2498 1950 ignorare
2527 1879 2902 1949 permittitur,
2936 1881 3115 1935 Deum
3147 1897 3266 1936 esse
3316 1881 3578 1936 incorru—

1882 1967 2164 2037 ptibilem,
2217 1966 2772 2035 incommutabilem,
2846 1967 3256 2035 inviolabilem,
3304 1968 3365 2023 in
3404 1985 3579 2040 quem

1883 2056 2041 2110 nulla
2096 2055 2435 2124 indigentia,
2472 2057 2632 2112 nulla
2691 2056 3073 2126 imbecillitas,
3137 2057 3298 2112 nulla
3353 2057 3585 2113 miseria

1882 2144 2083 2200 cadere
2103 2144 2321 2215 ~possit.
2366 2146 2554 2217 Usque
2583 2146 2726 2202 adeo
2769 2150 2964 2202 autem
3009 2146 3117 2200 ista
3154 2145 3342 2200 omnis
3383 2146 3578 2202 anima

1880 2230 2175 2286 rationalis
2223 2233 2606 2290 communiter
2653 2234 2824 2290 sentit
2869 2237 2933 2291 ut
2973 2233 3147 2290 etiam
3194 2252 3294 2291 vos
3333 2251 3462 2290 cum
3495 2234 3614 2291 di-'

1883 2323 2110 2388 cuntur,
2141 2321 2428 2379 annuatis.

1950 2412 2042 2464 2i.
2089 2409 2196 2464 Sed
2247 2426 2378 2466 cum
2442 2411 2659 2466 fabulas
2717 2415 2929 2466 vestras
2990 2427 3223 2467 narrare
3273 2412 3579 2484 coeperitis,

1882 2501 1938 2552 et
1957 2498 2408 2570 corruptibilem,
2439 2503 2496 2554 et
2523 2499 3009 2567 commutabilem,
3051 2503 3108 2555 et
3146 2499 3492 2568 violabilem,
3526 2504 3585 2556 et

1881 2584 2216 2658 indigentiae
2273 2588 2607 2655 obnoxium,
2674 2593 2729 2642 et
2785 2587 3235 2643 imbecillitatem
3281 2589 3584 2644 admitten-

1881 2679 2018 2742 tem,
2073 2679 2130 2730 et
2171 2693 2206 2731 a
2250 2676 2482 2731 miseria
2529 2693 2648 2731 non
2683 2680 2872 2732 tutum
2912 2678 3093 2732 Deum
3142 2677 3288 2732 mira
3331 2678 3581 2733 caecitate

1877 2764 2125 2835 possessi
2158 2764 2426 2832 suadetis,
2461 2768 2516 2821 et
2562 2764 2712 2819 mira
2763 2765 3013 2820 caecitate
3069 2765 3344 2836 possessis
3403 2767 3577 2822 etiam

1878 2853 2250 2923 persuadetis.
2291 2855 2478 2924 Atque
2519 2853 2627 2907 hoc
2665 2869 2872 2924 parum
2930 2859 3045 2908 est:
3099 2870 3216 2908 non
3259 2854 3415 2908 enim
3457 2871 3580 2909 cor-

1879 2940 2209 3010 ruptibilem
2260 2944 2485 2995 tantum
2546 2943 2727 2996 Deum
2790 2940 2996 3008 dicitis,
3057 2942 3156 2996 sed
3218 2946 3578 3013 corruptum,

1879 3043 1982 3082 nec
2011 3031 2066 3082 et
2095 3028 2579 3096 commutabilem,
2613 3028 2711 3083 sed
2742 3032 3187 3097 commutatum;
3213 3045 3315 3084 nec
3341 3030 3570 3085 violabi-

1877 3115 2013 3182 lem,
2043 3115 2141 3170 sed
2169 3115 2482 3183 violatum;
2529 3131 2633 3170 nec
2671 3115 2771 3187 qui
2817 3117 2994 3187 possit
3023 3115 3402 3187 indigentiam
3430 3117 3571 3187 pati,

1878 3205 1975 3258 sed
2001 3203 2353 3274 indigentem
2381 3219 2395 3270 ;
2428 3219 2534 3259 nec
2561 3204 2622 3258 in
2642 3220 2812 3276 quem
2835 3220 3034 3259 casura
3065 3205 3158 3272 sit,
3190 3205 3286 3260 sed
3317 3205 3378 3260 in
3403 3220 3578 3277 quem

1877 3291 2142 3346 ceciderit
2179 3292 2578 3359 imbecillitas;
2609 3308 2713 3347 nec
2739 3293 2840 3364 qui
2869 3292 3043 3366 miser
3079 3309 3201 3348 esse
3227 3293 3430 3364 possit,
3469 3293 3573 3348 sed

1876 3380 2172 3435 miserum.
2205 3379 2470 3435 Animam
2498 3380 2712 3451 quippe
2742 3382 2922 3436 Deum
2955 3397 3076 3436 esse
3113 3380 3297 3436 dicitis
3321 3381 3576 3452 vellpar.

1876 3473 1993 3524 tem
2021 3469 2139 3524 Dei.
2172 3470 2285 3524 Nec
2312 3469 2477 3524 video
2509 3469 2795 3541 quomodo
2827 3471 2977 3525 Deus
3005 3486 3123 3525 non
3155 3469 3247 3538 sit,
3281 3485 3412 3542 quae
3441 3485 3578 3542 pars

1877 3557 2230 3612 Deidicitur:
2263 3573 2398 3612 nam
2420 3557 2609 3612 etauri
2634 3573 2767 3628 pars
2784 3574 3012 3628 aurum,
3035 3564 3093 3613 et
3119 3558 3343 3627 argenti
3366 3573 3569 3629 argen-

1876 3650 2021 3708 tum,
2037 3648 2092 3698 et
2106 3645 2311 3716 lapidis
2333 3645 2508 3716 lapis;
2534 3648 2611 3714 et,
2649 3650 2710 3699 ut
2741 3645 2810 3699 ad
2840 3646 2962 3700 haec
2999 3646 3218 3717 majora
3251 3646 3572 3714 veniamus,

1874 3750 2006 3804 pars
2031 3737 2185 3788 terra
2213 3737 2315 3800 est,
2345 3737 2403 3787 et
2429 3749 2594 3804 aquae
2623 3749 2755 3804 pars
2787 3749 2956 3804 aqua,
2988 3738 3047 3788 et
3076 3734 3224 3788 aeris
3265 3750 3384 3804 aer,
3427 3738 3485 3790 et
3526 3734 3573 3788 si

1875 3822 2015 3894 quid
2042 3822 2111 3876 de
2140 3821 2272 3892 igne
2301 3821 2635 3888 detraxeris,
2678 3822 2873 3892 ignem
2903 3837 3022 3876 esse
3052 3838 3170 3876 non
3219 3823 3477 3893 negabis,
3517 3826 3574 3878 et

1875 3910 2146 3982 quaelibet
2193 3926 2324 3981 pars
2353 3909 2495 3965 lucis
2523 3910 2669 3964 nihil
2698 3914 2887 3981 potest
2915 3927 3037 3966 esse
3068 3910 3222 3965 aliud
3252 3927 3427 3982 quam
3454 3911 3568 3968 lux.

1875 4001 1987 4056 Cur
2017 4016 2152 4071 ergo
2179 4016 2310 4071 pars
2340 3999 2441 4053 Dei
2469 4015 2585 4053 non
2616 3999 2726 4054 erit
2773 4000 2963 4054 Deus?
3005 4001 3091 4053 An
3121 3999 3423 4054 articulate
3472 3999 3574 4054 Dei

1875 4088 2060 4144 forma
2071 4092 2156 4142 est
2179 4085 2217 4155 ί,
2235 4087 2380 4142 sicut
2394 4086 2661 4152 hominis,
2676 4086 3146 4160 reliquorumque
3161 4087 3572 4144 animantium?

1875 4193 2010 4232 nam
2039 4193 2169 4249 pars
2198 4175 2450 4230 hominis
2475 4192 2591 4230 non
2612 4181 2697 4231 est
2715 4177 2909 4231 homo.

1945 4269 2034 4322 22.
2069 4266 2174 4322 Sed
2197 4265 2268 4321 ad
2287 4265 2602 4337 quamlibet
2629 4265 2867 4320 istarum
2897 4263 3240 4336 opinionum
3263 4264 3566 4327 descendo,

1876 4363 1932 4413 et
1959 4354 2290 4426 singillatim
2332 4356 2634 4424 utramque
2662 4352 2981 4408 considero.
3013 4353 3156 4407 Nam
3207 4352 3254 4407 si
3284 4353 3467 4407 Deum
3494 4352 3577 4408 ita

1877 4459 1998 4498 esse
2027 4443 2198 4498 vultis
2222 4447 2285 4496 ut
2314 4442 2520 4508 lucem,
2550 4457 2812 4496 recusare
2834 4457 2952 4495 non
2980 4439 3219 4511 potestis
3239 4441 3418 4494 Deum
3451 4457 3574 4496 esse

1878 4532 2129 4603 aliquam
2150 4535 2368 4602 partem
2384 4530 2503 4584 Dei.
2519 4529 2923 4596 Quamobrem,
2943 4545 3073 4584 cum
3099 4532 3320 4599 partem
3334 4529 3436 4584 Dei
3453 4546 3574 4585 esse

1877 4621 2129 4677 animam
2159 4619 2365 4687 dicitis,
2389 4634 2562 4690 quam
2593 4633 2710 4672 non
2739 4617 2960 4689 negatis
2995 4621 3050 4672 et
3073 4621 3400 4689 corruptam
3429 4635 3574 4690 esse,

1877 4723 2006 4780 qua:
2034 4707 2208 4762 stulta
2227 4710 2309 4760 est
2333 4722 2346 4772 ;
2389 4710 2444 4760 et
2474 4709 2904 4772 commutatam,
2934 4721 3064 4776 quae
3092 4705 3319 4776 sapiens
3350 4707 3493 4775 fuit;
3519 4713 3578 4763 et

1877 4797 2169 4864 violatam,
2199 4811 2329 4866 qua:
2357 4794 2653 4865 propriam
2682 4793 3094 4864 perfectionem
3141 4810 3258 4849 non
3283 4795 3491 4864 habet;
3519 4799 3578 4851 et

1877 4883 2254 4955 indigentem,
2287 4899 2416 4954 quae
2432 4881 2618 4954 poscit
2637 4882 2944 4950 auxilium;
2974 4885 3030 4936 et
3053 4881 3422 4952 imbecillam,
3446 4900 3574 4956 quin

1879 4972 2161 5029 medicina
2187 4976 2342 5042 eget;
2378 4975 2433 5026 et
2449 4970 2734 5038 miseram,
2767 4987 2896 5042 quae
2916 4970 3085 5026 beata
3115 4987 3235 5027 esse
3261 4972 3572 5028 desiderat:

1877 5062 2001 5118 haec
2021 5061 2216 5117 omnia
2241 5061 2302 5115 in
2326 5062 2506 5115 Deum
2538 5059 2813 5132 sacrilega
2836 5059 3111 5132 opinione
3142 5060 3427 5116 confertis.
3459 5062 3576 5114 Aut

1881 5151 1926 5206 si
1955 5167 2072 5206 non
2103 5148 2410 5204 conceditis
2438 5149 2558 5202 haec
2583 5148 2652 5203 de
2671 5149 2884 5215 anima,
2911 5164 3015 5203 nec
3033 5148 3276 5219 Spiritus
3289 5151 3373 5202 est
3387 5162 3577 5202 neces-

1879 5240 2060 5296 sarius
2077 5237 2123 5310 ²,
2145 5238 2243 5310 qui
2270 5236 2524 5292 animam
2541 5236 2598 5292 in
2629 5237 2924 5292 veritatem
2953 5237 3207 5302 inducat,
3235 5235 3372 5306 quia
3401 5236 3579 5290 stulta

1946 5358 1961 5391 ι
1987 5356 2080 5403 Ms.
2104 5353 2298 5416 Regius
2318 5352 2392 5401 sic
2411 5352 2587 5412 habet,
2609 5365 2681 5416 an
2698 5351 2972 5415 particula
2993 5352 3301 5416 Deianima
3323 5352 3401 5416 est
3419 5350 3577 5416 sicut.

1943 5418 1965 5452 ²
1988 5418 2108 5466 Mss.
2132 5411 2458 5478 septemmec
2469 5411 2740 5478 apostolus
2752 5419 2829 5465 est
2841 5413 3183 5478 necessarius.
3205 5411 3305 5478 Alii
3327 5411 3583 5478 Cdd.,_nec

1882 5481 2117 5546 Spiritus
2129 5492 2180 5528 es
2187 5473 2392 5546 {access
2399 5473 2571 5546 artus.
2604 5477 2753 5546 Forte
2772 5473 3127 5546 utrumquead
3139 5477 3230 5546 tear
3231 5477 3339 5522 tum
3353 5474 3582 5546 pertinet

1932 5537 2108 5592 utatur
2130 5541 2272 5589 enim
2294 5539 2633 5594 Manichmus,
2653 5539 2742 5600 qui
2764 5535 2986 5600 apostoli
3000 5535 3096 5584 sibi
3115 5535 3328 5600 titulum
3348 5535 3583 5600 vindica-

1888 5605 1996 5665 bat,
2026 5617 2092 5652 ex
2111 5602 2244 5652 libro
2270 5602 2333 5651 de
2363 5603 2594 5652 Moribus
2622 5597 2760 5650 Eccl.
2782 5597 2894 5662 cap.
2923 5599 2981 5647 33
3007 5611 3060 5646 n.
3083 5599 3144 5648 72
3164 5613 3176 5659 ;
3193 5598 3386 5663 quique
3412 5597 3582 5662 Spiri-

2558 5694 2561 5696 ’
2645 5687 3263 5774 (Quarante-troz's.)
