4056 6356
485 330 623 383 1355

478 465 594 505 non
621 453 707 504 est
731 467 746 516 ;
768 463 874 503 nec
903 453 1207 503 renovatur
1231 449 1422 503 anima
1456 465 1560 521 per
1586 466 1779 505 veram
1800 450 2172 521 religionem,

475 539 610 608 quia
638 537 950 592 inveterata
978 553 1095 591 non
1124 542 1237 604 est;
1272 554 1375 592 nec
1394 538 1700 609 signaculis
1728 539 1928 594 vestris
1947 539 2166 611 pertici-

474 634 590 694 tur,
621 625 755 697 quia
790 625 1040 696 perfecta
1070 630 1191 692 est;
1235 642 1341 680 nec
1371 626 1423 680 ei
1466 627 1616 681 Deus
1659 643 1827 698 opem
1875 627 2000 694 fert,
2035 626 2174 696 quia

475 732 593 770 non
619 715 864 785 indiget;
895 730 997 768 nec
1022 714 1275 768 medicus
1297 718 1382 769 est
1413 715 1684 782 Christus,
1717 716 1854 787 quia
1879 731 2016 769 sana
2045 719 2130 769 est
2157 731 2169 769 :

474 819 579 858 nec
606 803 772 857 beata
795 801 848 855 ei
871 801 987 855 vita
1017 807 1166 856 recte
1195 803 1576 871 promittitur.
1605 804 1755 868 Quid
1787 804 1939 875 quod
1973 803 2175 858 libera-

473 895 564 946 tor
591 890 799 944 dicitur
839 891 1020 956 Jesus,
1053 890 1206 959 quod
1235 895 1293 945 et
1336 891 1459 962 ipse
1493 891 1552 945 in
1591 891 1895 962 Evangelio
1925 891 2170 946 clamat:

474 980 536 1036 Si
570 993 662 1033 vos
688 979 867 1033 Filius
897 977 1228 1045 liberaverit,
1265 984 1402 1034 tunc
1422 995 1542 1035 vere
1579 981 1738 1035 liberi
1766 982 1916 1034 eritis
1935 981 1964 1034 ?
1993 981 2171 1048 (Joan.

472 1084 588 1132 vm,
621 1067 733 1135 36.)
767 1068 832 1119 Et
869 1067 1157 1137 apostolus
1205 1069 1412 1122 Paulus
1469 1069 1586 1123 ait:
1645 1071 1746 1125 Vos
1773 1071 1832 1123 in
1875 1069 2176 1124 libertatem

471 1158 649 1216 vocati
664 1157 792 1209 estis
814 1155 1024 1224 (Galat.
1044 1172 1097 1223 v,
1138 1157 1236 1226 l3).
1268 1157 1453 1211 Servit
1479 1172 1614 1226 ergo
1640 1156 1832 1211 anima
1861 1173 1990 1228 quae
2007 1157 2173 1211 istam

470 1245 795 1300 libertatem
825 1243 1082 1298 nondum
1113 1249 1199 1298 est
1221 1249 1495 1298 assecuta.
1533 1246 1679 1299 Deus
1700 1245 1877 1316 igitur
1895 1245 2055 1300 vobis
2077 1261 2168 1300 au-

474 1333 746 1401 ctoribus,
778 1331 1061 1403 siquidem
1092 1348 1225 1402 pars
1263 1333 1361 1386 Dei
1404 1337 1488 1387 est
1519 1334 1667 1387 Deus
1695 1339 1750 1387 et
1777 1333 2018 1388 stultitia
2046 1350 2168 1388 cor-

473 1421 784 1492 rumpitur,
834 1425 889 1474 et
924 1421 1178 1475 cadendo
1233 1425 1488 1475 mutatus
1519 1425 1623 1489 est,
1666 1425 1722 1476 et
1749 1421 1956 1476 amissa
1984 1423 2170 1494 perfe-

471 1507 656 1562 ctione
684 1507 940 1573 violatus,
992 1511 1046 1561 et
1076 1507 1202 1577 opis
1240 1507 1478 1578 indiget,
1529 1513 1588 1563 et
1610 1509 1810 1564 debilis
1860 1510 2083 1571 morbo,
2117 1513 2174 1564 et

473 1611 779 1666 oppressus
801 1595 1054 1657 miseria,
1088 1599 1143 1649 et
1169 1595 1440 1650 servitute
1466 1599 1730 1667 turpatus
1761 1600 1863 1652 est.

543 1686 633 1738 23.
665 1683 825 1748 Quod
855 1683 902 1736 si
924 1682 1024 1737 Dei
1053 1699 1186 1753 pars
1218 1685 1364 1737 Deus
1393 1699 1514 1738 non
1543 1689 1656 1752 est;
1679 1701 1782 1739 nec
1806 1685 2174 1757 incorruptus

471 1775 662 1841 potest
695 1787 837 1838 esse,
868 1771 928 1825 in
959 1771 1120 1841 cujus
1149 1777 1311 1841 parte
1343 1773 1635 1844 corruptio
1664 1777 1780 1841 est;
1815 1790 1919 1828 nec
1950 1773 2171 1829 incom-

474 1864 748 1927 mutatus,
781 1859 880 1930 qui
910 1876 979 1913 ex
1009 1860 1201 1932 aliqua
1231 1864 1391 1931 parte
1421 1866 1675 1916 mutatus
1703 1866 1819 1932 est;
1855 1878 1960 1917 nec
1987 1863 2172 1917 invio-

471 1950 640 2014 latus,
681 1949 783 2020 qui
823 1965 944 2004 non
989 1965 1057 2004 ex
1091 1950 1250 2004 omni
1282 1955 1442 2022 parte
1472 1951 1790 2022 perfectus;
1838 1968 2024 2024 neque
2054 1969 2170 2008 non

472 2038 757 2109 indigens,
779 2037 880 2109 qui
911 2037 1107 2092 sedulo
1125 2037 1244 2108 agit
1264 2043 1326 2092 ut
1344 2038 1454 2093 sibi
1478 2038 1740 2092 restituat
1750 2041 1970 2109 partem
1985 2050 2167 2101 suam;

475 2141 580 2181 nec
631 2127 868 2181 omnino
898 2141 1091 2192 sanus,
1130 2125 1435 2197 quialiqua
1455 2130 1617 2196 parte
1643 2124 1914 2180 imbecilli
1933 2128 2044 2191 est;
2069 2137 2172 2177 nec

471 2215 855 2281 beatissimus,
879 2213 979 2285 qui
997 2213 1168 2268 habet
1195 2214 1444 2285 aliquam
1469 2219 1693 2285 partem
1722 2213 2034 2284 subiectam
2066 2211 2171 2266 mi-

472 2304 668 2372 serim;
703 2319 807 2357 nec
836 2302 1072 2356 omnino
1101 2301 1266 2369 liber,
1317 2303 1477 2372 cujus
1515 2319 1646 2372 pars
1672 2303 1861 2373 aliqua
1893 2300 2171 2373 premitur

474 2391 764 2446 servitute.
797 2391 926 2444 Haec
956 2390 1149 2444 omnia
1178 2390 1451 2461 cogimini
1490 2390 1700 2460 dicere,
1731 2406 1862 2444 cum
1892 2389 2168 2460 animam,

472 2495 648 2550 quam
678 2477 852 2533 tantis
881 2478 1146 2532 obrutam
1191 2478 1610 2533 calamitatibus
1657 2477 1912 2549 cernitis,
1946 2483 2166 2549 partem

471 2567 575 2622 Dei
627 2582 748 2620 esse
783 2565 1115 2636 perhibetis.
1167 2567 1298 2620 Haec
1339 2570 1396 2621 et
1444 2567 1626 2622 multa
1672 2567 2066 2638 hujuscemodi
2098 2567 2167 2622 de

472 2659 622 2710 secta
648 2657 835 2708 vestra
859 2653 908 2707 si
937 2652 1170 2723 potestis
1207 2654 1452 2721 auferre,
1484 2659 1621 2709 tunc
1648 2655 1880 2710 demum
1910 2655 2078 2710 dicite
2107 2671 2170 2708 os

473 2747 722 2798 vestrum
764 2757 954 2796 carere
977 2741 1363 2812 blasphemiis.
1391 2743 1512 2796 Imo
1559 2747 1770 2798 sectam
1798 2742 1957 2797 illam
2003 2743 2165 2798 dese-

469 2834 578 2887 rite
603 2847 616 2885 :
649 2846 785 2885 nam
810 2829 857 2884 si
880 2830 989 2884 hoc
1017 2829 1170 2900 quod
1201 2830 1298 2885 ille
1328 2830 1551 2900 scripsit
1575 2831 1906 2888 destiteritis
1933 2832 2164 2888 credere

472 2937 537 2976 ac
564 2919 772 2986 dicere,
806 2917 1110 2973 manichaci
1137 2918 1336 2990 utique
1367 2935 1486 2974 non
1508 2919 1683 2974 eritis.

541 3005 627 3057 24.
655 3003 958 3057 Summum
985 3001 1202 3056 bonum
1225 3002 1482 3068 omnino,
1513 3007 1570 3058 et
1599 3018 1712 3074 quo
1737 3018 1859 3058 esse
1890 3007 1990 3058 aut
2009 3003 2162 3076 cogi-

469 3091 578 3146 tari
605 3091 810 3145 melius
833 3089 977 3144 nihil
993 3089 1191 3160 possit,
1219 3094 1319 3145 aut
1336 3089 1768 3162 intelligendus,
1797 3096 1898 3146 aut
1925 3092 2162 3146 creden-

471 3180 578 3234 dns
606 3181 755 3234 Deus
786 3183 890 3244 est,
923 3177 970 3231 si
999 3178 1370 3249 blasphemiis
1403 3195 1594 3233 carere
1624 3178 1959 3250 cogitamus.
1993 3180 2160 3234 Ratio

467 3268 663 3338 aliqua
688 3281 1064 3321 numerorum
1105 3265 1308 3320 violari
1336 3272 1394 3321 et
1435 3267 1776 3322 commutari
1805 3269 1964 3322 nullo
1994 3273 2161 3339 pacto

466 3358 672 3428 potest,
703 3369 809 3408 nec
839 3353 951 3406 ulla
982 3357 1186 3407 natura
1215 3353 1468 3424 qualibet
1514 3354 1784 3409 violentia
1823 3355 2070 3411 effecerit
2098 3361 2162 3411 ut

465 3448 599 3515 post
615 3457 799 3497 unum
825 3439 925 3510 qui
954 3439 1212 3510 sequitur
1234 3456 1524 3508 numerus,
1557 3457 1675 3496 non
1695 3442 1866 3513 duplo
1897 3444 1950 3497 ei
1969 3443 2159 3498 conci-

466 3535 582 3587 nat.
616 3532 728 3585 Hoc
753 3527 1092 3583 commutari
1131 3529 1288 3583 nullo
1317 3533 1482 3599 pacto
1509 3533 1713 3601 potest,
1741 3537 1797 3586 et
1827 3533 1974 3587 Deus
1999 3549 2031 3587 a
2060 3550 2158 3588 vo-

464 3621 551 3676 bis
591 3617 1010 3674 commutabilis
1041 3617 1248 3671 dicitur
1276 3618 1287 3673 l
1334 3619 1511 3673 Tenet
1548 3618 1656 3673 ista
1681 3620 1824 3674 ratio
1854 3621 2160 3676 inviolabi-

463 3709 580 3764 lem
599 3706 982 3778 integritatem
1003 3721 1188 3773 suam,
1212 3711 1267 3760 et
1298 3707 1350 3760 ei
1381 3707 1582 3762 saltem
1601 3724 1799 3779 parem
1824 3711 2007 3765 Deum
2037 3727 2158 3768 esse

461 3814 581 3852 non
605 3796 773 3850 vultis
797 3801 807 3850 ι
846 3793 1034 3848 Faciat
1061 3795 1334 3864 quaelibet
1362 3812 1502 3866 gens
1528 3795 1914 3865 tenebrarum,
1955 3802 2020 3852 ut
2043 3803 2158 3852 ter-

465 3884 660 3939 narius
706 3881 1082 3952 intelligibilis
1124 3897 1422 3950 numerus,
1466 3883 1528 3936 in
1559 3900 1671 3954 quo
1699 3884 1779 3939 ita
1826 3901 2010 3940 unum
2051 3890 2153 3952 est,

461 3973 616 4046 quod
635 3987 819 4027 unum
849 3974 952 4034 est,
988 3974 1051 4024 ut
1079 3971 1338 4040 partibus
1369 3975 1560 4026 careat
1585 3988 1600 4039 ;
1630 3972 1799 4027 faciat
1835 3989 1972 4045 ergo
2018 3989 2158 4046 gens

459 4063 566 4117 ista
599 4061 988 4126 tenebrarum,
1018 4063 1084 4112 ut
1126 4074 1402 4114 numerus
1443 4059 1548 4114 iste
1585 4060 1871 4116 ternarius
1923 4061 1984 4116 in
2016 4062 2157 4118 duas

461 4153 652 4221 partes
680 4147 929 4218 aequales
950 4144 1255 4201 dividatur.
1279 4145 1448 4200 Videt
1473 4151 1626 4201 certe
1654 4164 1818 4202 mens
1835 4153 2022 4204 vestra
2034 4150 2158 4204 nul-

461 4239 572 4293 lius
598 4237 658 4291 id
703 4234 1104 4290 malevolentia
1152 4249 1318 4304 posse
1349 4235 1704 4306 contingere.
1737 4237 1874 4300 Quae
1899 4253 2034 4307 ergo
2058 4254 2156 4292 ra-

458 4327 678 4381 tionem
699 4321 929 4376 numeri
948 4320 1165 4375 violare
1185 4337 1302 4375 non
1323 4325 1566 4392 poterat,
1599 4328 1823 4393 poterat
1857 4326 2077 4380 Deum?
2097 4325 2155 4380 Si

460 4419 652 4469 autem
663 4426 779 4465 non
789 4413 1038 4481 poterat,
1057 4425 1206 4480 quae,
1226 4409 1486 4480 obsecro,
1510 4409 1812 4466 necessitas
1829 4411 1940 4467 fuit
1951 4417 2008 4467 ut
2021 4429 2156 4484 pars

463 4504 586 4574 ejus
598 4500 930 4555 misceretur
953 4497 1120 4564 malo,
1145 4501 1202 4552 et
1218 4497 1280 4552 in
1305 4502 1491 4553 tantas
1512 4498 1771 4554 miserias
1789 4501 2156 4557 traderetur?

568 4589 793 4646 CAPUT
818 4587 933 4641 XII.
957 4615 1024 4626 —
1053 4586 1317 4642 Excludit
1339 4589 1757 4644 Manichaeorum
1782 4590 2042 4659 suffugia.

528 4682 618 4733 25.
652 4677 793 4731 Hinc
820 4673 979 4730 enim
1024 4674 1169 4730 illud
1208 4680 1472 4731 exortum
1502 4681 1608 4745 est,
1641 4677 1792 4749 quod
1821 4678 1993 4733 etiam
2022 4695 2152 4735 cum

460 4766 711 4824 studiose
735 4781 835 4819 vos
863 4762 1216 4830 audiremus,
1251 4779 1358 4818 nos
1388 4763 1618 4836 magnis
1646 4766 1946 4836 premebat
1967 4783 2150 4839 angu-

458 4856 580 4911 stiis
603 4871 618 4922 ;
639 4871 744 4910 nec
761 4853 944 4908 ullum
966 4853 1187 4908 exitum
1211 4851 1658 4924 reperiebamus,
1680 4857 2000 4924 quaerentes
2012 4854 2151 4926 quid

457 4940 674 4993 factura
696 4941 817 4992 erat
848 4938 963 4992 Deo
994 4953 1136 5008 gens
1184 4938 1575 5000 tenebrarum,
1625 4938 1671 4992 si
1705 4955 1836 4993 cum
1874 4955 1940 4994 ea
1968 4939 2148 4995 nollet

456 5041 586 5080 cum
601 5029 758 5080 tanta
783 5025 963 5096 partis
992 5042 1109 5080 suae
1129 5026 1450 5081 calamitate
1477 5042 1755 5098 pugnare.
1781 5027 1837 5082 Si
1858 5027 2012 5082 enim
2032 5044 2150 5083 non

455 5117 577 5168 erat
603 5112 866 5168 nocitura
893 5111 1236 5184 quiescenti,
1262 5113 1569 5168 crudeliter
1615 5113 1909 5169 nobiscum
1955 5122 2146 5171 actum

454 5203 857 5273 querebamur,
888 5201 988 5274 qui
1015 5201 1087 5256 ad
1111 5201 1246 5256 istas
1289 5218 1573 5256 aerumnas
1603 5203 1763 5258 missi
1809 5220 2007 5258 sumus
2033 5221 2044 5260 :
2098 5206 2145 5260 si

451 5319 566 5364 tum
593 5318 833 5364 sanctum
862 5312 1208 5376 personaliter
1232 5314 1286 5362 in
1317 5327 1373 5363 se
1402 5327 1515 5364 esse
1527 5316 1894 5372 mentiebatur,
1925 5330 1990 5365 ex
2011 5317 2144 5368 libro

452 5376 914 5442 5_Conf_essionum,
940 5390 1053 5439 cap.
1081 5378 1126 5433 5,
1151 5389 1206 5424 n.
1234 5378 1280 5425 8.
1312 5376 1404 5442 Hic
1432 5381 1607 5426 autem
1639 5377 1796 5440 paulo
1825 5382 1943 5442 post
1970 5379 2144 5442 legen-

450 5439 578 5488 dum
588 5439 812 5503 videtur,
825 5451 922 5503 nec
935 5442 1232 5503 renovatur
1244 5441 1430 5503 anima
1442 5451 1544 5503 per
1553 5439 1783 5503 vestram
1799 5439 2138 5503 religionem:

449 5505 502 5549 et
523 5501 680 5564 paulo
709 5501 934 5564 inferius
952 5499 1146 5549 habent
1170 5500 1406 5564 plerique
1442 5499 1605 5560 'Mss.,
1625 5501 1754 5564 quia
1776 5499 1992 5554 mutata
2027 5516 2140 5555 non

451 5562 562 5620 est;
591 5562 683 5611 ubi
712 5563 890 5611 excusi
922 5562 1241 5612 inveterata.-

1448 329 1540 383 DE
1580 327 1892 384 MORIBUS
1932 324 2504 392 MANICHJEORUM,
2547 323 2600 378 S.
2646 323 3028 381 AUGUSTINI

3875 328 4016 379 1336

2294 451 2486 501 autem
2519 447 2781 502 nocitura
2808 451 2948 510 erat,
2967 461 3084 501 non
3122 461 3242 501 esse
3271 445 3428 501 illam
3456 451 3726 502 naturam
3745 447 4022 503 incorru-

2284 535 2566 607 ptibilem,
2597 535 2780 607 qualis
2800 539 3007 589 natura
3038 534 3141 590 Dei
3168 551 3290 590 esse
3320 535 3583 592 debebat.
3611 537 3678 591 In
3696 537 3812 592 hac
3841 552 4015 607 qua:-

2284 625 2466 678 stione
2496 641 2616 678 non
2642 624 2822 678 defuit
2850 624 2952 695 qui
2976 623 3207 691 diceret,
3242 639 3360 678 non
3399 626 3583 679 Deum
3610 625 3767 680 malo
3801 641 4010 679 carere

2283 713 2552 783 voluisse,
2599 718 2699 768 aut
2741 728 2811 766 ne
2853 712 2964 766 sibi
3005 717 3311 767 noceretur
3338 712 3571 780 cavisse,
3624 714 3726 768 sed
3756 717 4014 784 propter

2283 801 2600 855 naturalem
2630 801 2942 855 bonitatem
2969 817 3130 856 suam
3151 801 3425 872 inquieta:
3443 802 3862 873 'perverszeque
3891 817 4004 856 na-

2282 892 2449 952 turae,
2485 894 2550 943 ut
2589 889 2852 944 ordinata
2894 893 3039 944 esset
3076 889 3342 960 prodesse
3389 890 3659 945 voluisse.
3702 891 3833 945 Non
3880 890 4004 944 hoc

2281 980 2486 1030 sonant
2519 976 2655 1031 libri
2683 976 2986 1032 manichazi
3013 994 3026 1044 ;
3049 976 3260 1032 cavisse
3298 979 3482 1038 Deum
3514 993 3589 1033 ne
3614 978 4006 1033 invaderetur

2280 1063 2352 1118 ab
2379 1063 2655 1131 hostibus,
2688 1064 2998 1136 saepissime
3027 1065 3108 1120 ibi
3146 1066 3519 1137 significatur,
3548 1067 3869 1139 saepissime
3901 1067 4000 1122 di-

2281 1152 2448 1207 citur.
2496 1153 2604 1209 Sed
2641 1154 3017 1209 concedamus
3050 1155 3158 1210 ista
3207 1155 3580 1211 Manichaaum
3618 1156 3896 1223 sensisse,
3934 1162 4003 1211 ut

2280 1240 2376 1294 ille
2407 1231 2647 1309 dicebat,
2701 1242 2801 1313 qui
2842 1259 2961 1296 non
2988 1243 3313 1298 inveniebat
3356 1244 3511 1298 aliud
3539 1244 3694 1315 quod
3726 1244 4000 1312 diceret;

2279 1345 2420 1383 num
2435 1329 2544 1384 ista
2562 1329 2780 1384 ratione
2810 1331 2960 1384 Deus
2975 1348 3008 1385 a
3033 1331 3364 1386 crudelitate
3393 1337 3492 1386 aut
3510 1331 3857 1386 infirmitate
3889 1332 3996 1387 de-

2279 1416 2532 1472 fenditur
2547 1419 2575 1472 ?
2599 1420 2729 1473 Haec
2747 1418 2903 1474 enim
2915 1419 3039 1490 ejus
3058 1419 3120 1474 in
3149 1420 3442 1474 adversam
3468 1424 3702 1490 gentem
3720 1420 3996 1489 bonitas,

2279 1504 2340 1559 in
2360 1522 2492 1560 suos
2520 1507 2735 1562 exstitit
2761 1523 2969 1579 magna
2997 1508 3298 1579 pernicies.
3339 1509 3460 1562 Huc
3487 1508 3728 1579 accedit,
3763 1510 3908 1579 quia
3943 1510 3994 1563 si

2280 1598 2486 1648 natura
2514 1595 2667 1649 illius
2686 1595 2976 1668 corrumpi
2994 1595 3450 1668 commutarique
3480 1613 3598 1651 non
3624 1601 3846 1667 posset,
3882 1613 3995 1652 nec

2279 1698 2383 1736 nos
2416 1683 2529 1736 ulla
2556 1684 2728 1754 pestis
2755 1683 3135 1740 commntaret
3152 1689 3323 1757 atque
3348 1689 3782 1755 corrumperet;
3808 1689 3869 1739 et
3890 1684 3994 1740 ille

2279 1770 2420 1825 ordo
2458 1771 2559 1843 qui
2585 1776 2806 1827 naturae
2835 1773 3037 1828 aliena:
3084 1773 3440 1845 praestandus
3467 1773 3596 1842 fuit,
3632 1778 3829 1845 posset
3859 1774 3991 1830 sine

2278 1864 2470 1914 nostra
2499 1861 2867 1932 perversitate
2896 1862 3174 1934 praestari.

2349 1948 2444 2002 26.
2494 1948 2642 2003 Illud
2687 1965 2822 2004 vero
2865 1950 3124 2004 nondum
3165 1949 3382 2006 dictum
3431 1955 3572 2017 erat,
3605 1951 3762 2022 quod
3796 1968 3994 2024 nuper

2281 2035 2436 2106 apud
2485 2036 2884 2108 Carthaginem
2927 2037 3121 2092 audivi
3169 2038 3268 2110 (α).
3325 2039 3466 2094 Cum
3507 2038 3665 2094 enim
3715 2037 3992 2109 quidam,

2279 2139 2452 2194 quem
2473 2126 2719 2180 maxime
2739 2125 2836 2179 illo
2859 2141 3049 2180 errore
3069 2126 3239 2197 cupio
3260 2125 3510 2195 liberari,
3525 2126 3632 2182 hac
3651 2126 3987 2198 quaestione

2277 2210 2339 2266 in
2368 2212 2596 2268 easdem
2625 2213 3093 2286 compingeretur
3121 2215 3432 2286 angustias,
3451 2231 3625 2270 ausus
3651 2219 3737 2269 est
3765 2214 3991 2282 dicere,

2277 2299 2488 2355 scilicet
2512 2317 2754 2372 regnum
2782 2302 3048 2357 habuisse
3067 2302 3348 2373 quosdam
3369 2301 3514 2357 fines
3538 2318 3694 2370 suos,
3726 2302 3832 2373 qui
3853 2319 3994 2374 pos-

2277 2392 2404 2442 sent
2430 2387 2623 2444 invadi
2645 2406 2676 2443 a
2701 2393 2870 2460 gente
2891 2389 3208 2457 contraria;
3239 2405 3376 2444 nam
3397 2389 3588 2460 ipsum
3614 2391 3796 2444 Deum
3818 2390 3990 2443 nullo

2278 2477 2449 2532 modo
2478 2477 2734 2548 potuisse
2782 2477 3002 2534 violari.
3035 2478 3145 2534 Sed
3174 2477 3314 2533 dixit
3341 2478 3498 2550 quod
3554 2494 3742 2550 neque
3775 2484 3989 2533 auctor

2275 2563 2372 2619 ille
2410 2571 2595 2620 vester
2622 2566 2741 2620 ullo
2784 2566 2954 2621 modo
2982 2566 3168 2622 dicere
3194 2571 3497 2637 cogeretur
3517 2585 3532 2622 :
3556 2566 3778 2622 videret
3816 2567 3984 2622 enim

2275 2653 2515 2708 fortasse
2555 2659 2967 2725 consequentes
3013 2655 3210 2710 ruinas
3247 2671 3366 2710 sua:
3435 2659 3601 2710 sectae
3642 2657 3828 2710 multo
3875 2671 3990 2726 per

2275 2741 2424 2796 hanc
2452 2742 2820 2811 sententiam,
2841 2759 3015 2815 quam
3031 2759 3134 2814 per
3154 2743 3325 2798 aliam
3349 2744 3652 2798 faciliores.
3681 2744 3748 2799 Et
3775 2759 3991 2800 revera

2272 2829 2355 2884 ita
2379 2847 2438 2885 se
2467 2829 2576 2885 hoc
2597 2831 2790 2898 habet,
2816 2835 2882 2886 ut
2909 2831 2958 2885 si
2986 2831 3290 2903 quisquam
3320 2832 3624 2888 mediocris
3663 2832 3859 2888 cordis
3877 2849 3991 2887 au-

2271 2917 2441 2973 dierit
2467 2918 2530 2973 in
2556 2923 2761 2974 natura
2788 2919 2888 2974 illa
2913 2920 3085 2975 fuisse
3105 2920 3261 2976 aliud
3283 2921 3568 2992 violabile,
3598 2921 3754 2976 aliud
3783 2921 3984 2976 invio-

2269 3005 2462 3076 labile,
2487 3008 2650 3062 facile
2692 3007 2972 3080 intelligat
3000 3024 3119 3063 non
3163 3009 3286 3080 jam
3335 3010 3498 3077 duas,
3530 3010 3628 3064 sed
3685 3015 3804 3065 tres
3846 3026 3983 3066 esse

2269 3097 2521 3161 naturas,
2554 3111 2732 3150 unam
2760 3095 3170 3166 inviolabilem,
3199 3098 3442 3152 alteram
3471 3097 3825 3167 violabilem,
3859 3104 3984 3154 ter—

2273 3182 2413 3237 tiam
2443 3183 2820 3240 violatricem.

2269 3271 2496 3326 CAPUT
2528 3273 2762 3328 XIII.—
2786 3275 2907 3330 Non
2945 3288 3014 3328 ea:
3053 3272 3213 3328 rebus
3237 3272 3332 3328 sed
3367 3289 3436 3328 ea:
3463 3276 3758 3329 intentione
3807 3278 3976 3343 facta

2337 3363 2712 3417 aestimantur:
2747 3363 2871 3418 hinc
2891 3361 2957 3416 de
2976 3362 3397 3418 Manichaeorum
3423 3362 3756 3418 abstinentia
3782 3365 3983 3431 feren-

2339 3449 2469 3504 dum
2493 3450 2788 3519 judicium.

2335 3540 2423 3593 27.
2457 3540 2555 3593 Hae
2582 3538 2761 3611 igitur
2791 3539 3182 3612 blasphemiae,
3222 3555 3356 3595 cum
3392 3555 3426 3594 a
3465 3539 3638 3596 corde
3666 3539 3983 3612 profectae,

2265 3626 2521 3697 quotidie
2564 3627 2625 3681 in
2678 3644 2777 3683 ore
2826 3633 3011 3683 vestro
3041 3627 3320 3696 habitent,
3351 3628 3599 3684 desinite
3654 3627 3986 3701 aliquando

2265 3715 2625 3785 signaculum
2667 3716 2784 3770 oris
2834 3716 3028 3784 vestri,
3073 3717 3144 3772 ad
3171 3716 3574 3788 imperitorum
3613 3717 3982 3790 illecebram,

2266 3803 2431 3874 quasi
2457 3819 2733 3874 magnum
2755 3804 2968 3876 aliquid
2990 3805 3324 3876 praedicare.
3350 3805 3470 3860 Nisi
3491 3805 3639 3861 forte
3666 3808 3827 3878 quod
3856 3825 3980 3864 non

2263 3891 2560 3946 vescimini
2579 3893 2868 3963 carnibus,
2901 3899 2960 3949 et
2981 3893 3181 3949 vinum
3211 3910 3329 3949 non
3356 3894 3573 3962 bibitis,
3601 3894 3977 3966 signaculum

2265 3979 2381 4034 oris
2418 3980 2745 4042 mirandum
2781 3986 2840 4037 et
2867 3981 3222 4037 laudandum
3249 3982 3484 4054 putatis.
3517 3984 3675 4046 Quod
3704 4001 3913 4056 quaero
3946 4005 3980 4042 a

2263 4068 2424 4123 vobis
2451 4085 2565 4141 quo
2594 4069 2710 4125 ﬁne
2730 4068 2965 4125 faciatis.
3013 4071 3167 4125 Finis
3205 4071 3361 4126 enim
3393 4088 3509 4142 quo
3539 4072 3876 4129 referuntur
3901 4092 3977 4131 ea

2265 4173 2394 4228 quin
2425 4157 2686 4228 facimus,
2714 4158 2774 4213 id
2797 4164 2882 4214 est
2909 4164 3146 4230 propter
3185 4176 3359 4231 quem
3395 4159 3637 4216 facimus
3679 4162 3974 4235 quidquid

2262 4245 2519 4310 facimus,
2542 4246 2588 4300 si
2616 4262 2734 4301 non
2761 4247 2947 4301 solum
2975 4247 3361 4319 inculpabilis,
3386 4249 3483 4304 sed
3499 4249 3675 4305 etiam
3699 4250 3979 4309 laudabi-

2266 4334 2335 4389 lis
2363 4335 2548 4398 fuerit,
2580 4340 2715 4390 tunc
2744 4335 2980 4391 demum
3009 4336 3184 4392 etiam
3230 4337 3379 4392 facta
3405 4342 3600 4393 nostra
3633 4339 3809 4395 laude
3841 4343 3978 4413 ‘ali-

2261 4438 2377 4495 qua
2425 4423 2600 4494 digna
2633 4427 2801 4479 sunt:
2869 4424 2962 4478 sin
3001 4424 3098 4480 ille
3135 4425 3266 4496 jure
3307 4425 3631 4498 meritoque
3673 4428 3970 4500 culpatur,

2261 4527 2435 4582 quem
2457 4516 2778 4582 spectamus
2790 4516 2847 4568 et
2867 4513 3181 4582 intuemur,
3203 4529 3336 4569 cum
3354 4514 3418 4570 in
3445 4515 3640 4587 aliquo
3665 4533 3975 4575 versamur

2262 4599 2471 4667 ofﬁcio,
2502 4600 2562 4655 id
2589 4617 2823 4672 quoque
2853 4601 3106 4657 ofﬁcium
3134 4619 3304 4659 nemo
3329 4603 3787 4675 improbandum
3819 4608 3972 4664 vitu-

2259 4688 2696 4760 perandumque
2722 4689 3089 4746 dubitaverit.

2328 4777 2512 4832 28.De
2542 4777 2783 4834 Catilina
2810 4778 3106 4834 memoriae
3134 4779 3434 4850 proditum
3464 4785 3551 4837 est
3586 4783 3748 4854 quod
3775 4783 3969 4857 frigus

2323 4951 2398 5012 (a)
2415 4950 2532 5018 Etsi
2548 4965 2668 5018 vox,
2682 4963 2866 5018 nuper,
2879 4951 2944 5000 ad
2967 4952 3166 5018 aliquot
3185 4967 3356 5003 annos
3374 4955 3680 5018 porrigatur
3713 4970 3969 5010 nonnun-

2258 5024 2325 5081 qu
2333 5025 2416 5081 am
2439 5012 3164 5081 ;hoc_tamen'loco_nescimus
3176 5030 3350 5081 anpro
3357 5012 3558 5081 infimum
3570 5021 3783 5081 tempus
3805 5021 3908 5070 den
3916 5038 3970 5072 o-

2256 5077 2348 5146 tet:
2358 5075 2403 5146 _N
2411 5087 2492 5122 am
2506 5075 2840 5146 subindicare
2850 5075 3059 5146 videtur
3067 5090 3134 5138 qu
3142 5075 3454 5146 aestioniilm
3460 5093 3579 5141 quas
3593 5075 3965 5146 quidemapud

2255 5135 2458 5206 Italiam
2483 5153 2507 5181 κ
2523 5137 2768 5206 abusque
2783 5135 3104 5206 Carthagine
3129 5154 3161 5188 ει
3175 5135 3668 5206 Νεζπὶᾶὶοίρἱ-οροὶιὶ
3699 5135 3924 5203 solebat.
3938 5164 3964 5194 υ

2256 5155 2458 5184 uanam
2483 5155 2507 5181 κ
2523 5155 2587 5185 an
2603 5155 2768 5198 usque
2790 5155 3104 5200 uurwaglue
3129 5155 3420 5189 amenrlalo
3479 5155 3668 5203 ropom
3699 5155 3964 5203 sciebat.»

2256 5197 2570 5272 legimus
2590 5198 2811 5272 ill-libs?
2852 5199 3222 5272 Confessicap.
3253 5205 3302 5260 2,
3326 5216 3381 5250 n.
3412 5155 3790 5272 3§responsum
3823 5207 3964 5258 istud

2254 5257 2479 5332 alterum
2502 5259 2913 5332 pro‘lllanichaais
2932 5257 3196 5332 redditum
3224 5257 3354 5332 esse,
3381 5257 3490 5313 non
3517 5257 3691 5332 primo
3717 5271 3956 5332 tempore

2253 5321 2533 5382 prOposita:
2547 5336 2577 5392 a
2595 5322 2842 5370 Nebridia
2861 5325 3187 5395 quaestionis,
3210 5321 3383 5397 auteo
3401 5321 3771 5389 quo-studiose
3785 5321 3960 5381 Mani-

2254 5381 2427 5430 chasos
2457 5382 2701 5431 audiebat
2735 5384 3080 5435 Ausustmus.
3121 5387 3210 5435 sed
3249 5387 3522 5435 aliquanto
3538 5391 3860 5435 recentium-
3900 5409 3958 5435 κο

2254 5390 2427 5430 ρηωοε
2457 5390 2701 5431 audiebat
2735 5390 3080 5446 Augustinus,
3121 5390 3210 5435 sed
3249 5390 3317 5435 ali
3359 5393 3522 5437 uanto
3538 5391 3862 5452 recentiore,
3900 5409 3960 5443 ac

2252 5443 2385 5520 forte
2401 5443 2610 5520 nonnisi
2630 5449 2748 5520 post
2765 5447 2930 5508 ipsius
2950 5461 3246 5520 regressum
3259 5401 3512 5520 exﬁtalia.
3538 5451 3760 5520 Quodsi
3775 5455 3851 5504 ita
3863 5462 3958 5514 est,

2251 5504 2387 5577 libro
2415 5505 2539 5577 huic
2567 5504 2746 5577 Romae
2777 5504 2808 5557 εἰ
2834 5504 3102 5577 ξβροιέὶῥιο
3132 5510 3308 5560 locum
3337 5511 3481 5562 hunc
3509 5504 3750 5565 secunda
3773 5504 3958 5577 manu,

2251 5567 2365 5630 ejus
2386 5567 2794 5630 publicationem
2825 5567 3014 5620 differt.
