4056 6404
77 369 211 422 1357

70 486 257 555 sitim,
283 485 496 541 famem
524 484 670 540 ferre
698 487 923 556 poterat
949 484 1286 558 (Sallustius,
1311 488 1370 540 in
1393 486 1603 555 protog.
1636 483 1780 542 Cati-

76 576 172 630 lin.
207 590 329 645 cap.
362 575 432 631 3).
470 575 597 628 Haec
627 577 790 628 erant
824 573 907 628 illi
942 589 1146 646 spurco
1187 575 1575 646 sacrilegoque
1607 573 1780 628 etiam

75 679 210 719 cum
233 663 518 734 Apostolis
547 663 754 718 nostris
779 663 1128 718 communia.
1166 663 1325 718 Unde
1349 679 1485 734 ergo
1515 661 1781 717 discerni-

76 757 172 809 tur
199 752 488 824 parricida
519 751 626 808 iste
657 753 728 807 ab
755 751 1040 823 Apostolis
1087 752 1314 820 nostris,
1363 752 1475 806 nisi
1523 751 1636 806 ﬁne
1679 750 1779 805 illo

74 858 254 913 quem
273 840 728 897 diversissimum
746 841 1132 912 sequebatur?
1154 842 1410 911 Namque
1430 840 1527 895 ille
1555 839 1660 894 ista
1687 843 1782 892 to—

72 931 317 997 lerabat,
347 934 410 984 ut
439 929 1009 985 immoderatissimas
1038 934 1094 984 et
1121 928 1567 1011 immanissimas
1597 929 1784 999 exple-

71 1024 162 1076 ret
191 1019 560 1090 cupiditates:
591 1018 676 1073 illi
707 1034 738 1073 e
757 1022 979 1085 contra,
1012 1023 1075 1072 ut
1095 1033 1190 1072 eas
1217 1021 1566 1088 premerent,
1600 1021 1657 1070 et
1687 1016 1782 1070 do-

73 1108 321 1163 minanti
351 1107 578 1162 ratione
622 1106 834 1161 servire
863 1111 1150 1177 cogerent.
1183 1106 1386 1161 Soletis
1414 1111 1472 1161 et
1499 1122 1618 1175 vos,
1651 1121 1782 1159 cum

73 1197 486 1253 catholicarum
519 1196 680 1251 vobis
721 1195 1014 1267 virginum
1056 1195 1366 1250 multitudo
1410 1194 1778 1266 praedicatur,

74 1284 294 1339 dicere:
343 1285 524 1339 Etiam
572 1285 730 1339 mula
773 1284 932 1355 virgo
977 1288 1079 1339 est.
1129 1285 1364 1339 Temere
1415 1283 1474 1338 id
1520 1282 1778 1354 quidem,

77 1377 318 1444 propter
353 1372 702 1443 imperitiam
737 1372 1032 1427 catholica:
1069 1372 1414 1442 disciplinae;
1457 1372 1556 1426 sed
1589 1376 1783 1426 tamen

77 1458 466 1528 signiﬁcantes
505 1474 710 1512 vanam
750 1474 870 1512 esse
909 1458 1322 1514 continentiam
1348 1459 1538 1526 istam,
1569 1457 1682 1511 nisi
1713 1456 1786 1511 ad

79 1547 334 1619 aliquem
370 1546 754 1602 rectissimum
790 1547 966 1602 ﬁnem
1005 1552 1158 1603 certa
1210 1548 1434 1602 ratione
1481 1546 1782 1600 referatur.

79 1637 326 1690 Possunt
354 1639 410 1690 et
437 1636 712 1692 Catholici
749 1635 1043 1691 christiani
1071 1640 1320 1692 vestram
1355 1652 1386 1690 a
1414 1635 1546 1690 vino
1577 1637 1635 1688 et
1663 1649 1786 1688 car-

78 1724 252 1780 nibus
298 1725 726 1792 abstinentiam,
772 1725 1049 1796 jumentis
1098 1729 1155 1780 et
1201 1724 1396 1780 multis
1437 1722 1785 1795 passeribus,

80 1817 378 1884 postremo
402 1814 575 1869 etiam
614 1814 1131 1870 innumerabilibus
1169 1813 1473 1884 generibus
1505 1811 1789 1866 vermium

82 1919 441 1974 comparare.
476 1902 582 1958 Sed
609 1919 682 1957 ne
725 1903 787 1957 in
815 1907 1061 1958 vestram
1100 1901 1352 1956 incidam
1384 1899 1786 1966 temeritatem,

83 2008 202 2046 non
230 1992 288 2046 id
316 2008 686 2062 prmprOpere
715 1991 942 2061 faciam,
984 1991 1080 2046 sed
1116 1990 1416 2046 discutiam
1448 1987 1644 2060 'primo
1673 2003 1788 2058 quo

84 2081 196 2136 ista
222 2080 340 2136 ﬁne
378 2079 619 2136 faciatis.
651 2081 777 2135 Jam
806 2080 959 2135 enim
989 2083 1212 2135 constat
1239 2079 1388 2134 inter
1417 2094 1542 2141 nos,
1572 2080 1638 2132 ut
1666 2077 1789 2148 Opi-

86 2186 217 2238 nor,
249 2169 650 2241 hujuscemodi
696 2169 952 2224 moribus
999 2168 1146 2224 nihil
1192 2167 1345 2223 aliud
1375 2183 1496 2222 esse
1527 2182 1791 2237 quaeren-

87 2259 249 2314 dum.
281 2257 340 2312 Si
368 2273 504 2329 ergo
530 2257 898 2330 parcimoniae
936 2256 1120 2328 gratia
1157 2261 1214 2311 et
1248 2254 1573 2311 coercenda:
1600 2253 1795 2310 libidi—

88 2346 201 2414 nis,
231 2362 347 2418 qua
371 2345 512 2400 escis
540 2346 749 2401 talibus
790 2349 849 2399 et
876 2349 1016 2416 potu
1052 2344 1403 2399 delectamur
1431 2346 1488 2398 et
1515 2340 1794 2412 capimur,

93 2434 268 2490 audio
299 2438 356 2488 et
379 2435 562 2505 probo
587 2451 600 2490 :
633 2434 732 2490 sed
761 2449 880 2488 non
909 2433 987 2488 ita
1016 2437 1119 2488 est.

165 2526 255 2580 29.
287 2523 431 2578 Nam
457 2539 654 2594 quaero
679 2539 713 2576 a
752 2522 932 2585 vobis,
974 2521 1023 2577 si
1051 2521 1179 2593 quis
1214 2520 1440 2589 existat,
1480 2519 1638 2590 quod
1671 2518 1796 2575 ﬁeri

91 2614 301 2683 potest,
333 2611 413 2667 ita
439 2612 612 2666 homo
632 2627 834 2683 parcus
857 2615 916 2666 et
941 2595 1116 2682 frugi,
1148 2614 1214 2666 ut
1242 2608 1564 2680 appetitum
1583 2607 1799 2663 ventris

93 2706 154 2755 et
198 2699 448 2772 gutturis
489 2701 817 2768 moderans,
864 2716 983 2755 non
1031 2699 1295 2771 epuletur
1342 2696 1430 2752 bis
1474 2713 1576 2768 per
1620 2711 1798 2750 unum

95 2789 279 2857 diem;
312 2793 369 2844 et
396 2789 530 2844 huic
557 2789 804 2843 cmuanti
835 2789 1090 2843 oluscula
1105 2803 1236 2843 cum
1267 2787 1478 2857 exiguo
1507 2785 1668 2840 lardo
1698 2801 1798 2856 ap-

94 2881 406 2950 ponantur,
439 2878 642 2933 eodem
669 2878 832 2932 lardo
851 2881 1021 2933 uncta
1049 2881 1222 2948 atque
1245 2876 1496 2942 condita,
1519 2876 1800 2946 quantum

96 2967 549 3038 comprimendae
579 2966 719 3021 fami
749 2970 836 3021 sat
863 2968 978 3031 est;
1018 2965 1288 3036 sitimque
1328 2963 1532 3033 irriget
1571 2964 1803 3033 propter

97 3055 456 3126 diligentiam
483 3053 846 3121 valetudinis,
879 3053 1100 3109 duabus
1127 3057 1225 3108 aut
1248 3052 1433 3108 tribus
1460 3051 1580 3105 vini
1608 3065 1800 3105 mera-

101 3145 182 3200 cis
209 3143 541 3217 potionibus
570 3142 615 3214 ‘,
644 3143 807 3215 isque
823 3143 908 3198 illi
923 3143 1104 3198 victus
1131 3143 1206 3198 sit
1225 3141 1592 3214 quotidianus
1615 3157 1628 3195 :
1658 3139 1803 3194 alius

100 3249 236 3289 vero
267 3250 336 3288 ex
363 3233 477 3288 alia
504 3237 665 3305 parte
695 3233 840 3287 nihil
872 3237 1106 3304 gustans
1143 3231 1424 3297 carnium,
1470 3229 1616 3284 nihil
1662 3227 1800 3294 vini,

104 3321 415 3394 exquisitas
441 3326 500 3377 et
529 3321 860 3393 peregrinas
881 3321 1074 3392 fruges
1093 3319 1290 3376 multis
1311 3318 1539 3374 ferculis
1563 3315 1804 3372 variatas

104 3416 164 3466 et
192 3412 356 3482 largo
387 3410 582 3482 pipere
612 3426 868 3482 aspersas
903 3427 1056 3466 nona
1091 3411 1233 3465 hora
1261 3409 1507 3463 libenter
1535 3409 1803 3472 assumat,

105 3499 290 3555 noctis
328 3499 501 3554 etiam
543 3498 826 3570 principio
865 3498 1003 3553 talia
1029 3501 1379 3564 ccenaturus;
1423 3495 1580 3551 bibat
1615 3499 1807 3550 autem

106 3590 383 3655 mulsum,
407 3603 697 3642 caroenum
718 3603 970 3660 passum,
993 3592 1049 3642 et
1067 3586 1482 3642 nonnullorum
1500 3598 1808 3655 pomorum

108 3693 402 3749 expressos
439 3693 654 3745 succos,
697 3676 817 3731 vini
835 3677 1092 3748 speciem
1120 3675 1256 3731 satis
1289 3675 1599 3740 imitantes,
1638 3677 1808 3743 atque

108 3768 165 3822 id
196 3765 372 3822 etiam
392 3767 666 3820 suavitate
690 3765 1009 3832 vincentes;
1044 3769 1102 3820 et
1125 3764 1283 3820 bibat
1303 3779 1418 3818 non
1440 3765 1719 3834 quantum
1741 3759 1811 3814 si-

109 3856 200 3923 tit,
233 3855 334 3910 sed
361 3858 641 3926 quantum
671 3853 838 3920 libet;
885 3854 1060 3924 idque
1095 3851 1204 3906 sibi
1235 3851 1621 3907 exhibendum
1653 3853 1812 3904 curet

113 3941 392 4014 quotidie,
413 3942 629 4013 talique
649 3941 801 3996 victu
821 3940 1150 4012 deliciisque
1170 3939 1516 4010 perfruatur,
1539 3938 1698 3992 nulla
1718 3953 1814 3992 ne-

111 4031 398 4098 cessitate,
419 4046 629 4101 magna
648 4030 934 4100 voluptate
957 4045 971 4084 :
1002 4044 1175 4100 quem
1199 4028 1429 4083 tandem
1450 4027 1658 4082 horum
1677 4025 1815 4080 duo-

112 4136 266 4188 rum,
294 4120 448 4191 quod
477 4119 549 4174 ad
577 4119 886 4174 cibandum
926 4117 1360 4188 potandumque
1387 4115 1610 4183 attinet,
1640 4113 1814 4168 absti-

113 4208 349 4265 nentius
395 4207 572 4263 vitam
614 4207 821 4263 ducere
862 4205 1165 4278 judicatis?
1210 4206 1333 4260 Non
1385 4204 1591 4275 opinor
1634 4218 1816 4274 usque

113 4297 261 4353 adeo
304 4311 405 4351 vos
449 4311 572 4350 esse
619 4311 819 4364 caecos,
867 4293 1009 4365 quin
1045 4293 1211 4349 illum
1250 4293 1319 4348 de
1365 4307 1537 4364 parco
1570 4290 1732 4346 lardo
1763 4294 1820 4345 et

113 4385 272 4448 vino,
304 4383 435 4439 huic
459 4383 677 4455 gurgiti
701 4382 1036 4455 praeferatis.

187 4475 277 4530 30.
310 4474 396 4528 Ita
423 4472 658 4544 quidem
678 4471 888 4527 veritas
913 4471 1097 4543 cogit;
1127 4470 1227 4525 sed
1256 4474 1442 4526 vester
1470 4484 1632 4524 error
1653 4468 1819 4538 longe

117 4562 285 4618 aliter
331 4560 501 4616 cauit.
558 4561 780 4616 Electus
835 4559 995 4616 enim
1040 4562 1224 4614 vester
1275 4558 1456 4613 tribus
1514 4555 1822 4629 signaculis

117 4645 484 4724 praedicatus,
517 4649 564 4704 si
592 4648 849 4721 quotidie
881 4647 962 4703 ita
987 4647 1158 4717 vivat,
1191 4650 1255 4701 ut
1282 4645 1375 4700 hic
1413 4661 1586 4717 quem
1622 4648 1822 4716 poste-

117 4741 243 4794 rius
272 4737 693 4809 descripsimus,
725 4737 798 4793 ab
827 4752 970 4806 uno,
1001 4739 1058 4791 et
1084 4735 1322 4790 fortasse
1353 4733 1576 4790 duobus
1604 4732 1826 4804 gravio-

117 4829 281 4884 ribus
330 4827 674 4898 reprehendi
729 4830 933 4898 potest,
993 4823 1254 4880 damnari
1305 4825 1495 4877 autem
1547 4825 1825 4892 tanquam

121 4915 404 4988 signaculi
433 4915 816 4986 dissignator’
860 4913 1098 4970 omnino
1127 4929 1245 4968 non
1291 4913 1495 4983 potest.
1528 4910 1587 4965 Si
1633 4914 1827 4964 autem

123 5005 305 5061 semel
352 5020 482 5059 cum
530 5003 630 5059 illo
671 5003 862 5074 priore
909 5001 1239 5072 coenaverit,
1285 5000 1580 5071 frustoque
1631 5013 1826 5070 perna:

124 5095 215 5150 vel
239 5093 472 5149 rancido
507 5092 666 5147 labra
703 5091 950 5159 unxerit,
992 5095 1049 5146 et
1086 5105 1272 5162 vappa
1297 5087 1577 5152 udaverit,
1612 5086 1830 5141 solutor

127 5183 411 5254 signaculi
440 5185 497 5236 et
525 5180 802 5252 gehennae
833 5180 986 5234 illico
1017 5179 1353 5245 destinatus,
1384 5175 1558 5232 vestri
1583 5173 1828 5230 auctoris

129 5271 436 5340 sententia,
479 5269 821 5327 mirantibus
865 5267 1047 5336 vobis,
1095 5268 1194 5323 sed
1235 5272 1431 5324 tamen
1479 5263 1830 5320 consentien-

197 5457 214 5490 ί
239 5453 366 5502 Mss.
384 5465 474 5514 sex
495 5450 676 5514 probae
697 5453 856 5514 noue,
878 5451 975 5514 aut
991 5447 1396 5514 tribusqminime
1413 5448 1638 5499 meracis
1654 5448 1832 5510 potio-

131 5517 302 5567 nibus.
336 5513 437 5563 Alii
463 5509 586 5569 tres,
617 5517 708 5563 aut
734 5512 896 5572 tribus
919 5509 1035 5560 vini
1059 5509 1385 5572 potionibus.

195 5580 216 5614 2
240 5578 350 5635 Er.,
375 5576 675 5640 dissipator.
701 5575 845 5640 Lov,,
865 5569 1185 5640 dissiqnitor.
1208 5571 1274 5640 At
1296 5572 1419 5623 Mss.
1436 5574 1656 5635 septem,
1675 5569 1832 5621 dissi-

195 5587 216 5614 2
240 5587 350 5635 Er.,
375 5587 675 5647 dissipator.
701 5587 845 5633 ιιοιι,
865 5587 1185 5686 dissignator.
1208 5587 1274 5620 At
1296 5587 1312 5621 ι

131 5643 340 5706 quater.
367 5637 468 5688 Alu
491 5640 718 5701 quatuor
745 5636 957 5696 habent,
1019 5635 1312 5697 estgnator.

1510 363 1723 421 LIBER
1763 361 2148 421 SECUNDUS.

3449 374 3586 429 l358

1887 484 2062 551 tibus,
2085 484 2454 555 judicabitur.
2479 487 2700 555 Quaeso,
2727 488 3034 560 relinquite
3058 505 3340 560 errorem;
3364 510 3581 565 quasso,

1890 573 2162 628 advertite
2200 576 2512 644 rationem;
2560 592 2778 648 quaeso,
2820 577 3244 650 aliquantulum
3279 586 3587 638 consuetu-

1890 662 2011 716 dini
2039 662 2312 719 obsistite.
2335 664 2480 728 Quid
2503 667 2656 720 enim
2679 671 2765 722 est
2785 667 2892 722 ista
2917 668 3197 739 pravitate
3226 669 3547 740 perversius
3563 669 3591 724 ‘I

1891 751 2028 822 quid
2053 751 2236 822 magis
2265 753 2507 808 delirum
2524 755 2552 808 ?
2576 755 2724 819 Quid
2751 772 2922 827 porro
2952 757 3209 814 insanius
3233 758 3343 814 dici
3375 763 3472 814 aut
3501 775 3589 814 co-

1890 839 2061 910 gitari
2091 845 2295 912 potest,
2333 841 2625 897 hominem
2670 845 2911 913 boletos,
2942 846 3178 917 orizam,
3208 848 3428 916 tubera,
3460 849 3588 920 pla-

1891 932 2103 998 centas,
2142 945 2455 996 caroenum,
2491 931 2676 1001 piper,
2718 933 2886 1000 laser,
2923 934 3170 989 distento
3215 939 3412 990 ventre
3455 952 3585 990 cum

1891 1016 2274 1086 gratulatione
2295 1022 2638 1088 ructantem,
2667 1023 2722 1073 et
2745 1021 3002 1091 quotidie
3023 1023 3157 1077 talia
3176 1025 3586 1094 requirentem,

1891 1120 2007 1158 non
2053 1104 2299 1160 inveniri
2342 1108 2830 1177 quemadmodum
2869 1125 2902 1162 a
2939 1111 3121 1165 tribus
3168 1112 3492 1183 signaculis,
3528 1113 3588 1167 id

1891 1197 1977 1247 est
2001 1210 2033 1248 a
2063 1195 2260 1264 regula
2283 1195 2597 1250 sanctitatis
2627 1195 2897 1250 excidisse
2926 1197 3213 1264 videatur;
3246 1200 3422 1255 alium
3453 1217 3589 1256 vero

1891 1281 2086 1353 fruges
2107 1283 2406 1338 vilissimas
2432 1283 2655 1339 fumoso
2682 1281 2922 1339 obsonio
2939 1286 3321 1355 condientem,
3344 1293 3590 1344 tantum-

1894 1386 2005 1442 que
2051 1371 2185 1426 hinc
2223 1378 2628 1441 assumentem,
2670 1378 2953 1444 quantum
3000 1375 3294 1430 refectioni
3339 1377 3594 1448 corporis

1893 1458 2120 1526 sufficit,
2161 1463 2218 1514 et
2243 1464 2359 1514 tres
2401 1462 2634 1532 cyathos
2671 1461 2790 1516 vini
2836 1463 3224 1518 sustentandae
3259 1465 3598 1520 valetudinis

1893 1548 2077 1619 gratia
2105 1550 2457 1616 sorbentem,
2490 1555 2547 1605 et
2576 1551 2647 1604 ab
2675 1551 2774 1606 illo
2806 1551 2957 1606 victu
2985 1551 3055 1606 ad
3088 1551 3264 1607 istum
3294 1557 3597 1610 transeun-

1894 1640 2034 1702 tem,
2062 1642 2214 1692 certo
2241 1637 2518 1709 supplicio
2550 1639 2898 1710 prazparari?

1899 1725 2125 1781 CAPUT
2156 1727 2287 1781 XIV.
2319 1757 2388 1768 —
2417 1728 2610 1782 Tribus
2641 1731 2820 1783 causis
2850 1729 3154 1783 abstinetur
3181 1729 3534 1785 laudabiliter
3564 1747 3599 1784 a

2365 1818 2527 1870 certis
2556 1817 2796 1871 ciborum
2823 1817 3126 1886 generibus.

1971 1904 2058 1957 31.
2089 1903 2161 1957 At
2189 1903 2344 1958 enim
2373 1903 2452 1958 ait
2487 1906 2814 1975 Apostolus,
2847 1908 3051 1960 Bonum
3089 1910 3186 1973 est,
3228 1908 3453 1973 fratres,
3493 1922 3600 1961 non

1897 1991 2228 2048 manducare
2255 2008 2490 2063 carnem,
2528 2009 2697 2062 neque
2737 1994 2914 2048 bibere
2939 1996 3128 2049 cinum
3157 1996 3325 2065 (Rom.
3350 2011 3460 2064 xw,
3484 1998 3597 2064 2t).

1900 2079 2070 2144 Quasi
2089 2080 2530 2152 veroquisquam
2551 2085 2812 2136 nostrum
2832 2081 2892 2136 id
2903 2082 3120 2137 bonum
3143 2087 3316 2153 neget
3339 2100 3352 2138 :
3382 2083 3479 2138 sed
3503 2088 3605 2138 aut

1902 2183 1969 2223 eo
1989 2166 2106 2224 fine
2126 2185 2298 2240 quem
2315 2168 2580 2239 superius
2603 2170 3064 2237 commemoravi,
3092 2170 3407 2226 secundum
3428 2187 3602 2243 quem

1904 2256 2128 2326 dicitur,
2145 2261 2217 2314 Et
2231 2261 2411 2314 carnis
2423 2274 2609 2314 curam
2619 2276 2685 2314 ne
2696 2261 2936 2326 feceritis
2954 2262 3013 2314 in
3025 2262 3465 2330 concupiscentiis
3481 2261 3576 2332 (Ib.
3585 2302 3601 2328 ,

1903 2363 2022 2416 xm,
2059 2347 2138 2416 14)
2161 2363 2173 2401 :
2199 2353 2298 2402 aut
2326 2347 2407 2403 eis
2428 2365 2573 2419 quos
2601 2365 2800 2403 rursus
2826 2349 2982 2404 idem
3005 2349 3216 2404 Paulus
3240 2349 3518 2416 ostendit;
3549 2349 3605 2404 id

1798 2458 1808 2466 -
1907 2439 2010 2503 est,
2028 2440 2128 2490 aut
2145 2436 2503 2491 refrenanda:
2524 2436 2674 2508 gulm
2695 2452 2884 2507 causa,
2911 2454 3040 2510 quae
3061 2436 3152 2492 his
3170 2436 3339 2492 rebus
3360 2438 3501 2492 solet
3521 2453 3609 2492 ra-

1905 2523 2094 2579 bidius
2119 2523 2666 2596 immoderatiusque
2707 2526 2951 2596 raptari;
2995 2529 3093 2580 aut
3120 2541 3193 2580 ne
3220 2527 3397 2581 frater
3426 2526 3605 2580 offen-

1909 2611 2096 2687 datur,
2129 2617 2229 2667 aut
2257 2613 2328 2667 ab
2357 2612 2603 2667 inﬁrmis
2631 2613 2806 2668 idolio
2837 2613 3309 2668 communicetur.
3345 2615 3422 2668 Eo
3453 2612 3610 2669 enim

1908 2705 2186 2772 tempore,
2213 2717 2327 2771 quo
2345 2701 2468 2756 haec
2489 2701 2770 2756 scribebat
2793 2703 3117 2773 Apostolus,
3141 2702 3322 2757 multa
3350 2701 3614 2758 immola-

1908 2788 2035 2844 titia
2064 2806 2194 2844 caro
2219 2789 2279 2844 in
2308 2790 2550 2844 macello
2597 2791 2965 2845 vendebatur.
3003 2791 3068 2844 Et
3099 2791 3237 2861 quia
3276 2790 3410 2845 vino
3440 2790 3612 2845 etiam

1909 2878 2196 2934 libabatur
2225 2878 2334 2933 diis
2363 2878 2653 2946 Gentium,
2683 2878 2854 2933 multi
2882 2878 3083 2934 fratres
3114 2879 3482 2949 inﬁrmiores,
3511 2878 3612 2950 qui

1911 2965 2081 3020 etiam
2093 2965 2265 3020 rebus
2279 2965 2368 3020 his
2390 2966 2685 3021 venalibus
2712 2965 3040 3034 utebantur,
3062 2967 3292 3037 penitus
3303 2983 3336 3021 a
3347 2966 3611 3022 carnibus

1912 3070 1971 3110 se
1993 3057 2048 3108 et
2065 3053 2198 3108 vino
2221 3054 2486 3109 cohibere
2507 3055 2851 3119 maluerunt,
2879 3071 3053 3127 quam
3075 3056 3162 3110 vel
3181 3055 3496 3111 nescientes
3518 3055 3610 3109 in-

1912 3143 2098 3198 cidere
2129 3142 2192 3197 in
2220 3159 2345 3197 eam
2372 3159 2546 3214 quam
2576 3143 2858 3214 putabant
2883 3159 3013 3198 cum
3040 3143 3208 3198 idolis
3230 3143 3615 3199 communica-

1912 3232 2146 3286 tionem.
2173 3233 2414 3302 Propter
2433 3233 2538 3286 hos
2559 3235 2748 3287 autem
2771 3231 2944 3286 etiam
2958 3232 3000 3286 ii
3020 3231 3412 3303 quilirmiores
3427 3234 3614 3298 erant,

1915 3325 1970 3374 et
1988 3319 2110 3374 hac
2137 3320 2345 3391 majori
2370 3320 2483 3375 fide
2516 3321 2934 3375 contemnenda
2972 3320 3322 3391 judicarunt,
3373 3319 3614 3376 scientes

1915 3408 2058 3463 nihil
2078 3408 2446 3463 immundum
2475 3425 2594 3463 esse
2610 3408 2720 3463 nisi
2736 3425 2836 3480 per
2855 3409 3065 3463 malam
3086 3408 3513 3477 conscientiam,
3537 3411 3618 3464 te-

1915 3501 2230 3569 nentesque
2259 3498 2418 3552 illam
2448 3496 2677 3552 Domini
2698 3497 3059 3552 sententiam.
3085 3500 3204 3555 Non
3217 3498 3362 3567 quod
3371 3499 3544 3552 intrat
3557 3500 3617 3553 in

1916 3602 1972 3642 os
2015 3591 2270 3652 vestrum,
2299 3601 2391 3641 vos
2421 3589 2755 3656 coinquinat,
2807 3586 2901 3641 sed
2939 3585 3085 3654 quod
3111 3588 3226 3640 emit
3267 3587 3489 3656 (Matth.
3521 3601 3612 3653 xv,

1923 3675 2037 3743 ll);
2077 3677 2269 3728 tamen
2305 3677 2542 3744 propter
2577 3673 2681 3727 hos
2724 3673 3092 3737 inﬁrmiores,
3136 3689 3204 3728 ne
3254 3673 3618 3728 offenderen-

1917 3766 2034 3828 tur,
2092 3761 2164 3815 ab
2211 3760 2301 3815 his
2357 3761 2528 3815 rebus
2583 3759 2868 3815 abstinere
2916 3761 3218 3816 debebant.
3267 3762 3462 3832 Neque
3508 3762 3620 3817 hoc

1921 3848 2242 3920 suspicione
2281 3848 2590 3919 colligitur,
2639 3849 2731 3904 sed
2780 3849 2838 3904 in
2871 3849 3006 3921 ipsis
3053 3849 3314 3919 Apostoli
3355 3849 3622 3920 Epistolis

1922 3937 2222 3993 manifeste
2250 3937 2558 3992 invenitur.
2590 3938 2698 3991 Vos
2728 3937 2884 3992 enim
2914 3939 3021 3992 hoc
3047 3937 3231 3992 solum
3249 3937 3414 3992 nobis
3433 3937 3621 3993 dicere

1921 4025 2133 4096 soletis,
2181 4028 2386 4081 Bonum
2433 4029 2530 4093 est,
2576 4028 2804 4095 fratres,
2845 4041 2952 4080 non
2997 4024 3334 4080 manducare
3383 4041 3618 4094 carnem,

1921 4131 2092 4184 neque
2121 4115 2297 4169 bibere
2322 4117 2540 4182 vinum;
2569 4131 2682 4169 non
2703 4119 2897 4169 autem
2922 4113 3267 4185 subjungere
3295 4113 3437 4168 illud
3469 4115 3624 4186 quod

1925 4204 2205 4276 sequitur,
2235 4219 2404 4272 neque
2430 4205 2489 4257 in
2516 4219 2619 4272 quo
2645 4205 2825 4271 frater
2852 4207 2974 4257 tuus
2993 4201 3308 4271 afen-ditur,
3342 4207 3438 4257 aut
3461 4218 3626 4258 scan-

1925 4295 2222 4359 dalizatur,
2271 4297 2369 4347 aut
2398 4294 2728 4362 inﬁrmatur.
2771 4291 2912 4347 Hinc
2943 4291 3097 4346 enim
3128 4291 3313 4348 elucet
3352 4309 3467 4363 quo
3510 4292 3626 4349 ﬁne

1927 4382 2228 4454 Apostolus
2258 4382 2381 4436 haec
2405 4381 2796 4453 praecipiebat.

1999 4474 2087 4527 32.
2132 4470 2364 4525 Planius
2404 4470 2514 4525 hoc
2561 4470 2816 4524 indicant
2858 4467 3156 4541 superiora
3205 4471 3262 4524 et
3308 4469 3627 4540 sequentia,

1930 4577 2058 4632 qua).
2099 4574 2547 4613 commemorare
2584 4558 2824 4629 longum
2853 4563 2940 4612 est
2983 4557 3238 4629 quidem,
3269 4557 3368 4612 sed
3395 4562 3632 4629 propter

1930 4665 2044 4715 eos,
2077 4647 2179 4718 qui
2207 4647 2278 4702 ad
2306 4646 2524 4701 divinas
2551 4645 2871 4716 Scripturas
2899 4644 3168 4715 legendas
3197 4649 3255 4699 et
3278 4649 3631 4716 pertractan-

1932 4738 2032 4793 das
2061 4734 2212 4808 pigri
2240 4739 2393 4805 sunt,
2423 4739 2614 4790 totum
2642 4733 2818 4789 istum
2845 4733 3037 4788 locum
3065 4737 3320 4790 retexere
3348 4733 3628 4803 cogimur.

1932 4829 2212 4896 Inﬁrmum
2237 4827 2416 4879 autem
2441 4825 2501 4878 in
2526 4823 2634 4892 ﬁde
2657 4825 2934 4889 assumite,
2977 4821 3184 4894 inquit,
3219 4838 3327 4878 non
3367 4825 3425 4878 in
3455 4825 3634 4880 disce-

1927 4914 2269 4986 ptationibus
2302 4914 2707 4982 cogitationum.
2741 4911 2903 4966 Alius
2941 4913 3082 4966 enim
3109 4912 3281 4967 credit
3307 4913 3638 4968 manducare

1935 5006 2148 5060 omnia:
2194 5004 2292 5072 qui
2332 5005 2511 5056 autem
2549 5003 2798 5071 inﬁrmus
2835 5004 2936 5070 est,
2966 5002 3081 5056 olus
3114 5001 3416 5067 manducet.
3455 5002 3512 5056 Is
3542 5003 3640 5069 qui

1935 5092 2248 5158 manducat,
2286 5105 2393 5145 non
2431 5089 2848 5144 manducantem
2884 5105 2992 5145 non
3029 5095 3286 5160 spernat:
3319 5093 3369 5143 et
3410 5090 3507 5157 qui
3533 5103 3639 5144 non

1936 5181 2250 5243 manducat,
2291 5178 2705 5233 manducantem
2734 5193 2840 5232 non
2864 5178 3104 5247 judicet;
3137 5181 3276 5233 Deus
3314 5179 3454 5231 enim
3485 5178 3640 5232 illum

1939 5271 2251 5338 assumpsit.
2293 5269 2372 5322 Tu
2403 5269 2526 5337 quis
2555 5281 2626 5331 es,
2661 5269 2758 5335 qui
2771 5266 2992 5336 judicas
3013 5268 3248 5320 alienum
3267 5279 3478 5320 servum
3493 5266 3640 5322 ?Suo

1940 5359 2163 5413 Domino
2195 5361 2325 5423 stat,
2359 5360 2460 5412 aut
2501 5355 2682 5409 cadit:
2711 5355 2880 5410 stabit
2925 5359 3134 5421 autem;
3176 5357 3366 5422 potens
3396 5358 3475 5408 est
3499 5356 3640 5410 enim

1941 5448 2083 5500 Deus
2112 5448 2348 5499 statuere
2369 5444 2541 5498 illum.
2566 5445 2707 5500 Nam
2733 5444 2875 5497 alius
2893 5441 3110 5511 judicat
3134 5441 3276 5495 diem
3305 5443 3449 5496 inter
3475 5443 3637 5511 diem,

1945 5534 2085 5587 alius
2125 5532 2346 5601 judicat
2395 5547 2598 5586 omnem
2641 5530 2812 5586 diem:
2849 5530 3220 5598 unusquisque
3253 5531 3313 5584 in
3348 5545 3443 5585 suo
3483 5545 3644 5588 sensu

1948 5620 2202 5677 abundet.
2221 5621 2326 5688 Qui
2351 5623 2499 5691 sapit
2516 5620 2680 5688 diem,
2700 5619 2922 5675 Domino
2941 5620 3122 5687 sapit:
3144 5622 3194 5674 et
3214 5621 3310 5688 qui
3325 5621 3640 5691 manducat,
