4056 6384
441 335 579 391 1359

436 457 667 512 Domino
694 455 1028 525 manducat;
1056 454 1268 523 gratias
1294 440 1443 506 enim
1477 452 1594 520 agit
1633 452 1754 506 Deo.
1787 451 1853 505 Et
1892 452 1991 519 qui
2015 464 2128 503 non

436 548 755 614 manducat,
786 546 1016 601 Domino
1042 558 1155 597 non
1191 543 1506 609 manducat,
1539 546 1588 594 et
1613 542 1826 609 gratias
1854 542 1972 617 qgit
2009 540 2127 593 Deo.

437 636 604 690 Nemo
633 637 780 689 enim
808 637 1058 688 nostrum
1073 632 1179 685 sibi
1192 633 1344 699 vivit,
1371 633 1418 684 et
1436 645 1590 684 nemo
1603 630 1708 684 sibi
1732 630 1992 683 moritur.
2012 627 2134 683 Sive

438 726 586 778 enim
613 726 868 791 vivimus,
898 723 1127 776 Domino
1153 722 1422 789 vivimus;
1442 721 1552 773 sive
1579 721 1874 785 morimur,
1903 718 2132 771 Domino

437 815 735 868 morimur.
767 811 890 867 Sive
913 813 1062 864 enim
1083 812 1337 877 vivimus,
1359 810 1468 862 sive
1482 810 1776 871 morimur,
1799 806 2020 860 Domini
2045 819 2134 857 su-

436 916 578 954 mus.
600 902 665 954 In
686 900 780 954 hoc
799 901 948 953 enim
968 899 1221 956 Christus
1242 902 1293 950 et
1314 899 1455 951 vixit
1475 897 1515 961 ί,
1539 900 1588 949 et
1605 899 1857 950 mortuus
1875 898 1967 961 est,
1986 896 2033 945 et
2053 898 2133 945 re-

435 991 766 1051 surrexit,ut
776 990 1086 1041 etvivorum
1096 991 1144 1039 et
1158 990 1507 1040 mortuorum
1516 985 1846 1038 dominetur.
1858 982 1935 1035 Tu
1951 985 2133 1034 autem

435 1079 570 1146 quid
576 1080 607 1145 j
612 1078 796 1131 udicas
814 1077 1052 1144 fratrem
1074 1079 1269 1129 tuum?
1288 1079 1388 1128 aut
1407 1078 1466 1127 tu
1485 1087 1655 1141 quare
1670 1073 1880 1139 spernis
1898 1071 2134 1139 fratrem

439 1171 597 1220 tuum
611 1172 634 1219 ?
652 1166 844 1221 Omnes
863 1167 1011 1219 enim
1028 1165 1295 1218 stabimus
1313 1167 1442 1216 ante
1458 1162 1710 1215 tribunal
1724 1161 1834 1214 Dei.
1856 1158 2134 1227 Scriptum

435 1258 509 1307 est
534 1255 683 1307 enim
720 1252 846 1324 (Isa.
887 1267 1010 1317 va,
1042 1250 1133 1321 23,
1176 1250 1306 1321 24):
1355 1250 1475 1304 Vivo
1517 1264 1627 1318 ego,
1666 1249 1799 1302 dicit
1843 1248 2129 1309 Dominus,

433 1344 698 1409 quoniam
725 1340 867 1395 mihi
892 1343 1134 1411 ﬂectetur
1155 1354 1313 1393 omne
1337 1354 1502 1407 genu,
1533 1342 1581 1391 et
1594 1336 1941 1405 conﬁtebitur
1954 1336 2134 1389 omnis

436 1431 631 1499 lingua
657 1431 778 1484 Deo.
812 1431 1000 1497 Itaque
1038 1430 1416 1495 unusquisque
1448 1430 1702 1480 nostrum
1737 1440 1837 1493 pro
1873 1441 1926 1477 se
1953 1425 2133 1478 ratio-

434 1534 559 1573 nem
588 1519 768 1571 reddet
795 1518 915 1573 Deo.
944 1518 1067 1572 Non
1083 1532 1207 1585 ergo
1235 1517 1474 1584 amplius
1494 1516 1725 1568 invicem
1748 1513 2129 1581 diiudicemus,

433 1609 523 1661 sed
551 1607 644 1661 hoc
670 1608 917 1675 judicate
952 1608 1148 1674 magis,
1180 1620 1247 1658 ne
1280 1605 1502 1673 ponatis
1533 1602 1920 1669 offendiculum
1959 1602 2135 1669 fratri

434 1696 518 1751 vel
529 1696 871 1750 scandalum.
895 1694 1014 1750 Scio
1039 1698 1087 1747 et
1103 1693 1308 1761 conﬁdo
1322 1694 1386 1746 in
1400 1693 1630 1746 Domino
1653 1691 1797 1758 Jesu,
1829 1692 1964 1758 quia
1986 1690 2134 1744 nihil

433 1798 719 1837 commune
736 1798 839 1852 per
856 1784 1057 1851 ipsum,
1078 1783 1192 1835 nisi
1209 1783 1259 1835 ei
1284 1782 1383 1848 qui
1403 1781 1681 1834 existimat
1698 1778 1834 1846 quid
1849 1793 2135 1832 commune

434 1887 555 1939 esse,
576 1872 667 1925 illi
688 1885 972 1924 commune
990 1874 1084 1923 est.
1112 1870 1175 1925 Si
1196 1871 1343 1922 enim
1354 1871 1581 1938 propter
1597 1868 1779 1921 cibum
1799 1867 1985 1936 frater
2006 1870 2134 1920 tuus

433 1962 815 2027 contristatur,
831 1960 1067 2027 nonjam
1077 1958 1377 2011 secundum
1386 1956 1713 2011 charitatem
1722 1956 1992 2009 ambulas.
2006 1955 2136 2009 Noli

433 2048 546 2102 cibo
589 2052 680 2101 tuo
719 2046 943 2115 perdere
981 2046 1165 2111 illum,
1188 2060 1292 2113 pro
1319 2059 1425 2111 quo
1465 2042 1715 2100 Christus
1749 2047 2003 2097 mortuus
2036 2047 2130 2098 est.

434 2137 557 2191 Non
584 2151 707 2204 ergo
723 2134 1123 2203 blasphemetur
1140 2133 1343 2187 bonum
1361 2136 1632 2186 nostrum.
1652 2132 1775 2186 Non
1797 2136 1874 2185 est
1899 2146 2134 2200 regnum

434 2226 530 2279 Dei
578 2239 693 2277 esca
739 2227 787 2275 et
815 2226 997 2291 potus,
1039 2221 1129 2275 sed
1161 2222 1390 2289 justitia
1431 2224 1481 2273 et
1524 2234 1633 2287 par
1672 2224 1721 2272 et
1757 2220 2030 2288 gaudium
2069 2221 2133 2274 in

433 2314 651 2382 Spiritu
691 2315 898 2366 sancto.
941 2309 1047 2377 Qui
1073 2311 1221 2389 enim
1247 2311 1310 2362 in
1352 2307 1446 2363 hoc
1478 2310 1645 2389 servit
1685 2307 1919 2378 Christo,
1957 2310 2132 2377 placet

434 2402 561 2467 Deo,
600 2404 649 2453 et
671 2398 939 2467 probatus
975 2402 1051 2451 est
1085 2385 1417 2450 hominibus.
1458 2385 1649 2463 Itaque
1684 2410 1805 2463 qua
1823 2397 1976 2464 pacis
2001 2398 2133 2449 sunt

435 2492 719 2551 sectemur,
765 2490 813 2538 et
853 2500 974 2553 quae
1012 2486 1387 2552 azdiﬁcationis
1428 2487 1563 2537 sunt
1607 2485 1673 2537 in
1702 2485 1952 2537 invicem.
2004 2484 2133 2538 Noli

428 2579 654 2644 propter
680 2588 852 2627 escam
873 2573 1146 2627 destruere
1165 2588 1295 2641 opus
1313 2573 1428 2627 Dei.
1460 2571 1661 2628 Omnia
1680 2572 2133 2639 quidemlmunda

430 2665 582 2730 sunt,
612 2660 702 2714 sed
728 2661 944 2714 malum
969 2664 1044 2714 est
1073 2659 1290 2713 homini
1315 2661 1415 2727 qui
1424 2673 1526 2727 per
1543 2660 1883 2725 oﬂ‘ensionem
1899 2658 2133 2711 mandu-

431 2752 539 2803 cat.
570 2748 784 2802 Bonum
811 2751 887 2802 est
925 2763 1038 2801 non
1075 2747 1413 2801 manducare
1444 2761 1687 2810 carnem,
1719 2749 1767 2799 et
1806 2762 1919 2800 non
1960 2747 2134 2801 bibere

432 2839 647 2905 vinum,
678 2851 849 2904 neque
875 2838 939 2889 in
966 2850 1075 2903 quo
1096 2836 1277 2904 frater
1302 2839 1428 2889 tuus
1448 2835 1759 2904 o/fenditur,
1790 2838 1890 2889 aut
1907 2835 2133 2889 scanda-

436 2927 663 2993 lizatur,
712 2928 813 2980 aut
842 2926 1190 2992 inﬁrmatur.
1229 2925 1310 2978 Tu
1348 2924 1508 2991 ﬁdem
1551 2922 1708 2977 habes
1741 2936 1903 2991 penes
1946 2926 2131 2976 temet-

432 3014 633 3080 ipsum,
683 3010 816 3065 habe
859 3026 1044 3066 coram
1089 3012 1210 3066 Deo.
1256 3012 1451 3065 Beatus
1494 3013 1594 3079 qui
1636 3026 1749 3065 non
1781 3011 2000 3078 judicat
2046 3025 2130 3063 se-

433 3102 721 3169 metipsum
765 3101 829 3153 in
866 3116 922 3154 eo
964 3100 1112 3168 quod
1141 3100 1358 3169 probat.
1408 3098 1515 3165 Qui
1550 3103 1734 3153 autem
1769 3099 2047 3167 discernit,
2081 3099 2132 3152 si

433 3188 848 3243 manducauerit
886 3188 1186 3242 damnatus
1229 3192 1323 3257 est,
1372 3189 1507 3255 quia
1547 3202 1660 3242 non
1706 3203 1771 3243 ea:
1802 3188 1919 3257 ﬁde.
1965 3187 2133 3242 Omne

433 3280 619 3330 autem
645 3276 789 3343 quod
815 3291 927 3329 non
962 3279 1038 3329 est
1065 3291 1128 3329 ex
1152 3276 1271 3345 ﬁde,
1300 3279 1584 3345 peccatum
1609 3280 1703 3330 est.
1738 3277 1994 3331 Debemus
2020 3291 2128 3329 au-

437 3369 540 3418 tem
559 3379 656 3417 nos
673 3365 942 3431 ﬁrmiores
964 3364 1356 3418 imbecillitates
1384 3366 1742 3432 inﬁrmorum
1766 3366 2052 3432 sustinere,
2082 3367 2131 3416 et

434 3468 548 3506 non
588 3451 740 3506 nobis
773 3453 1005 3521 placere.
1054 3453 1431 3521 Unusquisque
1464 3456 1718 3506 nostrum
1748 3454 2000 3521 proaimo
2032 3467 2131 3506 suo

424 3542 639 3611 placeat
664 3542 729 3594 in
762 3540 983 3610 bonum,
1023 3540 1096 3595 ad
1126 3543 1533 3609 adiﬁcationem
1550 3543 1592 3596 ³.
1632 3541 1845 3595 Etenim
1883 3540 2132 3596 Christus

431 3644 545 3683 non
566 3629 671 3685 sibi
690 3630 905 3697 placuit
935 3628 1105 3701 (Rom.
1133 3645 1244 3688 xxv.
1275 3635 1325 3684 et
1350 3645 1443 3700 xv,
1471 3627 1613 3699 1-3).

504 3718 591 3772 33.
631 3715 855 3773 Satisne
904 3721 1144 3789 apparet
1189 3718 1527 3790 Apostolum
1574 3715 1656 3772 eis
1690 3715 2027 3788 precepisse
2064 3720 2132 3773 ut

432 3821 628 3861 carnes
655 3822 773 3862 non
800 3807 1234 3875 manducarent,
1264 3821 1451 3878 neque
1487 3804 1684 3860 vinum
1713 3804 1975 3860 biberent
2000 3804 2128 3876 qui-

430 3910 676 3967 cumque
720 3895 1003 3951 lirmiores
1043 3898 1251 3963 essent,
1292 3894 1429 3967 quia
1460 3893 1721 3949 inﬁrmos
1762 3892 2131 3949 oﬂ‘endebant

430 3998 551 4040 non
582 3983 663 4039 eis
691 3982 1078 4055 congruendo,
1110 3986 1169 4038 et
1194 3981 1480 4038 faciebant
1503 3985 1569 4037 ut
1609 3984 1878 4054 putarent
1906 3997 2004 4037 eos
2027 3981 2129 4054 qui

430 4071 543 4127 ﬁde
564 4071 760 4127 omnia
782 4071 1000 4127 munda
1014 4069 1371 4143 judicabant,
1392 4070 1454 4126 in
1473 4068 1812 4142 obsequium
1839 4069 2127 4126 idolorum

430 4176 465 4215 a
486 4160 696 4216 talibus
715 4159 900 4232 epulis
928 4163 985 4214 et
1013 4162 1154 4231 potu
1179 4158 1331 4214 nolle
1360 4157 1679 4215 abstinere?
1706 4158 1820 4213 Hoc
1849 4154 2130 4230 signiﬁcat

430 4252 490 4304 et
514 4248 586 4303 ad
629 4247 953 4304 Corinthios
989 4246 1096 4302 hoc
1137 4246 1309 4302 modo
1354 4245 1639 4302 scribens:
1686 4247 1761 4301 De
1785 4250 1913 4302 escis
1944 4252 2126 4303 autem

427 4338 824 4405 sacriﬁciorum
852 4351 971 4405 qua
996 4336 1156 4390 idolis
1183 4336 1570 4405 immolantur,
1593 4338 1794 4390 scimus
1820 4337 1954 4404 quia
1978 4336 2128 4392 nihil

429 4428 504 4478 est
525 4425 736 4479 idolum
760 4426 825 4479 in
854 4423 1082 4489 mundo,
1113 4427 1164 4477 et
1190 4424 1333 4494 quod
1383 4425 1577 4478 nullus
1615 4426 1755 4479 Deus
1799 4426 1913 4479 nisi
1956 4440 2122 4479 unus.

428 4513 574 4568 Nam
613 4514 713 4567 etsi
746 4516 882 4567 sunt
915 4512 1015 4579 qui
1058 4511 1323 4566 dicantur
1361 4512 1463 4580 dii,
1503 4514 1615 4566 sive
1654 4514 1717 4567 in
1752 4513 1894 4580 caelo,
1925 4513 2035 4566 sive
2060 4512 2125 4564 in

431 4606 614 4672 terra;
643 4600 795 4656 nobis
822 4604 1004 4654 tamen
1041 4614 1190 4654 unus
1226 4600 1366 4654 Deus
1390 4601 1574 4671 Pater,
1605 4617 1669 4655 ea:
1703 4616 1808 4669 quo
1835 4602 2042 4669 omnia,
2072 4603 2122 4652 et

425 4705 523 4745 nos
546 4691 611 4745 in
638 4690 755 4758 illo,
795 4692 845 4742 et
872 4703 1021 4743 unus
1046 4688 1315 4744 Dominus
1355 4690 1507 4744 Jesus
1539 4689 1807 4759 Christus,
1836 4704 1934 4759 per
1961 4703 2120 4757 quem

424 4780 632 4846 omnia,
662 4782 712 4831 et
738 4792 833 4832 nos
854 4792 957 4846 per
982 4779 1184 4846 ipsum.
1216 4777 1319 4834 Sed
1345 4793 1457 4832 non
1479 4780 1543 4833 in
1565 4778 1820 4833 omnibus
1848 4781 1923 4831 est
1946 4779 2120 4831 scien-

426 4868 523 4921 tia.
558 4864 793 4933 Quidam
828 4869 1015 4921 autem
1040 4868 1106 4920 in
1143 4868 1472 4921 conscientia
1498 4882 1602 4920 sua
1637 4881 1807 4933 usque
1843 4865 2021 4919 adhuc
2056 4862 2122 4919 in

422 4955 588 5010 idolio
613 4957 775 5023 quasi
813 4953 1183 5024 idolothytum
1211 4955 1572 5023 manducant,
1602 4958 1653 5007 et
1677 4955 2004 5008 conscientia
2030 4968 2118 5005 eo-

422 5058 554 5099 rum
579 5059 707 5099 cum
732 5045 805 5098 sit
832 5044 1081 5113 inﬁrma,
1122 5046 1482 5113 inquinatur.
1512 5043 1649 5098 Esca
1671 5045 1857 5096 autem
1885 5056 1982 5095 nos
2008 5056 2119 5096 non

419 5133 756 5187 commendat
782 5133 905 5187 Deo.
936 5133 1117 5201 Neque
1143 5134 1292 5187 enim
1310 5133 1361 5185 si
1386 5130 1920 5197 manducaverimus,
1947 5129 2120 5182 abun-

418 5220 708 5291 dabimus;
756 5236 927 5290 neque
970 5224 1022 5275 si
1049 5236 1162 5275 non
1204 5219 1741 5286 manducaverimus,
1793 5215 2114 5285 deﬁciemus.

431 5308 600 5363 Videte
633 5313 819 5366 autem
844 5325 914 5364 ne
950 5310 1093 5378 forte
1129 5308 1236 5363 haec
1275 5305 1495 5361 licentia
1530 5309 1708 5361 vestra
1733 5302 2117 5373 oﬁ'endiculum

481 5456 499 5492 1
519 5455 675 5514 Editi.
707 5458 758 5506 et
775 5456 919 5507 vivit.
946 5457 1090 5517 Mss.,
1129 5456 1177 5506 et
1199 5453 1341 5505 vixit
1361 5466 1380 5502 .·
1407 5465 1566 5516 porro
1599 5455 1848 5504 neutrum
1881 5452 1967 5503 hic
2007 5452 2112 5504 loci

419 5517 666 5581 inieacris
689 5518 965 5581 Codicibus
982 5517 1258 5581 reperitur:

481 5580 503 5613 ²
526 5580 650 5630 Mss.
679 5592 888 5638 novem,
905 5575 1116 5641 placeat
1133 5578 1203 5629 ad
1231 5577 1426 5629 bonam
1454 5575 1873 5631 aediﬁcationem.

1399 328 1494 383 DE
1531 326 1844 384 MORIBUS
1882 324 2456 394 MANICHIEORUM,
2498 325 2552 382 S.
2594 323 2979 383 AUGUSTINI

3818 331 3840 381 t
3855 330 3961 383 360

2237 452 2335 519 ﬁat
2362 451 2620 518 inﬁrmis.
2652 448 2717 506 Si
2742 450 2892 504 enim
2919 450 3044 517 quis
3073 450 3274 504 viderit
3301 463 3427 502 eum
3452 451 3554 517 qui
3581 448 3745 502 habet
3772 452 3958 504 scien-

2245 540 2399 606 tiam,
2421 539 2485 591 in
2502 537 2667 591 idolio
2689 537 3100 603 recumbentem,
3123 551 3306 591 nonne
3322 539 3654 591 conscientia
3675 539 3797 605 ejus
3830 553 3958 591 eum

2239 629 2310 681 sit
2336 628 2585 694 inﬁrma,
2627 625 2988 693 adiﬁcabitur
3022 627 3095 679 ad
3121 626 3575 680 manducandum
3613 626 3956 695 idolothyta,

2239 719 2288 768 et
2300 716 2501 783 peribit
2514 716 2773 781 inﬁrmus
2787 717 2849 768 in
2872 718 2968 767 tua
2986 717 3313 768 conscientia
3328 716 3528 782 frater,
3540 719 3775 784 propter
3793 730 3961 783 quem

2241 804 2488 859 Christus
2514 807 2766 856 mortuus
2794 808 2906 857 est?
2932 804 3020 859 Sic
3038 808 3222 857 autem
3248 808 3523 871 peccantes
3551 806 3617 857 in
3642 805 3884 871 fratres,
3913 807 3959 855 et

2233 895 2841 963 percutientesconscien
2849 895 2983 946 tiam
2991 894 3237 961 ipsorum
3252 895 3560 959 inﬁrmam,
3579 893 3645 945 in
3657 892 3957 947 Christum

2234 984 2481 1051 peccatis.
2514 982 2851 1051 Quapropter
2874 984 2925 1035 si
2949 996 3063 1035 esca
3089 982 3433 1035 scandalizat
3459 982 3703 1049 fratrem
3734 997 3954 1048 meum,

2242 1085 2352 1124 non
2380 1071 2716 1125 manducabo
2741 1085 2965 1124 carnem
2983 1073 3046 1125 in
3074 1074 3340 1124 aternum
3360 1085 3428 1124 ne
3448 1071 3689 1138 fratrem
3706 1071 3958 1124 scanda-

2243 1160 2403 1214 lizem
2431 1160 2475 1230 (Ι
2508 1160 2625 1214 Cor.
2659 1175 2776 1228 vm,
2810 1158 2839 1214 4
2868 1157 3020 1227 etc.).

2312 1247 2399 1303 34.
2433 1247 2575 1302 Item
2613 1247 2725 1303 alio
2753 1248 2903 1303 loco:
2946 1247 3086 1314 Quid
3120 1253 3283 1317 ergo?
3307 1248 3427 1302 dico
3454 1248 3599 1316 quod
3637 1249 3811 1302 idolis
3841 1250 3958 1303 im-

2241 1337 2511 1391 molatum
2534 1339 2607 1390 sit
2633 1337 2886 1404 aliquid?
2907 1340 3008 1390 aut
3028 1337 3171 1404 quod
3186 1334 3205 1368 ¹
3232 1337 3444 1390 idolum
3468 1338 3542 1390 sit
3561 1338 3786 1405 aliquid
3804 1343 3833 1391 Ρ
3853 1338 3960 1394 Sed

2240 1440 2361 1493 quae
2386 1426 2679 1479 immolant
2707 1424 2908 1490 Gentes,
2942 1426 3223 1479 dznwniis
3249 1426 3563 1493 immolant,
3594 1430 3643 1478 et
3672 1441 3792 1480 non
3826 1428 3955 1480 Deo.

2242 1513 2376 1567 Nolo
2403 1517 2588 1566 autem
2631 1528 2719 1567 vos
2746 1515 2910 1566 socios
2947 1515 3071 1581 ﬁeri
3110 1514 3527 1567 daemoniorum.
3568 1514 3693 1567 Non
3716 1517 3957 1582 potestis

2240 1602 2461 1655 calicem
2503 1602 2725 1655 Domini
2768 1602 2960 1670 bibere,
3000 1606 3050 1656 et
3082 1603 3306 1655 calicem
3342 1601 3748 1657 damoniorum
3776 1621 3797 1657 :
3842 1619 3960 1658 non

2236 1692 2453 1758 potestis
2477 1705 2671 1743 mensa:
2702 1692 2919 1744 Domini
2944 1692 3239 1759 participes
3268 1705 3390 1754 esse,
3424 1694 3474 1743 et
3512 1706 3712 1744 mensae
3737 1691 3959 1746 daemo-

2242 1779 2487 1832 niorum.
2505 1778 2601 1832 An
2619 1780 2951 1833 wmulamur
2973 1779 3272 1833 Dominum
3286 1784 3311 1831 ?
3328 1779 3619 1846 Numquid
3632 1780 3733 1833 illo
3754 1780 3963 1847 fortio-

2242 1880 2327 1920 res
2352 1881 2544 1920 sumus
2560 1871 2585 1920 ?
2613 1866 2812 1921 Omnia
2832 1867 2973 1921 mihi
3003 1868 3153 1921 licita
3171 1871 3321 1936 sunt,
3347 1868 3437 1921 sed
3455 1883 3567 1921 non
3583 1870 3778 1922 omnia
3807 1885 3960 1938 expe-

2240 1956 2444 2009 diunt:
2472 1956 2662 2009 omnia
2680 1954 2823 2009 mihi
2841 1957 2991 2009 licita
3017 1960 3161 2024 tunt,
3193 1956 3282 2009 sed
3301 1970 3411 2009 non
3435 1955 3627 2009 omnia
3645 1957 3956 2024 zdiﬁcant.

2241 2043 2408 2097 Nemo
2436 2043 2579 2110 quod
2618 2058 2784 2098 suum
2812 2048 2889 2097 est
2914 2048 3146 2112 (μιᾶναι,
3177 2044 3266 2097 sed
3290 2044 3434 2111 quod
3470 2045 3724 2099 alterius.
3776 2044 3962 2100 Omne

2241 2132 2384 2199 quod
2412 2133 2476 2185 in
2502 2133 2722 2186 macello
2748 2134 2916 2202 venit,
2958 2133 3316 2200 manducate;
3362 2131 3512 2185 nihil
3534 2134 3961 2201 interrogantes

2238 2220 2457 2286 propter
2479 2220 2881 2272 conscientiam.
2914 2217 2975 2273 Si
2997 2220 3121 2286 quis
3148 2222 3334 2272 autem
3356 2218 3578 2284 dixerit,
3612 2220 3721 2273 Hoc
3744 2221 3960 2274 immo-

2243 2307 2421 2360 latum
2448 2311 2524 2360 est
2552 2307 2745 2375 idolis;
2778 2307 2945 2360 nolite
2981 2307 3339 2375 manducare,
3376 2312 3605 2377 propter
3642 2309 3818 2363 illum
3858 2309 3963 2377 qui

2239 2395 2473 2464 indicat,
2521 2399 2571 2448 et
2607 2399 2831 2464 propter
2864 2396 3284 2449 conscientiam:
3326 2398 3711 2451 conscientiam
3758 2403 3957 2452 autem

2239 2484 2375 2552 dico,
2407 2498 2519 2538 non
2546 2487 2719 2552 tuam,
2749 2484 2838 2537 sed
2871 2485 3120 2538 alterius.
3168 2484 3366 2552 thuid
3392 2487 3541 2539 enim
3573 2486 3802 2540 libertas
3838 2503 3959 2541 mea

2232 2573 2524 2641 iudicatur
2547 2572 2616 2625 ab
2644 2573 2760 2625 alia
2786 2574 3113 2626 conscientia
3130 2576 3155 2626 Ρ
3182 2571 3244 2628 Si
3271 2589 3362 2642 ego
3385 2589 3513 2628 cum
3534 2576 3726 2643 gratia
3749 2578 3958 2644 parti-

2238 2663 2373 2730 cipe,
2403 2660 2539 2728 quid
2579 2660 2917 2728 blasphemor
2945 2675 3049 2730 pro
3103 2675 3209 2728 quo
3253 2664 3468 2730 gratias
3496 2668 3635 2731 ago?
3661 2663 3787 2719 Sive
3827 2680 3964 2734 ergo

2238 2750 2604 2818 manducatis,
2635 2751 2744 2803 sive
2762 2750 2963 2817 bibitis,
2987 2750 3068 2803 vel
3094 2750 3254 2803 aliud
3275 2752 3411 2818 quid
3437 2751 3641 2819 facitis,
3672 2753 3876 2806 omnia
3897 2755 3963 2807 in

2236 2839 2477 2907 gloriam
2496 2839 2592 2892 Dei
2607 2838 2788 2905 facite.
2812 2836 2942 2893 Sine
2964 2840 3251 2905 o/fensione
3275 2842 3433 2893 estote
3457 2840 3661 2893 Judaeis
3679 2843 3728 2892 et
3749 2839 3964 2895 Graecis

2238 2932 2288 2980 et
2314 2927 2552 2981 Ecclesia:
2576 2928 2690 2995 Dei,
2722 2929 2864 2980 sicut
2895 2930 2945 2980 et
2971 2942 3061 2996 ego
3099 2927 3352 2980 omnibus
3385 2943 3487 2996 per
3522 2930 3713 2982 omnia
3736 2930 3962 2998 placeo,

2238 3031 2351 3070 non
2378 3030 2622 3083 quaerens
2648 3017 2791 3083 quod
2826 3016 2969 3070 mihi
2996 3016 3133 3069 utile
3172 3020 3265 3084 est,
3301 3016 3391 3069 sed
3415 3016 3559 3084 quod
3606 3017 3835 3085 multis,
3895 3022 3964 3071 ut

2237 3104 2378 3157 salvi
2411 3105 2568 3171 ﬁant.
2616 3102 2922 3157 Imitatores
2962 3106 3071 3158 mei
3101 3107 3276 3168 estote,
3322 3105 3468 3158 sicut
3507 3108 3556 3157 et
3600 3119 3692 3173 ego
3733 3103 3964 3160 Christi

2240 3192 2285 3263 (Ι
2315 3193 2437 3249 Cor.
2469 3207 2525 3260 x,
2560 3190 2751 3260 19-33,
2783 3196 2833 3245 et
2856 3208 2930 3261 x1,
2965 3190 3039 3263 1).

2310 3282 2400 3335 35.
2437 3280 2690 3351 Apparet
2715 3278 2913 3351 igitur,
2949 3283 3015 3335 ut
3040 3278 3265 3351 opinor,
3305 3295 3421 3351 quo
3455 3279 3571 3336 ﬁne
3599 3295 3634 3335 a
3670 3281 3965 3337 carnibus

2239 3371 2298 3423 et
2322 3383 2357 3422 a
2380 3367 2513 3423 vino
2542 3367 2616 3422 sit
2633 3367 3055 3423 abstinendum.
3082 3369 3135 3422 Is
3162 3367 3296 3423 ﬁnis
3312 3372 3395 3423 est
3416 3368 3643 3440 triplex.
3672 3368 3762 3424 Ad
3790 3385 3971 3425 com-

2238 3454 2598 3528 primendam
2638 3455 3095 3523 delectationem,
3130 3472 3261 3528 quae
3289 3455 3352 3512 in
3389 3456 3479 3512 bis
3511 3455 3760 3512 maxime
3803 3458 3969 3514 cibis

2236 3543 2436 3599 haberi
2479 3544 2641 3608 solet,
2681 3548 2852 3616 atque
2884 3544 2948 3599 in
2974 3544 3075 3600 tali
3111 3550 3253 3616 potu
3288 3560 3473 3617 usque
3503 3545 3577 3600 ad
3607 3544 3969 3604 ebrietatem

2236 3631 2556 3704 pervenire.
2587 3631 2673 3688 Ad
2702 3631 2975 3688 tuendam
2994 3632 3411 3701 inﬁrmitatem,
3431 3637 3669 3706 propter
3683 3633 3787 3689 illa
3820 3652 3967 3708 qua:

2238 3720 2627 3776 sacriﬁcantur
2667 3725 2841 3792 atque
2877 3721 3150 3777 libantur.
3192 3722 3258 3776 Et
3292 3721 3451 3793 quod
3494 3721 3744 3777 maxime
3774 3738 3961 3780 com-

2238 3809 2633 3866 mendandum
2671 3814 2777 3877 est,
2814 3812 3049 3882 propter
3085 3808 3444 3877 charitatem,
3484 3825 3558 3865 ne
3587 3809 3962 3868 imbecillio-

2237 3913 2367 3953 rum
2396 3896 2466 3954 ab
2505 3897 2596 3953 his
2635 3897 3056 3954 continentium
3097 3896 3418 3953 offendatur
3454 3897 3791 3955 inﬁrmitas.
3836 3901 3961 3957 Vos

2236 3990 2432 4043 autem
2483 3986 2786 4043 immunda
2838 4001 2961 4042 esse
3022 3985 3260 4042 obsonia
3327 3985 3538 4054 dicitis,
3595 4001 3730 4042 cum
3789 3987 3961 4045 dicat

2234 4075 2538 4147 Apostolus
2565 4075 2760 4131 omnia
2788 4074 3006 4131 munda
3034 4089 3178 4143 esse,
3215 4074 3313 4130 sed
3342 4073 3399 4130 ei
3426 4075 3642 4130 malum
3683 4089 3814 4132 esse
3845 4078 3957 4150 qui

2234 4178 2340 4235 per
2392 4162 2767 4219 offensionem
2822 4161 3149 4218 manducet.
3197 4163 3265 4218 Et
3316 4177 3553 4233 prorsus
3606 4162 3783 4218 credo
3842 4181 3957 4221 vos

2234 4250 2359 4305 istis
2387 4250 2573 4323 epulis
2590 4248 2905 4322 inquinari,
2927 4265 2996 4305 eo
3024 4249 3149 4322 ipso
3172 4264 3289 4321 quo
3309 4247 3610 4305 immunda
3631 4264 3757 4305 esse
3788 4252 3957 4308 arbi-

2235 4338 2488 4394 tramini.
2526 4337 2622 4393 Ait
2665 4337 2859 4394 enim:
2889 4337 3054 4394 Credo
3080 4343 3131 4392 et
3175 4337 3383 4406 conﬁdo
3409 4340 3475 4393 in
3510 4339 3746 4393 Domino
3793 4340 3952 4408 Iesu,

2234 4430 2367 4496 quia
2395 4427 2543 4482 nihil
2567 4442 2850 4482 commune
2873 4441 2969 4496 per
2984 4429 3196 4497 ipsum;
3214 4427 3304 4481 sed
3321 4429 3372 4481 ei
3395 4428 3497 4496 qui
3517 4429 3804 4483 existimat
3824 4432 3957 4485 ali-

2232 4517 2368 4585 quid
2399 4531 2683 4570 commune
2709 4531 2831 4584 esse,
2872 4517 2963 4570 illi
2997 4530 3284 4570 commune
3322 4519 3416 4569 est.
3453 4515 3557 4571 Cui
3590 4519 3789 4572 autem
3830 4518 3954 4573 dn-

2232 4602 2396 4658 bium
2412 4596 2527 4671 'est,
2552 4618 2858 4659 commune
2885 4603 3049 4659 illum
3077 4603 3442 4659 immundum
3473 4608 3532 4659 et
3558 4603 3950 4675 inquinatum

2234 4690 2501 4747 vocasse?
2527 4690 2638 4748 Sed
2666 4692 2902 4747 stultum
2945 4696 3029 4747 est
3055 4691 3347 4748 vobiscum
3371 4707 3542 4764 agere
3570 4692 3640 4748 de
3667 4692 3952 4766 Scriptu-

2232 4779 2314 4835 ris
2357 4795 2489 4836 cum
2533 4782 2591 4835 et
2632 4779 2917 4835 rationem
2968 4780 3293 4851 pollicendo
3342 4778 3661 4852 decipiatis,
3723 4787 3784 4837 et
3833 4798 3952 4839 eos

2233 4867 2449 4935 Libros,
2499 4867 2559 4923 in
2606 4868 2815 4940 quibus
2855 4883 3065 4939 magna
3113 4871 3199 4923 est
3246 4866 3545 4939 religionis
3597 4869 3947 4940 auctoritas,

2228 4955 2383 5011 falsis
2412 4955 2690 5029 capitibus
2718 4955 2990 5011 immissis
3017 4961 3319 5028 corruptos
3369 4971 3490 5011 esse
3535 4955 3760 5012 dicatis.
3813 4960 3949 5015 Ra—

2226 5043 2386 5100 tione
2404 5043 2581 5116 igitur
2602 5044 2747 5099 mihi
2772 5043 3113 5117 persuadete
3137 5045 3426 5116 quomodo
3454 5049 3783 5101 vescentem
3813 5063 3949 5103 car-

2226 5148 2327 5188 nes
2355 5132 2747 5205 coinquinent,
2786 5132 2834 5187 si
2857 5131 2980 5186 sine
3008 5132 3127 5187 ulla
3154 5132 3491 5201 oﬂ‘ensione,
3532 5132 3656 5189 sine
3695 5135 3818 5191 ulla
3844 5136 3944 5193 in-

2224 5222 2390 5277 firma
2417 5219 2709 5293 opinione,
2741 5220 2862 5275 sine
2887 5220 3008 5275 ulla
3035 5220 3273 5278 libidine
3303 5223 3656 5277 sumuntur?

2352 5308 2575 5363 CAPUT
2607 5308 2720 5362 XV.
2748 5335 2817 5349 —
2844 5308 3010 5363 Esum
3035 5310 3300 5364 carnium
3329 5324 3433 5364 cur
3458 5309 3803 5366 interdicunt

2917 5396 3225 5452 Manichaei.

2296 5485 2389 5540 36.
2437 5481 2638 5555 Opere:
2677 5482 2927 5555 pretium
2967 5487 3053 5541 est
3074 5488 3259 5541 totam
3294 5483 3706 5558 superstitiosus
3749 5485 3943 5562 hujus

2293 5579 2452 5628 iMss.
2480 5591 2689 5641 novem,
2719 5591 2837 5631 non
2863 5579 3024 5645 quod.
