  <div class='ocr_page' id='page_1' title='image "/cluster/home/n/w/nwhite01/storage/ocr_20150623/32/umn.31951002477326y/692.png"; bbox 0 0 4056 6354; ppageno 0'>
   <div class='ocr_carea' id='block_1_1' title="bbox 160 305 2236 373">
    <p class='ocr_par' dir='ltr' id='par_1_1' title="bbox 160 305 2236 373">
     <span class='ocr_line' id='line_1_1' title="bbox 160 305 2236 373; baseline 0.007 -17"><span class='ocrx_word' id='word_1_1' title='bbox 160 306 178 357; x_wconf 87' lang='lat' dir='ltr'><strong>l</strong></span> <span class='ocrx_word' id='word_1_2' title='bbox 196 305 294 357; x_wconf 69' lang='lat'><strong>361</strong></span> <span class='ocrx_word' id='word_1_3' title='bbox 1595 310 1808 368; x_wconf 79' lang='lat' dir='ltr'><strong>LIBER</strong></span> <span class='ocrx_word' id='word_1_4' title='bbox 1849 311 2236 373; x_wconf 89' lang='lat' dir='ltr'><strong>SECUNDUS.</strong></span> 
     </span>
    </p>
   </div>
   <div class='ocr_carea' id='block_1_2' title="bbox 145 425 1846 502">
    <p class='ocr_par' dir='ltr' id='par_1_2' title="bbox 145 425 1846 502">
     <span class='ocr_line' id='line_1_2' title="bbox 145 425 1846 502; baseline 0.006 -22"><span class='ocrx_word' id='word_1_5' title='bbox 145 425 511 482; x_wconf 77' lang='lat' dir='ltr'><strong>abstinentiae</strong></span> <span class='ocrx_word' id='word_1_6' title='bbox 543 426 823 484; x_wconf 86' lang='lat' dir='ltr'><strong>rationem</strong></span> <span class='ocrx_word' id='word_1_7' title='bbox 863 442 1216 500; x_wconf 79' lang='lat' dir='ltr'><strong>cognoscere,</strong></span> <span class='ocrx_word' id='word_1_8' title='bbox 1252 446 1382 502; x_wconf 64' lang='lat' dir='ltr'><strong>quin</strong></span> <span class='ocrx_word' id='word_1_9' title='bbox 1419 433 1499 487; x_wconf 90' lang='lat' dir='ltr'><strong>ita</strong></span> <span class='ocrx_word' id='word_1_10' title='bbox 1539 433 1801 490; x_wconf 87' lang='lat' dir='ltr'><strong>redditur</strong></span> <span class='ocrx_word' id='word_1_11' title='bbox 1831 451 1846 490; x_wconf 89' lang='lat'><strong>:</strong></span> 
     </span>
    </p>
   </div>
   <div class='ocr_carea' id='block_1_3' title="bbox 145 514 1851 587">
    <p class='ocr_par' dir='ltr' id='par_1_3' title="bbox 145 514 1851 587">
     <span class='ocr_line' id='line_1_3' title="bbox 145 514 1851 587; baseline 0.005 -18"><span class='ocrx_word' id='word_1_12' title='bbox 145 514 450 583; x_wconf 84' lang='lat' dir='ltr'><strong>Quoniam,</strong></span> <span class='ocrx_word' id='word_1_13' title='bbox 489 515 700 587; x_wconf 83' lang='lat' dir='ltr'><strong>inquit,</strong></span> <span class='ocrx_word' id='word_1_14' title='bbox 750 517 1075 573; x_wconf 84' lang='lat' dir='ltr'><strong>membrum</strong></span> <span class='ocrx_word' id='word_1_15' title='bbox 1124 518 1227 574; x_wconf 88' lang='lat' dir='ltr'><strong>Dei</strong></span> <span class='ocrx_word' id='word_1_16' title='bbox 1266 521 1550 577; x_wconf 87' lang='lat' dir='ltr'><strong>malorum</strong></span> <span class='ocrx_word' id='word_1_17' title='bbox 1593 522 1851 578; x_wconf 85' lang='lat' dir='ltr'><strong>substan-</strong></span> 
     </span>
    </p>
   </div>
   <div class='ocr_carea' id='block_1_4' title="bbox 3534 328 3669 384">
    <p class='ocr_par' dir='ltr' id='par_1_4' title="bbox 3534 328 3669 384">
     <span class='ocr_line' id='line_1_4' title="bbox 3534 328 3669 384; baseline 0 -3"><span class='ocrx_word' id='word_1_18' title='bbox 3534 330 3552 381; x_wconf 83' lang='lat' dir='ltr'><strong>t</strong></span> <span class='ocrx_word' id='word_1_19' title='bbox 3565 328 3669 384; x_wconf 84' lang='grc'><strong>362</strong></span> 
     </span>
    </p>
   </div>
   <div class='ocr_carea' id='block_1_5' title="bbox 1961 435 3666 517">
    <p class='ocr_par' dir='ltr' id='par_1_5' title="bbox 1961 435 3666 517">
     <span class='ocr_line' id='line_1_5' title="bbox 1961 435 3666 517; baseline 0.008 -26"><span class='ocrx_word' id='word_1_20' title='bbox 1961 435 2108 492; x_wconf 91' lang='lat' dir='ltr'><strong>tium</strong></span> <span class='ocrx_word' id='word_1_21' title='bbox 2133 437 2367 509; x_wconf 90' lang='lat' dir='ltr'><strong>judicio,</strong></span> <span class='ocrx_word' id='word_1_22' title='bbox 2397 454 2510 511; x_wconf 87' lang='lat' dir='ltr'><strong>quo</strong></span> <span class='ocrx_word' id='word_1_23' title='bbox 2541 439 2708 494; x_wconf 86' lang='lat' dir='ltr'><strong>simul</strong></span> <span class='ocrx_word' id='word_1_24' title='bbox 2740 455 2805 496; x_wconf 90' lang='lat' dir='ltr'><strong>ac</strong></span> <span class='ocrx_word' id='word_1_25' title='bbox 2835 439 2983 496; x_wconf 89' lang='lat' dir='ltr'><strong>dicta</strong></span> <span class='ocrx_word' id='word_1_26' title='bbox 3006 442 3221 498; x_wconf 84' lang='lat' dir='ltr'><strong>fuerint</strong></span> <span class='ocrx_word' id='word_1_27' title='bbox 3250 444 3666 517; x_wconf 81' lang='lat' dir='ltr'><strong>improbentur,</strong></span> 
     </span>
    </p>
   </div>
   <div class='ocr_carea' id='block_1_6' title="bbox 1961 523 3667 604">
    <p class='ocr_par' dir='ltr' id='par_1_6' title="bbox 1961 523 3667 604">
     <span class='ocr_line' id='line_1_6' title="bbox 1961 523 3667 604; baseline 0.008 -24"><span class='ocrx_word' id='word_1_28' title='bbox 1961 526 2061 580; x_wconf 89' lang='lat' dir='ltr'><strong>sed</strong></span> <span class='ocrx_word' id='word_1_29' title='bbox 2104 523 2214 597; x_wconf 88' lang='lat' dir='ltr'><strong>ipsi</strong></span> <span class='ocrx_word' id='word_1_30' title='bbox 2252 526 2422 582; x_wconf 89' lang='lat' dir='ltr'><strong>etiam</strong></span> <span class='ocrx_word' id='word_1_31' title='bbox 2453 529 2674 600; x_wconf 90' lang='lat' dir='ltr'><strong>vulgari</strong></span> <span class='ocrx_word' id='word_1_32' title='bbox 2715 527 3132 602; x_wconf 58' lang='lat' dir='ltr'><strong>intelligentia,</strong></span> <span class='ocrx_word' id='word_1_33' title='bbox 3167 548 3340 604; x_wconf 88' lang='lat' dir='ltr'><strong>quam</strong></span> <span class='ocrx_word' id='word_1_34' title='bbox 3375 535 3487 591; x_wconf 91' lang='lat' dir='ltr'><strong>sint</strong></span> <span class='ocrx_word' id='word_1_35' title='bbox 3527 537 3667 593; x_wconf 88' lang='lat' dir='ltr'><strong>falsa</strong></span> 
     </span>
    </p>
   </div>
   <div class='ocr_carea' id='block_1_7' title="bbox 142 601 1848 682">
    <p class='ocr_par' dir='ltr' id='par_1_7' title="bbox 142 601 1848 682">
     <span class='ocr_line' id='line_1_7' title="bbox 142 601 1848 682; baseline 0.006 -25"><span class='ocrx_word' id='word_1_36' title='bbox 142 601 242 658; x_wconf 65' lang='lat' dir='ltr'><strong>tia;</strong></span> <span class='ocrx_word' id='word_1_37' title='bbox 271 603 645 660; x_wconf 85' lang='lat' dir='ltr'><strong>commixtum</strong></span> <span class='ocrx_word' id='word_1_38' title='bbox 667 609 773 676; x_wconf 91' lang='lat' dir='ltr'><strong>est,</strong></span> <span class='ocrx_word' id='word_1_39' title='bbox 792 610 858 660; x_wconf 91' lang='lat' dir='ltr'><strong>ut</strong></span> <span class='ocrx_word' id='word_1_40' title='bbox 875 622 1000 660; x_wconf 87' lang='lat' dir='ltr'><strong>eam</strong></span> <span class='ocrx_word' id='word_1_41' title='bbox 1025 607 1356 677; x_wconf 89' lang='lat' dir='ltr'><strong>refrenaret,</strong></span> <span class='ocrx_word' id='word_1_42' title='bbox 1379 615 1551 682; x_wconf 88' lang='lat' dir='ltr'><strong>atque</strong></span> <span class='ocrx_word' id='word_1_43' title='bbox 1573 628 1602 664; x_wconf 90' lang='lat' dir='ltr'><strong>a</strong></span> <span class='ocrx_word' id='word_1_44' title='bbox 1623 627 1848 667; x_wconf 91' lang='lat' dir='ltr'><strong>summo</strong></span> 
     </span>
    </p>
   </div>
   <div class='ocr_carea' id='block_1_8' title="bbox 141 691 1850 770">
    <p class='ocr_par' dir='ltr' id='par_1_8' title="bbox 141 691 1850 770">
     <span class='ocr_line' id='line_1_8' title="bbox 141 691 1850 770; baseline 0.006 -24"><span class='ocrx_word' id='word_1_45' title='bbox 141 691 341 747; x_wconf 88' lang='lat' dir='ltr'><strong>furore</strong></span> <span class='ocrx_word' id='word_1_46' title='bbox 384 693 790 765; x_wconf 81' lang='lat' dir='ltr'><strong>comprimeret</strong></span> <span class='ocrx_word' id='word_1_47' title='bbox 833 694 930 760; x_wconf 92' lang='lat' dir='ltr'><strong>(sic</strong></span> <span class='ocrx_word' id='word_1_48' title='bbox 958 695 1113 750; x_wconf 90' lang='lat' dir='ltr'><strong>enim</strong></span> <span class='ocrx_word' id='word_1_49' title='bbox 1162 696 1386 770; x_wconf 86' lang='lat' dir='ltr'><strong>dicitis),</strong></span> <span class='ocrx_word' id='word_1_50' title='bbox 1432 699 1502 754; x_wconf 92' lang='lat' dir='ltr'><strong>de</strong></span> <span class='ocrx_word' id='word_1_51' title='bbox 1549 700 1850 756; x_wconf 87' lang='lat' dir='ltr'><strong>commixta</strong></span> 
     </span>
    </p>
   </div>
   <div class='ocr_carea' id='block_1_9' title="bbox 141 780 1847 854">
    <p class='ocr_par' dir='ltr' id='par_1_9' title="bbox 141 780 1847 854">
     <span class='ocr_line' id='line_1_9' title="bbox 141 780 1847 854; baseline 0.006 -22"><span class='ocrx_word' id='word_1_52' title='bbox 141 782 390 850; x_wconf 89' lang='lat' dir='ltr'><strong>utraque</strong></span> <span class='ocrx_word' id='word_1_53' title='bbox 437 784 664 848; x_wconf 91' lang='lat' dir='ltr'><strong>natura,</strong></span> <span class='ocrx_word' id='word_1_54' title='bbox 695 780 754 835; x_wconf 90' lang='lat' dir='ltr'><strong>id</strong></span> <span class='ocrx_word' id='word_1_55' title='bbox 793 785 878 836; x_wconf 85' lang='lat' dir='ltr'><strong>est</strong></span> <span class='ocrx_word' id='word_1_56' title='bbox 907 781 1043 837; x_wconf 91' lang='lat' dir='ltr'><strong>boni</strong></span> <span class='ocrx_word' id='word_1_57' title='bbox 1075 786 1130 837; x_wconf 92' lang='lat' dir='ltr'><strong>et</strong></span> <span class='ocrx_word' id='word_1_58' title='bbox 1175 783 1333 854; x_wconf 89' lang='lat' dir='ltr'><strong>mali,</strong></span> <span class='ocrx_word' id='word_1_59' title='bbox 1362 785 1610 841; x_wconf 89' lang='lat' dir='ltr'><strong>mundus</strong></span> <span class='ocrx_word' id='word_1_60' title='bbox 1652 791 1738 841; x_wconf 89' lang='lat' dir='ltr'><strong>est</strong></span> <span class='ocrx_word' id='word_1_61' title='bbox 1762 787 1847 842; x_wconf 89' lang='lat' dir='ltr'><strong>fa-</strong></span> 
     </span>
    </p>
   </div>
   <div class='ocr_carea' id='block_1_10' title="bbox 138 867 1846 945">
    <p class='ocr_par' dir='ltr' id='par_1_10' title="bbox 138 867 1846 945">
     <span class='ocr_line' id='line_1_10' title="bbox 138 867 1846 945; baseline 0.005 -23"><span class='ocrx_word' id='word_1_62' title='bbox 138 867 410 924; x_wconf 85' lang='lat' dir='ltr'><strong>bricatus.</strong></span> <span class='ocrx_word' id='word_1_63' title='bbox 445 871 582 924; x_wconf 82' lang='lat' dir='ltr'><strong>Pars</strong></span> <span class='ocrx_word' id='word_1_64' title='bbox 610 873 805 924; x_wconf 89' lang='lat' dir='ltr'><strong>autem</strong></span> <span class='ocrx_word' id='word_1_65' title='bbox 835 869 934 925; x_wconf 88' lang='lat' dir='ltr'><strong>illa</strong></span> <span class='ocrx_word' id='word_1_66' title='bbox 959 869 1154 926; x_wconf 89' lang='lat' dir='ltr'><strong>divina</strong></span> <span class='ocrx_word' id='word_1_67' title='bbox 1182 888 1247 928; x_wconf 86' lang='lat' dir='ltr'><strong>ex</strong></span> <span class='ocrx_word' id='word_1_68' title='bbox 1275 874 1436 928; x_wconf 91' lang='lat' dir='ltr'><strong>omni</strong></span> <span class='ocrx_word' id='word_1_69' title='bbox 1454 878 1616 945; x_wconf 89' lang='lat' dir='ltr'><strong>parte</strong></span> <span class='ocrx_word' id='word_1_70' title='bbox 1642 876 1846 931; x_wconf 92' lang='lat' dir='ltr'><strong>mundi</strong></span> 
     </span>
    </p>
   </div>
   <div class='ocr_carea' id='block_1_11' title="bbox 137 957 1844 1033">
    <p class='ocr_par' dir='ltr' id='par_1_11' title="bbox 137 957 1844 1033">
     <span class='ocr_line' id='line_1_11' title="bbox 137 957 1844 1033; baseline 0.005 -21"><span class='ocrx_word' id='word_1_71' title='bbox 137 957 403 1029; x_wconf 87' lang='lat' dir='ltr'><strong>quotidie</strong></span> <span class='ocrx_word' id='word_1_72' title='bbox 440 963 738 1029; x_wconf 83' lang='lat' dir='ltr'><strong>purgatur,</strong></span> <span class='ocrx_word' id='word_1_73' title='bbox 785 962 838 1014; x_wconf 86' lang='lat' dir='ltr'><strong>et</strong></span> <span class='ocrx_word' id='word_1_74' title='bbox 885 959 946 1014; x_wconf 93' lang='lat' dir='ltr'><strong>in</strong></span> <span class='ocrx_word' id='word_1_75' title='bbox 995 976 1097 1014; x_wconf 87' lang='lat' dir='ltr'><strong>sua</strong></span> <span class='ocrx_word' id='word_1_76' title='bbox 1137 977 1314 1033; x_wconf 89' lang='lat' dir='ltr'><strong>regna</strong></span> <span class='ocrx_word' id='word_1_77' title='bbox 1360 963 1708 1019; x_wconf 88' lang='lat' dir='ltr'><strong>resumitur:</strong></span> <span class='ocrx_word' id='word_1_78' title='bbox 1749 965 1844 1021; x_wconf 91' lang='lat' dir='ltr'><strong>sed</strong></span> 
     </span>
    </p>
   </div>
   <div class='ocr_carea' id='block_1_12' title="bbox 135 1045 1844 1121">
    <p class='ocr_par' dir='ltr' id='par_1_12' title="bbox 135 1045 1844 1121">
     <span class='ocr_line' id='line_1_12' title="bbox 135 1045 1844 1121; baseline 0.006 -22"><span class='ocrx_word' id='word_1_79' title='bbox 135 1045 263 1100; x_wconf 84' lang='lat' dir='ltr'><strong>haec</strong></span> <span class='ocrx_word' id='word_1_80' title='bbox 300 1062 406 1117; x_wconf 88' lang='lat' dir='ltr'><strong>per</strong></span> <span class='ocrx_word' id='word_1_81' title='bbox 439 1051 649 1102; x_wconf 89' lang='lat' dir='ltr'><strong>terram</strong></span> <span class='ocrx_word' id='word_1_82' title='bbox 691 1048 980 1117; x_wconf 85' lang='lat' dir='ltr'><strong>exhalans,</strong></span> <span class='ocrx_word' id='word_1_83' title='bbox 1018 1053 1075 1105; x_wconf 87' lang='lat' dir='ltr'><strong>et</strong></span> <span class='ocrx_word' id='word_1_84' title='bbox 1117 1051 1191 1105; x_wconf 91' lang='lat' dir='ltr'><strong>ad</strong></span> <span class='ocrx_word' id='word_1_85' title='bbox 1227 1051 1433 1107; x_wconf 77' lang='lat' dir='ltr'><strong>coelum</strong></span> <span class='ocrx_word' id='word_1_86' title='bbox 1463 1053 1721 1121; x_wconf 89' lang='lat' dir='ltr'><strong>tendens,</strong></span> <span class='ocrx_word' id='word_1_87' title='bbox 1755 1053 1844 1109; x_wconf 86' lang='lat' dir='ltr'><strong>in-</strong></span> 
     </span>
    </p>
   </div>
   <div class='ocr_carea' id='block_1_13' title="bbox 135 1134 1838 1213">
    <p class='ocr_par' dir='ltr' id='par_1_13' title="bbox 135 1134 1838 1213">
     <span class='ocr_line' id='line_1_13' title="bbox 135 1134 1838 1213; baseline 0.006 -25"><span class='ocrx_word' id='word_1_88' title='bbox 135 1134 320 1188; x_wconf 84' lang='lat' dir='ltr'><strong>currit</strong></span> <span class='ocrx_word' id='word_1_89' title='bbox 343 1134 404 1189; x_wconf 91' lang='lat' dir='ltr'><strong>in</strong></span> <span class='ocrx_word' id='word_1_90' title='bbox 433 1135 657 1206; x_wconf 82' lang='lat' dir='ltr'><strong>stirpes,</strong></span> <span class='ocrx_word' id='word_1_91' title='bbox 686 1137 960 1208; x_wconf 90' lang='lat' dir='ltr'><strong>quoniam</strong></span> <span class='ocrx_word' id='word_1_92' title='bbox 999 1138 1283 1194; x_wconf 86' lang='lat' dir='ltr'><strong>radicibus</strong></span> <span class='ocrx_word' id='word_1_93' title='bbox 1311 1144 1478 1196; x_wconf 67' lang='lat' dir='ltr'><strong>terra:</strong></span> <span class='ocrx_word' id='word_1_94' title='bbox 1511 1141 1838 1213; x_wconf 88' lang='lat' dir='ltr'><strong>afﬁguntur,</strong></span> 
     </span>
    </p>
   </div>
   <div class='ocr_carea' id='block_1_14' title="bbox 135 1223 1846 1294">
    <p class='ocr_par' dir='ltr' id='par_1_14' title="bbox 135 1223 1846 1294">
     <span class='ocr_line' id='line_1_14' title="bbox 135 1223 1846 1294; baseline 0.006 -17"><span class='ocrx_word' id='word_1_95' title='bbox 135 1226 313 1294; x_wconf 91' lang='lat' dir='ltr'><strong>atque</strong></span> <span class='ocrx_word' id='word_1_96' title='bbox 351 1223 434 1279; x_wconf 87' lang='lat' dir='ltr'><strong>ita</strong></span> <span class='ocrx_word' id='word_1_97' title='bbox 475 1240 676 1280; x_wconf 90' lang='lat' dir='ltr'><strong>omnes</strong></span> <span class='ocrx_word' id='word_1_98' title='bbox 716 1226 941 1294; x_wconf 87' lang='lat' dir='ltr'><strong>herbas,</strong></span> <span class='ocrx_word' id='word_1_99' title='bbox 979 1231 1038 1282; x_wconf 88' lang='lat' dir='ltr'><strong>et</strong></span> <span class='ocrx_word' id='word_1_100' title='bbox 1077 1228 1306 1284; x_wconf 88' lang='lat' dir='ltr'><strong>arbusta</strong></span> <span class='ocrx_word' id='word_1_101' title='bbox 1341 1230 1535 1286; x_wconf 86' lang='lat' dir='ltr'><strong>omnia</strong></span> <span class='ocrx_word' id='word_1_102' title='bbox 1575 1231 1846 1287; x_wconf 89' lang='lat' dir='ltr'><strong>fecundat</strong></span> 
     </span>
    </p>
   </div>
   <div class='ocr_carea' id='block_1_15' title="bbox 136 1313 1842 1390">
    <p class='ocr_par' dir='ltr' id='par_1_15' title="bbox 136 1313 1842 1390">
     <span class='ocr_line' id='line_1_15' title="bbox 136 1313 1842 1390; baseline 0.005 -24"><span class='ocrx_word' id='word_1_103' title='bbox 136 1317 197 1367; x_wconf 91' lang='lat' dir='ltr'><strong>et</strong></span> <span class='ocrx_word' id='word_1_104' title='bbox 227 1317 470 1383; x_wconf 82' lang='lat' dir='ltr'><strong>vegetat.</strong></span> <span class='ocrx_word' id='word_1_105' title='bbox 506 1313 644 1368; x_wconf 86' lang='lat' dir='ltr'><strong>Hinc</strong></span> <span class='ocrx_word' id='word_1_106' title='bbox 673 1315 941 1370; x_wconf 84' lang='lat' dir='ltr'><strong>animalia</strong></span> <span class='ocrx_word' id='word_1_107' title='bbox 965 1316 1156 1371; x_wconf 90' lang='lat' dir='ltr'><strong>cibum</strong></span> <span class='ocrx_word' id='word_1_108' title='bbox 1188 1318 1437 1390; x_wconf 88' lang='lat' dir='ltr'><strong>capiunt,</strong></span> <span class='ocrx_word' id='word_1_109' title='bbox 1471 1335 1600 1390; x_wconf 67' lang='lat' dir='ltr'><strong>quae</strong></span> <span class='ocrx_word' id='word_1_110' title='bbox 1629 1319 1676 1374; x_wconf 91' lang='lat' dir='ltr'><strong>si</strong></span> <span class='ocrx_word' id='word_1_111' title='bbox 1705 1336 1842 1375; x_wconf 88' lang='lat' dir='ltr'><strong>con-</strong></span> 
     </span>
    </p>
   </div>
   <div class='ocr_carea' id='block_1_16' title="bbox 133 1402 1844 1477">
    <p class='ocr_par' dir='ltr' id='par_1_16' title="bbox 133 1402 1844 1477">
     <span class='ocr_line' id='line_1_16' title="bbox 133 1402 1844 1477; baseline 0.004 -20"><span class='ocrx_word' id='word_1_112' title='bbox 133 1403 436 1470; x_wconf 88' lang='lat' dir='ltr'><strong>cumbunt,</strong></span> <span class='ocrx_word' id='word_1_113' title='bbox 464 1402 648 1474; x_wconf 83' lang='lat' dir='ltr'><strong>ligant</strong></span> <span class='ocrx_word' id='word_1_114' title='bbox 669 1403 731 1458; x_wconf 91' lang='lat' dir='ltr'><strong>in</strong></span> <span class='ocrx_word' id='word_1_115' title='bbox 757 1419 926 1458; x_wconf 90' lang='lat' dir='ltr'><strong>carne</strong></span> <span class='ocrx_word' id='word_1_116' title='bbox 955 1405 1213 1461; x_wconf 88' lang='lat' dir='ltr'><strong>divinum</strong></span> <span class='ocrx_word' id='word_1_117' title='bbox 1241 1406 1383 1462; x_wconf 90' lang='lat' dir='ltr'><strong>illud</strong></span> <span class='ocrx_word' id='word_1_118' title='bbox 1412 1409 1756 1477; x_wconf 89' lang='lat' dir='ltr'><strong>membrum,</strong></span> <span class='ocrx_word' id='word_1_119' title='bbox 1786 1412 1844 1464; x_wconf 84' lang='lat' dir='ltr'><strong>et</strong></span> 
     </span>
    </p>
   </div>
   <div class='ocr_carea' id='block_1_17' title="bbox 129 1491 1840 1568">
    <p class='ocr_par' dir='ltr' id='par_1_17' title="bbox 129 1491 1840 1568">
     <span class='ocr_line' id='line_1_17' title="bbox 129 1491 1840 1568; baseline 0.005 -24"><span class='ocrx_word' id='word_1_120' title='bbox 129 1506 166 1544; x_wconf 93' lang='lat' dir='ltr'><strong>a</strong></span> <span class='ocrx_word' id='word_1_121' title='bbox 195 1495 349 1546; x_wconf 88' lang='lat' dir='ltr'><strong>certo</strong></span> <span class='ocrx_word' id='word_1_122' title='bbox 379 1507 482 1546; x_wconf 88' lang='lat' dir='ltr'><strong>suo</strong></span> <span class='ocrx_word' id='word_1_123' title='bbox 512 1491 719 1548; x_wconf 88' lang='lat' dir='ltr'><strong>itinere</strong></span> <span class='ocrx_word' id='word_1_124' title='bbox 749 1508 1013 1549; x_wconf 90' lang='lat' dir='ltr'><strong>aversum</strong></span> <span class='ocrx_word' id='word_1_125' title='bbox 1039 1499 1210 1568; x_wconf 87' lang='lat' dir='ltr'><strong>atque</strong></span> <span class='ocrx_word' id='word_1_126' title='bbox 1241 1495 1604 1568; x_wconf 91' lang='lat' dir='ltr'><strong>impeditum,</strong></span> <span class='ocrx_word' id='word_1_127' title='bbox 1633 1497 1840 1552; x_wconf 89' lang='lat' dir='ltr'><strong>errori-</strong></span> 
     </span>
    </p>
   </div>
   <div class='ocr_carea' id='block_1_18' title="bbox 129 1579 1840 1658">
    <p class='ocr_par' dir='ltr' id='par_1_18' title="bbox 129 1579 1840 1658">
     <span class='ocr_line' id='line_1_18' title="bbox 129 1579 1840 1658; baseline 0.005 -25"><span class='ocrx_word' id='word_1_128' title='bbox 129 1579 242 1634; x_wconf 87' lang='lat' dir='ltr'><strong>bus</strong></span> <span class='ocrx_word' id='word_1_129' title='bbox 263 1581 652 1652; x_wconf 72' lang='lat' dir='ltr'><strong>aerumnisque</strong></span> <span class='ocrx_word' id='word_1_130' title='bbox 665 1581 979 1653; x_wconf 90' lang='lat' dir='ltr'><strong>implicant.</strong></span> <span class='ocrx_word' id='word_1_131' title='bbox 998 1585 1198 1656; x_wconf 88' lang='lat' dir='ltr'><strong>Itaque</strong></span> <span class='ocrx_word' id='word_1_132' title='bbox 1226 1584 1338 1640; x_wconf 92' lang='lat' dir='ltr'><strong>cibi</strong></span> <span class='ocrx_word' id='word_1_133' title='bbox 1359 1585 1460 1658; x_wconf 85' lang='lat' dir='ltr'><strong>qui</strong></span> <span class='ocrx_word' id='word_1_134' title='bbox 1486 1587 1555 1641; x_wconf 90' lang='lat' dir='ltr'><strong>de</strong></span> <span class='ocrx_word' id='word_1_135' title='bbox 1577 1586 1840 1657; x_wconf 80' lang='lat' dir='ltr'><strong>frugibus</strong></span> 
     </span>
    </p>
   </div>
   <div class='ocr_carea' id='block_1_19' title="bbox 127 1668 1838 1740">
    <p class='ocr_par' dir='ltr' id='par_1_19' title="bbox 127 1668 1838 1740">
     <span class='ocr_line' id='line_1_19' title="bbox 127 1668 1838 1740; baseline 0.002 -16"><span class='ocrx_word' id='word_1_136' title='bbox 127 1673 189 1724; x_wconf 91' lang='lat' dir='ltr'><strong>et</strong></span> <span class='ocrx_word' id='word_1_137' title='bbox 218 1668 406 1739; x_wconf 89' lang='lat' dir='ltr'><strong>pomis</strong></span> <span class='ocrx_word' id='word_1_138' title='bbox 434 1675 732 1740; x_wconf 88' lang='lat' dir='ltr'><strong>parantur,</strong></span> <span class='ocrx_word' id='word_1_139' title='bbox 763 1671 810 1724; x_wconf 89' lang='lat' dir='ltr'><strong>si</strong></span> <span class='ocrx_word' id='word_1_140' title='bbox 839 1672 910 1726; x_wconf 89' lang='lat' dir='ltr'><strong>ad</strong></span> <span class='ocrx_word' id='word_1_141' title='bbox 937 1676 1182 1740; x_wconf 90' lang='lat' dir='ltr'><strong>sanctos,</strong></span> <span class='ocrx_word' id='word_1_142' title='bbox 1202 1672 1262 1727; x_wconf 91' lang='lat' dir='ltr'><strong>id</strong></span> <span class='ocrx_word' id='word_1_143' title='bbox 1291 1677 1376 1728; x_wconf 91' lang='lat' dir='ltr'><strong>est</strong></span> <span class='ocrx_word' id='word_1_144' title='bbox 1405 1674 1475 1728; x_wconf 89' lang='lat' dir='ltr'><strong>ad</strong></span> <span class='ocrx_word' id='word_1_145' title='bbox 1498 1673 1838 1729; x_wconf 82' lang='lat' dir='ltr'><strong>Manichaeos</strong></span> 
     </span>
    </p>
   </div>
   <div class='ocr_carea' id='block_1_20' title="bbox 127 1755 1837 1834">
    <p class='ocr_par' dir='ltr' id='par_1_20' title="bbox 127 1755 1837 1834">
     <span class='ocr_line' id='line_1_20' title="bbox 127 1755 1837 1834; baseline 0.003 -23"><span class='ocrx_word' id='word_1_146' title='bbox 127 1755 384 1823; x_wconf 85' lang='lat' dir='ltr'><strong>veniant,</strong></span> <span class='ocrx_word' id='word_1_147' title='bbox 416 1773 519 1829; x_wconf 91' lang='lat' dir='ltr'><strong>per</strong></span> <span class='ocrx_word' id='word_1_148' title='bbox 557 1774 755 1812; x_wconf 89' lang='lat' dir='ltr'><strong>eorum</strong></span> <span class='ocrx_word' id='word_1_149' title='bbox 785 1759 1120 1830; x_wconf 86' lang='lat' dir='ltr'><strong>castitatem,</strong></span> <span class='ocrx_word' id='word_1_150' title='bbox 1154 1765 1209 1816; x_wconf 88' lang='lat' dir='ltr'><strong>et</strong></span> <span class='ocrx_word' id='word_1_151' title='bbox 1254 1761 1562 1830; x_wconf 87' lang='lat' dir='ltr'><strong>orationes,</strong></span> <span class='ocrx_word' id='word_1_152' title='bbox 1605 1765 1662 1816; x_wconf 94' lang='lat' dir='ltr'><strong>et</strong></span> <span class='ocrx_word' id='word_1_153' title='bbox 1687 1763 1837 1834; x_wconf 91' lang='lat' dir='ltr'><strong>psal-</strong></span> 
     </span>
    </p>
   </div>
   <div class='ocr_carea' id='block_1_21' title="bbox 128 1845 1835 1922">
    <p class='ocr_par' dir='ltr' id='par_1_21' title="bbox 128 1845 1835 1922">
     <span class='ocr_line' id='line_1_21' title="bbox 128 1845 1835 1922; baseline 0.005 -24"><span class='ocrx_word' id='word_1_154' title='bbox 128 1859 280 1912; x_wconf 91' lang='lat' dir='ltr'><strong>mos,</strong></span> <span class='ocrx_word' id='word_1_155' title='bbox 312 1845 593 1918; x_wconf 88' lang='lat' dir='ltr'><strong>quidquid</strong></span> <span class='ocrx_word' id='word_1_156' title='bbox 621 1846 683 1902; x_wconf 93' lang='lat' dir='ltr'><strong>in</strong></span> <span class='ocrx_word' id='word_1_157' title='bbox 712 1846 792 1901; x_wconf 87' lang='lat' dir='ltr'><strong>eis</strong></span> <span class='ocrx_word' id='word_1_158' title='bbox 823 1853 908 1903; x_wconf 90' lang='lat' dir='ltr'><strong>est</strong></span> <span class='ocrx_word' id='word_1_159' title='bbox 935 1849 1290 1904; x_wconf 90' lang='lat' dir='ltr'><strong>luculentum</strong></span> <span class='ocrx_word' id='word_1_160' title='bbox 1321 1854 1376 1905; x_wconf 89' lang='lat' dir='ltr'><strong>et</strong></span> <span class='ocrx_word' id='word_1_161' title='bbox 1406 1851 1663 1906; x_wconf 92' lang='lat' dir='ltr'><strong>divinum</strong></span> <span class='ocrx_word' id='word_1_162' title='bbox 1693 1867 1835 1922; x_wconf 90' lang='lat' dir='ltr'><strong>pur-</strong></span> 
     </span>
    </p>
   </div>
   <div class='ocr_carea' id='block_1_22' title="bbox 127 1934 1838 2012">
    <p class='ocr_par' dir='ltr' id='par_1_22' title="bbox 127 1934 1838 2012">
     <span class='ocr_line' id='line_1_22' title="bbox 127 1934 1838 2012; baseline 0.004 -24"><span class='ocrx_word' id='word_1_163' title='bbox 127 1937 302 2003; x_wconf 85' lang='lat' dir='ltr'><strong>gatur</strong></span> <span class='ocrx_word' id='word_1_164' title='bbox 330 1936 371 2000; x_wconf 73' lang='grc'><strong>1,</strong></span> <span class='ocrx_word' id='word_1_165' title='bbox 403 1934 461 1989; x_wconf 82' lang='lat' dir='ltr'><strong>id</strong></span> <span class='ocrx_word' id='word_1_166' title='bbox 493 1938 576 1989; x_wconf 90' lang='lat' dir='ltr'><strong>est</strong></span> <span class='ocrx_word' id='word_1_167' title='bbox 615 1952 682 1991; x_wconf 85' lang='lat' dir='ltr'><strong>ex</strong></span> <span class='ocrx_word' id='word_1_168' title='bbox 711 1937 868 1991; x_wconf 90' lang='lat' dir='ltr'><strong>omni</strong></span> <span class='ocrx_word' id='word_1_169' title='bbox 906 1942 1069 2008; x_wconf 89' lang='lat' dir='ltr'><strong>parte</strong></span> <span class='ocrx_word' id='word_1_170' title='bbox 1106 1939 1421 2009; x_wconf 89' lang='lat' dir='ltr'><strong>perﬁcitur,</strong></span> <span class='ocrx_word' id='word_1_171' title='bbox 1457 1943 1519 1994; x_wconf 89' lang='lat' dir='ltr'><strong>ut</strong></span> <span class='ocrx_word' id='word_1_172' title='bbox 1561 1940 1629 1994; x_wconf 92' lang='lat' dir='ltr'><strong>ad</strong></span> <span class='ocrx_word' id='word_1_173' title='bbox 1659 1956 1838 2012; x_wconf 90' lang='lat' dir='ltr'><strong>regna</strong></span> 
     </span>
    </p>
   </div>
   <div class='ocr_carea' id='block_1_23' title="bbox 128 2021 1836 2093">
    <p class='ocr_par' dir='ltr' id='par_1_23' title="bbox 128 2021 1836 2093">
     <span class='ocr_line' id='line_1_23' title="bbox 128 2021 1836 2093; baseline 0.005 -18"><span class='ocrx_word' id='word_1_174' title='bbox 128 2021 365 2093; x_wconf 89' lang='lat' dir='ltr'><strong>propria</strong></span> <span class='ocrx_word' id='word_1_175' title='bbox 394 2021 518 2077; x_wconf 90' lang='lat' dir='ltr'><strong>sine</strong></span> <span class='ocrx_word' id='word_1_176' title='bbox 546 2024 663 2078; x_wconf 87' lang='lat' dir='ltr'><strong>ulla</strong></span> <span class='ocrx_word' id='word_1_177' title='bbox 693 2024 942 2080; x_wconf 90' lang='lat' dir='ltr'><strong>sordium</strong></span> <span class='ocrx_word' id='word_1_178' title='bbox 987 2026 1321 2082; x_wconf 87' lang='lat' dir='ltr'><strong>difﬁcultate</strong></span> <span class='ocrx_word' id='word_1_179' title='bbox 1351 2027 1654 2082; x_wconf 88' lang='lat' dir='ltr'><strong>referatur.</strong></span> <span class='ocrx_word' id='word_1_180' title='bbox 1695 2028 1836 2083; x_wconf 88' lang='lat' dir='ltr'><strong>Hinc</strong></span> 
     </span>
    </p>
   </div>
   <div class='ocr_carea' id='block_1_24' title="bbox 125 2111 1831 2187">
    <p class='ocr_par' dir='ltr' id='par_1_24' title="bbox 125 2111 1831 2187">
     <span class='ocr_line' id='line_1_24' title="bbox 125 2111 1831 2187; baseline 0.004 -23"><span class='ocrx_word' id='word_1_181' title='bbox 125 2114 216 2165; x_wconf 90' lang='lat' dir='ltr'><strong>est</strong></span> <span class='ocrx_word' id='word_1_182' title='bbox 243 2111 400 2182; x_wconf 92' lang='lat' dir='ltr'><strong>quod</strong></span> <span class='ocrx_word' id='word_1_183' title='bbox 429 2111 780 2168; x_wconf 89' lang='lat' dir='ltr'><strong>mendicanti</strong></span> <span class='ocrx_word' id='word_1_184' title='bbox 808 2113 1054 2182; x_wconf 90' lang='lat' dir='ltr'><strong>homini,</strong></span> <span class='ocrx_word' id='word_1_185' title='bbox 1084 2115 1183 2187; x_wconf 89' lang='lat' dir='ltr'><strong>qui</strong></span> <span class='ocrx_word' id='word_1_186' title='bbox 1215 2116 1564 2171; x_wconf 66' lang='lat' dir='ltr'><strong>manichaeus</strong></span> <span class='ocrx_word' id='word_1_187' title='bbox 1591 2133 1709 2172; x_wconf 92' lang='lat' dir='ltr'><strong>non</strong></span> <span class='ocrx_word' id='word_1_188' title='bbox 1737 2115 1831 2184; x_wconf 87' lang='lat' dir='ltr'><strong>sit,</strong></span> 
     </span>
    </p>
   </div>
   <div class='ocr_carea' id='block_1_25' title="bbox 124 2199 1834 2276">
    <p class='ocr_par' dir='ltr' id='par_1_25' title="bbox 124 2199 1834 2276">
     <span class='ocr_line' id='line_1_25' title="bbox 124 2199 1834 2276; baseline 0.004 -23"><span class='ocrx_word' id='word_1_189' title='bbox 124 2214 337 2270; x_wconf 90' lang='lat' dir='ltr'><strong>panem</strong></span> <span class='ocrx_word' id='word_1_190' title='bbox 385 2200 474 2254; x_wconf 88' lang='lat' dir='ltr'><strong>vel</strong></span> <span class='ocrx_word' id='word_1_191' title='bbox 517 2199 735 2272; x_wconf 89' lang='lat' dir='ltr'><strong>aliquid</strong></span> <span class='ocrx_word' id='word_1_192' title='bbox 782 2201 1039 2273; x_wconf 82' lang='lat' dir='ltr'><strong>frugum,</strong></span> <span class='ocrx_word' id='word_1_193' title='bbox 1068 2203 1157 2258; x_wconf 90' lang='lat' dir='ltr'><strong>vel</strong></span> <span class='ocrx_word' id='word_1_194' title='bbox 1205 2220 1416 2275; x_wconf 90' lang='lat' dir='ltr'><strong>aquam</strong></span> <span class='ocrx_word' id='word_1_195' title='bbox 1457 2203 1663 2275; x_wconf 89' lang='lat' dir='ltr'><strong>ipsam,</strong></span> <span class='ocrx_word' id='word_1_196' title='bbox 1705 2221 1834 2276; x_wconf 72' lang='lat' dir='ltr'><strong>quae</strong></span> 
     </span>
    </p>
   </div>
   <div class='ocr_carea' id='block_1_26' title="bbox 121 2287 1830 2362">
    <p class='ocr_par' dir='ltr' id='par_1_26' title="bbox 121 2287 1830 2362">
     <span class='ocr_line' id='line_1_26' title="bbox 121 2287 1830 2362; baseline 0.002 -18"><span class='ocrx_word' id='word_1_197' title='bbox 121 2287 394 2344; x_wconf 91' lang='lat' dir='ltr'><strong>omnibus</strong></span> <span class='ocrx_word' id='word_1_198' title='bbox 421 2288 548 2344; x_wconf 81' lang='lat' dir='ltr'><strong>vilis</strong></span> <span class='ocrx_word' id='word_1_199' title='bbox 577 2293 679 2358; x_wconf 91' lang='lat' dir='ltr'><strong>est,</strong></span> <span class='ocrx_word' id='word_1_200' title='bbox 714 2289 839 2345; x_wconf 91' lang='lat' dir='ltr'><strong>dari</strong></span> <span class='ocrx_word' id='word_1_201' title='bbox 869 2291 1216 2362; x_wconf 85' lang='lat' dir='ltr'><strong>prohibetis;</strong></span> <span class='ocrx_word' id='word_1_202' title='bbox 1249 2308 1322 2346; x_wconf 90' lang='lat' dir='ltr'><strong>ne</strong></span> <span class='ocrx_word' id='word_1_203' title='bbox 1353 2293 1675 2347; x_wconf 89' lang='lat' dir='ltr'><strong>membrum</strong></span> <span class='ocrx_word' id='word_1_204' title='bbox 1708 2292 1830 2361; x_wconf 90' lang='lat' dir='ltr'><strong>Dei,</strong></span> 
     </span>
    </p>
   </div>
   <div class='ocr_carea' id='block_1_27' title="bbox 123 2378 1830 2452">
    <p class='ocr_par' dir='ltr' id='par_1_27' title="bbox 123 2378 1830 2452">
     <span class='ocr_line' id='line_1_27' title="bbox 123 2378 1830 2452; baseline 0.002 -20"><span class='ocrx_word' id='word_1_205' title='bbox 123 2378 282 2449; x_wconf 81' lang='lat' dir='ltr'><strong>quod</strong></span> <span class='ocrx_word' id='word_1_206' title='bbox 324 2379 414 2432; x_wconf 93' lang='lat' dir='ltr'><strong>his</strong></span> <span class='ocrx_word' id='word_1_207' title='bbox 443 2379 612 2433; x_wconf 90' lang='lat' dir='ltr'><strong>rebus</strong></span> <span class='ocrx_word' id='word_1_208' title='bbox 653 2378 972 2434; x_wconf 87' lang='lat' dir='ltr'><strong>admixtum</strong></span> <span class='ocrx_word' id='word_1_209' title='bbox 1002 2384 1108 2448; x_wconf 88' lang='lat' dir='ltr'><strong>est,</strong></span> <span class='ocrx_word' id='word_1_210' title='bbox 1141 2379 1258 2435; x_wconf 87' lang='lat' dir='ltr'><strong>suis</strong></span> <span class='ocrx_word' id='word_1_211' title='bbox 1298 2381 1542 2452; x_wconf 89' lang='lat' dir='ltr'><strong>peccatis</strong></span> <span class='ocrx_word' id='word_1_212' title='bbox 1573 2381 1830 2436; x_wconf 89' lang='lat' dir='ltr'><strong>sordida-</strong></span> 
     </span>
    </p>
   </div>
   <div class='ocr_carea' id='block_1_28' title="bbox 123 2465 868 2538">
    <p class='ocr_par' dir='ltr' id='par_1_28' title="bbox 123 2465 868 2538">
     <span class='ocr_line' id='line_1_28' title="bbox 123 2465 868 2538; baseline 0.004 -18"><span class='ocrx_word' id='word_1_213' title='bbox 123 2471 246 2520; x_wconf 89' lang='lat' dir='ltr'><strong>tum</strong></span> <span class='ocrx_word' id='word_1_214' title='bbox 277 2482 312 2519; x_wconf 90' lang='lat' dir='ltr'><strong>a</strong></span> <span class='ocrx_word' id='word_1_215' title='bbox 342 2465 531 2521; x_wconf 91' lang='lat' dir='ltr'><strong>reditu</strong></span> <span class='ocrx_word' id='word_1_216' title='bbox 564 2466 868 2538; x_wconf 90' lang='lat' dir='ltr'><strong>impediat.</strong></span> 
     </span>
    </p>
   </div>
   <div class='ocr_carea' id='block_1_29' title="bbox 195 2555 1829 2627">
    <p class='ocr_par' dir='ltr' id='par_1_29' title="bbox 195 2555 1829 2627">
     <span class='ocr_line' id='line_1_29' title="bbox 195 2555 1829 2627; baseline 0.002 -18"><span class='ocrx_word' id='word_1_217' title='bbox 195 2558 284 2610; x_wconf 88' lang='lat'><strong>37.</strong></span> <span class='ocrx_word' id='word_1_218' title='bbox 319 2555 528 2610; x_wconf 88' lang='lat' dir='ltr'><strong>Carnes</strong></span> <span class='ocrx_word' id='word_1_219' title='bbox 554 2559 750 2612; x_wconf 89' lang='lat' dir='ltr'><strong>autem</strong></span> <span class='ocrx_word' id='word_1_220' title='bbox 772 2556 894 2627; x_wconf 88' lang='lat' dir='ltr'><strong>jam</strong></span> <span class='ocrx_word' id='word_1_221' title='bbox 926 2555 996 2611; x_wconf 92' lang='lat' dir='ltr'><strong>de</strong></span> <span class='ocrx_word' id='word_1_222' title='bbox 1026 2556 1164 2627; x_wconf 91' lang='lat' dir='ltr'><strong>ipsis</strong></span> <span class='ocrx_word' id='word_1_223' title='bbox 1194 2557 1456 2613; x_wconf 89' lang='lat' dir='ltr'><strong>sordibus</strong></span> <span class='ocrx_word' id='word_1_224' title='bbox 1490 2557 1677 2612; x_wconf 92' lang='lat' dir='ltr'><strong>dicitis</strong></span> <span class='ocrx_word' id='word_1_225' title='bbox 1707 2573 1829 2614; x_wconf 90' lang='lat' dir='ltr'><strong>esse</strong></span> 
     </span>
    </p>
   </div>
   <div class='ocr_carea' id='block_1_30' title="bbox 120 2644 1831 2718">
    <p class='ocr_par' dir='ltr' id='par_1_30' title="bbox 120 2644 1831 2718">
     <span class='ocr_line' id='line_1_30' title="bbox 120 2644 1831 2718; baseline 0.002 -20"><span class='ocrx_word' id='word_1_226' title='bbox 120 2648 439 2698; x_wconf 90' lang='lat' dir='ltr'><strong>concretas.</strong></span> <span class='ocrx_word' id='word_1_227' title='bbox 477 2644 646 2714; x_wconf 81' lang='lat' dir='ltr'><strong>Fugit</strong></span> <span class='ocrx_word' id='word_1_228' title='bbox 674 2644 830 2698; x_wconf 91' lang='lat' dir='ltr'><strong>enim</strong></span> <span class='ocrx_word' id='word_1_229' title='bbox 869 2645 1085 2716; x_wconf 88' lang='lat' dir='ltr'><strong>aliquid</strong></span> <span class='ocrx_word' id='word_1_230' title='bbox 1120 2646 1300 2716; x_wconf 92' lang='lat' dir='ltr'><strong>partis</strong></span> <span class='ocrx_word' id='word_1_231' title='bbox 1328 2646 1481 2700; x_wconf 91' lang='lat' dir='ltr'><strong>illius</strong></span> <span class='ocrx_word' id='word_1_232' title='bbox 1509 2647 1738 2718; x_wconf 83' lang='lat' dir='ltr'><strong>divinae,</strong></span> <span class='ocrx_word' id='word_1_233' title='bbox 1765 2651 1831 2701; x_wconf 90' lang='lat' dir='ltr'><strong>ut</strong></span> 
     </span>
    </p>
   </div>
   <div class='ocr_carea' id='block_1_31' title="bbox 123 2731 1827 2806">
    <p class='ocr_par' dir='ltr' id='par_1_31' title="bbox 123 2731 1827 2806">
     <span class='ocr_line' id='line_1_31' title="bbox 123 2731 1827 2806; baseline 0.002 -20"><span class='ocrx_word' id='word_1_234' title='bbox 123 2731 464 2803; x_wconf 90' lang='lat' dir='ltr'><strong>perhibetis,</strong></span> <span class='ocrx_word' id='word_1_235' title='bbox 496 2732 632 2786; x_wconf 92' lang='lat' dir='ltr'><strong>dum</strong></span> <span class='ocrx_word' id='word_1_236' title='bbox 653 2733 848 2804; x_wconf 83' lang='lat' dir='ltr'><strong>fruges</strong></span> <span class='ocrx_word' id='word_1_237' title='bbox 872 2737 927 2787; x_wconf 90' lang='lat' dir='ltr'><strong>et</strong></span> <span class='ocrx_word' id='word_1_238' title='bbox 953 2750 1130 2804; x_wconf 88' lang='lat' dir='ltr'><strong>poma</strong></span> <span class='ocrx_word' id='word_1_239' title='bbox 1154 2739 1497 2805; x_wconf 88' lang='lat' dir='ltr'><strong>carpuntur;</strong></span> <span class='ocrx_word' id='word_1_240' title='bbox 1520 2735 1668 2806; x_wconf 89' lang='lat' dir='ltr'><strong>fugit</strong></span> <span class='ocrx_word' id='word_1_241' title='bbox 1696 2751 1827 2790; x_wconf 90' lang='lat' dir='ltr'><strong>cum</strong></span> 
     </span>
    </p>
   </div>
   <div class='ocr_carea' id='block_1_32' title="bbox 120 2820 1827 2895">
    <p class='ocr_par' dir='ltr' id='par_1_32' title="bbox 120 2820 1827 2895">
     <span class='ocr_line' id='line_1_32' title="bbox 120 2820 1827 2895; baseline 0.002 -20"><span class='ocrx_word' id='word_1_242' title='bbox 120 2820 465 2892; x_wconf 85' lang='lat' dir='ltr'><strong>affliguntur</strong></span> <span class='ocrx_word' id='word_1_243' title='bbox 493 2821 577 2874; x_wconf 87' lang='lat' dir='ltr'><strong>vel</strong></span> <span class='ocrx_word' id='word_1_244' title='bbox 617 2821 856 2876; x_wconf 90' lang='lat' dir='ltr'><strong>terendo</strong></span> <span class='ocrx_word' id='word_1_245' title='bbox 881 2822 965 2875; x_wconf 86' lang='lat' dir='ltr'><strong>vel</strong></span> <span class='ocrx_word' id='word_1_246' title='bbox 998 2823 1268 2877; x_wconf 91' lang='lat' dir='ltr'><strong>molendo</strong></span> <span class='ocrx_word' id='word_1_247' title='bbox 1295 2823 1383 2882; x_wconf 89' lang='lat' dir='ltr'><strong>vel</strong></span> <span class='ocrx_word' id='word_1_248' title='bbox 1405 2824 1718 2895; x_wconf 90' lang='lat' dir='ltr'><strong>coquendo,</strong></span> <span class='ocrx_word' id='word_1_249' title='bbox 1742 2825 1827 2878; x_wconf 92' lang='lat' dir='ltr'><strong>vel</strong></span> 
     </span>
    </p>
   </div>
   <div class='ocr_carea' id='block_1_33' title="bbox 121 2909 1834 2983">
    <p class='ocr_par' dir='ltr' id='par_1_33' title="bbox 121 2909 1834 2983">
     <span class='ocr_line' id='line_1_33' title="bbox 121 2909 1834 2983; baseline 0.003 -21"><span class='ocrx_word' id='word_1_250' title='bbox 121 2909 296 2964; x_wconf 89' lang='lat' dir='ltr'><strong>etiam</strong></span> <span class='ocrx_word' id='word_1_251' title='bbox 353 2909 675 2964; x_wconf 91' lang='lat' dir='ltr'><strong>mordendo</strong></span> <span class='ocrx_word' id='word_1_252' title='bbox 723 2913 895 2980; x_wconf 89' lang='lat' dir='ltr'><strong>atque</strong></span> <span class='ocrx_word' id='word_1_253' title='bbox 942 2910 1290 2966; x_wconf 88' lang='lat' dir='ltr'><strong>mandendo.</strong></span> <span class='ocrx_word' id='word_1_254' title='bbox 1339 2912 1504 2983; x_wconf 86' lang='lat' dir='ltr'><strong>Fugit</strong></span> <span class='ocrx_word' id='word_1_255' title='bbox 1551 2912 1722 2967; x_wconf 89' lang='lat' dir='ltr'><strong>etiam</strong></span> <span class='ocrx_word' id='word_1_256' title='bbox 1768 2911 1834 2967; x_wconf 88' lang='lat' dir='ltr'><strong>in</strong></span> 
     </span>
    </p>
   </div>
   <div class='ocr_carea' id='block_1_34' title="bbox 121 2997 1827 3072">
    <p class='ocr_par' dir='ltr' id='par_1_34' title="bbox 121 2997 1827 3072">
     <span class='ocr_line' id='line_1_34' title="bbox 121 2997 1827 3072; baseline 0.002 -19"><span class='ocrx_word' id='word_1_257' title='bbox 121 2997 391 3053; x_wconf 90' lang='lat' dir='ltr'><strong>omnibus</strong></span> <span class='ocrx_word' id='word_1_258' title='bbox 434 2997 686 3052; x_wconf 90' lang='lat' dir='ltr'><strong>motibus</strong></span> <span class='ocrx_word' id='word_1_259' title='bbox 725 2998 1085 3070; x_wconf 87' lang='lat' dir='ltr'><strong>animalium,</strong></span> <span class='ocrx_word' id='word_1_260' title='bbox 1127 3000 1211 3054; x_wconf 90' lang='lat' dir='ltr'><strong>vel</strong></span> <span class='ocrx_word' id='word_1_261' title='bbox 1249 3017 1380 3055; x_wconf 91' lang='lat' dir='ltr'><strong>cum</strong></span> <span class='ocrx_word' id='word_1_262' title='bbox 1421 3001 1694 3072; x_wconf 90' lang='lat' dir='ltr'><strong>gestiunt,</strong></span> <span class='ocrx_word' id='word_1_263' title='bbox 1738 3001 1827 3056; x_wconf 89' lang='lat' dir='ltr'><strong>vel</strong></span> 
     </span>
    </p>
   </div>
   <div class='ocr_carea' id='block_1_35' title="bbox 120 3087 1827 3156">
    <p class='ocr_par' dir='ltr' id='par_1_35' title="bbox 120 3087 1827 3156">
     <span class='ocr_line' id='line_1_35' title="bbox 120 3087 1827 3156; baseline 0.001 -14"><span class='ocrx_word' id='word_1_264' title='bbox 120 3103 253 3142; x_wconf 91' lang='lat' dir='ltr'><strong>cum</strong></span> <span class='ocrx_word' id='word_1_265' title='bbox 285 3089 640 3154; x_wconf 86' lang='lat' dir='ltr'><strong>exercentur,</strong></span> <span class='ocrx_word' id='word_1_266' title='bbox 671 3087 762 3142; x_wconf 91' lang='lat' dir='ltr'><strong>vel</strong></span> <span class='ocrx_word' id='word_1_267' title='bbox 807 3103 938 3142; x_wconf 91' lang='lat' dir='ltr'><strong>cum</strong></span> <span class='ocrx_word' id='word_1_268' title='bbox 978 3087 1262 3156; x_wconf 89' lang='lat' dir='ltr'><strong>laborant,</strong></span> <span class='ocrx_word' id='word_1_269' title='bbox 1293 3091 1381 3144; x_wconf 89' lang='lat' dir='ltr'><strong>vel</strong></span> <span class='ocrx_word' id='word_1_270' title='bbox 1419 3106 1548 3143; x_wconf 91' lang='lat' dir='ltr'><strong>cum</strong></span> <span class='ocrx_word' id='word_1_271' title='bbox 1591 3089 1827 3144; x_wconf 89' lang='lat' dir='ltr'><strong>omnino</strong></span> 
     </span>
    </p>
   </div>
   <div class='ocr_carea' id='block_1_36' title="bbox 121 3175 1824 3250">
    <p class='ocr_par' dir='ltr' id='par_1_36' title="bbox 121 3175 1824 3250">
     <span class='ocr_line' id='line_1_36' title="bbox 121 3175 1824 3250; baseline 0.001 -19"><span class='ocrx_word' id='word_1_272' title='bbox 121 3175 342 3247; x_wconf 88' lang='lat' dir='ltr'><strong>aliquid</strong></span> <span class='ocrx_word' id='word_1_273' title='bbox 371 3179 708 3247; x_wconf 88' lang='lat' dir='ltr'><strong>operantur.</strong></span> <span class='ocrx_word' id='word_1_274' title='bbox 753 3175 918 3247; x_wconf 88' lang='lat' dir='ltr'><strong>Fugit</strong></span> <span class='ocrx_word' id='word_1_275' title='bbox 947 3177 1122 3231; x_wconf 88' lang='lat' dir='ltr'><strong>etiam</strong></span> <span class='ocrx_word' id='word_1_276' title='bbox 1152 3177 1213 3232; x_wconf 92' lang='lat' dir='ltr'><strong>in</strong></span> <span class='ocrx_word' id='word_1_277' title='bbox 1241 3177 1364 3248; x_wconf 89' lang='lat' dir='ltr'><strong>ipsa</strong></span> <span class='ocrx_word' id='word_1_278' title='bbox 1393 3178 1582 3250; x_wconf 90' lang='lat' dir='ltr'><strong>quiete</strong></span> <span class='ocrx_word' id='word_1_279' title='bbox 1610 3182 1824 3246; x_wconf 89' lang='lat' dir='ltr'><strong>nostra,</strong></span> 
     </span>
    </p>
   </div>
   <div class='ocr_carea' id='block_1_37' title="bbox 121 3263 1826 3336">
    <p class='ocr_par' dir='ltr' id='par_1_37' title="bbox 121 3263 1826 3336">
     <span class='ocr_line' id='line_1_37' title="bbox 121 3263 1826 3336; baseline 0.001 -17"><span class='ocrx_word' id='word_1_280' title='bbox 121 3263 350 3334; x_wconf 60' lang='lat' dir='ltr'><strong>dumjin</strong></span> <span class='ocrx_word' id='word_1_281' title='bbox 373 3279 633 3334; x_wconf 91' lang='lat' dir='ltr'><strong>corpore,</strong></span> <span class='ocrx_word' id='word_1_282' title='bbox 655 3263 753 3318; x_wconf 89' lang='lat' dir='ltr'><strong>illa</strong></span> <span class='ocrx_word' id='word_1_283' title='bbox 772 3280 902 3335; x_wconf 65' lang='lat' dir='ltr'><strong>quas</strong></span> <span class='ocrx_word' id='word_1_284' title='bbox 923 3266 1244 3336; x_wconf 87' lang='lat' dir='ltr'><strong>appellatur</strong></span> <span class='ocrx_word' id='word_1_285' title='bbox 1265 3265 1531 3336; x_wconf 87' lang='lat' dir='ltr'><strong>digestio,</strong></span> <span class='ocrx_word' id='word_1_286' title='bbox 1555 3265 1826 3321; x_wconf 89' lang='lat' dir='ltr'><strong>interiore</strong></span> 
     </span>
    </p>
   </div>
   <div class='ocr_carea' id='block_1_38' title="bbox 120 3353 1829 3425">
    <p class='ocr_par' dir='ltr' id='par_1_38' title="bbox 120 3353 1829 3425">
     <span class='ocr_line' id='line_1_38' title="bbox 120 3353 1829 3425; baseline 0.001 -19"><span class='ocrx_word' id='word_1_287' title='bbox 120 3354 312 3407; x_wconf 90' lang='lat' dir='ltr'><strong>calore</strong></span> <span class='ocrx_word' id='word_1_288' title='bbox 358 3353 678 3407; x_wconf 88' lang='lat' dir='ltr'><strong>conﬁcitur.</strong></span> <span class='ocrx_word' id='word_1_289' title='bbox 724 3353 910 3425; x_wconf 84' lang='lat' dir='ltr'><strong>Atque</strong></span> <span class='ocrx_word' id='word_1_290' title='bbox 961 3353 1042 3408; x_wconf 90' lang='lat' dir='ltr'><strong>ita</strong></span> <span class='ocrx_word' id='word_1_291' title='bbox 1079 3357 1166 3409; x_wconf 86' lang='lat' dir='ltr'><strong>tot</strong></span> <span class='ocrx_word' id='word_1_292' title='bbox 1202 3354 1590 3409; x_wconf 89' lang='lat' dir='ltr'><strong>occasionibus</strong></span> <span class='ocrx_word' id='word_1_293' title='bbox 1635 3355 1829 3410; x_wconf 90' lang='lat' dir='ltr'><strong>divina</strong></span> 
     </span>
    </p>
   </div>
   <div class='ocr_carea' id='block_1_39' title="bbox 121 3441 1824 3512">
    <p class='ocr_par' dir='ltr' id='par_1_39' title="bbox 121 3441 1824 3512">
     <span class='ocr_line' id='line_1_39' title="bbox 121 3441 1824 3512; baseline 0.001 -17"><span class='ocrx_word' id='word_1_294' title='bbox 121 3441 382 3512; x_wconf 86' lang='lat' dir='ltr'><strong>fugiente</strong></span> <span class='ocrx_word' id='word_1_295' title='bbox 439 3445 666 3506; x_wconf 88' lang='lat' dir='ltr'><strong>natura,</strong></span> <span class='ocrx_word' id='word_1_296' title='bbox 718 3443 990 3512; x_wconf 86' lang='lat' dir='ltr'><strong>quiddam</strong></span> <span class='ocrx_word' id='word_1_297' title='bbox 1038 3442 1493 3498; x_wconf 89' lang='lat' dir='ltr'><strong>sordidissimum</strong></span> <span class='ocrx_word' id='word_1_298' title='bbox 1546 3447 1824 3512; x_wconf 89' lang='lat' dir='ltr'><strong>remanet,</strong></span> 
     </span>
    </p>
   </div>
   <div class='ocr_carea' id='block_1_40' title="bbox 121 3529 1827 3601">
    <p class='ocr_par' dir='ltr' id='par_1_40' title="bbox 121 3529 1827 3601">
     <span class='ocr_line' id='line_1_40' title="bbox 121 3529 1827 3601; baseline 0.001 -17"><span class='ocrx_word' id='word_1_299' title='bbox 121 3531 273 3585; x_wconf 88' lang='lat' dir='ltr'><strong>unde</strong></span> <span class='ocrx_word' id='word_1_300' title='bbox 316 3545 420 3601; x_wconf 86' lang='lat' dir='ltr'><strong>per</strong></span> <span class='ocrx_word' id='word_1_301' title='bbox 447 3529 817 3585; x_wconf 90' lang='lat' dir='ltr'><strong>concubitum</strong></span> <span class='ocrx_word' id='word_1_302' title='bbox 848 3547 978 3585; x_wconf 90' lang='lat' dir='ltr'><strong>caro</strong></span> <span class='ocrx_word' id='word_1_303' title='bbox 1021 3531 1328 3599; x_wconf 87' lang='lat' dir='ltr'><strong>formetur;</strong></span> <span class='ocrx_word' id='word_1_304' title='bbox 1358 3549 1488 3588; x_wconf 90' lang='lat' dir='ltr'><strong>cum</strong></span> <span class='ocrx_word' id='word_1_305' title='bbox 1527 3533 1718 3587; x_wconf 88' lang='lat' dir='ltr'><strong>anima</strong></span> <span class='ocrx_word' id='word_1_306' title='bbox 1748 3536 1827 3587; x_wconf 90' lang='lat' dir='ltr'><strong>ta-</strong></span> 
     </span>
    </p>
   </div>
   <div class='ocr_carea' id='block_1_41' title="bbox 120 3617 1823 3691">
    <p class='ocr_par' dir='ltr' id='par_1_41' title="bbox 120 3617 1823 3691">
     <span class='ocr_line' id='line_1_41' title="bbox 120 3617 1823 3691; baseline 0 -17"><span class='ocrx_word' id='word_1_307' title='bbox 120 3635 256 3674; x_wconf 90' lang='lat' dir='ltr'><strong>men</strong></span> <span class='ocrx_word' id='word_1_308' title='bbox 304 3617 443 3674; x_wconf 91' lang='lat' dir='ltr'><strong>boni</strong></span> <span class='ocrx_word' id='word_1_309' title='bbox 485 3618 711 3689; x_wconf 90' lang='lat' dir='ltr'><strong>generis</strong></span> <span class='ocrx_word' id='word_1_310' title='bbox 753 3617 799 3688; x_wconf 82' lang='grc'><strong>²,</strong></span> <span class='ocrx_word' id='word_1_311' title='bbox 856 3620 1128 3691; x_wconf 91' lang='lat' dir='ltr'><strong>quoniam</strong></span> <span class='ocrx_word' id='word_1_312' title='bbox 1177 3620 1436 3691; x_wconf 83' lang='lat' dir='ltr'><strong>quamvis</strong></span> <span class='ocrx_word' id='word_1_313' title='bbox 1486 3620 1823 3691; x_wconf 88' lang='lat' dir='ltr'><strong>plurimum,</strong></span> 
     </span>
    </p>
   </div>
   <div class='ocr_carea' id='block_1_42' title="bbox 120 3707 1826 3774">
    <p class='ocr_par' dir='ltr' id='par_1_42' title="bbox 120 3707 1826 3774">
     <span class='ocr_line' id='line_1_42' title="bbox 120 3707 1826 3774; baseline 0.001 -12"><span class='ocrx_word' id='word_1_314' title='bbox 120 3724 236 3762; x_wconf 94' lang='lat' dir='ltr'><strong>non</strong></span> <span class='ocrx_word' id='word_1_315' title='bbox 258 3711 452 3762; x_wconf 89' lang='lat' dir='ltr'><strong>tamen</strong></span> <span class='ocrx_word' id='word_1_316' title='bbox 480 3711 666 3762; x_wconf 90' lang='lat' dir='ltr'><strong>totum</strong></span> <span class='ocrx_word' id='word_1_317' title='bbox 684 3707 918 3774; x_wconf 92' lang='lat' dir='ltr'><strong>bonum,</strong></span> <span class='ocrx_word' id='word_1_318' title='bbox 943 3709 1269 3764; x_wconf 89' lang='lat' dir='ltr'><strong>memoratis</strong></span> <span class='ocrx_word' id='word_1_319' title='bbox 1288 3709 1400 3762; x_wconf 88' lang='lat' dir='ltr'><strong>illis</strong></span> <span class='ocrx_word' id='word_1_320' title='bbox 1426 3709 1674 3764; x_wconf 90' lang='lat' dir='ltr'><strong>motibus</strong></span> <span class='ocrx_word' id='word_1_321' title='bbox 1694 3725 1826 3763; x_wconf 88' lang='lat' dir='ltr'><strong>evo-</strong></span> 
     </span>
    </p>
   </div>
   <div class='ocr_carea' id='block_1_43' title="bbox 124 3795 1824 3865">
    <p class='ocr_par' dir='ltr' id='par_1_43' title="bbox 124 3795 1824 3865">
     <span class='ocr_line' id='line_1_43' title="bbox 124 3795 1824 3865; baseline 0.001 -15"><span class='ocrx_word' id='word_1_322' title='bbox 124 3798 219 3851; x_wconf 86' lang='lat' dir='ltr'><strong>lat.</strong></span> <span class='ocrx_word' id='word_1_323' title='bbox 255 3796 547 3864; x_wconf 86' lang='lat' dir='ltr'><strong>Quocirca,</strong></span> <span class='ocrx_word' id='word_1_324' title='bbox 582 3812 712 3851; x_wconf 93' lang='lat' dir='ltr'><strong>cum</strong></span> <span class='ocrx_word' id='word_1_325' title='bbox 760 3795 954 3850; x_wconf 91' lang='lat' dir='ltr'><strong>anima</strong></span> <span class='ocrx_word' id='word_1_326' title='bbox 999 3796 1171 3851; x_wconf 90' lang='lat' dir='ltr'><strong>etiam</strong></span> <span class='ocrx_word' id='word_1_327' title='bbox 1210 3812 1440 3851; x_wconf 90' lang='lat' dir='ltr'><strong>carnem</strong></span> <span class='ocrx_word' id='word_1_328' title='bbox 1487 3796 1824 3865; x_wconf 88' lang='lat' dir='ltr'><strong>deseruerit,</strong></span> 
     </span>
    </p>
   </div>
   <div class='ocr_carea' id='block_1_44' title="bbox 123 3884 1824 3957">
    <p class='ocr_par' dir='ltr' id='par_1_44' title="bbox 123 3884 1824 3957">
     <span class='ocr_line' id='line_1_44' title="bbox 123 3884 1824 3957; baseline 0.001 -18"><span class='ocrx_word' id='word_1_329' title='bbox 123 3884 334 3939; x_wconf 89' lang='lat' dir='ltr'><strong>nimias</strong></span> <span class='ocrx_word' id='word_1_330' title='bbox 381 3885 574 3940; x_wconf 90' lang='lat' dir='ltr'><strong>sordes</strong></span> <span class='ocrx_word' id='word_1_331' title='bbox 610 3884 862 3956; x_wconf 87' lang='lat' dir='ltr'><strong>reliquas</strong></span> <span class='ocrx_word' id='word_1_332' title='bbox 908 3884 1054 3949; x_wconf 85' lang='lat' dir='ltr'><strong>fieri,</strong></span> <span class='ocrx_word' id='word_1_333' title='bbox 1092 3889 1148 3940; x_wconf 88' lang='lat' dir='ltr'><strong>et</strong></span> <span class='ocrx_word' id='word_1_334' title='bbox 1178 3885 1306 3940; x_wconf 91' lang='lat' dir='ltr'><strong>ideo</strong></span> <span class='ocrx_word' id='word_1_335' title='bbox 1348 3901 1552 3940; x_wconf 83' lang='lat' dir='ltr'><strong>eorum</strong></span> <span class='ocrx_word' id='word_1_336' title='bbox 1589 3885 1688 3957; x_wconf 92' lang='lat' dir='ltr'><strong>qui</strong></span> <span class='ocrx_word' id='word_1_337' title='bbox 1730 3901 1824 3940; x_wconf 90' lang='lat' dir='ltr'><strong>ve-</strong></span> 
     </span>
    </p>
   </div>
   <div class='ocr_carea' id='block_1_45' title="bbox 119 3972 1363 4045">
    <p class='ocr_par' dir='ltr' id='par_1_45' title="bbox 119 3972 1363 4045">
     <span class='ocr_line' id='line_1_45' title="bbox 119 3972 1363 4045; baseline 0.001 -17"><span class='ocrx_word' id='word_1_338' title='bbox 119 3978 359 4028; x_wconf 89' lang='lat' dir='ltr'><strong>scuntur</strong></span> <span class='ocrx_word' id='word_1_339' title='bbox 385 3972 674 4042; x_wconf 86' lang='lat' dir='ltr'><strong>carnibus,</strong></span> <span class='ocrx_word' id='word_1_340' title='bbox 706 3973 959 4028; x_wconf 89' lang='lat' dir='ltr'><strong>animam</strong></span> <span class='ocrx_word' id='word_1_341' title='bbox 985 3974 1363 4045; x_wconf 87' lang='lat' dir='ltr'><strong>coinquinari.</strong></span> 
     </span>
    </p>
   </div>
   <div class='ocr_carea' id='block_1_46' title="bbox 218 4063 1731 4133">
    <p class='ocr_par' dir='ltr' id='par_1_46' title="bbox 218 4063 1731 4133">
     <span class='ocr_line' id='line_1_46' title="bbox 218 4063 1731 4133; baseline -0.001 -15"><span class='ocrx_word' id='word_1_342' title='bbox 218 4063 447 4118; x_wconf 82' lang='lat' dir='ltr'><strong>CAPUT</strong></span> <span class='ocrx_word' id='word_1_343' title='bbox 486 4063 620 4117; x_wconf 85' lang='lat' dir='ltr'><strong>XVI.</strong></span> <span class='ocrx_word' id='word_1_344' title='bbox 654 4093 723 4102; x_wconf 89' lang='lat'>—</span> <span class='ocrx_word' id='word_1_345' title='bbox 752 4064 950 4133; x_wconf 79' lang='lat' dir='ltr'><strong>Aperit</strong></span> <span class='ocrx_word' id='word_1_346' title='bbox 973 4067 1287 4133; x_wconf 80' lang='lat' dir='ltr'><strong>portentosa</strong></span> <span class='ocrx_word' id='word_1_347' title='bbox 1312 4063 1731 4120; x_wconf 77' lang='lat' dir='ltr'><strong>Manichaeorum</strong></span> 
     </span>
    </p>
   </div>
   <div class='ocr_carea' id='block_1_47' title="bbox 835 4154 1118 4220">
    <p class='ocr_par' dir='ltr' id='par_1_47' title="bbox 835 4154 1118 4220">
     <span class='ocr_line' id='line_1_47' title="bbox 835 4154 1118 4220; baseline 0 -14"><span class='ocrx_word' id='word_1_348' title='bbox 835 4154 1118 4220; x_wconf 77' lang='lat' dir='ltr'><strong>mysteria.</strong></span> 
     </span>
    </p>
   </div>
   <div class='ocr_carea' id='block_1_48' title="bbox 191 4239 1826 4314">
    <p class='ocr_par' dir='ltr' id='par_1_48' title="bbox 191 4239 1826 4314">
     <span class='ocr_line' id='line_1_48' title="bbox 191 4239 1826 4314; baseline 0 -19"><span class='ocrx_word' id='word_1_349' title='bbox 191 4242 279 4295; x_wconf 90' lang='lat'><strong>38.</strong></span> <span class='ocrx_word' id='word_1_350' title='bbox 316 4239 361 4294; x_wconf 93' lang='lat'>0</span> <span class='ocrx_word' id='word_1_351' title='bbox 406 4254 601 4294; x_wconf 87' lang='lat' dir='ltr'><strong>rerum</strong></span> <span class='ocrx_word' id='word_1_352' title='bbox 649 4243 869 4295; x_wconf 64' lang='lat' dir='ltr'><strong>naturae</strong></span> <span class='ocrx_word' id='word_1_353' title='bbox 909 4241 1244 4310; x_wconf 89' lang='lat' dir='ltr'><strong>obscuritas,</strong></span> <span class='ocrx_word' id='word_1_354' title='bbox 1278 4244 1558 4314; x_wconf 90' lang='lat' dir='ltr'><strong>quantum</strong></span> <span class='ocrx_word' id='word_1_355' title='bbox 1595 4245 1826 4312; x_wconf 89' lang='lat' dir='ltr'><strong>tegmen</strong></span> 
     </span>
    </p>
   </div>
   <div class='ocr_carea' id='block_1_49' title="bbox 119 4326 1876 4403">
    <p class='ocr_par' dir='ltr' id='par_1_49' title="bbox 119 4326 1876 4403">
     <span class='ocr_line' id='line_1_49' title="bbox 119 4326 1876 4403; baseline 0.001 -21"><span class='ocrx_word' id='word_1_356' title='bbox 119 4331 205 4382; x_wconf 90' lang='lat' dir='ltr'><strong>est</strong></span> <span class='ocrx_word' id='word_1_357' title='bbox 232 4326 532 4401; x_wconf 84' lang='lat' dir='ltr'><strong>falsitatis?</strong></span> <span class='ocrx_word' id='word_1_358' title='bbox 563 4328 697 4392; x_wconf 87' lang='lat' dir='ltr'><strong>Quis</strong></span> <span class='ocrx_word' id='word_1_359' title='bbox 726 4345 864 4396; x_wconf 92' lang='lat' dir='ltr'><strong>non,</strong></span> <span class='ocrx_word' id='word_1_360' title='bbox 895 4329 1019 4384; x_wconf 60' lang='lat' dir='ltr'><strong>haec</strong></span> <span class='ocrx_word' id='word_1_361' title='bbox 1048 4329 1306 4399; x_wconf 90' lang='lat' dir='ltr'><strong>audiens,</strong></span> <span class='ocrx_word' id='word_1_362' title='bbox 1339 4330 1440 4403; x_wconf 89' lang='lat' dir='ltr'><strong>qui</strong></span> <span class='ocrx_word' id='word_1_363' title='bbox 1466 4347 1663 4386; x_wconf 90' lang='lat' dir='ltr'><strong>rerum</strong></span> <span class='ocrx_word' id='word_1_364' title='bbox 1692 4346 1825 4386; x_wconf 90' lang='lat' dir='ltr'><strong>cau-</strong></span> <span class='ocrx_word' id='word_1_365' title='bbox 1873 4395 1876 4398; x_wconf 94' lang='lat'><strong><em>_</em></strong></span> 
     </span>
    </p>
   </div>
   <div class='ocr_carea' id='block_1_50' title="bbox 121 4415 1825 4490">
    <p class='ocr_par' dir='ltr' id='par_1_50' title="bbox 121 4415 1825 4490">
     <span class='ocr_line' id='line_1_50' title="bbox 121 4415 1825 4490; baseline 0.002 -21"><span class='ocrx_word' id='word_1_366' title='bbox 121 4433 209 4471; x_wconf 83' lang='lat' dir='ltr'><strong>sas</strong></span> <span class='ocrx_word' id='word_1_367' title='bbox 250 4431 368 4469; x_wconf 94' lang='lat' dir='ltr'><strong>non</strong></span> <span class='ocrx_word' id='word_1_368' title='bbox 405 4415 622 4483; x_wconf 88' lang='lat' dir='ltr'><strong>didicit,</strong></span> <span class='ocrx_word' id='word_1_369' title='bbox 658 4416 757 4488; x_wconf 90' lang='lat' dir='ltr'><strong>qui</strong></span> <span class='ocrx_word' id='word_1_370' title='bbox 802 4417 1058 4472; x_wconf 91' lang='lat' dir='ltr'><strong>nondum</strong></span> <span class='ocrx_word' id='word_1_371' title='bbox 1096 4417 1349 4474; x_wconf 88' lang='lat' dir='ltr'><strong>veritatis</strong></span> <span class='ocrx_word' id='word_1_372' title='bbox 1387 4419 1825 4490; x_wconf 89' lang='lat' dir='ltr'><strong>quantulocum-</strong></span> 
     </span>
    </p>
   </div>
   <div class='ocr_carea' id='block_1_51' title="bbox 120 4503 1827 4578">
    <p class='ocr_par' dir='ltr' id='par_1_51' title="bbox 120 4503 1827 4578">
     <span class='ocr_line' id='line_1_51' title="bbox 120 4503 1827 4578; baseline 0.004 -21"><span class='ocrx_word' id='word_1_373' title='bbox 120 4521 234 4576; x_wconf 83' lang='lat' dir='ltr'><strong>que</strong></span> <span class='ocrx_word' id='word_1_374' title='bbox 265 4503 482 4558; x_wconf 91' lang='lat' dir='ltr'><strong>lumine</strong></span> <span class='ocrx_word' id='word_1_375' title='bbox 510 4521 773 4576; x_wconf 86' lang='lat' dir='ltr'><strong>aspersus</strong></span> <span class='ocrx_word' id='word_1_376' title='bbox 798 4507 1087 4578; x_wconf 88' lang='lat' dir='ltr'><strong>corporeis</strong></span> <span class='ocrx_word' id='word_1_377' title='bbox 1118 4505 1468 4578; x_wconf 90' lang='lat' dir='ltr'><strong>imaginibus</strong></span> <span class='ocrx_word' id='word_1_378' title='bbox 1497 4507 1730 4576; x_wconf 85' lang='lat' dir='ltr'><strong>fallitur,</strong></span> <span class='ocrx_word' id='word_1_379' title='bbox 1761 4523 1827 4563; x_wconf 92' lang='lat' dir='ltr'><strong>eo</strong></span> 
     </span>
    </p>
   </div>
   <div class='ocr_carea' id='block_1_52' title="bbox 125 4593 1825 4672">
    <p class='ocr_par' dir='ltr' id='par_1_52' title="bbox 125 4593 1825 4672">
     <span class='ocr_line' id='line_1_52' title="bbox 125 4593 1825 4672; baseline 0.002 -25"><span class='ocrx_word' id='word_1_380' title='bbox 125 4595 251 4664; x_wconf 89' lang='lat' dir='ltr'><strong>ipso</strong></span> <span class='ocrx_word' id='word_1_381' title='bbox 282 4609 396 4665; x_wconf 92' lang='lat' dir='ltr'><strong>quo</strong></span> <span class='ocrx_word' id='word_1_382' title='bbox 418 4593 538 4648; x_wconf 68' lang='lat' dir='ltr'><strong>haac</strong></span> <span class='ocrx_word' id='word_1_383' title='bbox 559 4593 797 4650; x_wconf 89' lang='lat' dir='ltr'><strong>minime</strong></span> <span class='ocrx_word' id='word_1_384' title='bbox 822 4599 1122 4672; x_wconf 84' lang='lat' dir='ltr'><strong>apparent,</strong></span> <span class='ocrx_word' id='word_1_385' title='bbox 1145 4600 1201 4651; x_wconf 91' lang='lat' dir='ltr'><strong>et</strong></span> <span class='ocrx_word' id='word_1_386' title='bbox 1227 4612 1333 4667; x_wconf 92' lang='lat' dir='ltr'><strong>per</strong></span> <span class='ocrx_word' id='word_1_387' title='bbox 1359 4597 1620 4668; x_wconf 82' lang='lat' dir='ltr'><strong>quaedam</strong></span> <span class='ocrx_word' id='word_1_388' title='bbox 1647 4597 1825 4651; x_wconf 90' lang='lat' dir='ltr'><strong>simu-</strong></span> 
     </span>
    </p>
   </div>
   <div class='ocr_carea' id='block_1_53' title="bbox 121 4683 1828 4756">
    <p class='ocr_par' dir='ltr' id='par_1_53' title="bbox 121 4683 1828 4756">
     <span class='ocr_line' id='line_1_53' title="bbox 121 4683 1828 4756; baseline 0.002 -20"><span class='ocrx_word' id='word_1_389' title='bbox 121 4685 271 4738; x_wconf 89' lang='lat' dir='ltr'><strong>lacra</strong></span> <span class='ocrx_word' id='word_1_390' title='bbox 296 4698 490 4737; x_wconf 91' lang='lat' dir='ltr'><strong>rerum</strong></span> <span class='ocrx_word' id='word_1_391' title='bbox 519 4683 829 4738; x_wconf 89' lang='lat' dir='ltr'><strong>visibilium</strong></span> <span class='ocrx_word' id='word_1_392' title='bbox 855 4684 1208 4756; x_wconf 89' lang='lat' dir='ltr'><strong>cogitantur,</strong></span> <span class='ocrx_word' id='word_1_393' title='bbox 1235 4688 1292 4739; x_wconf 93' lang='lat' dir='ltr'><strong>et</strong></span> <span class='ocrx_word' id='word_1_394' title='bbox 1319 4684 1529 4740; x_wconf 90' lang='lat' dir='ltr'><strong>diserte</strong></span> <span class='ocrx_word' id='word_1_395' title='bbox 1558 4685 1668 4740; x_wconf 92' lang='lat' dir='ltr'><strong>dici</strong></span> <span class='ocrx_word' id='word_1_396' title='bbox 1699 4702 1828 4756; x_wconf 88' lang='lat' dir='ltr'><strong>pos-</strong></span> 
     </span>
    </p>
   </div>
   <div class='ocr_carea' id='block_1_54' title="bbox 125 4772 1824 4841">
    <p class='ocr_par' dir='ltr' id='par_1_54' title="bbox 125 4772 1824 4841">
     <span class='ocr_line' id='line_1_54' title="bbox 125 4772 1824 4841; baseline 0.002 -16"><span class='ocrx_word' id='word_1_397' title='bbox 125 4776 282 4841; x_wconf 90' lang='lat' dir='ltr'><strong>sunt,</strong></span> <span class='ocrx_word' id='word_1_398' title='bbox 312 4787 447 4826; x_wconf 88' lang='lat' dir='ltr'><strong>vera</strong></span> <span class='ocrx_word' id='word_1_399' title='bbox 484 4787 604 4826; x_wconf 91' lang='lat' dir='ltr'><strong>esse</strong></span> <span class='ocrx_word' id='word_1_400' title='bbox 647 4773 992 4829; x_wconf 86' lang='lat' dir='ltr'><strong>arbitretur?</strong></span> <span class='ocrx_word' id='word_1_401' title='bbox 1031 4772 1254 4828; x_wconf 87' lang='lat' dir='ltr'><strong>Talium</strong></span> <span class='ocrx_word' id='word_1_402' title='bbox 1301 4777 1494 4828; x_wconf 89' lang='lat' dir='ltr'><strong>autem</strong></span> <span class='ocrx_word' id='word_1_403' title='bbox 1522 4774 1824 4828; x_wconf 90' lang='lat' dir='ltr'><strong>hominum</strong></span> 
     </span>
    </p>
   </div>
   <div class='ocr_carea' id='block_1_55' title="bbox 122 4861 1827 4935">
    <p class='ocr_par' dir='ltr' id='par_1_55' title="bbox 122 4861 1827 4935">
     <span class='ocr_line' id='line_1_55' title="bbox 122 4861 1827 4935; baseline 0.001 -19"><span class='ocrx_word' id='word_1_404' title='bbox 122 4876 348 4931; x_wconf 64' lang='lat' dir='ltr'><strong>magna:</strong></span> <span class='ocrx_word' id='word_1_405' title='bbox 377 4861 559 4916; x_wconf 81' lang='lat' dir='ltr'><strong>turbae</strong></span> <span class='ocrx_word' id='word_1_406' title='bbox 590 4865 759 4933; x_wconf 90' lang='lat' dir='ltr'><strong>atque</strong></span> <span class='ocrx_word' id='word_1_407' title='bbox 789 4879 992 4935; x_wconf 88' lang='lat' dir='ltr'><strong>greges</strong></span> <span class='ocrx_word' id='word_1_408' title='bbox 1020 4867 1316 4932; x_wconf 85' lang='lat' dir='ltr'><strong>vocantur,</strong></span> <span class='ocrx_word' id='word_1_409' title='bbox 1345 4879 1488 4934; x_wconf 91' lang='lat' dir='ltr'><strong>quos</strong></span> <span class='ocrx_word' id='word_1_410' title='bbox 1529 4863 1827 4934; x_wconf 87' lang='lat' dir='ltr'><strong>religiosus</strong></span> 
     </span>
    </p>
   </div>
   <div class='ocr_carea' id='block_1_56' title="bbox 122 4948 1822 5024">
    <p class='ocr_par' dir='ltr' id='par_1_56' title="bbox 122 4948 1822 5024">
     <span class='ocr_line' id='line_1_56' title="bbox 122 4948 1822 5024; baseline 0.002 -21"><span class='ocrx_word' id='word_1_411' title='bbox 122 4948 298 5004; x_wconf 89' lang='lat' dir='ltr'><strong>timor</strong></span> <span class='ocrx_word' id='word_1_412' title='bbox 343 4948 413 5004; x_wconf 88' lang='lat' dir='ltr'><strong>ab</strong></span> <span class='ocrx_word' id='word_1_413' title='bbox 454 4949 543 5004; x_wconf 92' lang='lat' dir='ltr'><strong>his</strong></span> <span class='ocrx_word' id='word_1_414' title='bbox 587 4950 824 5005; x_wconf 87' lang='lat' dir='ltr'><strong>fallaciis</strong></span> <span class='ocrx_word' id='word_1_415' title='bbox 855 4951 1049 5023; x_wconf 92' lang='lat' dir='ltr'><strong>potius</strong></span> <span class='ocrx_word' id='word_1_416' title='bbox 1084 4968 1257 5024; x_wconf 93' lang='lat' dir='ltr'><strong>quam</strong></span> <span class='ocrx_word' id='word_1_417' title='bbox 1298 4951 1443 5008; x_wconf 88' lang='lat' dir='ltr'><strong>ratio</strong></span> <span class='ocrx_word' id='word_1_418' title='bbox 1478 4955 1635 5007; x_wconf 86' lang='lat' dir='ltr'><strong>tutos</strong></span> <span class='ocrx_word' id='word_1_419' title='bbox 1673 4952 1822 5008; x_wconf 86' lang='lat' dir='ltr'><strong>facit.</strong></span> 
     </span>
    </p>
   </div>
   <div class='ocr_carea' id='block_1_57' title="bbox 119 5036 1826 5113">
    <p class='ocr_par' dir='ltr' id='par_1_57' title="bbox 119 5036 1826 5113">
     <span class='ocr_line' id='line_1_57' title="bbox 119 5036 1826 5113; baseline 0.002 -22"><span class='ocrx_word' id='word_1_420' title='bbox 119 5036 505 5102; x_wconf 86' lang='lat' dir='ltr'><strong>Quamobrem</strong></span> <span class='ocrx_word' id='word_1_421' title='bbox 545 5037 624 5091; x_wconf 91' lang='lat' dir='ltr'><strong>ita</strong></span> <span class='ocrx_word' id='word_1_422' title='bbox 655 5054 760 5109; x_wconf 85' lang='lat' dir='ltr'><strong>ego</strong></span> <span class='ocrx_word' id='word_1_423' title='bbox 805 5039 912 5095; x_wconf 87' lang='lat' dir='ltr'><strong>ista</strong></span> <span class='ocrx_word' id='word_1_424' title='bbox 949 5042 1201 5097; x_wconf 88' lang='lat' dir='ltr'><strong>conabor</strong></span> <span class='ocrx_word' id='word_1_425' title='bbox 1238 5040 1512 5106; x_wconf 85' lang='lat' dir='ltr'><strong>refellere,</strong></span> <span class='ocrx_word' id='word_1_426' title='bbox 1547 5045 1826 5113; x_wconf 88' lang='lat' dir='ltr'><strong>quantum</strong></span> 
     </span>
    </p>
   </div>
   <div class='ocr_carea' id='block_1_58' title="bbox 121 5125 1826 5201">
    <p class='ocr_par' dir='ltr' id='par_1_58' title="bbox 121 5125 1826 5201">
     <span class='ocr_line' id='line_1_58' title="bbox 121 5125 1826 5201; baseline 0.001 -19"><span class='ocrx_word' id='word_1_427' title='bbox 121 5143 213 5182; x_wconf 90' lang='lat' dir='ltr'><strong>me</strong></span> <span class='ocrx_word' id='word_1_428' title='bbox 243 5128 390 5181; x_wconf 90' lang='lat' dir='ltr'><strong>Deus</strong></span> <span class='ocrx_word' id='word_1_429' title='bbox 419 5125 686 5197; x_wconf 89' lang='lat' dir='ltr'><strong>adjuvare</strong></span> <span class='ocrx_word' id='word_1_430' title='bbox 726 5127 1074 5199; x_wconf 88' lang='lat' dir='ltr'><strong>dignabitur,</strong></span> <span class='ocrx_word' id='word_1_431' title='bbox 1107 5134 1172 5186; x_wconf 91' lang='lat' dir='ltr'><strong>ut</strong></span> <span class='ocrx_word' id='word_1_432' title='bbox 1207 5145 1323 5185; x_wconf 94' lang='lat' dir='ltr'><strong>non</strong></span> <span class='ocrx_word' id='word_1_433' title='bbox 1353 5129 1538 5184; x_wconf 90' lang='lat' dir='ltr'><strong>solum</strong></span> <span class='ocrx_word' id='word_1_434' title='bbox 1567 5129 1826 5201; x_wconf 90' lang='lat' dir='ltr'><strong>pruden-</strong></span> 
     </span>
    </p>
   </div>
   <div class='ocr_carea' id='block_1_59' title="bbox 186 5269 1827 5336">
    <p class='ocr_par' dir='ltr' id='par_1_59' title="bbox 186 5269 1827 5336">
     <span class='ocr_line' id='line_1_59' title="bbox 186 5269 1827 5336; baseline -0.001 -16"><span class='ocrx_word' id='word_1_435' title='bbox 186 5271 371 5330; x_wconf 58' lang='lat' dir='ltr'><strong>‘Editi,</strong></span> <span class='ocrx_word' id='word_1_436' title='bbox 391 5269 724 5336; x_wconf 66' lang='lat' dir='ltr'><strong>lutulentum</strong></span> <span class='ocrx_word' id='word_1_437' title='bbox 737 5274 1024 5336; x_wconf 77' lang='lat' dir='ltr'><strong>purgatur.</strong></span> <span class='ocrx_word' id='word_1_438' title='bbox 1046 5272 1112 5321; x_wconf 84' lang='lat' dir='ltr'><strong>At</strong></span> <span class='ocrx_word' id='word_1_439' title='bbox 1125 5274 1252 5323; x_wconf 85' lang='lat' dir='ltr'><strong>Mss.</strong></span> <span class='ocrx_word' id='word_1_440' title='bbox 1281 5277 1417 5335; x_wconf 90' lang='lat' dir='ltr'><strong>octo,</strong></span> <span class='ocrx_word' id='word_1_441' title='bbox 1433 5271 1763 5336; x_wconf 66' lang='lat' dir='ltr'><strong>luculentum</strong></span> <span class='ocrx_word' id='word_1_442' title='bbox 1778 5273 1827 5321; x_wconf 80' lang='lat' dir='ltr'><strong>et</strong></span> 
     </span>
    </p>
   </div>
   <div class='ocr_carea' id='block_1_60' title="bbox 122 5331 1827 5400">
    <p class='ocr_par' dir='ltr' id='par_1_60' title="bbox 122 5331 1827 5400">
     <span class='ocr_line' id='line_1_60' title="bbox 122 5331 1827 5400; baseline 0.001 -17"><span class='ocrx_word' id='word_1_443' title='bbox 122 5334 400 5400; x_wconf 61' lang='lat' dir='ltr'><strong>divinum;</strong></span> <span class='ocrx_word' id='word_1_444' title='bbox 433 5334 510 5382; x_wconf 91' lang='lat' dir='ltr'><strong>uti</strong></span> <span class='ocrx_word' id='word_1_445' title='bbox 541 5334 641 5398; x_wconf 84' lang='lat' dir='ltr'><strong>legi</strong></span> <span class='ocrx_word' id='word_1_446' title='bbox 666 5331 935 5398; x_wconf 74' lang='lat' dir='ltr'><strong>postulant</strong></span> <span class='ocrx_word' id='word_1_447' title='bbox 958 5336 1228 5397; x_wconf 88' lang='lat' dir='ltr'><strong>sequentia</strong></span> <span class='ocrx_word' id='word_1_448' title='bbox 1256 5331 1431 5398; x_wconf 80' lang='lat' dir='ltr'><strong>verba,</strong></span> <span class='ocrx_word' id='word_1_449' title='bbox 1461 5331 1742 5400; x_wconf 76' lang='lat' dir='ltr'><strong>perﬁcitur</strong></span> <span class='ocrx_word' id='word_1_450' title='bbox 1769 5335 1827 5384; x_wconf 78' lang='lat' dir='ltr'><strong>ut</strong></span> 
     </span>
    </p>
   </div>
   <div class='ocr_carea' id='block_1_61' title="bbox 121 5397 1824 5521">
    <p class='ocr_par' dir='ltr' id='par_1_61' title="bbox 121 5397 1824 5521">
     <span class='ocr_line' id='line_1_61' title="bbox 121 5397 1476 5445; baseline -0.001 0"><span class='ocrx_word' id='word_1_451' title='bbox 121 5409 314 5445; x_wconf 18' lang='lat' dir='ltr'><strong>uret</strong></span> <span class='ocrx_word' id='word_1_452' title='bbox 428 5397 677 5445; x_wconf 34' lang='lat' dir='ltr'><strong>etc.”</strong></span> <span class='ocrx_word' id='word_1_453' title='bbox 1421 5397 1476 5400; x_wconf 58' lang='grc'><strong>⁷⁷</strong></span> 
     </span>
     <span class='ocr_line' id='line_1_62' title="bbox 156 5397 1824 5521; baseline 0 -13"><span class='ocrx_word' id='word_1_454' title='bbox 156 5397 205 5494; x_wconf 67' lang='lat' dir='ltr'><strong>d9</strong></span> <span class='ocrx_word' id='word_1_455' title='bbox 233 5409 403 5508; x_wconf 61' lang='lat' dir='ltr'><strong>gi</strong></span> <span class='ocrx_word' id='word_1_456' title='bbox 417 5459 544 5507; x_wconf 90' lang='lat' dir='ltr'><strong>Lov.</strong></span> <span class='ocrx_word' id='word_1_457' title='bbox 569 5458 762 5521; x_wconf 84' lang='lat' dir='ltr'><strong>omissa</strong></span> <span class='ocrx_word' id='word_1_458' title='bbox 782 5458 1170 5521; x_wconf 61' lang='lat' dir='ltr'><strong>praepositione,</strong></span> <span class='ocrx_word' id='word_1_459' title='bbox 1189 5473 1327 5520; x_wconf 81' lang='lat' dir='ltr'><strong>cum,</strong></span> <span class='ocrx_word' id='word_1_460' title='bbox 1349 5461 1423 5508; x_wconf 92' lang='lat' dir='ltr'><strong>sic</strong></span> <span class='ocrx_word' id='word_1_461' title='bbox 1442 5463 1644 5510; x_wconf 86' lang='lat' dir='ltr'><strong>textum</strong></span> <span class='ocrx_word' id='word_1_462' title='bbox 1667 5460 1824 5508; x_wconf 87' lang='lat' dir='ltr'><strong>inter-</strong></span> 
     </span>
    </p>
   </div>
   <div class='ocr_carea' id='block_1_62' title="bbox 124 5519 1827 5584">
    <p class='ocr_par' dir='ltr' id='par_1_62' title="bbox 124 5519 1827 5584">
     <span class='ocr_line' id='line_1_63' title="bbox 124 5519 1827 5584; baseline 0.001 -16"><span class='ocrx_word' id='word_1_463' title='bbox 124 5524 404 5583; x_wconf 73' lang='lat' dir='ltr'><strong>pungunt:</strong></span> <span class='ocrx_word' id='word_1_464' title='bbox 436 5533 562 5570; x_wconf 86' lang='lat' dir='ltr'><strong>caro</strong></span> <span class='ocrx_word' id='word_1_465' title='bbox 582 5519 860 5584; x_wconf 66' lang='lat' dir='ltr'><strong>formetur.</strong></span> <span class='ocrx_word' id='word_1_466' title='bbox 885 5519 1074 5571; x_wconf 69' lang='lat' dir='ltr'><strong>Anima</strong></span> <span class='ocrx_word' id='word_1_467' title='bbox 1105 5523 1291 5572; x_wconf 81' lang='lat' dir='ltr'><strong>tamen</strong></span> <span class='ocrx_word' id='word_1_468' title='bbox 1318 5522 1458 5579; x_wconf 77' lang='lat' dir='ltr'><strong>boni,</strong></span> <span class='ocrx_word' id='word_1_469' title='bbox 1484 5527 1582 5572; x_wconf 89' lang='lat' dir='ltr'><strong>etc.</strong></span> <span class='ocrx_word' id='word_1_470' title='bbox 1607 5521 1707 5572; x_wconf 91' lang='lat' dir='ltr'><strong>Sed</strong></span> <span class='ocrx_word' id='word_1_471' title='bbox 1738 5521 1827 5570; x_wconf 87' lang='lat' dir='ltr'><strong>ali-</strong></span> 
     </span>
    </p>
   </div>
   <div class='ocr_carea' id='block_1_63' title="bbox 124 5583 1626 5648">
    <p class='ocr_par' dir='ltr' id='par_1_63' title="bbox 124 5583 1626 5648">
     <span class='ocr_line' id='line_1_64' title="bbox 124 5583 1626 5648; baseline 0.001 -17"><span class='ocrx_word' id='word_1_472' title='bbox 124 5589 326 5647; x_wconf 85' lang='lat' dir='ltr'><strong>quanto</strong></span> <span class='ocrx_word' id='word_1_473' title='bbox 361 5583 673 5633; x_wconf 76' lang='lat' dir='ltr'><strong>concinnior</strong></span> <span class='ocrx_word' id='word_1_474' title='bbox 704 5586 825 5634; x_wconf 82' lang='lat' dir='ltr'><strong>Mss.</strong></span> <span class='ocrx_word' id='word_1_475' title='bbox 856 5584 1010 5634; x_wconf 87' lang='lat' dir='ltr'><strong>lectio</strong></span> <span class='ocrx_word' id='word_1_476' title='bbox 1040 5597 1195 5648; x_wconf 86' lang='lat' dir='ltr'><strong>quam</strong></span> <span class='ocrx_word' id='word_1_477' title='bbox 1226 5585 1311 5634; x_wconf 87' lang='lat' dir='ltr'><strong>hic</strong></span> <span class='ocrx_word' id='word_1_478' title='bbox 1339 5585 1626 5635; x_wconf 88' lang='lat' dir='ltr'><strong>reddimus.</strong></span> 
     </span>
    </p>
   </div>
   <div class='ocr_carea' id='block_1_64' title="bbox 1960 615 2724 672">
    <p class='ocr_par' dir='ltr' id='par_1_64' title="bbox 1960 615 2724 672">
     <span class='ocr_line' id='line_1_65' title="bbox 1960 615 2724 672; baseline 0.003 -2"><span class='ocrx_word' id='word_1_479' title='bbox 1960 619 2018 670; x_wconf 90' lang='lat' dir='ltr'><strong>et</strong></span> <span class='ocrx_word' id='word_1_480' title='bbox 2045 615 2286 670; x_wconf 89' lang='lat' dir='ltr'><strong>absurda</strong></span> <span class='ocrx_word' id='word_1_481' title='bbox 2317 615 2452 670; x_wconf 88' lang='lat' dir='ltr'><strong>satis</strong></span> <span class='ocrx_word' id='word_1_482' title='bbox 2485 617 2724 672; x_wconf 89' lang='lat' dir='ltr'><strong>eluceat.</strong></span> 
     </span>
    </p>
   </div>
   <div class='ocr_carea' id='block_1_65' title="bbox 2030 703 3658 781">
    <p class='ocr_par' dir='ltr' id='par_1_65' title="bbox 2030 703 3658 781">
     <span class='ocr_line' id='line_1_66' title="bbox 2030 703 3658 781; baseline 0.006 -25"><span class='ocrx_word' id='word_1_483' title='bbox 2030 706 2116 758; x_wconf 84' lang='lat'><strong>39.</strong></span> <span class='ocrx_word' id='word_1_484' title='bbox 2151 703 2342 758; x_wconf 90' lang='lat' dir='ltr'><strong>Primo</strong></span> <span class='ocrx_word' id='word_1_485' title='bbox 2365 703 2519 758; x_wconf 88' lang='lat' dir='ltr'><strong>enim</strong></span> <span class='ocrx_word' id='word_1_486' title='bbox 2544 721 2764 777; x_wconf 88' lang='lat' dir='ltr'><strong>quaero,</strong></span> <span class='ocrx_word' id='word_1_487' title='bbox 2785 707 2936 763; x_wconf 90' lang='lat' dir='ltr'><strong>unde</strong></span> <span class='ocrx_word' id='word_1_488' title='bbox 2966 708 3218 765; x_wconf 89' lang='lat' dir='ltr'><strong>doceatis</strong></span> <span class='ocrx_word' id='word_1_489' title='bbox 3245 710 3306 764; x_wconf 93' lang='lat' dir='ltr'><strong>in</strong></span> <span class='ocrx_word' id='word_1_490' title='bbox 3337 711 3658 781; x_wconf 80' lang='lat' dir='ltr'><strong>frumentis,</strong></span> 
     </span>
    </p>
   </div>
   <div class='ocr_carea' id='block_1_66' title="bbox 1958 791 3662 870">
    <p class='ocr_par' dir='ltr' id='par_1_66' title="bbox 1958 791 3662 870">
     <span class='ocr_line' id='line_1_67' title="bbox 1958 791 3662 870; baseline 0.007 -25"><span class='ocrx_word' id='word_1_491' title='bbox 1958 807 2021 845; x_wconf 91' lang='lat' dir='ltr'><strong>ac</strong></span> <span class='ocrx_word' id='word_1_492' title='bbox 2050 791 2360 863; x_wconf 84' lang='lat' dir='ltr'><strong>legumine,</strong></span> <span class='ocrx_word' id='word_1_493' title='bbox 2394 796 2450 846; x_wconf 91' lang='lat' dir='ltr'><strong>et</strong></span> <span class='ocrx_word' id='word_1_494' title='bbox 2479 793 2748 862; x_wconf 89' lang='lat' dir='ltr'><strong>oleribus,</strong></span> <span class='ocrx_word' id='word_1_495' title='bbox 2778 799 2834 850; x_wconf 88' lang='lat' dir='ltr'><strong>et</strong></span> <span class='ocrx_word' id='word_1_496' title='bbox 2880 797 3138 866; x_wconf 87' lang='lat' dir='ltr'><strong>ﬂoribus,</strong></span> <span class='ocrx_word' id='word_1_497' title='bbox 3176 803 3232 854; x_wconf 89' lang='lat' dir='ltr'><strong>et</strong></span> <span class='ocrx_word' id='word_1_498' title='bbox 3259 800 3449 870; x_wconf 91' lang='lat' dir='ltr'><strong>pomis</strong></span> <span class='ocrx_word' id='word_1_499' title='bbox 3475 801 3662 857; x_wconf 90' lang='lat' dir='ltr'><strong>inesse</strong></span> 
     </span>
    </p>
   </div>
   <div class='ocr_carea' id='block_1_67' title="bbox 1953 877 3658 960">
    <p class='ocr_par' dir='ltr' id='par_1_67' title="bbox 1953 877 3658 960">
     <span class='ocr_line' id='line_1_68' title="bbox 1953 877 3658 960; baseline 0.007 -28"><span class='ocrx_word' id='word_1_500' title='bbox 1953 877 2122 934; x_wconf 89' lang='lat' dir='ltr'><strong>istam</strong></span> <span class='ocrx_word' id='word_1_501' title='bbox 2154 879 2342 934; x_wconf 93' lang='lat' dir='ltr'><strong>nescio</strong></span> <span class='ocrx_word' id='word_1_502' title='bbox 2363 896 2534 952; x_wconf 90' lang='lat' dir='ltr'><strong>quam</strong></span> <span class='ocrx_word' id='word_1_503' title='bbox 2565 885 2787 951; x_wconf 90' lang='lat' dir='ltr'><strong>partem</strong></span> <span class='ocrx_word' id='word_1_504' title='bbox 2818 884 2938 938; x_wconf 90' lang='lat' dir='ltr'><strong>Dei.</strong></span> <span class='ocrx_word' id='word_1_505' title='bbox 2964 887 3041 940; x_wconf 79' lang='lat' dir='ltr'><strong>Ex</strong></span> <span class='ocrx_word' id='word_1_506' title='bbox 3067 885 3192 958; x_wconf 91' lang='lat' dir='ltr'><strong>ipso</strong></span> <span class='ocrx_word' id='word_1_507' title='bbox 3215 887 3420 942; x_wconf 93' lang='lat' dir='ltr'><strong>coloris</strong></span> <span class='ocrx_word' id='word_1_508' title='bbox 3454 889 3658 960; x_wconf 87' lang='lat' dir='ltr'><strong>nitore,</strong></span> 
     </span>
    </p>
   </div>
   <div class='ocr_carea' id='block_1_68' title="bbox 1953 966 3658 1044">
    <p class='ocr_par' dir='ltr' id='par_1_68' title="bbox 1953 966 3658 1044">
     <span class='ocr_line' id='line_1_69' title="bbox 1953 966 3658 1044; baseline 0.007 -24"><span class='ocrx_word' id='word_1_509' title='bbox 1953 966 2243 1037; x_wconf 89' lang='lat' dir='ltr'><strong>inquiunt,</strong></span> <span class='ocrx_word' id='word_1_510' title='bbox 2279 970 2336 1024; x_wconf 86' lang='lat' dir='ltr'><strong>et</strong></span> <span class='ocrx_word' id='word_1_511' title='bbox 2376 967 2569 1022; x_wconf 90' lang='lat' dir='ltr'><strong>odoris</strong></span> <span class='ocrx_word' id='word_1_512' title='bbox 2604 969 2982 1040; x_wconf 85' lang='lat' dir='ltr'><strong>jucunditatc,</strong></span> <span class='ocrx_word' id='word_1_513' title='bbox 3032 977 3090 1026; x_wconf 91' lang='lat' dir='ltr'><strong>et</strong></span> <span class='ocrx_word' id='word_1_514' title='bbox 3131 975 3346 1044; x_wconf 90' lang='lat' dir='ltr'><strong>saporis</strong></span> <span class='ocrx_word' id='word_1_515' title='bbox 3378 977 3658 1032; x_wconf 82' lang='lat' dir='ltr'><strong>suavitate</strong></span> 
     </span>
    </p>
   </div>
   <div class='ocr_carea' id='block_1_69' title="bbox 1953 1055 3656 1133">
    <p class='ocr_par' dir='ltr' id='par_1_69' title="bbox 1953 1055 3656 1133">
     <span class='ocr_line' id='line_1_70' title="bbox 1953 1055 3656 1133; baseline 0.006 -25"><span class='ocrx_word' id='word_1_516' title='bbox 1953 1055 2322 1111; x_wconf 89' lang='lat' dir='ltr'><strong>manifestum</strong></span> <span class='ocrx_word' id='word_1_517' title='bbox 2347 1060 2463 1110; x_wconf 88' lang='lat' dir='ltr'><strong>est:</strong></span> <span class='ocrx_word' id='word_1_518' title='bbox 2494 1072 2623 1128; x_wconf 65' lang='lat' dir='ltr'><strong>qua:</strong></span> <span class='ocrx_word' id='word_1_519' title='bbox 2665 1057 2801 1111; x_wconf 90' lang='lat' dir='ltr'><strong>dum</strong></span> <span class='ocrx_word' id='word_1_520' title='bbox 2835 1074 2947 1112; x_wconf 88' lang='lat' dir='ltr'><strong>non</strong></span> <span class='ocrx_word' id='word_1_521' title='bbox 2977 1060 3185 1116; x_wconf 88' lang='lat' dir='ltr'><strong>habent</strong></span> <span class='ocrx_word' id='word_1_522' title='bbox 3214 1062 3424 1133; x_wconf 88' lang='lat' dir='ltr'><strong>putria,</strong></span> <span class='ocrx_word' id='word_1_523' title='bbox 3456 1064 3656 1119; x_wconf 90' lang='lat' dir='ltr'><strong>eodem</strong></span> 
     </span>
    </p>
   </div>
   <div class='ocr_carea' id='block_1_70' title="bbox 1951 1142 3656 1221">
    <p class='ocr_par' dir='ltr' id='par_1_70' title="bbox 1951 1142 3656 1221">
     <span class='ocr_line' id='line_1_71' title="bbox 1951 1142 3656 1221; baseline 0.006 -23"><span class='ocrx_word' id='word_1_524' title='bbox 1951 1142 2104 1199; x_wconf 90' lang='lat' dir='ltr'><strong>bono</strong></span> <span class='ocrx_word' id='word_1_525' title='bbox 2143 1160 2264 1199; x_wconf 90' lang='lat' dir='ltr'><strong>sese</strong></span> <span class='ocrx_word' id='word_1_526' title='bbox 2303 1145 2527 1200; x_wconf 91' lang='lat' dir='ltr'><strong>deserta</strong></span> <span class='ocrx_word' id='word_1_527' title='bbox 2564 1161 2685 1199; x_wconf 89' lang='lat' dir='ltr'><strong>esse</strong></span> <span class='ocrx_word' id='word_1_528' title='bbox 2733 1145 3072 1216; x_wconf 86' lang='lat' dir='ltr'><strong>signiﬁcant.</strong></span> <span class='ocrx_word' id='word_1_529' title='bbox 3108 1151 3226 1204; x_wconf 88' lang='lat' dir='ltr'><strong>Non</strong></span> <span class='ocrx_word' id='word_1_530' title='bbox 3257 1152 3433 1221; x_wconf 90' lang='lat' dir='ltr'><strong>pudet</strong></span> <span class='ocrx_word' id='word_1_531' title='bbox 3476 1153 3656 1207; x_wconf 90' lang='lat' dir='ltr'><strong>Deum</strong></span> 
     </span>
    </p>
   </div>
   <div class='ocr_carea' id='block_1_71' title="bbox 1953 1233 3654 1304">
    <p class='ocr_par' dir='ltr' id='par_1_71' title="bbox 1953 1233 3654 1304">
     <span class='ocr_line' id='line_1_72' title="bbox 1953 1233 3654 1304; baseline 0.006 -18"><span class='ocrx_word' id='word_1_532' title='bbox 1953 1248 2090 1287; x_wconf 90' lang='lat' dir='ltr'><strong>naso</strong></span> <span class='ocrx_word' id='word_1_533' title='bbox 2121 1237 2177 1287; x_wconf 91' lang='lat' dir='ltr'><strong>et</strong></span> <span class='ocrx_word' id='word_1_534' title='bbox 2203 1234 2394 1304; x_wconf 85' lang='lat' dir='ltr'><strong>palato</strong></span> <span class='ocrx_word' id='word_1_535' title='bbox 2426 1233 2721 1288; x_wconf 90' lang='lat' dir='ltr'><strong>inventum</strong></span> <span class='ocrx_word' id='word_1_536' title='bbox 2750 1237 2990 1304; x_wconf 81' lang='lat' dir='ltr'><strong>putare?</strong></span> <span class='ocrx_word' id='word_1_537' title='bbox 3015 1237 3110 1290; x_wconf 91' lang='lat' dir='ltr'><strong>sed</strong></span> <span class='ocrx_word' id='word_1_538' title='bbox 3143 1237 3262 1292; x_wconf 61' lang='lat' dir='ltr'><strong>haec</strong></span> <span class='ocrx_word' id='word_1_539' title='bbox 3293 1240 3513 1296; x_wconf 87' lang='lat' dir='ltr'><strong>omitto.</strong></span> <span class='ocrx_word' id='word_1_540' title='bbox 3546 1242 3654 1296; x_wconf 89' lang='lat' dir='ltr'><strong>La-</strong></span> 
     </span>
    </p>
   </div>
   <div class='ocr_carea' id='block_1_72' title="bbox 1951 1321 3656 1396">
    <p class='ocr_par' dir='ltr' id='par_1_72' title="bbox 1951 1321 3656 1396">
     <span class='ocr_line' id='line_1_73' title="bbox 1951 1321 3656 1396; baseline 0.006 -22"><span class='ocrx_word' id='word_1_541' title='bbox 1951 1321 2069 1374; x_wconf 88' lang='lat' dir='ltr'><strong>tine</strong></span> <span class='ocrx_word' id='word_1_542' title='bbox 2099 1321 2256 1376; x_wconf 91' lang='lat' dir='ltr'><strong>enim</strong></span> <span class='ocrx_word' id='word_1_543' title='bbox 2282 1322 2442 1377; x_wconf 92' lang='lat' dir='ltr'><strong>vobis</strong></span> <span class='ocrx_word' id='word_1_544' title='bbox 2472 1322 2677 1390; x_wconf 88' lang='lat' dir='ltr'><strong>dicam,</strong></span> <span class='ocrx_word' id='word_1_545' title='bbox 2711 1327 2786 1391; x_wconf 87' lang='lat' dir='ltr'><strong>ct,</strong></span> <span class='ocrx_word' id='word_1_546' title='bbox 2811 1326 2876 1377; x_wconf 91' lang='lat' dir='ltr'><strong>ut</strong></span> <span class='ocrx_word' id='word_1_547' title='bbox 2903 1323 3014 1378; x_wconf 92' lang='lat' dir='ltr'><strong>dici</strong></span> <span class='ocrx_word' id='word_1_548' title='bbox 3043 1327 3270 1396; x_wconf 88' lang='lat' dir='ltr'><strong>assolet,</strong></span> <span class='ocrx_word' id='word_1_549' title='bbox 3293 1329 3540 1384; x_wconf 90' lang='lat' dir='ltr'><strong>multum</strong></span> <span class='ocrx_word' id='word_1_550' title='bbox 3573 1335 3656 1385; x_wconf 90' lang='lat' dir='ltr'><strong>cst</strong></span> 
     </span>
    </p>
   </div>
   <div class='ocr_carea' id='block_1_73' title="bbox 1951 1409 3652 1488">
    <p class='ocr_par' dir='ltr' id='par_1_73' title="bbox 1951 1409 3652 1488">
     <span class='ocr_line' id='line_1_74' title="bbox 1951 1409 3652 1488; baseline 0.005 -24"><span class='ocrx_word' id='word_1_551' title='bbox 1951 1411 2020 1464; x_wconf 89' lang='lat' dir='ltr'><strong>ad</strong></span> <span class='ocrx_word' id='word_1_552' title='bbox 2041 1426 2158 1465; x_wconf 91' lang='lat' dir='ltr'><strong>vos.</strong></span> <span class='ocrx_word' id='word_1_553' title='bbox 2185 1410 2329 1464; x_wconf 91' lang='lat' dir='ltr'><strong>Illud</strong></span> <span class='ocrx_word' id='word_1_554' title='bbox 2362 1409 2549 1481; x_wconf 88' lang='lat' dir='ltr'><strong>potius</strong></span> <span class='ocrx_word' id='word_1_555' title='bbox 2573 1412 2978 1483; x_wconf 86' lang='lat' dir='ltr'><strong>qualicumque</strong></span> <span class='ocrx_word' id='word_1_556' title='bbox 2999 1419 3193 1469; x_wconf 87' lang='lat' dir='ltr'><strong>mente</strong></span> <span class='ocrx_word' id='word_1_557' title='bbox 3215 1414 3652 1488; x_wconf 83' lang='lat' dir='ltr'><strong>intelligendum</strong></span> 
     </span>
    </p>
   </div>
   <div class='ocr_carea' id='block_1_74' title="bbox 1948 1497 3654 1576">
    <p class='ocr_par' dir='ltr' id='par_1_74' title="bbox 1948 1497 3654 1576">
     <span class='ocr_line' id='line_1_75' title="bbox 1948 1497 3654 1576; baseline 0.004 -23"><span class='ocrx_word' id='word_1_558' title='bbox 1948 1497 2075 1564; x_wconf 84' lang='lat' dir='ltr'><strong>fuit,</strong></span> <span class='ocrx_word' id='word_1_559' title='bbox 2111 1497 2156 1551; x_wconf 92' lang='lat' dir='ltr'><strong>si</strong></span> <span class='ocrx_word' id='word_1_560' title='bbox 2185 1499 2372 1552; x_wconf 89' lang='lat' dir='ltr'><strong>colore</strong></span> <span class='ocrx_word' id='word_1_561' title='bbox 2401 1503 2642 1570; x_wconf 88' lang='lat' dir='ltr'><strong>apparet</strong></span> <span class='ocrx_word' id='word_1_562' title='bbox 2679 1499 2742 1554; x_wconf 94' lang='lat' dir='ltr'><strong>in</strong></span> <span class='ocrx_word' id='word_1_563' title='bbox 2770 1501 3105 1572; x_wconf 89' lang='lat' dir='ltr'><strong>corporibus</strong></span> <span class='ocrx_word' id='word_1_564' title='bbox 3147 1503 3282 1557; x_wconf 91' lang='lat' dir='ltr'><strong>boni</strong></span> <span class='ocrx_word' id='word_1_565' title='bbox 3330 1506 3654 1576; x_wconf 61' lang='lat' dir='ltr'><strong>praesentia,</strong></span> 
     </span>
    </p>
   </div>
   <div class='ocr_carea' id='block_1_75' title="bbox 1948 1586 3656 1664">
    <p class='ocr_par' dir='ltr' id='par_1_75' title="bbox 1948 1586 3656 1664">
     <span class='ocr_line' id='line_1_76' title="bbox 1948 1586 3656 1664; baseline 0.004 -23"><span class='ocrx_word' id='word_1_566' title='bbox 1948 1586 2150 1642; x_wconf 87' lang='lat' dir='ltr'><strong>ﬁmum</strong></span> <span class='ocrx_word' id='word_1_567' title='bbox 2177 1587 2537 1655; x_wconf 90' lang='lat' dir='ltr'><strong>animalium,</strong></span> <span class='ocrx_word' id='word_1_568' title='bbox 2569 1589 2719 1660; x_wconf 91' lang='lat' dir='ltr'><strong>quod</strong></span> <span class='ocrx_word' id='word_1_569' title='bbox 2751 1588 3007 1661; x_wconf 86' lang='lat' dir='ltr'><strong>ipsarum</strong></span> <span class='ocrx_word' id='word_1_570' title='bbox 3034 1591 3206 1646; x_wconf 91' lang='lat' dir='ltr'><strong>etiam</strong></span> <span class='ocrx_word' id='word_1_571' title='bbox 3238 1592 3497 1648; x_wconf 88' lang='lat' dir='ltr'><strong>carnium</strong></span> <span class='ocrx_word' id='word_1_572' title='bbox 3523 1610 3656 1664; x_wconf 82' lang='lat' dir='ltr'><strong>pur-</strong></span> 
     </span>
    </p>
   </div>
   <div class='ocr_carea' id='block_1_76' title="bbox 1946 1677 3653 1749">
    <p class='ocr_par' dir='ltr' id='par_1_76' title="bbox 1946 1677 3653 1749">
     <span class='ocr_line' id='line_1_77' title="bbox 1946 1677 3653 1749; baseline 0.004 -19"><span class='ocrx_word' id='word_1_573' title='bbox 1946 1681 2282 1748; x_wconf 90' lang='lat' dir='ltr'><strong>gamentum</strong></span> <span class='ocrx_word' id='word_1_574' title='bbox 2329 1679 2432 1745; x_wconf 88' lang='lat' dir='ltr'><strong>est,</strong></span> <span class='ocrx_word' id='word_1_575' title='bbox 2472 1677 2710 1732; x_wconf 86' lang='lat' dir='ltr'><strong>diversis</strong></span> <span class='ocrx_word' id='word_1_576' title='bbox 2758 1679 2940 1733; x_wconf 88' lang='lat' dir='ltr'><strong>nitere</strong></span> <span class='ocrx_word' id='word_1_577' title='bbox 2989 1680 3290 1749; x_wconf 90' lang='lat' dir='ltr'><strong>coloribus,</strong></span> <span class='ocrx_word' id='word_1_578' title='bbox 3333 1681 3471 1735; x_wconf 87' lang='lat' dir='ltr'><strong>alias</strong></span> <span class='ocrx_word' id='word_1_579' title='bbox 3517 1699 3653 1738; x_wconf 88' lang='lat' dir='ltr'><strong>can-</strong></span> 
     </span>
    </p>
   </div>
   <div class='ocr_carea' id='block_1_77' title="bbox 1948 1765 3654 1842">
    <p class='ocr_par' dir='ltr' id='par_1_77' title="bbox 1948 1765 3654 1842">
     <span class='ocr_line' id='line_1_78' title="bbox 1948 1765 3654 1842; baseline 0.004 -22"><span class='ocrx_word' id='word_1_580' title='bbox 1948 1765 2104 1830; x_wconf 92' lang='lat' dir='ltr'><strong>dido,</strong></span> <span class='ocrx_word' id='word_1_581' title='bbox 2143 1766 2484 1837; x_wconf 89' lang='lat' dir='ltr'><strong>plerumque</strong></span> <span class='ocrx_word' id='word_1_582' title='bbox 2530 1767 2783 1835; x_wconf 90' lang='lat' dir='ltr'><strong>aureolo,</strong></span> <span class='ocrx_word' id='word_1_583' title='bbox 2835 1771 2891 1822; x_wconf 89' lang='lat' dir='ltr'><strong>et</strong></span> <span class='ocrx_word' id='word_1_584' title='bbox 2937 1767 3062 1821; x_wconf 90' lang='lat' dir='ltr'><strong>aliis</strong></span> <span class='ocrx_word' id='word_1_585' title='bbox 3108 1768 3458 1838; x_wconf 89' lang='lat' dir='ltr'><strong>hujusmodi,</strong></span> <span class='ocrx_word' id='word_1_586' title='bbox 3509 1787 3654 1842; x_wconf 90' lang='lat' dir='ltr'><strong>quos</strong></span> 
     </span>
    </p>
   </div>
   <div class='ocr_carea' id='block_1_78' title="bbox 1945 1853 3652 1931">
    <p class='ocr_par' dir='ltr' id='par_1_78' title="bbox 1945 1853 3652 1931">
     <span class='ocr_line' id='line_1_79' title="bbox 1945 1853 3652 1931; baseline 0.004 -23"><span class='ocrx_word' id='word_1_587' title='bbox 1945 1853 2004 1908; x_wconf 94' lang='lat' dir='ltr'><strong>in</strong></span> <span class='ocrx_word' id='word_1_588' title='bbox 2032 1854 2222 1925; x_wconf 90' lang='lat' dir='ltr'><strong>pomis</strong></span> <span class='ocrx_word' id='word_1_589' title='bbox 2250 1857 2307 1909; x_wconf 90' lang='lat' dir='ltr'><strong>et</strong></span> <span class='ocrx_word' id='word_1_590' title='bbox 2334 1853 2569 1909; x_wconf 87' lang='lat' dir='ltr'><strong>ﬂoribus</strong></span> <span class='ocrx_word' id='word_1_591' title='bbox 2605 1854 2762 1909; x_wconf 90' lang='lat' dir='ltr'><strong>velut</strong></span> <span class='ocrx_word' id='word_1_592' title='bbox 2798 1859 2966 1910; x_wconf 89' lang='lat' dir='ltr'><strong>testes</strong></span> <span class='ocrx_word' id='word_1_593' title='bbox 3008 1855 3107 1910; x_wconf 92' lang='lat' dir='ltr'><strong>Dei</strong></span> <span class='ocrx_word' id='word_1_594' title='bbox 3142 1857 3443 1926; x_wconf 64' lang='lat' dir='ltr'><strong>praesentis</strong></span> <span class='ocrx_word' id='word_1_595' title='bbox 3479 1863 3652 1931; x_wconf 88' lang='lat' dir='ltr'><strong>atque</strong></span> 
     </span>
    </p>
   </div>
   <div class='ocr_carea' id='block_1_79' title="bbox 1945 1941 3648 2020">
    <p class='ocr_par' dir='ltr' id='par_1_79' title="bbox 1945 1941 3648 2020">
     <span class='ocr_line' id='line_1_80' title="bbox 1945 1941 3648 2020; baseline 0.004 -23"><span class='ocrx_word' id='word_1_596' title='bbox 1945 1942 2279 1998; x_wconf 66' lang='lat' dir='ltr'><strong>inhaarentis</strong></span> <span class='ocrx_word' id='word_1_597' title='bbox 2327 1941 2600 2014; x_wconf 89' lang='lat' dir='ltr'><strong>accipitis.</strong></span> <span class='ocrx_word' id='word_1_598' title='bbox 2637 1943 2782 2008; x_wconf 90' lang='lat' dir='ltr'><strong>Quid</strong></span> <span class='ocrx_word' id='word_1_599' title='bbox 2832 1944 3063 1998; x_wconf 89' lang='lat' dir='ltr'><strong>tandem</strong></span> <span class='ocrx_word' id='word_1_600' title='bbox 3110 1961 3294 2000; x_wconf 56' lang='lat' dir='ltr'><strong>causa</strong></span> <span class='ocrx_word' id='word_1_601' title='bbox 3343 1950 3446 2013; x_wconf 92' lang='lat' dir='ltr'><strong>est,</strong></span> <span class='ocrx_word' id='word_1_602' title='bbox 3495 1949 3648 2020; x_wconf 88' lang='lat' dir='ltr'><strong>quod</strong></span> 
     </span>
    </p>
   </div>
   <div class='ocr_carea' id='block_1_80' title="bbox 1943 2029 3651 2105">
    <p class='ocr_par' dir='ltr' id='par_1_80' title="bbox 1943 2029 3651 2105">
     <span class='ocr_line' id='line_1_81' title="bbox 1943 2029 3651 2105; baseline 0.003 -20"><span class='ocrx_word' id='word_1_603' title='bbox 1943 2030 2217 2086; x_wconf 88' lang='lat' dir='ltr'><strong>ruborem</strong></span> <span class='ocrx_word' id='word_1_604' title='bbox 2246 2029 2307 2085; x_wconf 91' lang='lat' dir='ltr'><strong>in</strong></span> <span class='ocrx_word' id='word_1_605' title='bbox 2337 2046 2468 2085; x_wconf 91' lang='lat' dir='ltr'><strong>rosa</strong></span> <span class='ocrx_word' id='word_1_606' title='bbox 2495 2029 2743 2086; x_wconf 91' lang='lat' dir='ltr'><strong>indicem</strong></span> <span class='ocrx_word' id='word_1_607' title='bbox 2776 2031 3120 2087; x_wconf 88' lang='lat' dir='ltr'><strong>abundantis</strong></span> <span class='ocrx_word' id='word_1_608' title='bbox 3150 2032 3288 2087; x_wconf 91' lang='lat' dir='ltr'><strong>boni</strong></span> <span class='ocrx_word' id='word_1_609' title='bbox 3321 2049 3439 2088; x_wconf 87' lang='lat' dir='ltr'><strong>esse</strong></span> <span class='ocrx_word' id='word_1_610' title='bbox 3461 2035 3651 2105; x_wconf 82' lang='lat' dir='ltr'><strong>perhi-</strong></span> 
     </span>
    </p>
   </div>
   <div class='ocr_carea' id='block_1_81' title="bbox 1942 2117 3650 2192">
    <p class='ocr_par' dir='ltr' id='par_1_81' title="bbox 1942 2117 3650 2192">
     <span class='ocr_line' id='line_1_82' title="bbox 1942 2117 3650 2192; baseline 0.004 -20"><span class='ocrx_word' id='word_1_611' title='bbox 1942 2117 2109 2185; x_wconf 90' lang='lat' dir='ltr'><strong>betis,</strong></span> <span class='ocrx_word' id='word_1_612' title='bbox 2143 2122 2201 2172; x_wconf 89' lang='lat' dir='ltr'><strong>et</strong></span> <span class='ocrx_word' id='word_1_613' title='bbox 2229 2118 2497 2173; x_wconf 90' lang='lat' dir='ltr'><strong>eumdem</strong></span> <span class='ocrx_word' id='word_1_614' title='bbox 2528 2117 2812 2173; x_wconf 89' lang='lat' dir='ltr'><strong>damnatis</strong></span> <span class='ocrx_word' id='word_1_615' title='bbox 2841 2119 2900 2173; x_wconf 93' lang='lat' dir='ltr'><strong>in</strong></span> <span class='ocrx_word' id='word_1_616' title='bbox 2931 2119 3254 2192; x_wconf 80' lang='lat' dir='ltr'><strong>sanguine?</strong></span> <span class='ocrx_word' id='word_1_617' title='bbox 3275 2122 3388 2176; x_wconf 88' lang='lat' dir='ltr'><strong>Cur</strong></span> <span class='ocrx_word' id='word_1_618' title='bbox 3412 2121 3472 2176; x_wconf 93' lang='lat' dir='ltr'><strong>in</strong></span> <span class='ocrx_word' id='word_1_619' title='bbox 3501 2123 3650 2178; x_wconf 86' lang='lat' dir='ltr'><strong>viola</strong></span> 
     </span>
    </p>
   </div>
   <div class='ocr_carea' id='block_1_82' title="bbox 1943 2207 3645 2280">
    <p class='ocr_par' dir='ltr' id='par_1_82' title="bbox 1943 2207 3645 2280">
     <span class='ocr_line' id='line_1_83' title="bbox 1943 2207 3645 2280; baseline 0.003 -19"><span class='ocrx_word' id='word_1_620' title='bbox 1943 2207 2212 2262; x_wconf 89' lang='lat' dir='ltr'><strong>eumdem</strong></span> <span class='ocrx_word' id='word_1_621' title='bbox 2239 2207 2493 2261; x_wconf 90' lang='lat' dir='ltr'><strong>colorem</strong></span> <span class='ocrx_word' id='word_1_622' title='bbox 2517 2207 2952 2278; x_wconf 89' lang='lat' dir='ltr'><strong>amplectimini,</strong></span> <span class='ocrx_word' id='word_1_623' title='bbox 2977 2225 3148 2280; x_wconf 89' lang='lat' dir='ltr'><strong>quem</strong></span> <span class='ocrx_word' id='word_1_624' title='bbox 3175 2209 3236 2264; x_wconf 91' lang='lat' dir='ltr'><strong>in</strong></span> <span class='ocrx_word' id='word_1_625' title='bbox 3260 2211 3583 2266; x_wconf 89' lang='lat' dir='ltr'><strong>choleribus</strong></span> <span class='ocrx_word' id='word_1_626' title='bbox 3605 2213 3645 2280; x_wconf 78' lang='grc' dir='ltr'><strong>ί,</strong></span> 
     </span>
    </p>
   </div>
   <div class='ocr_carea' id='block_1_83' title="bbox 1941 2290 3646 2367">
    <p class='ocr_par' dir='ltr' id='par_1_83' title="bbox 1941 2290 3646 2367">
     <span class='ocr_line' id='line_1_84' title="bbox 1941 2290 3646 2367; baseline 0.002 -21"><span class='ocrx_word' id='word_1_627' title='bbox 1941 2290 2002 2346; x_wconf 92' lang='lat' dir='ltr'><strong>in</strong></span> <span class='ocrx_word' id='word_1_628' title='bbox 2030 2292 2232 2347; x_wconf 88' lang='lat' dir='ltr'><strong>morbo</strong></span> <span class='ocrx_word' id='word_1_629' title='bbox 2260 2291 2640 2361; x_wconf 89' lang='lat' dir='ltr'><strong>ictericorum,</strong></span> <span class='ocrx_word' id='word_1_630' title='bbox 2663 2291 2722 2347; x_wconf 92' lang='lat' dir='ltr'><strong>in</strong></span> <span class='ocrx_word' id='word_1_631' title='bbox 2753 2292 2987 2348; x_wconf 87' lang='lat' dir='ltr'><strong>infantis</strong></span> <span class='ocrx_word' id='word_1_632' title='bbox 3016 2294 3264 2366; x_wconf 89' lang='lat' dir='ltr'><strong>denique</strong></span> <span class='ocrx_word' id='word_1_633' title='bbox 3294 2295 3432 2350; x_wconf 90' lang='lat' dir='ltr'><strong>ﬁmo</strong></span> <span class='ocrx_word' id='word_1_634' title='bbox 3453 2311 3646 2367; x_wconf 90' lang='lat' dir='ltr'><strong>asper-</strong></span> 
     </span>
    </p>
   </div>
   <div class='ocr_carea' id='block_1_84' title="bbox 1943 2380 3646 2454">
    <p class='ocr_par' dir='ltr' id='par_1_84' title="bbox 1943 2380 3646 2454">
     <span class='ocr_line' id='line_1_85' title="bbox 1943 2380 3646 2454; baseline 0.002 -18"><span class='ocrx_word' id='word_1_635' title='bbox 1943 2380 2202 2436; x_wconf 89' lang='lat' dir='ltr'><strong>namini?</strong></span> <span class='ocrx_word' id='word_1_636' title='bbox 2240 2381 2353 2436; x_wconf 89' lang='lat' dir='ltr'><strong>Cur</strong></span> <span class='ocrx_word' id='word_1_637' title='bbox 2396 2381 2641 2436; x_wconf 88' lang='lat' dir='ltr'><strong>nitorem</strong></span> <span class='ocrx_word' id='word_1_638' title='bbox 2680 2385 2850 2454; x_wconf 90' lang='lat' dir='ltr'><strong>atque</strong></span> <span class='ocrx_word' id='word_1_639' title='bbox 2893 2383 3176 2454; x_wconf 89' lang='lat' dir='ltr'><strong>fulgorem</strong></span> <span class='ocrx_word' id='word_1_640' title='bbox 3225 2384 3356 2451; x_wconf 88' lang='lat' dir='ltr'><strong>olei,</strong></span> <span class='ocrx_word' id='word_1_641' title='bbox 3399 2385 3646 2439; x_wconf 91' lang='lat' dir='ltr'><strong>clamare</strong></span> 
     </span>
    </p>
   </div>
   <div class='ocr_carea' id='block_1_85' title="bbox 1941 2469 3644 2545">
    <p class='ocr_par' dir='ltr' id='par_1_85' title="bbox 1941 2469 3644 2545">
     <span class='ocr_line' id='line_1_86' title="bbox 1941 2469 3644 2545; baseline 0.001 -20"><span class='ocrx_word' id='word_1_642' title='bbox 1941 2469 2165 2542; x_wconf 89' lang='lat' dir='ltr'><strong>copiam</strong></span> <span class='ocrx_word' id='word_1_643' title='bbox 2195 2469 2503 2525; x_wconf 82' lang='lat' dir='ltr'><strong>coadmixti</strong></span> <span class='ocrx_word' id='word_1_644' title='bbox 2540 2470 2678 2525; x_wconf 91' lang='lat' dir='ltr'><strong>boni</strong></span> <span class='ocrx_word' id='word_1_645' title='bbox 2707 2470 3086 2539; x_wconf 86' lang='lat' dir='ltr'><strong>arbitramini,</strong></span> <span class='ocrx_word' id='word_1_646' title='bbox 3121 2476 3177 2526; x_wconf 91' lang='lat' dir='ltr'><strong>et</strong></span> <span class='ocrx_word' id='word_1_647' title='bbox 3205 2473 3274 2526; x_wconf 90' lang='lat' dir='ltr'><strong>ad</strong></span> <span class='ocrx_word' id='word_1_648' title='bbox 3305 2472 3362 2526; x_wconf 93' lang='lat' dir='ltr'><strong>id</strong></span> <span class='ocrx_word' id='word_1_649' title='bbox 3390 2489 3644 2545; x_wconf 84' lang='lat' dir='ltr'><strong>purgan-</strong></span> 
     </span>
    </p>
   </div>
   <div class='ocr_carea' id='block_1_86' title="bbox 1941 2559 3644 2630">
    <p class='ocr_par' dir='ltr' id='par_1_86' title="bbox 1941 2559 3644 2630">
     <span class='ocr_line' id='line_1_87' title="bbox 1941 2559 3644 2630; baseline 0.001 -17"><span class='ocrx_word' id='word_1_650' title='bbox 1941 2559 2080 2614; x_wconf 90' lang='lat' dir='ltr'><strong>dum</strong></span> <span class='ocrx_word' id='word_1_651' title='bbox 2100 2559 2290 2613; x_wconf 90' lang='lat' dir='ltr'><strong>fauces</strong></span> <span class='ocrx_word' id='word_1_652' title='bbox 2317 2563 2372 2613; x_wconf 88' lang='lat' dir='ltr'><strong>et</strong></span> <span class='ocrx_word' id='word_1_653' title='bbox 2399 2562 2652 2613; x_wconf 90' lang='lat' dir='ltr'><strong>ventrem</strong></span> <span class='ocrx_word' id='word_1_654' title='bbox 2681 2559 2922 2629; x_wconf 88' lang='lat' dir='ltr'><strong>paratis;</strong></span> <span class='ocrx_word' id='word_1_655' title='bbox 2942 2560 3010 2614; x_wconf 90' lang='lat' dir='ltr'><strong>de</strong></span> <span class='ocrx_word' id='word_1_656' title='bbox 3036 2559 3238 2630; x_wconf 90' lang='lat' dir='ltr'><strong>pingui</strong></span> <span class='ocrx_word' id='word_1_657' title='bbox 3260 2567 3453 2614; x_wconf 87' lang='lat' dir='ltr'><strong>autem</strong></span> <span class='ocrx_word' id='word_1_658' title='bbox 3474 2577 3644 2614; x_wconf 91' lang='lat' dir='ltr'><strong>carne</strong></span> 
     </span>
    </p>
   </div>
   <div class='ocr_carea' id='block_1_87' title="bbox 1940 2647 3643 2719">
    <p class='ocr_par' dir='ltr' id='par_1_87' title="bbox 1940 2647 3643 2719">
     <span class='ocr_line' id='line_1_88' title="bbox 1940 2647 3643 2719; baseline 0.001 -18"><span class='ocrx_word' id='word_1_659' title='bbox 1940 2647 2217 2702; x_wconf 91' lang='lat' dir='ltr'><strong>simillimi</strong></span> <span class='ocrx_word' id='word_1_660' title='bbox 2258 2647 2494 2718; x_wconf 84' lang='lat' dir='ltr'><strong>fulgoris</strong></span> <span class='ocrx_word' id='word_1_661' title='bbox 2533 2648 2951 2702; x_wconf 89' lang='lat' dir='ltr'><strong>destillantibus</strong></span> <span class='ocrx_word' id='word_1_662' title='bbox 2991 2648 3167 2719; x_wconf 88' lang='lat' dir='ltr'><strong>guttis</strong></span> <span class='ocrx_word' id='word_1_663' title='bbox 3210 2648 3370 2702; x_wconf 88' lang='lat' dir='ltr'><strong>labra</strong></span> <span class='ocrx_word' id='word_1_664' title='bbox 3418 2649 3643 2704; x_wconf 88' lang='lat' dir='ltr'><strong>contin-</strong></span> 
     </span>
    </p>
   </div>
   <div class='ocr_carea' id='block_1_88' title="bbox 1939 2733 3646 2807">
    <p class='ocr_par' dir='ltr' id='par_1_88' title="bbox 1939 2733 3646 2807">
     <span class='ocr_line' id='line_1_89' title="bbox 1939 2733 3646 2807; baseline 0.001 -19"><span class='ocrx_word' id='word_1_665' title='bbox 1939 2750 2074 2805; x_wconf 90' lang='lat' dir='ltr'><strong>gere</strong></span> <span class='ocrx_word' id='word_1_666' title='bbox 2117 2733 2472 2788; x_wconf 83' lang='lat' dir='ltr'><strong>formidatis?</strong></span> <span class='ocrx_word' id='word_1_667' title='bbox 2503 2734 2615 2788; x_wconf 91' lang='lat' dir='ltr'><strong>Cur</strong></span> <span class='ocrx_word' id='word_1_668' title='bbox 2650 2735 2720 2789; x_wconf 92' lang='lat' dir='ltr'><strong>de</strong></span> <span class='ocrx_word' id='word_1_669' title='bbox 2751 2734 3032 2788; x_wconf 90' lang='lat' dir='ltr'><strong>thesauris</strong></span> <span class='ocrx_word' id='word_1_670' title='bbox 3074 2734 3174 2788; x_wconf 90' lang='lat' dir='ltr'><strong>Dei</strong></span> <span class='ocrx_word' id='word_1_671' title='bbox 3213 2736 3500 2790; x_wconf 90' lang='lat' dir='ltr'><strong>melonem</strong></span> <span class='ocrx_word' id='word_1_672' title='bbox 3543 2753 3646 2807; x_wconf 89' lang='lat' dir='ltr'><strong>pu-</strong></span> 
     </span>
    </p>
   </div>
   <div class='ocr_carea' id='block_1_89' title="bbox 1940 2820 3640 2892">
    <p class='ocr_par' dir='ltr' id='par_1_89' title="bbox 1940 2820 3640 2892">
     <span class='ocr_line' id='line_1_90' title="bbox 1940 2820 3640 2892; baseline 0.001 -17"><span class='ocrx_word' id='word_1_673' title='bbox 1940 2820 2072 2875; x_wconf 87' lang='lat' dir='ltr'><strong>tatis</strong></span> <span class='ocrx_word' id='word_1_674' title='bbox 2117 2836 2358 2875; x_wconf 88' lang='lat' dir='ltr'><strong>aureum</strong></span> <span class='ocrx_word' id='word_1_675' title='bbox 2405 2836 2560 2888; x_wconf 87' lang='lat' dir='ltr'><strong>esse;</strong></span> <span class='ocrx_word' id='word_1_676' title='bbox 2595 2825 2651 2875; x_wconf 90' lang='lat' dir='ltr'><strong>et</strong></span> <span class='ocrx_word' id='word_1_677' title='bbox 2695 2837 2889 2892; x_wconf 71' lang='lat' dir='ltr'><strong>pernae</strong></span> <span class='ocrx_word' id='word_1_678' title='bbox 2929 2820 3155 2891; x_wconf 90' lang='lat' dir='ltr'><strong>adipem</strong></span> <span class='ocrx_word' id='word_1_679' title='bbox 3196 2821 3512 2889; x_wconf 89' lang='lat' dir='ltr'><strong>rancidam,</strong></span> <span class='ocrx_word' id='word_1_680' title='bbox 3554 2823 3640 2877; x_wconf 90' lang='lat' dir='ltr'><strong>vel</strong></span> 
     </span>
    </p>
   </div>
   <div class='ocr_carea' id='block_1_90' title="bbox 1939 2907 3642 2980">
    <p class='ocr_par' dir='ltr' id='par_1_90' title="bbox 1939 2907 3642 2980">
     <span class='ocr_line' id='line_1_91' title="bbox 1939 2907 3642 2980; baseline 0.001 -18"><span class='ocrx_word' id='word_1_681' title='bbox 1939 2907 2032 2963; x_wconf 88' lang='lat' dir='ltr'><strong>ovi</strong></span> <span class='ocrx_word' id='word_1_682' title='bbox 2061 2907 2313 2963; x_wconf 91' lang='lat' dir='ltr'><strong>medium</strong></span> <span class='ocrx_word' id='word_1_683' title='bbox 2342 2924 2457 2962; x_wconf 94' lang='lat' dir='ltr'><strong>non</strong></span> <span class='ocrx_word' id='word_1_684' title='bbox 2483 2908 2734 2980; x_wconf 89' lang='lat' dir='ltr'><strong>putatis?</strong></span> <span class='ocrx_word' id='word_1_685' title='bbox 2758 2909 2870 2964; x_wconf 89' lang='lat' dir='ltr'><strong>Cur</strong></span> <span class='ocrx_word' id='word_1_686' title='bbox 2896 2908 3051 2964; x_wconf 91' lang='lat' dir='ltr'><strong>vobis</strong></span> <span class='ocrx_word' id='word_1_687' title='bbox 3081 2909 3292 2963; x_wconf 89' lang='lat' dir='ltr'><strong>candor</strong></span> <span class='ocrx_word' id='word_1_688' title='bbox 3319 2908 3380 2963; x_wconf 91' lang='lat' dir='ltr'><strong>in</strong></span> <span class='ocrx_word' id='word_1_689' title='bbox 3413 2909 3642 2964; x_wconf 88' lang='lat' dir='ltr'><strong>lactucis</strong></span> 
     </span>
    </p>
   </div>
   <div class='ocr_carea' id='block_1_91' title="bbox 1937 2997 3642 3069">
    <p class='ocr_par' dir='ltr' id='par_1_91' title="bbox 1937 2997 3642 3069">
     <span class='ocr_line' id='line_1_92' title="bbox 1937 2997 3642 3069; baseline 0.001 -18"><span class='ocrx_word' id='word_1_690' title='bbox 1937 2997 2208 3069; x_wconf 82' lang='lat' dir='ltr'><strong>praedicat</strong></span> <span class='ocrx_word' id='word_1_691' title='bbox 2249 2999 2450 3065; x_wconf 91' lang='lat' dir='ltr'><strong>Deum,</strong></span> <span class='ocrx_word' id='word_1_692' title='bbox 2486 2997 2545 3052; x_wconf 95' lang='lat' dir='ltr'><strong>in</strong></span> <span class='ocrx_word' id='word_1_693' title='bbox 2577 2999 2716 3052; x_wconf 86' lang='lat' dir='ltr'><strong>lacte</strong></span> <span class='ocrx_word' id='word_1_694' title='bbox 2761 3014 2877 3052; x_wconf 94' lang='lat' dir='ltr'><strong>non</strong></span> <span class='ocrx_word' id='word_1_695' title='bbox 2904 2997 3216 3068; x_wconf 61' lang='lat' dir='ltr'><strong>praedicat?</strong></span> <span class='ocrx_word' id='word_1_696' title='bbox 3249 2999 3324 3052; x_wconf 91' lang='lat' dir='ltr'><strong>De</strong></span> <span class='ocrx_word' id='word_1_697' title='bbox 3355 2998 3642 3052; x_wconf 91' lang='lat' dir='ltr'><strong>coloribus</strong></span> 
     </span>
    </p>
   </div>
   <div class='ocr_carea' id='block_1_92' title="bbox 1939 3085 3638 3159">
    <p class='ocr_par' dir='ltr' id='par_1_92' title="bbox 1939 3085 3638 3159">
     <span class='ocr_line' id='line_1_93' title="bbox 1939 3085 3638 3159; baseline 0 -19"><span class='ocrx_word' id='word_1_698' title='bbox 1939 3086 2092 3141; x_wconf 90' lang='lat' dir='ltr'><strong>enim</strong></span> <span class='ocrx_word' id='word_1_699' title='bbox 2122 3085 2305 3141; x_wconf 90' lang='lat' dir='ltr'><strong>adhuc</strong></span> <span class='ocrx_word' id='word_1_700' title='bbox 2349 3086 2576 3158; x_wconf 90' lang='lat' dir='ltr'><strong>loquor,</strong></span> <span class='ocrx_word' id='word_1_701' title='bbox 2617 3086 2677 3140; x_wconf 93' lang='lat' dir='ltr'><strong>in</strong></span> <span class='ocrx_word' id='word_1_702' title='bbox 2719 3087 2926 3159; x_wconf 90' lang='lat' dir='ltr'><strong>quibus</strong></span> <span class='ocrx_word' id='word_1_703' title='bbox 2974 3088 3056 3157; x_wconf 84' lang='lat' dir='ltr'><strong>(ut</strong></span> <span class='ocrx_word' id='word_1_704' title='bbox 3093 3086 3353 3141; x_wconf 90' lang='lat' dir='ltr'><strong>omittam</strong></span> <span class='ocrx_word' id='word_1_705' title='bbox 3395 3087 3638 3156; x_wconf 60' lang='lat' dir='ltr'><strong>cratera),</strong></span> 
     </span>
    </p>
   </div>
   <div class='ocr_carea' id='block_1_93' title="bbox 1937 3173 3641 3247">
    <p class='ocr_par' dir='ltr' id='par_1_93' title="bbox 1937 3173 3641 3247">
     <span class='ocr_line' id='line_1_94' title="bbox 1937 3173 3641 3247; baseline -0.001 -17"><span class='ocrx_word' id='word_1_706' title='bbox 1937 3173 2110 3230; x_wconf 91' lang='lat' dir='ltr'><strong>unius</strong></span> <span class='ocrx_word' id='word_1_707' title='bbox 2134 3174 2374 3245; x_wconf 91' lang='lat' dir='ltr'><strong>pavonis</strong></span> <span class='ocrx_word' id='word_1_708' title='bbox 2413 3175 2621 3246; x_wconf 89' lang='lat' dir='ltr'><strong>pennis</strong></span> <span class='ocrx_word' id='word_1_709' title='bbox 2651 3180 2707 3230; x_wconf 89' lang='lat' dir='ltr'><strong>et</strong></span> <span class='ocrx_word' id='word_1_710' title='bbox 2734 3175 2966 3247; x_wconf 87' lang='lat' dir='ltr'><strong>plumis,</strong></span> <span class='ocrx_word' id='word_1_711' title='bbox 2999 3191 3129 3247; x_wconf 73' lang='lat' dir='ltr'><strong>qua:</strong></span> <span class='ocrx_word' id='word_1_712' title='bbox 3157 3179 3308 3230; x_wconf 88' lang='lat' dir='ltr'><strong>certe</strong></span> <span class='ocrx_word' id='word_1_713' title='bbox 3341 3177 3409 3231; x_wconf 91' lang='lat' dir='ltr'><strong>de</strong></span> <span class='ocrx_word' id='word_1_714' title='bbox 3439 3191 3641 3229; x_wconf 89' lang='lat' dir='ltr'><strong>concu-</strong></span> 
     </span>
    </p>
   </div>
   <div class='ocr_carea' id='block_1_94' title="bbox 1936 3263 3640 3336">
    <p class='ocr_par' dir='ltr' id='par_1_94' title="bbox 1936 3263 3640 3336">
     <span class='ocr_line' id='line_1_95' title="bbox 1936 3263 3640 3336; baseline 0 -18"><span class='ocrx_word' id='word_1_715' title='bbox 1936 3263 2061 3318; x_wconf 89' lang='lat' dir='ltr'><strong>bitu</strong></span> <span class='ocrx_word' id='word_1_716' title='bbox 2099 3268 2156 3318; x_wconf 90' lang='lat' dir='ltr'><strong>et</strong></span> <span class='ocrx_word' id='word_1_717' title='bbox 2193 3279 2362 3318; x_wconf 87' lang='lat' dir='ltr'><strong>carne</strong></span> <span class='ocrx_word' id='word_1_718' title='bbox 2399 3267 2730 3332; x_wconf 89' lang='lat' dir='ltr'><strong>nascuntur,</strong></span> <span class='ocrx_word' id='word_1_719' title='bbox 2760 3265 2922 3319; x_wconf 90' lang='lat' dir='ltr'><strong>nulla</strong></span> <span class='ocrx_word' id='word_1_720' title='bbox 2956 3264 3195 3336; x_wconf 89' lang='lat' dir='ltr'><strong>potestis</strong></span> <span class='ocrx_word' id='word_1_721' title='bbox 3239 3265 3440 3320; x_wconf 80' lang='lat' dir='ltr'><strong>vestita</strong></span> <span class='ocrx_word' id='word_1_722' title='bbox 3477 3263 3640 3319; x_wconf 82' lang='lat' dir='ltr'><strong>ﬁori—</strong></span> 
     </span>
    </p>
   </div>
   <div class='ocr_carea' id='block_1_95' title="bbox 1936 3352 2899 3424">
    <p class='ocr_par' dir='ltr' id='par_1_95' title="bbox 1936 3352 2899 3424">
     <span class='ocr_line' id='line_1_96' title="bbox 1936 3352 2899 3424; baseline 0 -18"><span class='ocrx_word' id='word_1_723' title='bbox 1936 3352 2044 3407; x_wconf 90' lang='lat' dir='ltr'><strong>bus</strong></span> <span class='ocrx_word' id='word_1_724' title='bbox 2071 3355 2240 3424; x_wconf 88' lang='lat' dir='ltr'><strong>prata</strong></span> <span class='ocrx_word' id='word_1_725' title='bbox 2265 3352 2540 3407; x_wconf 85' lang='lat' dir='ltr'><strong>conferre.</strong></span> <span class='ocrx_word' id='word_1_726' title='bbox 2894 3412 2899 3418; x_wconf 91' lang='lat'><strong>_</strong></span> 
     </span>
    </p>
   </div>
   <div class='ocr_carea' id='block_1_96' title="bbox 2007 3428 3638 3508">
    <p class='ocr_par' dir='ltr' id='par_1_96' title="bbox 2007 3428 3638 3508">
     <span class='ocr_line' id='line_1_97' title="bbox 2007 3428 3638 3508; baseline 0 -14"><span class='ocrx_word' id='word_1_727' title='bbox 2007 3442 2096 3494; x_wconf 80' lang='grc'><strong>40.</strong></span> <span class='ocrx_word' id='word_1_728' title='bbox 2133 3440 2271 3494; x_wconf 89' lang='lat' dir='ltr'><strong>Nam</strong></span> <span class='ocrx_word' id='word_1_729' title='bbox 2311 3439 2359 3494; x_wconf 93' lang='lat' dir='ltr'><strong>si</strong></span> <span class='ocrx_word' id='word_1_730' title='bbox 2404 3443 2462 3494; x_wconf 93' lang='lat' dir='ltr'><strong>et</strong></span> <span class='ocrx_word' id='word_1_731' title='bbox 2507 3428 2702 3495; x_wconf 41' lang='lat' dir='ltr'><strong>odore.</strong></span> <span class='ocrx_word' id='word_1_732' title='bbox 2727 3439 3018 3496; x_wconf 83' lang='lat' dir='ltr'><strong>invenitur</strong></span> <span class='ocrx_word' id='word_1_733' title='bbox 3055 3441 3165 3496; x_wconf 91' lang='lat' dir='ltr'><strong>hoc</strong></span> <span class='ocrx_word' id='word_1_734' title='bbox 3212 3441 3449 3508; x_wconf 91' lang='lat' dir='ltr'><strong>bonum,</strong></span> <span class='ocrx_word' id='word_1_735' title='bbox 3491 3456 3638 3495; x_wconf 90' lang='lat' dir='ltr'><strong>non-</strong></span> 
     </span>
    </p>
   </div>
   <div class='ocr_carea' id='block_1_97' title="bbox 1937 3511 3642 3584">
    <p class='ocr_par' dir='ltr' id='par_1_97' title="bbox 1937 3511 3642 3584">
     <span class='ocr_line' id='line_1_98' title="bbox 1937 3511 3642 3584; baseline -0.001 -1"><span class='ocrx_word' id='word_1_736' title='bbox 1937 3511 2230 3583; x_wconf 83' lang='lat' dir='ltr'><strong>nullorum</strong></span> <span class='ocrx_word' id='word_1_737' title='bbox 2250 3528 2590 3582; x_wconf 89' lang='lat' dir='ltr'><strong>animalium</strong></span> <span class='ocrx_word' id='word_1_738' title='bbox 2612 3529 2878 3584; x_wconf 88' lang='lat' dir='ltr'><strong>carnibus</strong></span> <span class='ocrx_word' id='word_1_739' title='bbox 2901 3528 3032 3583; x_wconf 89' lang='lat' dir='ltr'><strong>miri</strong></span> <span class='ocrx_word' id='word_1_740' title='bbox 3053 3528 3242 3584; x_wconf 89' lang='lat' dir='ltr'><strong>odoris</strong></span> <span class='ocrx_word' id='word_1_741' title='bbox 3262 3528 3642 3584; x_wconf 89' lang='lat' dir='ltr'><strong>conﬁciuntur</strong></span> 
     </span>
    </p>
   </div>
   <div class='ocr_carea' id='block_1_98' title="bbox 1935 3615 3638 3688">
    <p class='ocr_par' dir='ltr' id='par_1_98' title="bbox 1935 3615 3638 3688">
     <span class='ocr_line' id='line_1_99' title="bbox 1935 3615 3638 3688; baseline 0 -17"><span class='ocrx_word' id='word_1_742' title='bbox 1935 3620 2250 3687; x_wconf 86' lang='lat' dir='ltr'><strong>unguenta.</strong></span> <span class='ocrx_word' id='word_1_743' title='bbox 2284 3615 2407 3671; x_wconf 90' lang='lat' dir='ltr'><strong>Cibi</strong></span> <span class='ocrx_word' id='word_1_744' title='bbox 2451 3616 2699 3687; x_wconf 89' lang='lat' dir='ltr'><strong>denique</strong></span> <span class='ocrx_word' id='word_1_745' title='bbox 2729 3617 2858 3688; x_wconf 90' lang='lat' dir='ltr'><strong>ipsi,</strong></span> <span class='ocrx_word' id='word_1_746' title='bbox 2891 3617 2991 3687; x_wconf 87' lang='lat' dir='ltr'><strong>qui</strong></span> <span class='ocrx_word' id='word_1_747' title='bbox 3033 3632 3162 3671; x_wconf 92' lang='lat' dir='ltr'><strong>cum</strong></span> <span class='ocrx_word' id='word_1_748' title='bbox 3210 3617 3474 3671; x_wconf 91' lang='lat' dir='ltr'><strong>carnibus</strong></span> <span class='ocrx_word' id='word_1_749' title='bbox 3517 3633 3638 3671; x_wconf 92' lang='lat' dir='ltr'><strong>me-</strong></span> 
     </span>
    </p>
   </div>
   <div class='ocr_carea' id='block_1_99' title="bbox 1934 3703 3638 3776">
    <p class='ocr_par' dir='ltr' id='par_1_99' title="bbox 1934 3703 3638 3776">
     <span class='ocr_line' id='line_1_100' title="bbox 1934 3703 3638 3776; baseline 0.001 -18"><span class='ocrx_word' id='word_1_750' title='bbox 1934 3703 2188 3758; x_wconf 88' lang='lat' dir='ltr'><strong>liusculis</strong></span> <span class='ocrx_word' id='word_1_751' title='bbox 2217 3703 2495 3774; x_wconf 91' lang='lat' dir='ltr'><strong>concoqui</strong></span> <span class='ocrx_word' id='word_1_752' title='bbox 2520 3705 2722 3770; x_wconf 87' lang='lat' dir='ltr'><strong>solent,</strong></span> <span class='ocrx_word' id='word_1_753' title='bbox 2743 3706 2921 3758; x_wconf 90' lang='lat' dir='ltr'><strong>multo</strong></span> <span class='ocrx_word' id='word_1_754' title='bbox 2946 3705 3256 3776; x_wconf 83' lang='lat' dir='ltr'><strong>jucundius</strong></span> <span class='ocrx_word' id='word_1_755' title='bbox 3281 3707 3435 3760; x_wconf 89' lang='lat' dir='ltr'><strong>olent</strong></span> <span class='ocrx_word' id='word_1_756' title='bbox 3464 3721 3638 3776; x_wconf 90' lang='lat' dir='ltr'><strong>quam</strong></span> 
     </span>
    </p>
   </div>
   <div class='ocr_carea' id='block_1_100' title="bbox 1936 3792 3638 3848">
    <p class='ocr_par' dir='ltr' id='par_1_100' title="bbox 1936 3792 3638 3848">
     <span class='ocr_line' id='line_1_101' title="bbox 1936 3792 3638 3848; baseline 0.001 -1"><span class='ocrx_word' id='word_1_757' title='bbox 1936 3793 1984 3847; x_wconf 92' lang='lat' dir='ltr'><strong>si</strong></span> <span class='ocrx_word' id='word_1_758' title='bbox 2013 3792 2094 3847; x_wconf 90' lang='lat' dir='ltr'><strong>eis</strong></span> <span class='ocrx_word' id='word_1_759' title='bbox 2123 3808 2252 3847; x_wconf 90' lang='lat' dir='ltr'><strong>caro</strong></span> <span class='ocrx_word' id='word_1_760' title='bbox 2273 3793 2561 3848; x_wconf 89' lang='lat' dir='ltr'><strong>defuisset.</strong></span> <span class='ocrx_word' id='word_1_761' title='bbox 2587 3795 2881 3848; x_wconf 88' lang='lat' dir='ltr'><strong>Postremo</strong></span> <span class='ocrx_word' id='word_1_762' title='bbox 2912 3793 2958 3848; x_wconf 91' lang='lat' dir='ltr'><strong>si</strong></span> <span class='ocrx_word' id='word_1_763' title='bbox 2987 3793 3214 3847; x_wconf 89' lang='lat' dir='ltr'><strong>suavius</strong></span> <span class='ocrx_word' id='word_1_764' title='bbox 3243 3794 3458 3848; x_wconf 87' lang='lat' dir='ltr'><strong>olentia</strong></span> <span class='ocrx_word' id='word_1_765' title='bbox 3477 3810 3638 3848; x_wconf 88' lang='lat' dir='ltr'><strong>mun-</strong></span> 
     </span>
    </p>
   </div>
   <div class='ocr_carea' id='block_1_101' title="bbox 1935 3880 3634 3953">
    <p class='ocr_par' dir='ltr' id='par_1_101' title="bbox 1935 3880 3634 3953">
     <span class='ocr_line' id='line_1_102' title="bbox 1935 3880 3634 3953; baseline -0.001 -17"><span class='ocrx_word' id='word_1_766' title='bbox 1935 3882 2096 3937; x_wconf 86' lang='lat' dir='ltr'><strong>diora</strong></span> <span class='ocrx_word' id='word_1_767' title='bbox 2138 3881 2430 3953; x_wconf 81' lang='lat' dir='ltr'><strong>judicatis,</strong></span> <span class='ocrx_word' id='word_1_768' title='bbox 2481 3881 2729 3952; x_wconf 90' lang='lat' dir='ltr'><strong>quodam</strong></span> <span class='ocrx_word' id='word_1_769' title='bbox 2791 3883 2911 3936; x_wconf 89' lang='lat' dir='ltr'><strong>luto</strong></span> <span class='ocrx_word' id='word_1_770' title='bbox 2961 3880 3110 3935; x_wconf 90' lang='lat' dir='ltr'><strong>vesci</strong></span> <span class='ocrx_word' id='word_1_771' title='bbox 3164 3881 3402 3948; x_wconf 90' lang='lat' dir='ltr'><strong>avidius,</strong></span> <span class='ocrx_word' id='word_1_772' title='bbox 3462 3898 3634 3953; x_wconf 88' lang='lat' dir='ltr'><strong>quam</strong></span> 
     </span>
    </p>
   </div>
   <div class='ocr_carea' id='block_1_102' title="bbox 1936 3968 3636 4040">
    <p class='ocr_par' dir='ltr' id='par_1_102' title="bbox 1936 3968 3636 4040">
     <span class='ocr_line' id='line_1_103' title="bbox 1936 3968 3636 4040; baseline 0 -16"><span class='ocrx_word' id='word_1_773' title='bbox 1936 3969 2297 4025; x_wconf 89' lang='lat' dir='ltr'><strong>cisterninam</strong></span> <span class='ocrx_word' id='word_1_774' title='bbox 2323 3985 2532 4040; x_wconf 87' lang='lat' dir='ltr'><strong>aquam</strong></span> <span class='ocrx_word' id='word_1_775' title='bbox 2555 3968 2750 4024; x_wconf 90' lang='lat' dir='ltr'><strong>bibere</strong></span> <span class='ocrx_word' id='word_1_776' title='bbox 2763 3968 3064 4037; x_wconf 85' lang='lat' dir='ltr'><strong>debuistis;</strong></span> <span class='ocrx_word' id='word_1_777' title='bbox 3080 3968 3216 4040; x_wconf 92' lang='lat' dir='ltr'><strong>quia</strong></span> <span class='ocrx_word' id='word_1_778' title='bbox 3228 3969 3636 4040; x_wconf 86' lang='lat' dir='ltr'><strong>perfusaimbri</strong></span> 
     </span>
    </p>
   </div>
   <div class='ocr_carea' id='block_1_103' title="bbox 1935 4057 3638 4129">
    <p class='ocr_par' dir='ltr' id='par_1_103' title="bbox 1935 4057 3638 4129">
     <span class='ocr_line' id='line_1_104' title="bbox 1935 4057 3638 4129; baseline 0 -16"><span class='ocrx_word' id='word_1_779' title='bbox 1935 4064 2087 4114; x_wconf 90' lang='lat' dir='ltr'><strong>terra</strong></span> <span class='ocrx_word' id='word_1_780' title='bbox 2115 4058 2334 4126; x_wconf 90' lang='lat' dir='ltr'><strong>siccior,</strong></span> <span class='ocrx_word' id='word_1_781' title='bbox 2367 4073 2536 4112; x_wconf 90' lang='lat' dir='ltr'><strong>nares</strong></span> <span class='ocrx_word' id='word_1_782' title='bbox 2563 4058 2712 4113; x_wconf 91' lang='lat' dir='ltr'><strong>miro</strong></span> <span class='ocrx_word' id='word_1_783' title='bbox 2747 4058 2924 4112; x_wconf 91' lang='lat' dir='ltr'><strong>odore</strong></span> <span class='ocrx_word' id='word_1_784' title='bbox 2947 4059 3285 4129; x_wconf 88' lang='lat' dir='ltr'><strong>permulcet,</strong></span> <span class='ocrx_word' id='word_1_785' title='bbox 3318 4057 3638 4129; x_wconf 87' lang='lat' dir='ltr'><strong>meliusque</strong></span> 
     </span>
    </p>
   </div>
   <div class='ocr_carea' id='block_1_104' title="bbox 1936 4146 3630 4218">
    <p class='ocr_par' dir='ltr' id='par_1_104' title="bbox 1936 4146 3630 4218">
     <span class='ocr_line' id='line_1_105' title="bbox 1936 4146 3630 4218; baseline 0 -16"><span class='ocrx_word' id='word_1_786' title='bbox 1936 4147 2051 4202; x_wconf 89' lang='lat' dir='ltr'><strong>olet</strong></span> <span class='ocrx_word' id='word_1_787' title='bbox 2091 4147 2204 4202; x_wconf 89' lang='lat' dir='ltr'><strong>tale</strong></span> <span class='ocrx_word' id='word_1_788' title='bbox 2244 4147 2451 4214; x_wconf 89' lang='lat' dir='ltr'><strong>lutum,</strong></span> <span class='ocrx_word' id='word_1_789' title='bbox 2483 4162 2656 4218; x_wconf 90' lang='lat' dir='ltr'><strong>quam</strong></span> <span class='ocrx_word' id='word_1_790' title='bbox 2698 4146 2746 4201; x_wconf 90' lang='lat' dir='ltr'><strong>si</strong></span> <span class='ocrx_word' id='word_1_791' title='bbox 2787 4147 3137 4218; x_wconf 88' lang='lat' dir='ltr'><strong>exciperetur</strong></span> <span class='ocrx_word' id='word_1_792' title='bbox 3181 4147 3374 4218; x_wconf 75' lang='lat' dir='ltr'><strong>pluvia</strong></span> <span class='ocrx_word' id='word_1_793' title='bbox 3412 4146 3630 4217; x_wconf 90' lang='lat' dir='ltr'><strong>purior.</strong></span> 
     </span>
    </p>
   </div>
   <div class='ocr_carea' id='block_1_105' title="bbox 1935 4233 3639 4307">
    <p class='ocr_par' dir='ltr' id='par_1_105' title="bbox 1935 4233 3639 4307">
     <span class='ocr_line' id='line_1_106' title="bbox 1935 4233 3639 4307; baseline -0.002 -17"><span class='ocrx_word' id='word_1_794' title='bbox 1935 4236 2097 4302; x_wconf 92' lang='lat' dir='ltr'><strong>Quod</strong></span> <span class='ocrx_word' id='word_1_795' title='bbox 2137 4235 2186 4290; x_wconf 92' lang='lat' dir='ltr'><strong>si</strong></span> <span class='ocrx_word' id='word_1_796' title='bbox 2231 4251 2492 4306; x_wconf 90' lang='lat' dir='ltr'><strong>saporem</strong></span> <span class='ocrx_word' id='word_1_797' title='bbox 2537 4251 2681 4307; x_wconf 85' lang='lat' dir='ltr'><strong>cpus</strong></span> <span class='ocrx_word' id='word_1_798' title='bbox 2712 4240 2796 4290; x_wconf 89' lang='lat' dir='ltr'><strong>est</strong></span> <span class='ocrx_word' id='word_1_799' title='bbox 2833 4233 3109 4304; x_wconf 90' lang='lat' dir='ltr'><strong>attestari,</strong></span> <span class='ocrx_word' id='word_1_800' title='bbox 3139 4240 3204 4289; x_wconf 89' lang='lat' dir='ltr'><strong>ut</strong></span> <span class='ocrx_word' id='word_1_801' title='bbox 3232 4249 3639 4305; x_wconf 87' lang='lat' dir='ltr'><strong>cognoscamus</strong></span> 
     </span>
    </p>
   </div>
   <div class='ocr_carea' id='block_1_106' title="bbox 1934 4322 3637 4396">
    <p class='ocr_par' dir='ltr' id='par_1_106' title="bbox 1934 4322 3637 4396">
     <span class='ocr_line' id='line_1_107' title="bbox 1934 4322 3637 4396; baseline -0.002 -16"><span class='ocrx_word' id='word_1_802' title='bbox 1934 4325 2192 4380; x_wconf 89' lang='lat' dir='ltr'><strong>habitare</strong></span> <span class='ocrx_word' id='word_1_803' title='bbox 2239 4324 2300 4379; x_wconf 93' lang='lat' dir='ltr'><strong>in</strong></span> <span class='ocrx_word' id='word_1_804' title='bbox 2349 4341 2590 4396; x_wconf 89' lang='lat' dir='ltr'><strong>corpore</strong></span> <span class='ocrx_word' id='word_1_805' title='bbox 2637 4324 2851 4396; x_wconf 90' lang='lat' dir='ltr'><strong>aliquid</strong></span> <span class='ocrx_word' id='word_1_806' title='bbox 2909 4324 3028 4392; x_wconf 91' lang='lat' dir='ltr'><strong>Dei,</strong></span> <span class='ocrx_word' id='word_1_807' title='bbox 3076 4323 3259 4396; x_wconf 88' lang='lat' dir='ltr'><strong>magis</strong></span> <span class='ocrx_word' id='word_1_808' title='bbox 3307 4322 3529 4378; x_wconf 87' lang='lat' dir='ltr'><strong>habitat</strong></span> <span class='ocrx_word' id='word_1_809' title='bbox 3576 4323 3637 4377; x_wconf 92' lang='lat' dir='ltr'><strong>in</strong></span> 
     </span>
    </p>
   </div>
   <div class='ocr_carea' id='block_1_107' title="bbox 1935 4411 3640 4486">
    <p class='ocr_par' dir='ltr' id='par_1_107' title="bbox 1935 4411 3640 4486">
     <span class='ocr_line' id='line_1_108' title="bbox 1935 4411 3640 4486; baseline -0.002 -16"><span class='ocrx_word' id='word_1_810' title='bbox 1935 4413 2170 4486; x_wconf 86' lang='lat' dir='ltr'><strong>dactylis</strong></span> <span class='ocrx_word' id='word_1_811' title='bbox 2212 4417 2270 4470; x_wconf 89' lang='lat' dir='ltr'><strong>et</strong></span> <span class='ocrx_word' id='word_1_812' title='bbox 2311 4413 2482 4469; x_wconf 90' lang='lat' dir='ltr'><strong>melle</strong></span> <span class='ocrx_word' id='word_1_813' title='bbox 2521 4424 2696 4486; x_wconf 86' lang='lat' dir='ltr'><strong>quam</strong></span> <span class='ocrx_word' id='word_1_814' title='bbox 2735 4414 2794 4468; x_wconf 92' lang='lat' dir='ltr'><strong>in</strong></span> <span class='ocrx_word' id='word_1_815' title='bbox 2834 4429 3002 4468; x_wconf 88' lang='lat' dir='ltr'><strong>carne</strong></span> <span class='ocrx_word' id='word_1_816' title='bbox 3047 4413 3304 4484; x_wconf 90' lang='lat' dir='ltr'><strong>porcina,</strong></span> <span class='ocrx_word' id='word_1_817' title='bbox 3334 4413 3430 4467; x_wconf 92' lang='lat' dir='ltr'><strong>sed</strong></span> <span class='ocrx_word' id='word_1_818' title='bbox 3461 4411 3640 4483; x_wconf 88' lang='lat' dir='ltr'><strong>magis</strong></span> 
     </span>
    </p>
   </div>
   <div class='ocr_carea' id='block_1_108' title="bbox 1937 4500 3642 4574">
    <p class='ocr_par' dir='ltr' id='par_1_108' title="bbox 1937 4500 3642 4574">
     <span class='ocr_line' id='line_1_109' title="bbox 1937 4500 3642 4574; baseline -0.001 -17"><span class='ocrx_word' id='word_1_819' title='bbox 1937 4502 1998 4557; x_wconf 92' lang='lat' dir='ltr'><strong>in</strong></span> <span class='ocrx_word' id='word_1_820' title='bbox 2019 4519 2187 4558; x_wconf 91' lang='lat' dir='ltr'><strong>carne</strong></span> <span class='ocrx_word' id='word_1_821' title='bbox 2212 4502 2452 4574; x_wconf 90' lang='lat' dir='ltr'><strong>porcina</strong></span> <span class='ocrx_word' id='word_1_822' title='bbox 2481 4519 2655 4574; x_wconf 90' lang='lat' dir='ltr'><strong>quam</strong></span> <span class='ocrx_word' id='word_1_823' title='bbox 2681 4503 2741 4557; x_wconf 93' lang='lat' dir='ltr'><strong>in</strong></span> <span class='ocrx_word' id='word_1_824' title='bbox 2772 4503 2929 4570; x_wconf 90' lang='lat' dir='ltr'><strong>faba;</strong></span> <span class='ocrx_word' id='word_1_825' title='bbox 2952 4501 3135 4574; x_wconf 91' lang='lat' dir='ltr'><strong>magis</strong></span> <span class='ocrx_word' id='word_1_826' title='bbox 3161 4501 3222 4555; x_wconf 92' lang='lat' dir='ltr'><strong>in</strong></span> <span class='ocrx_word' id='word_1_827' title='bbox 3247 4502 3354 4556; x_wconf 87' lang='lat' dir='ltr'><strong>ﬁco</strong></span> <span class='ocrx_word' id='word_1_828' title='bbox 3381 4517 3553 4572; x_wconf 89' lang='lat' dir='ltr'><strong>quam</strong></span> <span class='ocrx_word' id='word_1_829' title='bbox 3580 4500 3642 4555; x_wconf 92' lang='lat' dir='ltr'><strong>in</strong></span> 
     </span>
    </p>
   </div>
   <div class='ocr_carea' id='block_1_109' title="bbox 1935 4589 3638 4662">
    <p class='ocr_par' dir='ltr' id='par_1_109' title="bbox 1935 4589 3638 4662">
     <span class='ocr_line' id='line_1_110' title="bbox 1935 4589 3638 4662; baseline -0.001 -16"><span class='ocrx_word' id='word_1_830' title='bbox 1935 4591 2124 4661; x_wconf 87' lang='lat' dir='ltr'><strong>ﬁcato,</strong></span> <span class='ocrx_word' id='word_1_831' title='bbox 2156 4607 2282 4646; x_wconf 90' lang='lat' dir='ltr'><strong>ecce</strong></span> <span class='ocrx_word' id='word_1_832' title='bbox 2325 4593 2602 4659; x_wconf 88' lang='lat' dir='ltr'><strong>concedo;</strong></span> <span class='ocrx_word' id='word_1_833' title='bbox 2636 4591 2733 4646; x_wconf 90' lang='lat' dir='ltr'><strong>sed</strong></span> <span class='ocrx_word' id='word_1_834' title='bbox 2773 4595 2831 4646; x_wconf 88' lang='lat' dir='ltr'><strong>et</strong></span> <span class='ocrx_word' id='word_1_835' title='bbox 2874 4608 2970 4646; x_wconf 90' lang='lat' dir='ltr'><strong>vos</strong></span> <span class='ocrx_word' id='word_1_836' title='bbox 3011 4589 3321 4657; x_wconf 87' lang='lat' dir='ltr'><strong>concedite,</strong></span> <span class='ocrx_word' id='word_1_837' title='bbox 3353 4589 3537 4662; x_wconf 88' lang='lat' dir='ltr'><strong>magis</strong></span> <span class='ocrx_word' id='word_1_838' title='bbox 3577 4590 3638 4645; x_wconf 92' lang='lat' dir='ltr'><strong>in</strong></span> 
     </span>
    </p>
   </div>
   <div class='ocr_carea' id='block_1_110' title="bbox 1935 4677 3640 4752">
    <p class='ocr_par' dir='ltr' id='par_1_110' title="bbox 1935 4677 3640 4752">
     <span class='ocr_line' id='line_1_111' title="bbox 1935 4677 3640 4752; baseline -0.002 -18"><span class='ocrx_word' id='word_1_839' title='bbox 1935 4680 2102 4734; x_wconf 88' lang='lat' dir='ltr'><strong>ﬁcato</strong></span> <span class='ocrx_word' id='word_1_840' title='bbox 2135 4695 2308 4752; x_wconf 90' lang='lat' dir='ltr'><strong>quam</strong></span> <span class='ocrx_word' id='word_1_841' title='bbox 2353 4679 2414 4734; x_wconf 89' lang='lat' dir='ltr'><strong>in</strong></span> <span class='ocrx_word' id='word_1_842' title='bbox 2446 4679 2594 4734; x_wconf 88' lang='lat' dir='ltr'><strong>beta.</strong></span> <span class='ocrx_word' id='word_1_843' title='bbox 2627 4679 2774 4744; x_wconf 91' lang='lat' dir='ltr'><strong>Quid</strong></span> <span class='ocrx_word' id='word_1_844' title='bbox 2803 4680 2956 4750; x_wconf 91' lang='lat' dir='ltr'><strong>quod</strong></span> <span class='ocrx_word' id='word_1_845' title='bbox 2988 4678 3097 4733; x_wconf 87' lang='lat' dir='ltr'><strong>ista</strong></span> <span class='ocrx_word' id='word_1_846' title='bbox 3119 4678 3338 4733; x_wconf 87' lang='lat' dir='ltr'><strong>ratione</strong></span> <span class='ocrx_word' id='word_1_847' title='bbox 3367 4677 3640 4749; x_wconf 90' lang='lat' dir='ltr'><strong>cogimini</strong></span> 
     </span>
    </p>
   </div>
   <div class='ocr_carea' id='block_1_111' title="bbox 1936 4767 3638 4840">
    <p class='ocr_par' dir='ltr' id='par_1_111' title="bbox 1936 4767 3638 4840">
     <span class='ocr_line' id='line_1_112' title="bbox 1936 4767 3638 4840; baseline -0.002 -17"><span class='ocrx_word' id='word_1_848' title='bbox 1936 4767 2216 4837; x_wconf 86' lang='lat' dir='ltr'><strong>conﬁteri,</strong></span> <span class='ocrx_word' id='word_1_849' title='bbox 2252 4769 2530 4840; x_wconf 90' lang='lat' dir='ltr'><strong>quasdam</strong></span> <span class='ocrx_word' id='word_1_850' title='bbox 2580 4769 2807 4839; x_wconf 88' lang='lat' dir='ltr'><strong>stirpes,</strong></span> <span class='ocrx_word' id='word_1_851' title='bbox 2839 4784 2980 4840; x_wconf 88' lang='lat' dir='ltr'><strong>quas</strong></span> <span class='ocrx_word' id='word_1_852' title='bbox 3027 4771 3178 4822; x_wconf 86' lang='lat' dir='ltr'><strong>certe</strong></span> <span class='ocrx_word' id='word_1_853' title='bbox 3226 4782 3426 4822; x_wconf 89' lang='lat' dir='ltr'><strong>omnes</strong></span> <span class='ocrx_word' id='word_1_854' title='bbox 3466 4783 3638 4822; x_wconf 89' lang='lat' dir='ltr'><strong>mun-</strong></span> 
     </span>
    </p>
   </div>
   <div class='ocr_carea' id='block_1_112' title="bbox 1936 4855 3638 4928">
    <p class='ocr_par' dir='ltr' id='par_1_112' title="bbox 1936 4855 3638 4928">
     <span class='ocr_line' id='line_1_113' title="bbox 1936 4855 3638 4928; baseline -0.002 -15"><span class='ocrx_word' id='word_1_855' title='bbox 1936 4857 2124 4913; x_wconf 89' lang='lat' dir='ltr'><strong>diores</strong></span> <span class='ocrx_word' id='word_1_856' title='bbox 2161 4856 2329 4912; x_wconf 89' lang='lat' dir='ltr'><strong>vultis</strong></span> <span class='ocrx_word' id='word_1_857' title='bbox 2371 4873 2542 4928; x_wconf 90' lang='lat' dir='ltr'><strong>quam</strong></span> <span class='ocrx_word' id='word_1_858' title='bbox 2589 4872 2835 4923; x_wconf 90' lang='lat' dir='ltr'><strong>carnem,</strong></span> <span class='ocrx_word' id='word_1_859' title='bbox 2885 4873 2952 4911; x_wconf 83' lang='lat' dir='ltr'><strong>ex</strong></span> <span class='ocrx_word' id='word_1_860' title='bbox 2994 4855 3120 4927; x_wconf 87' lang='lat' dir='ltr'><strong>ipsa</strong></span> <span class='ocrx_word' id='word_1_861' title='bbox 3169 4872 3336 4911; x_wconf 91' lang='lat' dir='ltr'><strong>carne</strong></span> <span class='ocrx_word' id='word_1_862' title='bbox 3383 4855 3638 4926; x_wconf 89' lang='lat' dir='ltr'><strong>accipere</strong></span> 
     </span>
    </p>
   </div>
   <div class='ocr_carea' id='block_1_113' title="bbox 1939 4944 3638 5017">
    <p class='ocr_par' dir='ltr' id='par_1_113' title="bbox 1939 4944 3638 5017">
     <span class='ocr_line' id='line_1_114' title="bbox 1939 4944 3638 5017; baseline -0.003 -16"><span class='ocrx_word' id='word_1_863' title='bbox 1939 4947 2140 5013; x_wconf 89' lang='lat' dir='ltr'><strong>Deum,</strong></span> <span class='ocrx_word' id='word_1_864' title='bbox 2175 4945 2220 4999; x_wconf 92' lang='lat' dir='ltr'><strong>si</strong></span> <span class='ocrx_word' id='word_1_865' title='bbox 2253 4962 2455 5016; x_wconf 87' lang='lat' dir='ltr'><strong>sapore</strong></span> <span class='ocrx_word' id='word_1_866' title='bbox 2489 4948 2632 5001; x_wconf 91' lang='lat' dir='ltr'><strong>Deus</strong></span> <span class='ocrx_word' id='word_1_867' title='bbox 2661 4944 2955 5000; x_wconf 83' lang='lat' dir='ltr'><strong>immixtus</strong></span> <span class='ocrx_word' id='word_1_868' title='bbox 2999 4945 3369 5017; x_wconf 85' lang='lat' dir='ltr'><strong>agnoscitur?</strong></span> <span class='ocrx_word' id='word_1_869' title='bbox 3397 4945 3537 4998; x_wconf 87' lang='lat' dir='ltr'><strong>Nam</strong></span> <span class='ocrx_word' id='word_1_870' title='bbox 3581 4947 3638 4997; x_wconf 90' lang='lat' dir='ltr'><strong>et</strong></span> 
     </span>
    </p>
   </div>
   <div class='ocr_carea' id='block_1_114' title="bbox 1935 5031 3636 5106">
    <p class='ocr_par' dir='ltr' id='par_1_114' title="bbox 1935 5031 3636 5106">
     <span class='ocr_line' id='line_1_115' title="bbox 1935 5031 3636 5106; baseline -0.002 -17"><span class='ocrx_word' id='word_1_871' title='bbox 1935 5035 2090 5089; x_wconf 89' lang='lat' dir='ltr'><strong>olera</strong></span> <span class='ocrx_word' id='word_1_872' title='bbox 2121 5033 2403 5106; x_wconf 89' lang='lat' dir='ltr'><strong>sapidiora</strong></span> <span class='ocrx_word' id='word_1_873' title='bbox 2441 5034 2588 5091; x_wconf 89' lang='lat' dir='ltr'><strong>ﬁunt</strong></span> <span class='ocrx_word' id='word_1_874' title='bbox 2619 5037 2775 5088; x_wconf 88' lang='lat' dir='ltr'><strong>cocta</strong></span> <span class='ocrx_word' id='word_1_875' title='bbox 2820 5050 2952 5089; x_wconf 93' lang='lat' dir='ltr'><strong>cum</strong></span> <span class='ocrx_word' id='word_1_876' title='bbox 2991 5035 3294 5090; x_wconf 89' lang='lat' dir='ltr'><strong>carnibus:</strong></span> <span class='ocrx_word' id='word_1_877' title='bbox 3335 5036 3390 5087; x_wconf 91' lang='lat' dir='ltr'><strong>et</strong></span> <span class='ocrx_word' id='word_1_878' title='bbox 3433 5031 3636 5087; x_wconf 80' lang='lat' dir='ltr'><strong>herbas</strong></span> 
     </span>
    </p>
   </div>
   <div class='ocr_carea' id='block_1_115' title="bbox 1936 5123 3628 5195">
    <p class='ocr_par' dir='ltr' id='par_1_115' title="bbox 1936 5123 3628 5195">
     <span class='ocr_line' id='line_1_116' title="bbox 1936 5123 3628 5195; baseline -0.002 -19"><span class='ocrx_word' id='word_1_879' title='bbox 1936 5123 2144 5195; x_wconf 89' lang='lat' dir='ltr'><strong>quibus</strong></span> <span class='ocrx_word' id='word_1_880' title='bbox 2201 5138 2410 5194; x_wconf 90' lang='lat' dir='ltr'><strong>pecora</strong></span> <span class='ocrx_word' id='word_1_881' title='bbox 2464 5126 2798 5194; x_wconf 88' lang='lat' dir='ltr'><strong>pascuntur,</strong></span> <span class='ocrx_word' id='word_1_882' title='bbox 2847 5127 3077 5195; x_wconf 88' lang='lat' dir='ltr'><strong>gustare</strong></span> <span class='ocrx_word' id='word_1_883' title='bbox 3133 5139 3250 5177; x_wconf 94' lang='lat' dir='ltr'><strong>non</strong></span> <span class='ocrx_word' id='word_1_884' title='bbox 3295 5135 3628 5192; x_wconf 91' lang='lat' dir='ltr'><strong>possumus;</strong></span> 
     </span>
    </p>
   </div>
   <div class='ocr_carea' id='block_1_116' title="bbox 1936 5211 3630 5281">
    <p class='ocr_par' dir='ltr' id='par_1_116' title="bbox 1936 5211 3630 5281">
     <span class='ocr_line' id='line_1_117' title="bbox 1936 5211 3630 5281; baseline -0.003 -14"><span class='ocrx_word' id='word_1_885' title='bbox 1936 5227 2235 5268; x_wconf 87' lang='lat' dir='ltr'><strong>conversas</strong></span> <span class='ocrx_word' id='word_1_886' title='bbox 2265 5215 2455 5266; x_wconf 86' lang='lat' dir='ltr'><strong>autem</strong></span> <span class='ocrx_word' id='word_1_887' title='bbox 2490 5211 2552 5266; x_wconf 92' lang='lat' dir='ltr'><strong>in</strong></span> <span class='ocrx_word' id='word_1_888' title='bbox 2581 5227 2812 5268; x_wconf 89' lang='lat' dir='ltr'><strong>succum</strong></span> <span class='ocrx_word' id='word_1_889' title='bbox 2836 5212 3018 5281; x_wconf 88' lang='lat' dir='ltr'><strong>lactis,</strong></span> <span class='ocrx_word' id='word_1_890' title='bbox 3055 5214 3112 5267; x_wconf 89' lang='lat' dir='ltr'><strong>et</strong></span> <span class='ocrx_word' id='word_1_891' title='bbox 3139 5211 3325 5266; x_wconf 90' lang='lat' dir='ltr'><strong>colore</strong></span> <span class='ocrx_word' id='word_1_892' title='bbox 3353 5211 3630 5280; x_wconf 71' lang='lat' dir='ltr'><strong>praestan-</strong></span> 
     </span>
    </p>
   </div>
   <div class='ocr_carea' id='block_1_117' title="bbox 2000 5387 3632 5460">
    <p class='ocr_par' dir='ltr' id='par_1_117' title="bbox 2000 5387 3632 5460">
     <span class='ocr_line' id='line_1_118' title="bbox 2000 5387 3632 5460; baseline -0.006 -16"><span class='ocrx_word' id='word_1_893' title='bbox 2000 5397 2015 5431; x_wconf 83' lang='grc'>¹</span> <span class='ocrx_word' id='word_1_894' title='bbox 2053 5396 2109 5444; x_wconf 86' lang='lat' dir='ltr'><strong>In</strong></span> <span class='ocrx_word' id='word_1_895' title='bbox 2141 5395 2350 5460; x_wconf 78' lang='lat' dir='ltr'><strong>excusis</strong></span> <span class='ocrx_word' id='word_1_896' title='bbox 2377 5394 2617 5460; x_wconf 82' lang='lat' dir='ltr'><strong>habetur,</strong></span> <span class='ocrx_word' id='word_1_897' title='bbox 2645 5393 2940 5460; x_wconf 69' lang='lat' dir='ltr'><strong>actoribus:</strong></span> <span class='ocrx_word' id='word_1_898' title='bbox 2963 5389 3247 5460; x_wconf 72' lang='lat' dir='ltr'><strong>manifesto</strong></span> <span class='ocrx_word' id='word_1_899' title='bbox 3275 5400 3466 5460; x_wconf 73' lang='lat' dir='ltr'><strong>errore.</strong></span> <span class='ocrx_word' id='word_1_900' title='bbox 3499 5387 3632 5460; x_wconf 72' lang='lat' dir='ltr'><strong>Qua-</strong></span> 
     </span>
    </p>
   </div>
   <div class='ocr_carea' id='block_1_118' title="bbox 1936 5451 3632 5524">
    <p class='ocr_par' dir='ltr' id='par_1_118' title="bbox 1936 5451 3632 5524">
     <span class='ocr_line' id='line_1_119' title="bbox 1936 5451 3632 5524; baseline -0.005 -18"><span class='ocrx_word' id='word_1_901' title='bbox 1936 5461 2149 5524; x_wconf 85' lang='lat' dir='ltr'><strong>propter</strong></span> <span class='ocrx_word' id='word_1_902' title='bbox 2175 5472 2240 5524; x_wconf 79' lang='lat' dir='ltr'><strong>ex</strong></span> <span class='ocrx_word' id='word_1_903' title='bbox 2273 5459 2395 5524; x_wconf 73' lang='lat' dir='ltr'><strong>Mss.</strong></span> <span class='ocrx_word' id='word_1_904' title='bbox 2425 5451 2811 5524; x_wconf 67' lang='lat' dir='ltr'><strong>substituimus,</strong></span> <span class='ocrx_word' id='word_1_905' title='bbox 2852 5453 3182 5524; x_wconf 57' lang='lat' dir='ltr'><strong>choleribus;</strong></span> <span class='ocrx_word' id='word_1_906' title='bbox 3223 5461 3402 5524; x_wconf 68' lang='lat' dir='ltr'><strong>vopem</strong></span> <span class='ocrx_word' id='word_1_907' title='bbox 3436 5451 3632 5524; x_wconf 54' lang='lat' dir='ltr'><strong>Latinis</strong></span> 
     </span>
    </p>
   </div>
   <div class='ocr_carea' id='block_1_119' title="bbox 1973 5511 3630 5580">
    <p class='ocr_par' dir='ltr' id='par_1_119' title="bbox 1973 5511 3630 5580">
     <span class='ocr_line' id='line_1_120' title="bbox 1973 5511 3630 5580; baseline -0.005 -12"><span class='ocrx_word' id='word_1_908' title='bbox 1973 5511 2146 5568; x_wconf 64' lang='lat' dir='ltr'><strong>uiiiem</strong></span> <span class='ocrx_word' id='word_1_909' title='bbox 2179 5521 2471 5580; x_wconf 85' lang='lat' dir='ltr'><strong>barbaram,</strong></span> <span class='ocrx_word' id='word_1_910' title='bbox 2502 5521 2590 5569; x_wconf 82' lang='lat' dir='ltr'><strong>sed</strong></span> <span class='ocrx_word' id='word_1_911' title='bbox 2624 5521 2759 5568; x_wconf 80' lang='lat' dir='ltr'><strong>Afris</strong></span> <span class='ocrx_word' id='word_1_912' title='bbox 2791 5511 2919 5565; x_wconf 79' lang='lat' dir='ltr'><strong>forte</strong></span> <span class='ocrx_word' id='word_1_913' title='bbox 2944 5519 3202 5579; x_wconf 88' lang='lat' dir='ltr'><strong>receptam</strong></span> <span class='ocrx_word' id='word_1_914' title='bbox 3233 5512 3301 5563; x_wconf 87' lang='lat' dir='ltr'><strong>ad</strong></span> <span class='ocrx_word' id='word_1_915' title='bbox 3329 5511 3630 5576; x_wconf 88' lang='lat' dir='ltr'><strong>signiﬁcan-</strong></span> 
     </span>
    </p>
   </div>
   <div class='ocr_carea' id='block_1_120' title="bbox 1936 5534 2980 5634">
    <p class='ocr_par' dir='ltr' id='par_1_120' title="bbox 1936 5534 2980 5634">
     <span class='ocr_line' id='line_1_121' title="bbox 1973 5534 2980 5580; baseline -0.004 -12"><span class='ocrx_word' id='word_1_916' title='bbox 1973 5534 2146 5568; x_wconf 79' lang='lat' dir='ltr'><strong>uiuem</strong></span> <span class='ocrx_word' id='word_1_917' title='bbox 2180 5534 2471 5580; x_wconf 77' lang='lat' dir='ltr'><strong>barbaram,</strong></span> <span class='ocrx_word' id='word_1_918' title='bbox 2502 5534 2590 5569; x_wconf 81' lang='lat' dir='ltr'><strong>seu</strong></span> <span class='ocrx_word' id='word_1_919' title='bbox 2624 5534 2759 5568; x_wconf 68' lang='lat' dir='ltr'><strong>ams</strong></span> <span class='ocrx_word' id='word_1_920' title='bbox 2791 5534 2919 5565; x_wconf 77' lang='lat' dir='ltr'><strong>mne</strong></span> <span class='ocrx_word' id='word_1_921' title='bbox 2944 5534 2980 5564; x_wconf 70' lang='grc' dir='ltr'><strong>τι</strong></span> 
     </span>
     <span class='ocr_line' id='line_1_122' title="bbox 1936 5534 2980 5634; baseline -0.005 -2"><span class='ocrx_word' id='word_1_922' title='bbox 1936 5534 2064 5632; x_wconf 61' lang='lat' dir='ltr'><strong>dum</strong></span> <span class='ocrx_word' id='word_1_923' title='bbox 2093 5583 2358 5634; x_wconf 81' lang='lat' dir='ltr'><strong>choleram</strong></span> <span class='ocrx_word' id='word_1_924' title='bbox 2394 5588 2486 5633; x_wconf 87' lang='lat' dir='ltr'><strong>aut</strong></span> <span class='ocrx_word' id='word_1_925' title='bbox 2511 5583 2720 5633; x_wconf 86' lang='lat' dir='ltr'><strong>cholera</strong></span> <span class='ocrx_word' id='word_1_926' title='bbox 2749 5581 2980 5630; x_wconf 70' lang='lat' dir='ltr'><strong>allectos.</strong></span> 
     </span>
    </p>
   </div>
  </div>
