4056 6372
368 326 503 381 1363

364 449 560 518 tiores,
589 450 648 503 et
670 461 871 518 sapore
896 445 1383 501 commodissimas
1404 443 1749 514 judicamus.

435 538 526 592 41.
559 537 647 591 An
676 535 827 589 bona
854 534 964 588 tria
993 533 1163 588 simul
1194 532 1293 588 ubi
1321 532 1553 597 fuerint,
1586 531 1645 585 id
1673 534 1756 585 est
1783 529 1940 584 color
1967 528 2064 582 bo-

368 641 475 680 nus
505 628 562 679 et
588 624 729 678 odor
770 627 827 677 et
868 638 1054 694 sapor,
1090 622 1168 676 ibi
1200 637 1320 676 esse
1351 620 1630 691 majorem
1669 618 1805 674 boni
1843 622 2063 689 partem

368 711 618 784 putatis?
644 711 826 766 Nolite
854 727 990 782 ergo
1017 710 1186 765 ﬂores
1206 713 1500 780 tantopere
1529 707 1724 763 mirari
1753 710 1924 777 atque
1949 705 2067 759 lau-

372 802 527 868 dare,
551 817 694 871 quos
706 799 1042 871 judicandos
1054 799 1127 854 ad
1141 798 1387 853 tribunal
1403 796 1579 868 palati
1598 812 1715 850 non
1727 793 1964 865 potestis
1977 791 2067 845 ad-

374 888 617 942 mittere.
636 886 820 941 Nolite
831 887 1185 957 portulacam
1202 885 1401 939 saltem
1416 882 1678 937 carnibus
1700 886 2065 952 anteponere,

372 993 501 1047 quae
522 976 592 1029 ab
609 975 698 1030 his
718 975 889 1029 coctis
903 978 958 1029 et
973 975 1165 1028 colore
1185 977 1241 1027 et
1252 988 1455 1043 sapore
1474 976 1529 1026 et
1550 972 1723 1026 odore
1745 972 2067 1039 superatur.

375 1064 660 1119 Porcellus
705 1080 864 1117 assus
911 1063 1041 1132 (hoc
1071 1063 1228 1116 enim
1266 1060 1485 1132 cogitis,
1516 1064 1575 1114 ut
1606 1060 1676 1114 de
1718 1060 1870 1113 bono
1909 1060 1965 1111 et
2002 1056 2070 1111 de

374 1153 548 1221 malo,
579 1168 696 1207 non
726 1150 1099 1222 scriptoribus
1129 1153 1185 1204 et
1212 1148 1479 1215 librariis,
1509 1148 1607 1201 sed
1636 1145 1835 1218 coquis
1860 1149 1916 1199 et
1944 1145 2071 1199 dul-

376 1241 561 1297 ciariis
589 1240 865 1295 ministris
892 1238 1185 1294 vobiscum
1206 1237 1399 1309 potius
1427 1236 1787 1303 disseramus)
1816 1251 1829 1288 :
1854 1233 2072 1304 porcel-

379 1333 468 1386 lus
511 1346 647 1401 ergo
678 1345 835 1383 assus
865 1331 921 1383 et
945 1329 1131 1382 colore
1168 1328 1401 1393 nitidus,
1434 1330 1490 1380 et
1525 1326 1697 1380 odore
1725 1323 1985 1389 blandus,
2019 1324 2077 1376 et

381 1433 580 1489 sapore
603 1417 890 1488 jucundus
919 1421 1005 1471 est
1036 1432 1048 1470 :
1082 1416 1302 1470 habetis
1338 1416 1658 1486 perfectum
1687 1412 1893 1467 divina:
1938 1412 2075 1465 sub-

381 1505 604 1560 stantiae
653 1503 1025 1559 inhabitantis
1064 1502 1365 1573 indicium;
1414 1503 1568 1558 trino
1607 1501 1935 1556 testimonio
1978 1515 2077 1553 vos

383 1593 605 1659 invitat,
638 1597 694 1647 et
739 1593 975 1663 purgari
1014 1597 1199 1648 vestra
1237 1592 1529 1647 sanctitate
1573 1590 1873 1645 desiderat.
1916 1590 2077 1643 Inva-

384 1682 518 1743 dite,
571 1680 711 1752 quid
768 1680 1150 1735 cunctamini?
1200 1680 1337 1752 quid
1389 1680 1775 1735 contradicere
1829 1677 2081 1749 paratis?

385 1770 581 1824 Colore
630 1770 749 1823 solo
796 1769 1123 1824 lenticulam
1169 1769 1340 1824 ﬁmus
1384 1768 1560 1823 vincit
1606 1767 1858 1833 infantis,
1908 1767 2080 1821 odore

385 1858 504 1912 solo
536 1874 660 1913 assa
688 1858 877 1912 ofl‘ella
903 1862 1135 1929 superat
1161 1859 1359 1912 mitem
1388 1872 1453 1912 ac
1489 1856 1730 1911 viridem
1768 1854 1963 1924 ﬁcum,
1992 1870 2081 1908 sa-

388 1963 525 2019 pore
547 1948 665 2002 solo
694 1947 821 2002 hazd
832 1964 894 2001 us
914 1947 1130 2002 occisus
1150 1947 1410 2010 herbam,
1434 1961 1607 2017 quam
1629 1945 1786 1999 vivus
1809 1943 2082 2015 pascitur,

388 2035 597 2090 vincit:
628 2035 858 2090 inventa
899 2039 985 2090 est
1013 2035 1184 2090 etiam
1213 2051 1367 2103 caro,
1398 2035 1560 2105 cujus
1588 2049 1757 2088 causa
1795 2033 1885 2087 his
1913 2031 2084 2086 simul

388 2124 569 2179 tribus
597 2124 835 2179 testibus
865 2124 1182 2195 adjuvetur.
1213 2123 1362 2188 Quid
1388 2122 1642 2193 quaeritis
1671 2121 1960 2192 amplius?
1988 2122 2087 2174 aut

390 2212 529 2283 quid
566 2212 773 2268 dicturi
814 2213 985 2267 estis?
1013 2213 1125 2268 Cur
1164 2228 1262 2267 vos
1306 2211 1603 2282 epulantes
1640 2209 1968 2265 immundos
2006 2208 2088 2263 fa-

389 2301 542 2356 ciant
577 2302 967 2373 pulpamenta,
1000 2305 1056 2355 et
1097 2300 1449 2371 disputantes
1497 2300 1617 2355 haec
1661 2302 1927 2371 portenta
1972 2312 2087 2352 non

390 2390 635 2444 faciant:
666 2389 990 2461 praesertim
1032 2405 1162 2443 cum
1192 2388 1326 2443 solis
1353 2388 1516 2443 istius
1545 2387 1757 2454 radius,
1789 2402 1962 2459 quem
1990 2401 2088 2440 vos

389 2482 541 2533 certe
578 2481 635 2532 et
682 2477 946 2532 carnibus
992 2477 1259 2532 omnibus
1307 2481 1364 2530 et
1412 2476 1673 2547 frugibus
1717 2474 2086 2545 anteponitis,

390 2581 495 2620 nec
537 2566 853 2633 oleat,’nec
881 2564 1082 2635 sapiat,
1129 2565 1227 2619 sed
1262 2566 1657 2619 tantummodo
1696 2563 1848 2619 inter
1887 2567 2089 2617 cratera

390 2669 652 2725 corpora,
693 2653 1023 2724 praastantia
1079 2652 1485 2723 fulgentissimi
1531 2652 1757 2719 coloris,
1806 2652 2086 2718 emineat;

389 2741 491 2813 qui
516 2758 613 2796 vos
637 2757 985 2812 magnopere
1004 2741 1283 2808 hortatur,
1317 2746 1487 2812 atque
1518 2741 1659 2795 adeo
1680 2740 1834 2813 cogit
1855 2740 2086 2808 invitos,

392 2834 456 2884 ut
490 2830 639 2885 inter
676 2831 1015 2885 documenta
1052 2829 1347 2885 commixti
1385 2829 1542 2897 boni,
1574 2830 1716 2884 nihil
1747 2829 1953 2884 coloris
2000 2829 2088 2883 ni-

392 2918 501 2974 tori
530 2918 883 2990 praeferatis?

460 3009 549 3063 42.
582 3008 666 3062 Ad
711 3007 836 3062 illas
884 3023 1019 3079 ergo
1065 3006 1408 3062 reducimini
1450 3006 1760 3077 angustias,
1800 3009 1867 3060 ut
1905 3004 2091 3076 magis

391 3096 452 3150 in
480 3096 777 3167 sanguine,
810 3101 865 3150 et
894 3096 953 3150 in
995 3096 1062 3150 iis
1104 3112 1233 3167 quae
1261 3095 1598 3150 animalium
1646 3094 1914 3149 carnibus
1943 3094 2093 3149 foeti-

394 3183 647 3251 dissima,
681 3185 778 3239 sed
806 3184 987 3239 nitide
1016 3184 1264 3239 colorata
1292 3183 1355 3238 in
1384 3183 1519 3238 vicis
1550 3187 1882 3255 egeruntur,
1916 3197 2091 3253 quam

393 3274 454 3327 in
483 3273 647 3328 olivae
673 3272 821 3327 foliis
848 3273 1190 3343 pallentibus
1218 3277 1443 3343 partem
1488 3272 1587 3326 Dei
1615 3271 1871 3327 habitare
1910 3271 2090 3325 fatea-

398 3361 558 3415 mini.
602 3361 763 3425 Quod
811 3360 857 3414 si
902 3361 1109 3424 dicitis,
1147 3377 1282 3415 nam
1323 3360 1497 3413 etiam
1543 3360 1650 3414 hoc
1687 3359 1892 3427 dicitis,
1932 3359 2093 3413 olivae

397 3448 553 3515 folia,
586 3464 718 3502 cum
747 3447 1147 3513 incenduntur,
1180 3446 1375 3517 ignem
1405 3446 1687 3514 emittere,
1719 3446 1779 3500 in
1805 3462 1918 3517 quo
1944 3462 2095 3516 prae-

398 3536 579 3593 sentia
605 3535 745 3590 lucis
774 3540 1035 3606 apparet;
1065 3551 1261 3590 carnes
1291 3538 1506 3605 autem,
1536 3551 1667 3589 cum
1692 3534 2091 3598 incenduntur,

398 3641 513 3680 non
558 3624 713 3678 idem
754 3624 971 3679 facere:
1013 3624 1151 3694 quid
1197 3624 1266 3678 de
1307 3624 1474 3693 adipe
1523 3623 1951 3695 respondebitis,
1996 3623 2096 3694 qui

399 3728 577 3784 prope
606 3728 805 3767 omnes
838 3711 1004 3765 Italas
1032 3712 1291 3767 lucernas
1318 3711 1645 3766 illuminat?
1673 3711 1820 3776 Quid
1860 3711 1930 3766 de
1958 3711 2094 3765 ﬁmo

400 3802 636 3871 bubulo,
667 3800 765 3872 qui
805 3804 888 3855 est
928 3805 1078 3855 certe
1116 3801 1278 3856 bovis
1309 3816 1479 3855 carne
1518 3800 1813 3868 sordidior,
1845 3816 1959 3870 quo
1990 3799 2096 3853 sic-

400 3895 524 3946 cato
552 3890 750 3945 rustici
770 3890 849 3944 sic
869 3893 1112 3945 utuntur
1140 3889 1210 3944 ad
1233 3891 1446 3957 focum,
1474 3894 1539 3945 ut
1567 3888 1689 3960 ejus
1716 3889 1848 3958 igne
1876 3887 2096 3943 facilius

402 3979 546 4034 nihil
585 3978 657 4033 sit
693 3978 965 4049 fumoque
1003 3977 1343 4050 purgatius?
1375 3976 1519 4042 Quid
1565 3976 1737 4048 quod,
1768 3976 1815 4029 si
1847 3975 1997 4030 nitor
2044 3978 2100 4030 et

402 4068 593 4138 fulgor
633 4067 910 4138 majorem
947 4067 1316 4137 praesentiam
1361 4065 1569 4120 divinae
1610 4065 1786 4136 partis
1826 4063 2096 4133 ostendit,

402 4173 528 4211 eam
557 4172 654 4210 vos
677 4171 796 4211 non
821 4155 1097 4227 purgatis,
1121 4172 1240 4209 non
1260 4154 1627 4226 consignatis,
1659 4169 1777 4207 non
1806 4152 2100 4207 liberatis?

402 4244 694 4315 Siquidem
723 4246 808 4297 est
834 4242 1081 4297 maxime
1110 4242 1172 4297 in
1202 4243 1459 4310 ﬂoribus,
1492 4246 1555 4297 ut
1583 4242 1846 4297 omittam
1874 4240 2101 4311 sangui-

403 4349 557 4400 nem,
602 4335 658 4385 et
684 4330 1127 4385 innumerabilia
1166 4330 1228 4384 in
1258 4347 1447 4397 carne,
1492 4330 1579 4384 vel
1610 4347 1678 4385 ex
1714 4346 1882 4384 carne
1913 4329 2099 4385 simil-

406 4421 565 4490 lima,
596 4436 740 4491 quos
763 4423 913 4474 certe
942 4419 1109 4473 ﬂores
1144 4419 1353 4473 habere
1379 4420 1439 4473 in
1464 4419 1647 4490 epulis
1678 4434 1792 4473 non
1822 4418 2096 4490 potestis:

406 4510 506 4581 qui
539 4508 585 4563 si
615 4508 787 4563 etiam
817 4507 1081 4562 carnibus
1108 4508 1503 4576 vesceremini,
1536 4524 1805 4580 squamas
1832 4513 1983 4563 certe
2014 4508 2099 4579 pi-

406 4597 607 4664 scium,
654 4600 710 4651 et
759 4596 1036 4667 quosdam
1082 4594 1423 4650 vermiculos
1469 4600 1639 4667 atque
1680 4612 1922 4664 muscas,
1972 4613 2100 4667 qua:

407 4684 603 4740 omnia
631 4685 803 4739 etiam
832 4685 894 4739 in
923 4684 1174 4739 tenebris
1202 4685 1329 4739 luce
1358 4685 1596 4756 propria
1624 4690 1943 4754 coruscant,
1972 4686 2101 4756 pul-

403 4774 612 4830 mentis
633 4773 830 4828 vestris
859 4790 977 4828 non
1007 4772 1373 4829 adhiberetis.

474 4865 564 4918 43.
592 4862 737 4926 Quid
770 4861 944 4933 igitur
977 4866 1169 4929 restat,
1214 4861 1323 4916 nisi
1361 4865 1425 4916 ut
1464 4861 1650 4916 dicere
1687 4860 1975 4929 desinatis,
2006 4860 2102 4915 ha-

404 4952 538 5008 bere
594 4968 691 5007 vos
746 4950 984 5005 idoneos
1022 4950 1243 5021 judices
1308 4950 1519 5017 oculos,
1578 4966 1764 5019 nares,
1820 4951 2098 5021 palatum,

407 5040 617 5111 quibus
646 5038 852 5094 divinae
879 5038 1060 5109 partis
1083 5038 1447 5109 praesentiam
1468 5039 1527 5093 in
1550 5038 1882 5110 corporibus
1902 5053 2103 5109 appro-

407 5129 593 5184 betis?
632 5127 727 5183 His
766 5135 955 5182 autem
995 5128 1245 5194 remotis,
1278 5127 1431 5182 unde
1469 5127 1744 5183 docebitis
1782 5142 1897 5181 non
1934 5126 2101 5181 modo

407 5218 685 5289 majorem
713 5221 937 5289 partem
968 5216 1068 5271 Dei
1093 5217 1152 5271 in
1184 5216 1453 5287 stirpibus
1482 5233 1603 5271 esse
1626 5232 1801 5287 quam
1832 5216 1893 5269 in
1917 5215 2101 5269 carni-

406 5308 533 5374 bus,
571 5307 669 5361 sed
716 5305 949 5361 omnino
991 5322 1108 5359 esse
1148 5306 1366 5377 aliquid
1410 5307 1531 5376 ejus
1570 5306 1633 5360 in
1670 5304 1986 5375 stirpibus?
2013 5305 2102 5357 An

405 5396 772 5467 pulchritudo
802 5411 900 5450 vos
930 5398 1137 5463 movet,
1183 5411 1302 5449 non
1330 5411 1457 5467 quae
1488 5395 1549 5449 in
1589 5394 1866 5448 suavitate
1900 5391 2100 5446 coloris

406 5489 511 5555 est,
538 5485 636 5541 sed
666 5501 795 5558 quae
824 5484 885 5539 in
912 5483 1164 5555 partium
1194 5483 1603 5556 congruentia?
1627 5482 1853 5537 Utinam
1881 5482 1988 5537 hoc
2010 5496 2099 5536 es-

407 5578 510 5630 εει.
534 5574 769 5640 Quando
800 5574 953 5631 enim
984 5574 1317 5647 corporibus
1342 5572 1743 5639 animantium,
1768 5572 1826 5626 in
1855 5586 2100 5641 quorum

1311 320 1405 376 DE
1443 318 1756 377 MOItIBUS
1794 316 2370 384 MANlCH/EORUM,
2412 315 2465 371 S.
2513 312 2897 371 AUGUSTINI

3752 310 3913 365 1364

2175 440 2358 496 forma
2392 437 2626 511 paribus
2659 436 2820 508 paria
2858 434 3118 491 membra
3152 435 3557 507 respondeant,
3600 433 3920 491 auderetis

2173 529 2411 583 distorta
2445 527 2604 598 ligna
2638 526 2934 582 conferre?
2960 525 3065 580 Sed
3104 524 3153 579 si
3180 526 3568 597 corporalium
3608 539 3915 580 sensuum

2174 616 2515 672 testimoniis
2544 614 2926 681 delectamini,
2958 614 3111 685 quod
3141 629 3371 669 necesse
3401 619 3488 669 est
3516 615 3588 668 iis
3634 613 3745 686 qui
3775 613 3913 667 vim

2176 705 2432 761 essentiaa
2451 709 2643 759 mente
2662 703 2855 759 videre
2884 718 2998 757 non
3024 707 3286 773 possunt,
3309 703 3599 774 quomodo
3624 700 3917 773 probatis

2178 810 2279 866 per
2307 809 2528 849 moram
2556 792 2853 864 temporis,
2883 796 2940 847 et
2969 807 3073 863 per
3098 791 3439 847 obtritiones
3465 792 3778 863 quasdam,
3814 790 3919 845 fu-

2179 898 2313 954 gere
2350 882 2421 937 de
2460 882 2792 953 corporibus
2822 878 3200 935 substantiam
3229 879 3384 946 boni,
3430 879 3542 933 nisi
3583 880 3728 950 quia
3759 877 3919 931 inde

2180 971 2417 1026 discedit
2454 972 2622 1037 Deus,
2659 974 2724 1024 ut
2759 968 3027 1036 asseritis,
3071 972 3128 1022 et
3172 968 3240 1022 de
3281 968 3407 1021 loco
3447 967 3507 1021 in
3546 968 3745 1021 locum
3788 964 3919 1019 mi-

2182 1060 2343 1131 grat?
2371 1059 2609 1114 Plenum
2656 1063 2740 1113 est
2781 1057 3104 1113 dementiae.
3139 1058 3548 1111 Verumtamen
3591 1056 3766 1125 signa
3806 1070 3923 1107 vos

2182 1150 2252 1203 ad
2289 1148 2455 1203 istam
2495 1147 2835 1202 sententiam
2877 1150 2932 1201 et
2969 1145 3202 1212 indicia,
3246 1149 3526 1216 quantum
3566 1144 3923 1198 existimare

2182 1252 2439 1308 possum,
2467 1236 2626 1290 nulla
2649 1236 2954 1290 duxerunt.
2984 1235 3155 1289 Multa
3185 1233 3339 1288 enim
3376 1237 3573 1303 carpta
3606 1232 3679 1286 de
3729 1232 3923 1285 arbo-

2184 1326 2344 1379 ribus
2384 1324 2472 1377 vel
2516 1323 2709 1378 evulsa
2757 1323 2824 1377 de
2862 1326 3037 1391 terra,
3083 1325 3389 1392 antequam
3433 1321 3504 1376 ad
3551 1321 3753 1375 cibum
3802 1335 3925 1373 no-

2186 1417 2367 1466 strum
2394 1412 2643 1479 veniant,
2668 1409 3102 1480 interpositione
3133 1410 3325 1481 aliqua
3347 1409 3627 1479 temporis
3655 1408 3924 1462 meliora

2186 1501 2536 1567 redduntur;
2568 1504 2634 1555 ut
2676 1499 2834 1570 porri
2879 1504 2937 1553 et
2981 1499 3184 1565 intiba,
3231 1498 3486 1563 lactucae,
3528 1514 3681 1563 uvae,
3727 1497 3923 1562 maia,

2189 1590 2351 1653 ﬁcus,
2381 1592 2437 1644 et
2463 1588 2729 1659 quaedam
2759 1588 2923 1658 pira:
2956 1592 3012 1640 et
3037 1588 3216 1641 multa
3245 1591 3525 1657 praeterea
3555 1601 3691 1656 quae
3725 1588 3784 1639 et
3816 1600 3921 1639 co-

2190 1680 2447 1733 lorantur
2473 1678 2697 1744 melius,
2724 1676 2861 1730 dum
2892 1691 3006 1730 non
3036 1675 3228 1730 statim
3257 1679 3322 1729 ut
3362 1674 3631 1745 decerpta
3660 1674 3924 1738 fuerint,

2192 1768 2593 1833 absumuntur,
2633 1770 2691 1819 et
2735 1780 2973 1835 corpore
3024 1763 3330 1834 capiuntur
3369 1762 3679 1827 salubrius,
3731 1766 3791 1816 et
3834 1778 3931 1815 sa-

2191 1855 2361 1927 piunt
2388 1854 2450 1908 in
2479 1870 2577 1909 ore
2609 1852 2893 1907 conditius
2917 1869 2930 1907 :
2956 1868 3086 1924 quae
3111 1855 3268 1906 tanta
3289 1851 3671 1906 commoditas
3705 1854 3765 1905 et
3788 1866 3933 1905 sua-

2192 1944 2336 1999 vitas
2372 1943 2555 1997 inesse
2593 1941 2682 1997 his
2724 1941 2894 1995 rebus
2930 1941 3170 1995 minime
3208 1940 3464 2009 deberet,
3497 1940 3544 1993 si
3583 1940 3927 1995 secundum

2196 2037 2441 2089 vestram
2486 2029 2851 2096 sententiam,
2902 2034 3062 2084 tanto
3109 2029 3418 2083 desertiora
3464 2029 3618 2082 bono
3671 2029 3926 2096 ﬁerent,

2197 2124 2412 2194 quanto
2436 2118 2762 2175 diuturnius
2782 2121 3160 2189 reponuntur,
3182 2120 3485 2189 postquam
3507 2133 3541 2171 a
3560 2120 3722 2171 terra
3746 2116 3929 2188 quasi

2197 2228 2231 2266 a
2276 2214 2458 2265 matre
2503 2212 2764 2279 separata
2809 2210 2962 2261 sunt.
2998 2208 3139 2263 Caro
3186 2206 3312 2277 ipsa
3349 2205 3537 2278 pridie
3583 2206 3927 2261 occisorum

2199 2298 2532 2354 animalium
2559 2296 2810 2368 profecto
2842 2299 2926 2351 est
2946 2294 3254 2366 jucundior
3290 2299 3463 2366 atque
3494 2294 3874 2349 commodior
3906 2312 3923 2349 :

2196 2404 2314 2443 non
2353 2392 2545 2442 autem
2590 2386 2670 2440 ita
2707 2400 2828 2440 esse
2868 2385 3193 2455 oportebat,
3234 2383 3300 2451 si,
3348 2386 3413 2438 ut
3458 2382 3737 2449 asseritis,
3781 2384 3929 2453 plus

2198 2476 2434 2531 haberet
2475 2474 2634 2539 boni,
2677 2488 2744 2527 eo
2794 2473 2885 2527 die
2930 2488 3130 2527 recens
3185 2472 3476 2527 animante
3528 2471 3923 2543 interempto,

2199 2580 2372 2637 quam
2417 2561 2693 2635 postridie
2732 2576 2864 2615 cum
2909 2559 3119 2615 divinas
3168 2560 3499 2615 substantia:
3538 2561 3730 2631 major
3776 2560 3929 2631 fuga

2200 2654 2348 2708 facta
2376 2655 2547 2707 esset.

2269 2743 2358 2796 44.
2411 2739 2618 2793 Vinum
2659 2753 2792 2793 vero
2839 2740 3119 2792 vetustate
3164 2736 3366 2808 purius
3412 2738 3740 2809 meliusque
3780 2738 3925 2793 ﬁeri

2201 2830 2329 2902 quis
2371 2827 2636 2900 ignoret?
2664 2842 2769 2881 nec
2814 2826 2885 2881 ad
2934 2827 3340 2897 pervertendos
3387 2843 3587 2882 sensus
3635 2827 3924 2882 redolen-

2200 2920 2313 2973 tius
2354 2920 2395 2986 ί,
2428 2922 2494 2972 ut
2520 2916 2752 2987 putatis,
2789 2915 2887 2970 sed
2916 2915 2987 2970 ad
3015 2915 3396 2985 vegetandum
3426 2932 3633 2987 corpus
3669 2917 3890 2971 utilius
3918 2935 3932 2971 :

2201 3011 2426 3063 tantum
2454 3006 2602 3061 adsit
2644 3004 2869 3074 modus,
2900 3020 3073 3076 quem
3103 3004 3164 3058 in
3192 3004 3350 3059 omni
3379 3020 3441 3060 re
3487 3005 3781 3060 dominari
3814 3007 3933 3061 de-

2202 3101 2309 3151 cet.
2345 3096 2487 3150 Nam
2517 3099 2704 3149 musto
2731 3093 3046 3149 recentiore
3070 3094 3410 3164 perversitas
3440 3110 3710 3148 sensuum
3743 3094 3932 3149 citius

2203 3186 2344 3240 solet
2375 3182 2624 3239 accidere
2648 3199 2662 3237 :
2695 3182 2773 3236 ita
2795 3186 2859 3236 ut
2886 3180 2933 3235 si
2962 3181 3270 3253 aliquando
3304 3181 3364 3236 in
3389 3182 3512 3236 lacu
3542 3184 3932 3247 remanserit,

2203 3275 2678 3346 aliquantumque
2706 3271 3001 3337 ferbuerit,
3034 3271 3326 3326 intuentes
3356 3271 3603 3342 desuper
3640 3286 3935 3342 percusso

2204 3363 2435 3417 cerebro
2484 3359 2805 3432 praecipites
2840 3363 2989 3430 agat,
3023 3362 3080 3413 et
3120 3358 3231 3413 nisi
3270 3359 3463 3430 aliquo
3503 3359 3676 3414 modo
3715 3360 3941 3415 subve-

2203 3451 2417 3518 niatur,
2449 3449 2789 3519 exstinguat.
2814 3449 2939 3503 Jam
2968 3447 3120 3518 quod
3168 3447 3241 3502 ad
3268 3447 3657 3503 valetudinem
3687 3449 3938 3519 attinet,

2204 3539 2393 3594 inﬂari
2440 3554 2505 3593 eo
2550 3552 2787 3607 corpora
2832 3536 3262 3607 pernicioseque
3312 3536 3584 3603 distendi,
3635 3536 3771 3607 quis
3829 3538 3939 3591 ab-

2205 3629 2382 3683 nuat?
2409 3628 2557 3682 Num
2593 3625 2722 3680 ideo
2758 3629 2917 3680 tanta
2960 3624 3325 3679 incommoda
3363 3626 3584 3693 insunt,
3618 3624 3762 3695 quia
3792 3625 3939 3695 plus

2206 3717 2375 3772 habet
2402 3715 2567 3781 boni;
2602 3718 2903 3785 propterea
2926 3712 3035 3767 ista
3058 3712 3120 3767 in
3148 3713 3265 3767 vini
3294 3717 3572 3768 vetustate
3607 3728 3725 3767 non
3761 3719 3937 3781 sunt,

2208 3804 2344 3876 quia
2372 3804 2580 3859 divinae
2605 3801 2938 3857 substantia:
2968 3817 3100 3873 pars
3128 3818 3339 3871 magna
3368 3801 3659 3856 discessit?
3692 3802 3937 3856 Absur-

2208 3895 2345 3949 dum
2364 3892 2679 3959 estdicere;
2698 3891 2859 3945 vobis
2872 3890 3191 3961 praesertim
3212 3890 3313 3961 qui
3337 3890 3709 3961 praesentiam
3734 3891 3938 3961 partis

2211 3982 2331 4049 Dei,
2392 3981 2591 4049 oculis,
2649 3979 2902 4047 naribus,
2952 3979 3163 4049 palato,
3214 3994 3344 4033 cum
3395 3979 3455 4033 hi
3513 3994 3719 4033 sensus
3777 3979 3937 4034 bene

2208 4071 2555 4133 afﬁciuntur,
2588 4068 2873 4141 judicatis.
2914 4070 3040 4123 Jam
3076 4083 3208 4123 vero
3246 4083 3377 4139 quae
3418 4071 3577 4121 tanta
3619 4068 3935 4137 perversio

2210 4166 2313 4230 est,
2339 4160 2535 4215 vinum
2569 4164 2771 4230 putare
2811 4158 2887 4214 fel
2914 4156 3240 4228 principum
3270 4155 3668 4219 tenebrarum,
3713 4158 3773 4209 et
3801 4156 3938 4209 uvis

2208 4248 2573 4304 comedendis
2596 4262 2710 4301 non
2740 4246 3011 4317 parcere?
3038 4244 3285 4316 Magisne
3311 4243 3485 4299 inerit
3510 4243 3654 4297 illud
3681 4242 3759 4297 fel
3794 4261 3935 4299 cum

2210 4338 2269 4392 in
2313 4354 2479 4408 cupa,
2530 4351 2702 4407 quam
2746 4350 2877 4389 cum
2911 4333 2973 4388 in
3021 4332 3199 4387 acinis
3237 4332 3451 4388 fuerit?
3479 4332 3641 4397 Quod
3686 4331 3735 4385 si
3769 4332 3935 4387 bono

2212 4427 2534 4481 discedente
2588 4423 2749 4495 quasi
2805 4422 3082 4477 meracius
3130 4425 3394 4476 remanet
3450 4420 3697 4488 malum,
3750 4424 3811 4474 et
3873 4422 3934 4475 id

2211 4514 2484 4585 temporis
2513 4528 2675 4567 mora
2703 4511 3011 4580 contingit;
3042 4525 3159 4564 non
3187 4508 3495 4581 oportebat
3520 4508 3757 4562 easdem
3790 4525 3937 4563 uvas

2212 4620 2514 4675 suspensas
2560 4606 2728 4671 atquo
2794 4604 3042 4655 servatas
3092 4599 3220 4655 ﬁeri
3269 4598 3553 4664 mitiores,
3613 4597 3936 4666 dulciores,

2212 4691 2591 4749 salubriores:
2626 4706 2812 4761 neque
2842 4689 3031 4760 ipsum
3058 4687 3257 4743 vinum
3297 4687 3457 4758 quod
3488 4703 3673 4757 supra
3708 4687 3934 4742 dictum

2212 4788 2314 4849 est,
2362 4786 2418 4835 et
2475 4779 2682 4835 amissa
2722 4780 2845 4833 luce
2888 4776 3159 4848 liquidius
3208 4780 3381 4847 atque
3451 4774 3832 4845 luculentius,
3878 4782 3937 4831 et

2212 4870 2504 4926 salutifera
2532 4867 2848 4923 substantia
2875 4865 3197 4920 discedente
3223 4864 3534 4918 salubrius.

2281 4962 2369 5014 45.
2403 4957 2549 5023 Quid
2590 4957 2776 5012 dicam
2816 4955 2885 5009 de
2932 4953 3103 5024 lignis
3142 4958 3200 5007 et
3245 4952 3572 5019 frondibus,
3616 4968 3750 5023 quae
3796 4956 3937 5007 tem-

2212 5064 2347 5121 pore
2386 5050 2668 5113 arescunt,
2711 5059 2817 5098 nec
2859 5057 2924 5097 ex
2964 5058 3030 5095 eo
3076 5059 3109 5096 a
3144 5041 3301 5096 vobis
3342 5040 3456 5095 dici
3494 5045 3739 5111 possunt
3772 5041 3935 5096 dete-

2211 5138 2365 5193 riora
2392 5135 2554 5190 ﬁeri?
2583 5134 2645 5188 Id
2678 5131 2831 5187 enim
2862 5129 3136 5184 amittunt
3165 5145 3283 5201 quo
3330 5129 3527 5184 fumus
3554 5128 3842 5199 gignitur,
3878 5130 3938 5185 id

2214 5230 2405 5280 autem
2434 5222 2685 5277 retinent
2720 5219 2871 5274 unde
2908 5218 3097 5273 lucida
3144 5218 3384 5272 ﬂamma
3413 5218 3740 5288 consurgit,
3774 5223 3834 5273 et
3873 5236 3939 5273 ea

2212 5314 2464 5370 claritate
2489 5327 2662 5383 quam
2688 5309 2937 5364 multum
2960 5306 3225 5378 diligitis,
3251 5306 3459 5377 purius
3488 5307 3714 5361 bonum
3738 5306 3801 5361 in
3831 5308 3938 5361 ari-

2212 5402 2485 5469 dioribus,
2519 5415 2690 5470 quam
2721 5397 2781 5451 in
2827 5396 3199 5451 viridioribus
3229 5411 3349 5451 esse
3403 5399 3669 5451 testatur.
3707 5397 3786 5450 Ex
3818 5413 3932 5469 quo

2281 5579 2291 5610 ¹
2330 5574 2455 5623 Mss.
2486 5571 2679 5635 plures,
2709 5568 2986 5622 dolentius.
