4056 6364
117 307 258 359 1366

113 425 185 481 ﬁt
214 427 287 480 ut
313 427 416 480 aut
443 422 669 494 negetis
707 421 808 478 Dei
853 425 1078 494 partem
1108 422 1168 478 in
1196 423 1324 479 luce
1361 437 1508 495 pura
1549 439 1723 495 quam
1766 422 1831 479 in

120 513 362 568 fumosa
392 527 514 568 esse
543 511 841 582 majorem,
871 515 929 566 et
946 510 1028 566 ita
1054 511 1248 567 omnia
1275 512 1617 568 documenta
1644 516 1829 567 vestra

115 601 409 668 turbetis;
440 604 537 655 aut
561 598 858 655 fateamini
885 599 1012 655 fieri
1039 616 1204 671 posse
1233 604 1296 656 ut
1313 601 1384 656 de
1405 601 1676 672 stirpibus
1705 617 1828 656 am-

115 690 340 763 putatis
363 690 451 746 vel
483 689 710 758 evulsis,
741 689 791 744 si
818 688 1177 744 diuturniora
1202 693 1462 762 tempore
1492 695 1824 762 reponatur,

118 779 415 851 copiosius
436 779 621 850 fugiat
637 777 776 833 mali
798 781 1003 833 natura
1018 793 1190 849 quam
1211 778 1366 834 boni.
1395 779 1518 844 Quo
1540 795 1823 847 concesso,

118 867 455 924 tenebimus
503 868 574 922 de
614 857 878 938 frugibus
929 867 1139 938 carptis
1177 867 1363 939 majus
1403 868 1621 922 malum
1663 884 1826 940 posse

117 957 305 1025 abire,
329 961 502 1028 atque
538 956 616 1011 ita
644 955 707 1010 in
735 955 1001 1012 carnibus
1028 956 1215 1027 majus
1265 957 1484 1012 bonum
1514 973 1680 1027 posse
1734 973 1824 1012 re-

118 1062 383 1102 manere.
417 1047 482 1100 Et
501 1046 609 1100 hoc
633 1045 866 1116 quidem
895 1045 965 1100 de
993 1049 1252 1115 tempore
1278 1045 1494 1100 dictum
1512 1045 1602 1100 sit.

188 1136 280 1189 46.
321 1135 464 1189 Nam
495 1133 542 1187 si
559 1133 944 1188 commotione
977 1136 1033 1186 et
1061 1131 1392 1187 subactione
1425 1137 1482 1187 et
1528 1132 1823 1187 attritione

118 1225 332 1280 harum
363 1237 578 1290 rerum,
611 1223 764 1293 fugas
797 1221 1152 1276 occasionem
1210 1220 1428 1276 invenit
1482 1221 1676 1276 divina
1725 1221 1825 1275 illa

118 1316 352 1380 natura,
383 1312 567 1366 multa
601 1327 697 1366 vos
721 1309 932 1364 similia
961 1309 1331 1381 redarguunt,
1367 1325 1497 1380 quae
1522 1309 1670 1364 ﬁunt
1698 1325 1825 1363 mo-

117 1401 308 1455 vendo
341 1399 602 1454 meliora.
638 1398 846 1454 Hordei
875 1398 1109 1470 quidam
1139 1414 1304 1453 succo
1333 1399 1534 1453 vinum
1588 1397 1822 1452 imitan-

113 1493 231 1556 tur,
263 1487 420 1560 quod
451 1488 733 1543 movendo
763 1487 830 1541 ﬁt
859 1487 1166 1559 optimum.
1197 1487 1367 1554 Sane,
1389 1487 1544 1558 quod
1582 1485 1824 1540 minime

114 1576 586 1650 praetereundum
611 1579 714 1643 est,
745 1577 855 1630 hoc
880 1579 1244 1647 genuspotus
1255 1575 1522 1630 citissime
1543 1574 1820 1629 inebriat:

115 1682 220 1722 nec
249 1669 448 1720 tamen
506 1680 763 1736 unquam
819 1680 1048 1719 succum
1095 1664 1321 1734 hordei,
1369 1663 1444 1718 fel
1495 1662 1821 1735 principum

117 1771 242 1810 esse
273 1752 518 1808 dixistis.
550 1753 756 1808 Farina
785 1752 1039 1824 parciore
1066 1768 1216 1824 aqua
1258 1752 1442 1824 perite
1469 1751 1824 1807 contrahitur

115 1843 288 1916 paulo
317 1841 543 1908 durius,
573 1845 638 1897 ut
665 1841 980 1914 subigendo
1010 1841 1112 1897 ﬁat
1154 1841 1379 1908 melior,
1436 1845 1493 1896 et
1543 1857 1657 1912 quo
1711 1839 1823 1895 dici

115 1930 441 2003 perversius
471 1930 616 1987 nihil
675 1934 882 2002 potest,
923 1931 1050 1997 luce
1079 1930 1335 2001 fugiente
1364 1929 1679 1984 candidior.
1712 1931 1819 1984 Pa-

115 2019 387 2077 stillarius
412 2019 587 2074 mella
615 2019 717 2074 diu
745 2019 975 2090 subigit,
1011 2023 1076 2074 ut
1090 2019 1161 2074 ad
1181 2019 1345 2073 illum
1365 2018 1673 2074 candorem
1693 2033 1821 2089 per-

117 2108 370 2175 veniant,
399 2112 462 2163 et
489 2107 682 2162 minus
729 2107 956 2162 noxiam
984 2107 1388 2179 mitioremque
1413 2106 1774 2162 dulcedinem
1800 2122 1815 2162 :

115 2197 222 2253 hoc
276 2196 578 2269 quomodo
652 2195 879 2252 eveniat
931 2197 1086 2252 bono
1145 2195 1488 2262 discedente,
1537 2194 1814 2250 disserite.

115 2286 277 2352 Quod
312 2285 361 2340 si
390 2301 514 2340 non
549 2284 671 2340 visu
703 2288 761 2340 et
815 2285 1058 2340 odoratu
1110 2289 1168 2340 et
1222 2288 1413 2354 gustu,
1467 2283 1564 2338 sed
1619 2282 1818 2338 auditu

118 2376 289 2432 etiam
319 2375 603 2431 delectata
629 2374 994 2446 praesentiam
1029 2372 1128 2428 Dei
1153 2373 1338 2444 placet
1366 2372 1628 2443 probare,
1685 2387 1815 2426 caro

117 2462 346 2518 citharis
383 2479 615 2533 nervos,
645 2466 701 2517 et
728 2461 882 2517 tibiis
912 2478 1040 2517 ossa
1095 2461 1371 2532 largitur;
1428 2477 1558 2532 qua:
1613 2459 1818 2516 siccata

118 2556 173 2606 et
199 2551 392 2606 attrita
423 2555 483 2606 et
506 2554 658 2606 torta
686 2567 894 2607 sonora
923 2551 1263 2606 redduntur.
1296 2551 1380 2605 Ita
1405 2549 1642 2605 dulcedo
1689 2564 1817 2603 mu-

117 2640 246 2707 sica,
283 2655 466 2711 quam
497 2640 568 2694 de
601 2639 810 2694 divinis
851 2639 1044 2710 regnis
1072 2638 1292 2694 venisse
1318 2637 1683 2704 contenditis,
1714 2653 1819 2692 no-

115 2727 198 2782 bis
224 2732 596 2783 mortuarum
624 2726 883 2782 carnium
910 2725 1170 2781 sordibus
1198 2725 1517 2792 exhibetur,
1567 2729 1621 2780 et
1673 2729 1816 2780 tem-

115 2832 248 2887 pore
303 2815 594 2882 arefactis,
654 2819 711 2869 et
765 2813 1054 2868 attritione
1105 2813 1376 2880 tenuatis,
1440 2818 1496 2868 et
1570 2813 1817 2868 tortione

118 2905 372 2960 distentis
395 2922 409 2960 :
443 2903 654 2976 quibus
666 2901 1132 2957 afflictationibus
1153 2901 1325 2956 etiam
1345 2902 1414 2956 de
1433 2902 1605 2956 rebus
1627 2901 1816 2956 viven-

117 2993 262 3050 tibus
302 2993 559 3049 divinam
614 2991 990 3046 substantiam
1040 2991 1242 3060 fugere
1269 2989 1625 3060 praadicatis:
1663 2989 1816 3060 quod

121 3082 286 3138 etiam
323 3080 660 3138 decoctione
717 3095 916 3135 earum
962 3078 1213 3134 accidere
1250 3077 1455 3132 dicitis.
1516 3078 1630 3132 Cur
1680 3093 1815 3147 ergo

119 3171 300 3227 elixati
324 3170 527 3227 cardui
551 3169 792 3224 minime
810 3169 1022 3224 obsunt
1040 3167 1396 3223 valetudini?
1421 3168 1620 3222 Utrum
1643 3165 1714 3220 ab
1733 3165 1814 3220 eis

120 3261 251 3316 dum
280 3261 360 3315 ita
409 3262 762 3330 coquuntur,
794 3259 976 3313 Deum
1024 3274 1099 3312 an
1127 3260 1348 3329 partem
1388 3255 1487 3311 Dei
1527 3254 1816 3310 discedere

123 3349 563 3404 existimandum
592 3351 678 3402 est
693 3348 711 3384 ί
727 3348 756 3400 ?

186 3440 272 3493 47.
310 3437 460 3503 Quid
519 3439 724 3491 caetera
777 3449 1110 3505 persequar,
1163 3449 1294 3504 quae
1340 3430 1532 3486 omnia
1573 3430 1684 3486 dici
1713 3446 1818 3486 nec

121 3525 277 3580 facile
307 3530 411 3591 est,
443 3540 550 3580 nec
579 3523 1006 3578 necessarium?
1037 3522 1138 3579 Cui
1195 3520 1350 3576 enim
1404 3537 1521 3575 non
1549 3520 1812 3588 occurrit,

123 3630 290 3685 quam
317 3615 499 3670 multa
528 3617 686 3668 cocta
714 3611 978 3666 suaviora
1033 3615 1089 3665 et
1117 3609 1432 3665 salubriora
1463 3609 1577 3663 sint
1596 3608 1624 3663 ?
1653 3609 1814 3673 Quod

123 3718 234 3758 non
271 3704 570 3770 deberent,
620 3701 689 3768 si,
720 3705 786 3755 ut
814 3699 1156 3770 opinamini,
1209 3696 1604 3769 hujuscemodi
1656 3711 1814 3750 com-

124 3790 471 3847 motionibus
497 3790 838 3845 deseruntur
865 3788 1037 3842 bono.
1074 3786 1228 3841 Nihil
1266 3802 1362 3840 vos
1390 3801 1621 3856 prorsus
1648 3783 1815 3839 inve-

123 3877 241 3932 nire
269 3878 536 3946 arbitror,
558 3877 712 3932 unde
734 3875 856 3930 istis
886 3875 1138 3947 corporis
1167 3874 1428 3929 sensibus
1462 3872 1812 3946 approbatis,

121 3965 244 4022 ideo
273 3983 472 4023 carnes
504 3966 832 4022 immundas
867 3980 1008 4032 esse,
1041 3968 1215 4036 atque
1253 3963 1475 4018 animas
1508 3962 1814 4034 inquinare

122 4057 484 4124 vescentium,
513 4055 668 4128 quod
688 4059 895 4126 carpta:
926 4054 1117 4126 fruges
1156 4057 1284 4124 post
1326 4053 1536 4107 multas
1565 4067 1815 4107 commo-

124 4142 304 4200 tiones
331 4148 627 4201 vertantur
653 4143 716 4198 in
740 4159 1004 4210 carnem;
1037 4141 1358 4214 praesertim
1400 4157 1532 4196 cum
1571 4143 1627 4194 et
1653 4145 1814 4194 vetu-

125 4236 318 4288 statem
349 4232 888 4305 corruptionemque
912 4231 1075 4298 aceti,
1107 4231 1317 4302 putetis
1337 4230 1471 4285 vino
1503 4245 1624 4285 esse
1647 4245 1814 4284 mun-

128 4320 364 4391 diorem,
409 4327 467 4378 et
494 4337 788 4377 caroenum
818 4320 969 4393 quod
998 4319 1209 4386 bibitis,
1243 4319 1392 4374 nihil
1442 4319 1598 4374 aliud
1643 4334 1816 4390 quam

127 4414 344 4466 coctum
373 4412 572 4466 vinum
602 4426 724 4466 esse
751 4409 1065 4478 videamus,
1098 4408 1252 4480 quod
1275 4408 1408 4463 vino
1438 4408 1669 4462 deberet
1696 4423 1816 4460 esse

129 4499 428 4569 sordidius,
455 4500 503 4554 si
515 4499 767 4554 motibus
792 4501 849 4552 et
871 4496 1223 4552 coctionibus
1236 4495 1306 4550 de
1335 4495 1505 4551 rebus
1530 4494 1817 4566 corporeis

127 4588 379 4643 membra
408 4587 602 4644 divina
630 4587 954 4644 discedunt.
989 4585 1047 4641 Si
1073 4589 1268 4640 autem
1310 4601 1430 4639 non
1458 4585 1538 4639 ita
1567 4589 1670 4650 est,
1703 4599 1816 4638 non

127 4679 207 4730 est
233 4693 332 4732 cur
361 4676 719 4733 arbitremini
747 4676 961 4746 fruges,
989 4691 1120 4729 cum
1159 4677 1490 4745 carpuntur,
1525 4688 1817 4744 reponun-

127 4767 236 4831 tur,
258 4770 595 4836 tractantur,
624 4770 968 4838 coquuutur,
1001 4763 1362 4834 digeruntur,
1386 4761 1643 4833 fugiente
1665 4761 1817 4815 bono

128 4850 326 4922 deseri,
381 4858 437 4908 et
463 4858 771 4926 propterea
799 4850 1250 4908 sordidissimam
1280 4849 1542 4906 creandis
1565 4848 1818 4920 corpori-

131 4937 230 4995 bus
256 4943 514 5012 prmbere
544 4942 862 4998 materiam.

194 5029 284 5085 48.
323 5030 485 5094 Quod
511 5031 559 5086 si
588 5047 702 5086 non
733 5031 918 5085 colore
940 5033 996 5084 et
1022 5029 1208 5084 forma
1237 5030 1293 5082 et
1329 5026 1502 5082 odore
1533 5030 1589 5080 et
1619 5041 1820 5096 sapore

132 5115 423 5187 ducimini,
454 5123 520 5174 ut
542 5119 760 5175 bonum
806 5118 896 5173 his
938 5119 1110 5172 rebus
1138 5117 1324 5172 inesse
1360 5115 1648 5187 judicetis,
1681 5114 1820 5186 quid

133 5203 280 5260 aliud
307 5207 546 5277 potestis
576 5207 1268 5277 afferre?Anargumento
1291 5204 1453 5260 vobis
1474 5208 1558 5259 est
1574 5204 1819 5260 ﬁrmitas

194 5353 208 5385 ¹
234 5349 317 5401 Sic
335 5353 440 5418 Er.,
471 5355 557 5418 cui
581 5352 1085 5418 suffraganturMss.
1104 5354 1380 5418 Sorbonici
1405 5357 1529 5414 tres,
1560 5357 1613 5403 et
1640 5353 1824 5418 Regio-

137 5417 442 5528 gggﬁusis.
455 5417 522 5468 At
541 5418 681 5482 apud
693 5415 816 5468 LO'v.
835 5421 887 5466 et
898 5415 1028 5465 alios
1040 5416 1160 5466 Mss.
1177 5417 1493 5479 habetur,an
1509 5418 1701 5481 pestem
1726 5415 1824 5466 dis-

1559 301 1773 357 LIBER
1823 299 2208 357 SECUNDUS.

3491 305 3631 358 1365

1940 423 2208 495 quaedam
2236 426 2407 496 atque
2428 426 2694 492 valentia,
2725 441 2858 497 quas
2885 424 3008 480 istis
3030 425 3198 480 rebus
3233 426 3454 480 detrahi
3483 426 3639 482 vide-

1938 516 2054 582 tur,
2084 513 2223 568 dum
2248 529 2280 567 a
2309 518 2461 570 terra
2498 518 2840 586 separantur
2869 519 3041 585 atque
3070 518 3389 569 tractantur
3408 517 3436 568 ?
3456 515 3564 570 Sed
3591 517 3639 570 si

1937 596 2046 653 hoc
2071 615 2171 653 vos
2199 606 2454 656 moveret
2479 604 2835 673 (quanquam
2875 602 3082 656 falsum
3126 602 3182 657 id
3222 618 3340 656 esse
3374 601 3484 656 cito
3513 603 3636 657 ani-

1936 686 2214 742 madverti
2241 692 2449 759 potest,
2479 695 2717 760 propter
2766 691 3180 745 nonnullorum
3228 695 3453 745 auctam
3481 697 3638 762 post-

1937 791 2111 846 quam
2141 780 2306 832 terrae
2345 776 2597 832 detracta
2616 782 2767 846 sunt,
2792 779 3144 847 ﬁrmitatem,
3177 783 3241 834 ut.
3264 779 3385 850 jam
3409 779 3478 834 de
3507 779 3638 832 vino

1935 870 2450 919 commemoratum
2483 869 2588 933 est,
2627 867 2778 937 quod
2830 867 2896 921 ﬁt
2950 867 3240 922 robustius
3293 867 3634 938 vetustate):

1934 956 2128 1008 tamen
2155 954 2201 1008 si
2239 954 2363 1008 hazc
2394 953 2634 1009 ﬁrmitas
2663 971 2763 1008 vos
2791 961 3064 1022 moveret,
3099 961 3162 1010 ut
3208 955 3344 1024 dixi,
3377 956 3440 1010 in
3477 956 3637 1010 nullo

1934 1041 2118 1112 magis
2146 1042 2271 1096 cibo
2319 1058 2493 1113 quam
2542 1042 2604 1096 in
2657 1042 2948 1110 carnibus,
2980 1044 3360 1115 copiosiorem
3409 1047 3635 1116 partem

1934 1130 2036 1186 Dei
2067 1130 2386 1201 probaretis
2414 1147 2554 1186 esse.
2592 1132 2720 1186 Non
2751 1132 2905 1186 enim
2953 1134 3201 1201 athletas,
3250 1133 3458 1204 quibus
3495 1132 3637 1187 illud

1934 1220 2112 1274 robur
2157 1222 2213 1274 et
2266 1219 2515 1274 valentia
2554 1219 2803 1274 maxime
2851 1220 3171 1274 necessaria
3216 1227 3319 1288 est,
3370 1222 3524 1277 olere
3571 1237 3636 1276 ac

1932 1307 2142 1378 pomis,
2175 1311 2372 1362 etnon
2401 1324 2570 1363 carne
2598 1312 2926 1364 vescuntur.

2003 1398 2091 1451 49.
2125 1400 2213 1450 An
2242 1396 2377 1467 quia
2415 1411 2613 1450 carnes
2633 1397 2868 1450 aluntur
2897 1395 3227 1463 arboribus,
3265 1397 3498 1452 arbores
3532 1414 3634 1452 au-

1932 1489 2049 1540 tem
2077 1484 2345 1539 carnibus
2365 1499 2480 1538 non
2498 1485 2749 1551 aluntur,
2780 1484 2992 1539 idcirco
3023 1484 3386 1540 arbitramini
3408 1485 3636 1540 illarum

1933 1589 2109 1646 quam
2137 1578 2332 1628 nostra
2359 1588 2599 1643 corpora
2637 1589 2760 1627 esse
2790 1573 3072 1628 meliora?
3099 1574 3226 1628 Non
3268 1574 3638 1628 consideratis

1931 1676 2054 1716 rem
2083 1664 2202 1716 tam
2226 1660 2287 1715 in
2315 1664 2590 1732 promptu
2615 1660 2806 1730 sitam,
2837 1661 3069 1715 arbusta
3101 1659 3320 1715 laetiora
3351 1665 3406 1715 et
3433 1660 3634 1716 fecun-

1931 1749 2115 1819 diora,
2143 1753 2478 1820 segetesque
2506 1749 2837 1819 pinguiores
2859 1748 3132 1802 alimento
3154 1752 3471 1802 stercorum
3487 1748 3634 1814 fieri,

1931 1854 2064 1893 cum
2091 1854 2191 1892 vos
2219 1838 2281 1892 in
2311 1836 2670 1892 accusatione
2700 1837 2886 1891 carnis
2916 1837 3062 1892 nihil
3096 1835 3327 1907 gravius
3357 1836 3515 1891 vobis
3557 1836 3638 1891 di-

1931 1943 2055 1982 cere
2084 1926 2410 1993 videamini,
2437 1942 2608 1998 quam
2638 1941 2770 1980 cum
2799 1926 2984 1980 dicitis
3015 1941 3137 1980 esse
3168 1929 3484 1980 stercorum
3534 1925 3632 1979 do-

1928 2030 2111 2070 mum.
2139 2013 2280 2068 Hiuc
2309 2029 2444 2086 ergo
2493 2014 2726 2069 aluntur
2752 2029 2818 2068 ea
2857 2029 2988 2085 quae
3017 2013 3180 2068 vobis
3208 2013 3426 2068 munda
3476 2017 3631 2080 sunt,

1930 2104 2083 2176 quod
2111 2103 2175 2158 in
2223 2119 2291 2158 ea
2343 2119 2406 2158 re
2452 2119 2583 2174 quas
2611 2102 2772 2158 vobis
2804 2102 3110 2158 immunda
3151 2105 3256 2170 est,
3299 2102 3480 2156 multo
3511 2117 3633 2156 esse

1928 2193 2288 2248 immundius
2314 2191 2657 2264 praedicatis.
2690 2191 2855 2255 Quod
2871 2191 2920 2245 si
2951 2207 3181 2246 carnem
3209 2191 3280 2246 ob
3309 2190 3417 2244 hoc
3445 2205 3633 2261 asper-

1929 2281 2169 2346 namini,
2217 2282 2375 2354 quod
2428 2284 2560 2352 post
2614 2280 2983 2336 concubitum
3026 2279 3298 2346 nascitur,
3347 2278 3632 2333 vermium

1928 2387 2028 2425 vos
2067 2387 2196 2426 caro
2222 2371 2485 2439 delectet,
2525 2369 2626 2441 qui
2666 2369 2727 2422 in
2757 2369 2968 2440 pomis,
3002 2368 3192 2440 lignis,
3220 2367 3282 2422 in
3310 2371 3464 2421 terra
3509 2366 3633 2436 ipsa

1930 2458 2180 2530 denique
2209 2458 2329 2512 sine
2359 2458 2478 2512 ullo
2507 2457 2822 2512 concubitu
2850 2460 2968 2510 tam
3000 2455 3169 2510 multi
3192 2453 3505 2526 magnique
3537 2469 3633 2508 na-

1929 2551 2185 2600 scuntur.
2231 2545 2338 2600 Sed
2381 2544 2573 2600 nescio
2613 2561 2743 2616 quae
2788 2543 2897 2598 ista
2941 2543 3228 2598 simulatio
3273 2547 3378 2597 est.
3413 2543 3554 2596 Nam
3587 2542 3633 2595 si

1928 2633 2092 2689 vobis
2138 2637 2444 2704 propterea
2473 2631 2800 2703 displiceret
2855 2647 3008 2698 caro,
3044 2631 3202 2702 quod
3237 2629 3417 2701 patris
3463 2635 3632 2701 atque

1928 2722 2129 2777 matris
2158 2721 2566 2776 commixtione
2597 2720 2898 2786 formatur,
2928 2735 3044 2775 non
3073 2719 3204 2774 illos
3231 2717 3518 2790 principes
3543 2723 3633 2772 te-

1927 2811 2236 2866 nebrarum
2266 2810 2336 2864 de
2366 2809 2648 2864 fructibus
2686 2809 2960 2863 arborum
2995 2823 3230 2862 suarum
3259 2811 3425 2861 natos
3444 2805 3621 2861 fuisse

1926 2899 2206 2966 diceretis,
2243 2914 2386 2970 quos
2423 2902 2572 2952 certe
2601 2897 2850 2967 amplius
2881 2895 3269 2967 aspernamini
3301 2910 3476 2965 quam
3503 2910 3625 2949 car-

1929 3004 2049 3051 nes,
2071 3003 2213 3058 quas
2242 2989 2470 3058 gustare
2498 3000 2613 3039 non
2641 2984 2833 3040 vultis.

1999 3077 2088 3130 50.
2119 3077 2262 3130 Nam
2300 3073 2455 3145 quod
2508 3072 2828 3144 opinamini
2876 3087 3074 3126 omnes
3128 3070 3361 3142 quidem
3409 3069 3628 3124 animas

1929 3163 2268 3220 animalium
2298 3163 2368 3217 de
2397 3165 2704 3234 parentum
2735 3160 2874 3234 cibis
2902 3160 3117 3223 venire,
3149 3177 3182 3213 a
3213 3159 3420 3230 quibus
3449 3173 3630 3212 carce-

1927 3254 2086 3309 ribus
2115 3269 2214 3308 vos
2259 3251 2503 3307 liberare
2550 3249 2880 3320 gloriamini
2921 3248 3173 3303 divinam
3228 3245 3626 3312 substantiam,

1928 3359 2057 3415 quas
2086 3342 2148 3396 in
2176 3340 2377 3396 vestris
2407 3343 2634 3394 tenetur
2663 3337 2973 3404 alimentis,
3007 3335 3252 3390 nimium
3281 3339 3481 3389 contra
3508 3351 3626 3399 vos,

1929 3437 1984 3488 et
2012 3431 2084 3486 ad
2123 3445 2324 3484 carnes
2353 3427 2600 3483 edendas
2631 3443 2730 3481 vos
2759 3425 3172 3480 instantissime
3208 3423 3473 3495 impellit.
3521 3422 3632 3476 Cur

1927 3516 2085 3572 enim
2129 3516 2369 3576 animas,
2402 3531 2542 3587 quas
2581 3514 2858 3585 illigaturi
2905 3518 3038 3568 sunt
3063 3512 3286 3584 corpori
3314 3511 3415 3583 qui
3444 3510 3629 3565 carni-

1924 3605 2031 3661 bus
2061 3604 2389 3676 epulantur,
2422 3620 2539 3657 nou
2570 3602 3023 3674 praeoccupando
3069 3605 3126 3655 et
3166 3600 3445 3654 vescendo
3479 3598 3627 3652 libe—

1925 3691 2112 3748 ratis?
2140 3691 2271 3759 Sed,
2321 3690 2530 3760 inquit,
2581 3705 2698 3743 non
2745 3689 2813 3742 de
2862 3687 3127 3742 carnibus
3177 3686 3394 3757 aliquid
3446 3685 3514 3739 ab
3546 3684 3628 3738 eis

1926 3781 2092 3836 bones
2127 3779 2305 3851 partis
2334 3778 2614 3848 illigatur,
2647 3777 2746 3831 sed
2777 3777 2846 3831 de
2876 3775 3136 3846 frugibus
3165 3791 3305 3846 quas
3335 3790 3463 3828 cum
3504 3789 3626 3827 car-

1926 3868 2098 3924 nibus
2128 3870 2380 3922 sumunt.
2405 3866 2552 3931 Quid
2585 3880 2722 3935 ergo
2748 3865 2818 3919 de
2849 3863 3056 3918 animis
3094 3863 3348 3931 leonum,
3379 3876 3626 3932 quorum

1926 3958 2086 4013 cibus
2115 3957 2234 4012 sola
2287 3971 2416 4010 caro
2447 3959 2552 4022 est,
2593 3952 3057 4025 respondendum
3093 3951 3365 4006 videtur?
3397 3949 3624 4017 Bibunt,

1925 4045 2134 4116 inquit,
2167 4049 2222 4100 et
2249 4043 2375 4099 ideo
2398 4043 2590 4098 anima
2617 4042 2717 4096 illa
2745 4042 2814 4096 de
2837 4057 2986 4112 aqua
3014 4045 3189 4094 tracta
3219 4038 3489 4110 carnique
3517 4038 3626 4092 im-

1927 4134 2133 4207 plicata
2163 4137 2266 4188 est.
2287 4131 2435 4198 Quid
2464 4132 2534 4187 de
2562 4121 3081 4186 innumerabilibus
3111 4127 3308 4182 avibus
3323 4125 3519 4198 ?.quid
3558 4125 3627 4180 de

1928 4221 2067 4294 ipsis
2097 4220 2305 4294 aquilis
2336 4220 2446 4275 dici
2477 4222 2690 4290 potest,
2723 4234 2852 4290 qua)
2898 4233 3019 4271 non
3047 4215 3156 4270 nisi
3186 4231 3354 4269 carne
3383 4229 3626 4285 pascuu-

1928 4317 2042 4372 tur,
2074 4326 2178 4366 nec
2209 4310 2326 4365 ullo
2378 4313 2522 4380 potu
2567 4307 2881 4379 indigent?
2927 4307 3088 4361 Certe
3135 4305 3227 4358 hic
3264 4303 3524 4358 deﬁcitur
3575 4305 3630 4356 et

1930 4399 2066 4472 quid
2095 4397 2430 4471 responderi
2458 4397 2640 4469 possit
2660 4413 2778 4451 non
2801 4395 3110 4450 invenitur.
3151 4393 3210 4449 Si
3251 4392 3406 4447 enim
3438 4391 3631 4445 anima

1930 4491 2000 4546 de
2030 4488 2170 4544 cibis
2196 4488 2376 4557 venit,
2407 4491 2463 4541 et
2484 4491 2614 4541 sunt
2644 4485 2914 4540 animalia
2935 4484 3114 4538 fetum
3141 4481 3458 4554 gignentia,
3485 4496 3629 4551 quo-

1929 4595 2059 4633 rum
2090 4582 2145 4632 et
2185 4577 2380 4631 nullus
2434 4580 2623 4646 potus,
2653 4578 2710 4628 et
2766 4573 2925 4628 cibus
2981 4572 3101 4626 sola
3150 4571 3221 4624 sit
3270 4586 3423 4635 caro,
3456 4568 3630 4623 estin

1931 4682 2099 4722 carne
2155 4665 2369 4734 anima,
2419 4662 2514 4718 cui
2551 4662 2867 4734 purganda:
2904 4676 3064 4714 more
3112 4662 3296 4714 vestro
3327 4657 3628 4713 subvenire

1933 4754 2215 4811 deberetis
2244 4753 2519 4809 vescendo
2550 4767 2801 4806 carnem.
2837 4749 2954 4805 Nisi
2995 4749 3140 4803 forte
3168 4763 3430 4818 porcum,
3479 4747 3632 4818 quod

1932 4849 1990 4899 et
2017 4843 2280 4916 frugibus
2320 4841 2515 4908 alitur,
2548 4844 2605 4895 et
2633 4855 2841 4910 aquam
2868 4837 3035 4903 bibit,
3082 4835 3334 4890 animam
3365 4826 3504 4890 lucis
3528 4835 3632 4888 ha-

1932 4933 2068 4988 bere
2097 4928 2497 5000 arbitramini;
2525 4927 2735 5000 aquilae
2772 4943 2930 4994 vero,
2961 4925 3054 4980 cui
3082 4925 3166 4980 sol
3209 4925 3456 4980 maxime
3487 4939 3630 4977 con—

1931 5021 2107 5093 gruit,
2139 5019 2508 5075 tenebrarum
2551 5016 2824 5083 animam,
2884 5014 3022 5088 quia
3073 5015 3194 5069 sola
3248 5029 3417 5068 carne
3472 5009 3628 5073 vivit,

1932 5110 2118 5164 inesse
2150 5106 2473 5164 defenditis.

2004 5203 2092 5254 51.
2117 5199 2159 5254 Ο
2183 5213 2376 5252 rerum
2407 5195 2722 5267 angustias,
2752 5211 2784 5249 o
2815 5193 3178 5250 incredibiles
3222 5186 3629 5246 absurditatesl

1933 5288 1995 5343 in
2023 5304 2164 5359 quas
2193 5285 2448 5358 profecto
2481 5301 2598 5339 non
2642 5283 3002 5350 incidissetis,
3045 5281 3093 5335 si
3123 5297 3156 5334 a
3201 5275 3520 5332 vanissimis
3549 5275 3632 5330 fa-

1932 5376 2084 5431 bulis
2134 5374 2329 5441 alieni,
2366 5374 2472 5429 hoc
2501 5373 2570 5428 ad
2602 5372 3014 5428 continentiam
3060 5368 3319 5422 ciborum
3364 5380 3632 5436 sequere-

1936 5464 2080 5520 mini
2111 5464 2265 5535 quod
2311 5462 2516 5518 veritas
2571 5463 2806 5534 probat;
2857 5463 2921 5514 ut
2964 5453 3437 5525 concupiscentiae
3485 5468 3636 5508 coer-

1941 5553 2136 5608 cenda:
2202 5552 2403 5623 gratia,
2459 5568 2575 5606 non
2626 5549 2868 5605 vitandas
2899 5543 3282 5604 immunditias
3321 5559 3449 5614 qua:
3479 5543 3637 5596 nulla
