4056 6358
424 303 557 358 1367

416 429 521 496 est,
552 424 851 483 deliciosas
906 437 1063 478 escas
1112 421 1462 492 respuendas
1483 419 1841 492 judicaretis.
1875 421 2017 476 Nam
2062 420 2112 476 si

417 516 544 588 quis
575 514 748 570 etiam
779 527 970 566 rerum
1001 513 1265 565 naturam
1293 508 1524 582 vimque
1549 509 1758 564 animas
1789 509 2111 579 etcorporis

417 605 612 660 minus
657 603 908 668 intuens,
938 599 1098 654 vobis
1129 598 1398 654 concedat
1456 598 1708 653 animam
1757 597 2114 669 coinquinari

419 695 489 749 de
519 691 784 754 obsonio,
807 689 988 744 multo
1021 687 1202 759 magis
1232 703 1359 742 eam
1380 691 1571 741 tamen
1593 686 1949 741 immundam
1988 686 2114 740 fieri

417 781 726 854 cupiditate
757 776 1085 834 conceditis.
1132 775 1271 841 Quae
1315 791 1452 847 ergo
1483 775 1630 830 ratio
1668 779 1774 844 est,
1804 776 1893 830 vel
1921 774 2114 845 potius

418 870 686 935 amentia,
741 867 810 922 de
860 881 1102 920 numero
1171 864 1480 918 electorum
1529 863 1824 918 hominem
1878 863 2112 934 pellere,

418 959 518 1031 qui
546 958 690 1013 forte
720 971 949 1010 carnem
1003 951 1346 1008 valetudinis
1374 967 1562 1018 causa,
1596 952 1754 1006 nulla
1807 952 2114 1023 cupiditate

416 1045 765 1119 gustaverit:
798 1043 846 1098 si
876 1047 1069 1098 autem
1098 1040 1590 1112 piperataltubera
1632 1040 1908 1095 veraciter
1949 1041 2114 1096 edere

417 1133 789 1204 concupierit,
823 1129 1207 1185 immodestia
1237 1133 1463 1184 tantum
1490 1129 1636 1184 forte
1665 1128 1896 1200 possitis
1925 1144 2118 1200 repre-

418 1223 694 1291 hendere,
727 1236 845 1276 non
871 1223 1062 1274 autem
1090 1222 1154 1273 ut
1180 1221 1576 1288 corruptorem
1607 1217 1879 1272 damnare
1926 1217 2114 1288 signa-

418 1311 581 1366 culi?
606 1311 689 1365 Ita
716 1307 783 1364 ﬁt
830 1311 894 1363 ut
922 1307 984 1362 in
1013 1306 1208 1362 electis
1235 1305 1436 1361 vestris
1466 1321 1587 1361 esse
1614 1321 1732 1360 non
1783 1305 1986 1376 possit,
2017 1304 2117 1377 qui

421 1399 676 1473 proditus
719 1397 912 1464 fuerit,
969 1411 1086 1451 non
1134 1394 1609 1467 concupiscendo,
1663 1389 1760 1450 sed
1791 1395 2117 1449 medendo‘

422 1491 646 1560 partem
671 1486 922 1558 aliquam
951 1499 1200 1539 ccenasse
1246 1483 1474 1555 gallinas
1499 1499 1512 1538 :
1567 1498 1688 1537 esse
1737 1487 1930 1537 autem
1961 1482 2022 1536 in
2051 1481 2120 1536 iis

419 1575 601 1648 possit
654 1573 753 1646 qui
800 1573 1166 1628 vehementer
1222 1571 1538 1643 cumiphas,
1599 1574 1656 1626 et
1706 1570 1816 1625 alia
1859 1571 2121 1641 placenta

420 1680 590 1720 carne
613 1661 861 1717 carentia
894 1661 1245 1716 desiderasse
1276 1675 1334 1714 se
1361 1659 1484 1730 ipse
1517 1657 1858 1730 prodiderit.
1892 1657 2120 1713 Tenetis

425 1768 562 1823 ergo
595 1767 728 1807 eum
785 1765 958 1821 quem
1017 1747 1298 1818 cupiditas
1349 1747 1610 1802 sordibus
1658 1745 1887 1818 mergit,
1947 1761 2122 1817 quem

394 1856 555 1905 _vero
581 1839 702 1911 ipse
733 1839 909 1903 cibus,
939 1840 1005 1892 ut
1033 1835 1414 1904 arbitramini,
1445 1835 1713 1903 maculat,
1748 1851 1865 1890 non
1891 1835 2119 1902 tenetis,

421 1944 551 1983 cum
580 1925 1040 1998 inquinationem
1087 1925 1157 1979 de
1177 1923 1643 1995 concupiscentia
1657 1937 1831 1996 quam
1855 1923 1924 1978 de
1953 1923 2120 1978 obso-

423 2017 520 2072 nio
552 2017 722 2086 longe
747 2015 1024 2087 majorem
1054 2012 1181 2068 fieri
1211 2012 1525 2082 fateamini,
1559 2013 2003 2083 complectentes
2032 2015 2118 2067 ta-

423 2121 557 2160 men
585 2119 717 2160 eum
748 2103 848 2175 qui
878 2103 1120 2158 conditis
1175 2101 1506 2156 suavissime
1537 2100 1799 2173 frugibus
1853 2100 2124 2156 imminet

422 2193 672 2261 inhians,
737 2207 972 2264 seseque
1019 2206 1138 2245 non
1194 2193 1386 2246 tenet:
1438 2190 1802 2244 excludentes
1857 2205 1991 2245 eum
2023 2188 2123 2261 qui

423 2280 705 2352 quaslibet
732 2279 928 2350 epulas
956 2277 1260 2332 hominum
1291 2275 1739 2347 comprimenda
1768 2275 1934 2331 famis
1954 2291 2123 2330 causa

425 2369 547 2422 sine
577 2368 696 2422 ulla
725 2365 1033 2437 cupiditate
1063 2368 1296 2436 paratus
1326 2379 1572 2432 sumere,
1604 2368 1660 2418 et
1689 2368 1923 2435 paratus
1955 2364 2122 2418 amit-

427 2461 570 2520 tere,
601 2455 995 2510 indifferenter
1023 2452 1193 2523 capit.
1227 2452 1309 2506 En
1337 2451 1471 2506 miri
1514 2467 1723 2520 mores,
1773 2467 1846 2506 en
1891 2451 2123 2524 egregia

427 2544 751 2615 disciplina,
783 2559 855 2597 eu
874 2540 1261 2597 memorabilis
1287 2539 1696 2611 temperantia!

499 2633 740 2687 52.Jam
771 2630 926 2702 quod
953 2645 1019 2684 ea
1066 2645 1195 2700 quae
1245 2628 1404 2682 vobis
1455 2628 1617 2700 quasi
1665 2629 1964 2700 purganda
1992 2628 2123 2683 otl‘e-

429 2723 636 2776 runtur
662 2720 732 2774 ad
763 2719 981 2790 epulas,
1031 2717 1189 2771 nefas
1225 2716 1440 2787 putatis
1467 2716 1514 2770 si
1551 2717 1680 2788 quis
1720 2716 1864 2771 alius
1914 2721 2124 2788 praeter

427 2807 634 2864 electos
663 2806 735 2862 ad
766 2806 1074 2861 cibandum
1103 2805 1375 2875 tetigerit,
1407 2810 1635 2876 quantae
1672 2805 2048 2876 turpitudinis
2069 2809 2126 2861 et

426 2895 736 2968 aliquando
765 2894 991 2950 sceleris
1030 2894 1267 2964 plenum
1320 2894 1449 2948 est?
1498 2893 1795 2965 Siquidem
1826 2909 1975 2965 saepe
2006 2899 2124 2950 tam

428 2986 609 3041 multa
638 2985 867 3052 dantur,
896 2988 962 3039 ut
990 2981 1250 3038 consumi
1279 2981 1442 3037 facile
1475 2981 1714 3053 apaucis
1745 2998 1861 3037 non
1886 2983 2120 3053 possint.

429 3077 497 3130 Et
527 3074 799 3146 quoniam
831 3072 1196 3145 sacrilegium
1226 3075 1477 3143 putatur,
1511 3073 1597 3126 vel
1629 3072 1755 3128 aliis
1790 3073 1924 3127 dare
1971 3073 2123 3145 quod

430 3163 732 3232 redundat,
761 3161 850 3217 vel
872 3165 1022 3217 certe
1053 3160 1316 3231 abjicare,
1343 3159 1405 3214 in
1431 3176 1665 3232 magnas
1717 3160 2126 3216 contrudimini

432 3251 765 3315 cruditates,
797 3252 986 3303 totum
1015 3248 1169 3320 quod
1199 3247 1397 3302 datum
1430 3251 1514 3302 est
1568 3248 1731 3320 quasi
1751 3265 2000 3320 purgare
2028 3265 2125 3304 cu-

430 3338 675 3410 pientes.
730 3338 854 3391 Jam
907 3351 1042 3390 vero
1071 3335 1325 3403 distenti,
1367 3340 1425 3390 et
1474 3352 1653 3407 prope
1684 3341 1996 3408 crepantes,
2029 3353 2126 3392 eos

430 3425 530 3497 qui
561 3425 664 3479 sub
690 3427 876 3478 vestra
901 3422 1201 3494 disciplina
1232 3428 1386 3489 sunt,
1424 3438 1634 3493 pueros
1680 3424 1750 3479 ad
1803 3425 2128 3480 devoranda

432 3513 652 3584 reliqua
675 3511 890 3566 crudeli
914 3511 1306 3566 dominatione
1327 3511 1694 3583 compellitis:
1719 3512 1796 3566 ita
1819 3516 1882 3567 ut
1899 3513 2126 3569 cuidam

431 3600 504 3656 sit
529 3601 723 3656 Romae
754 3599 1064 3671 objectum,
1096 3599 1245 3670 quod
1279 3599 1518 3654 miseros
1573 3602 1842 3670 parvulos
1873 3603 2126 3673 cogendo

431 3689 504 3744 ad
534 3688 875 3744 vescendum
903 3687 1002 3742 tali
1034 3687 1441 3758 superstitione
1470 3689 1772 3745 necaverit.
1803 3690 1963 3756 Quod
2009 3707 2126 3746 non

430 3777 744 3843 crederem,
771 3775 884 3831 nisi
922 3775 1126 3830 scirem
1158 3780 1440 3848 quantum
1487 3776 1648 3831 nefas
1705 3793 1826 3833 esse
1883 3779 2124 3834 arbitre-

429 3865 594 3933 mini,
624 3866 710 3919 vel
740 3864 865 3919 aliis
895 3865 1018 3920 haec
1047 3864 1182 3920 dare
1212 3865 1314 3936 qui
1334 3863 1500 3920 electi
1527 3880 1646 3920 non
1675 3869 1827 3934 sunt,
1859 3868 1945 3921 vel
1975 3872 2127 3923 certe

429 3953 782 4027 projicienda
833 3968 1054 4008 curare.
1135 3953 1294 4008 Unde
1345 3951 1447 4008 illa
1501 3953 1765 4008 vescendi
1821 3955 2127 4011 necessitas

428 4054 622 4118 restat,
655 4067 785 4123 qua:
817 4049 888 4105 ad
918 4048 1310 4121 turpissimam
1338 4047 1683 4104 cruditatem
1711 4051 1735 4086 ³
1763 4065 1907 4122 pene
1945 4051 2128 4122 quoti-

429 4139 544 4208 die,
581 4139 891 4210 aliquando
919 4142 1114 4194 tamen
1143 4141 1333 4208 potest
1361 4141 1416 4192 et
1445 4152 1625 4209 usque
1655 4137 1727 4193 ad
1755 4137 2125 4196 homicidium

427 4227 745 4300 pervenire.

499 4319 588 4372 53.
632 4316 770 4381 Quae
812 4330 944 4370 cum
1005 4313 1086 4370 ita
1124 4313 1257 4384 sint,
1306 4313 1480 4369 etiam
1527 4331 1738 4388 panem
1775 4317 2126 4374 mendicanti

429 4405 564 4460 dare
592 4401 952 4474 prohibetis:
1007 4401 1247 4458 censetis
1294 4405 1488 4458 tamen
1534 4409 1772 4476 propter
1807 4405 2124 4461 misericor-

429 4491 604 4560 diam,
666 4492 752 4546 vel
799 4490 992 4562 potius
1045 4495 1283 4562 propter
1334 4491 1611 4548 invidiam
1660 4510 1925 4551 nummos
1979 4495 2122 4551 dari.

428 4581 575 4646 Quid
605 4579 697 4635 hic
725 4579 884 4652 prius
910 4597 1168 4652 arguam,
1199 4581 1614 4651 crudelitatem,
1659 4599 1731 4637 an
1757 4584 2079 4639 vecordiam
2099 4586 2127 4641 ?

427 4668 570 4734 Quid
603 4668 757 4724 enim
789 4669 835 4724 si
865 4686 932 4725 eo
955 4671 1078 4724 loco
1110 4685 1199 4724 res
1223 4674 1446 4741 agatur,
1478 4671 1575 4727 ubi
1601 4671 1814 4727 venalis
1849 4672 2007 4727 cibus
2035 4671 2122 4727 in-

424 4757 605 4812 veniri
636 4773 752 4812 non
779 4760 1014 4828 potest?
1047 4759 1224 4813 Homo
1264 4775 1435 4830 egens
1464 4760 1561 4816 ille
1609 4760 1761 4816 fame
1808 4760 2123 4818 moriturus

427 4851 534 4916 est,
556 4846 695 4902 dum
719 4850 782 4900 tu
811 4846 896 4901 vir
922 4847 1148 4918 sapiens
1165 4859 1222 4903 et
1236 4847 1524 4920 benignus
1555 4849 1737 4921 magis
1759 4864 2122 4906 cucumerem

427 4951 602 5007 quam
651 4934 944 4990 hominem
994 4935 1301 4992 miseraris.
1352 4938 1481 4992 Haec
1535 4940 1618 4991 est
1665 4937 1917 5008 profecto
1961 4937 2122 5009 (quid

424 5023 578 5080 enim
601 5023 785 5080 dicam
811 5024 1217 5096 congruentius
1237 5029 1292 5080 et
1320 5023 1603 5096 planius?)
1627 5025 1770 5080 falsa
1801 5025 2120 5081 misericor-

427 5113 520 5168 dia
549 5117 605 5168 et
648 5129 782 5168 vera
835 5114 1157 5169 crudelitas.
1221 5114 1378 5169 Nunc
1428 5113 1752 5168 vecordiam
1805 5113 2116 5169 videamus.

425 5201 570 5267 Quid
598 5201 751 5256 enim
782 5200 828 5255 si
857 5202 1109 5256 nummis
1141 5201 1276 5271 illis,
1309 5217 1450 5272 quos
1480 5200 1723 5269 dederis,
1755 5201 1864 5257 sibi
1911 5218 2120 5274 panem

425 5293 618 5347 emat?
648 5292 846 5346 Nonne
877 5291 984 5346 hoc
1011 5291 1072 5345 in
1114 5290 1213 5345 illo
1243 5305 1376 5360 pars
1421 5289 1520 5345 illa
1547 5293 1730 5346 vestra
1776 5291 1988 5362 divina,
2019 5291 2118 5364 qui

489 5443 502 5476 ¹
542 5441 618 5490 Ita
640 5443 764 5492 Mss.
801 5441 867 5491 At
893 5442 1018 5492 editi
1050 5441 1225 5498 habet,
1253 5438 1467 5490 edendo.

422 5504 522 5616 te;
538 5503 1124 5564 Excusi,crudclitatem
1145 5520 1158 5553 :
1178 5501 1331 5564 cujus
1351 5502 1465 5553 loco
1492 5503 1613 5554 Mss.
1639 5503 1851 5565 habent,
1881 5503 2118 5556 crudita-

1375 295 1468 351 DE
1508 289 1820 354 MORIBUS
1857 293 2439 362 MANICHJEORUM,
2483 294 2538 350 S.
2581 291 2965 350 AUGUSTINI

2217 421 2364 476 hanc
2393 419 2569 475 sumit
2597 417 2975 484 avenditore,
3032 432 3271 489 passura
3324 422 3430 488 est,
3481 417 3645 490 quod
3695 431 3962 488 passura

2219 514 2362 577 erat,
2394 509 2440 563 si
2470 513 2526 564 te
2557 509 2728 564 dante
2759 505 3146 578 sumpsisset?
3177 505 3420 561 Involvit
3449 505 3961 576 igitursordibus

2219 599 2480 668 peccator
2520 595 2615 650 ille
2659 595 2952 650 mendicus
2985 598 3209 664 partem
3260 594 3361 648 Dei
3402 594 3663 649 revelare
3694 592 3959 664 cupien—

2220 690 2364 755 tem,
2392 685 2506 740 tuis
2534 683 2788 739 nummis
2812 683 2886 738 ad
2910 687 3135 737 tantum
3165 682 3350 737 scelus
3401 682 3678 754 adjutus:
3745 685 3810 736 et
3870 686 3960 734 ta-

2219 790 2354 829 men
2407 790 2507 828 vos
2547 773 2810 827 homines
2857 771 3298 843 prudentissimi
3349 771 3628 827 interesse
3684 770 3958 824 arbitra-

2220 862 2385 930 mini,
2407 861 2455 916 si
2483 861 2861 916 homicidium
2885 861 3103 915 facturo
3127 876 3244 916 non
3259 859 3405 915 detis
3427 860 3735 914 hominem
3763 874 3960 930 quem

2222 951 2464 1020 occidat,
2489 950 2586 1005 sed
2608 950 2848 1005 scientes
2873 949 3176 1020 pecuniam
3198 949 3350 1005 unde
3374 947 3766 1004 occidendum
3795 963 3962 1002 eom-

2223 1044 2405 1112 paret,
2438 1039 2604 1094 detis.
2637 1039 2784 1104 Quid
2815 1039 2887 1093 ad
2915 1038 3063 1093 hanc
3099 1037 3386 1093 insaniam
3424 1037 3555 1092 addi
3582 1039 3838 1108 potest?
3874 1038 3966 1090 Ita

2224 1129 2380 1182 enim
2405 1128 2470 1182 ﬁt
2499 1132 2563 1183 ut
2591 1131 2690 1182 aut
2719 1127 2892 1181 homo
2921 1126 3224 1196 moriatur,
3250 1127 3298 1181 si
3325 1127 3591 1182 venalem
3622 1142 3744 1180 non
3792 1125 3964 1180 inve-

2224 1216 2375 1272 nerit
2403 1216 2614 1284 cibum,
2646 1219 2748 1271 aut
2769 1215 2928 1270 cibus
2958 1215 3100 1287 ipse,
3130 1215 3174 1269 si
3208 1215 3526 1272 invenerit:
3578 1230 3850 1287 quorum
3881 1215 3964 1268 a1-

2223 1310 2411 1361 terum
2439 1309 2524 1360 est
2549 1320 2750 1360 verum
2780 1303 3157 1360 homicidium
3184 1322 3197 1372 ;
3230 1306 3476 1360 alterum
3505 1308 3798 1370 vestrum,
3863 1320 3963 1358 vo-

3813 296 3830 346 l
3850 294 3960 345 308

2227 1394 2315 1450 bis
2364 1387 2557 1448 tamen
2608 1393 2689 1448 ita
2743 1393 3136 1462 tribuendum,
3190 1397 3465 1464 tanquam
3512 1398 3850 1465 utrumque
3885 1391 3963 1445 sit

2227 1497 2446 1537 verum.
2482 1482 2624 1536 Nam
2653 1482 2808 1554 quod
2859 1482 3148 1536 auditores
3177 1486 3390 1536 vestros
3446 1497 3565 1536 non
3612 1481 3962 1552 prohibetis

2228 1571 2494 1626 carnibus
2519 1570 2688 1638 vesci,
2713 1570 2808 1625 sed
2835 1570 3092 1624 occidere
3121 1569 3395 1624 animalia
3420 1570 3773 1642 prohibetis,
3807 1569 3960 1642 quid

2229 1659 2458 1716 stultius
2511 1663 2569 1714 et
2596 1658 2918 1731 perversius
2958 1659 3082 1713 fieri
3129 1661 3362 1730 potest?
3396 1661 3540 1714 Nam
3570 1659 3619 1712 si
3657 1659 3800 1714 talis
3835 1675 3962 1713 non

2230 1746 2584 1803 contaminat
2613 1747 2794 1818 cibus,
2823 1762 2922 1802 vos
2952 1763 3181 1820 quoque
3210 1747 3451 1802 sumite:
3487 1746 3534 1800 si
3559 1747 3957 1813 contaminat,

2231 1853 2360 1909 quas
2388 1837 2620 1891 tandem
2675 1836 2965 1891 dementia
3010 1839 3096 1890 est
3141 1836 3326 1906 majus
3362 1835 3521 1890 nefas
3551 1840 3789 1907 putare,
3825 1836 3958 1890 aui-

2230 1940 2387 1980 mam
2416 1923 2710 1996 porcinam
2739 1924 2808 1978 de
2839 1938 3074 1994 corpore
3104 1924 3342 1992 solvere,
3381 1939 3558 1995 quam
3614 1923 3956 1979 humanam

2229 2012 2468 2085 porcino
2498 2027 2738 2082 corpore
2767 2013 3054 2066 maculare
3072 2013 3102 2066 ?

2232 2102 2457 2157 CAPUT
2517 2102 2674 2156 XVII.
2729 2131 2800 2141 —-
2846 2102 3106 2156 Mannum
3156 2101 3498 2168 signaculum
3556 2101 3715 2172 apud
3757 2102 3959 2157 Mam;-

2713 2189 2880 2245 chzos
2910 2189 3072 2258 quale
3092 2187 3170 2244 sit
3199 2190 3448 2257 aperitur

2303 2279 2391 2334 54.
2431 2277 2536 2333 Sed
2577 2277 2700 2349 jam
2730 2277 2799 2332 ad
2829 2292 3109 2332 manuum
3155 2276 3515 2347 signaculum
3558 2279 3952 2334 consideran-

2232 2367 2371 2422 dum
2403 2366 2878 2438 tractandumque
2919 2365 3238 2420 veniamus.
3281 2367 3360 2419 Ac
3389 2365 3646 2436 primum
3697 2366 3949 2438 quidem

2233 2456 2389 2528 quod
2425 2455 2496 2510 ab
2527 2455 2861 2510 animalium
2898 2469 3056 2520 nece,
3099 2457 3156 2508 et
3185 2454 3253 2508 ab
3285 2453 3551 2524 stirpium
3584 2455 3948 2510 laceratione

2232 2561 2332 2598 vos
2377 2542 2731 2614 temperatis,
2772 2541 3394 2612 superstitiosissimum
3425 2542 3688 2597 Christus
3750 2549 3949 2598 osten-

2234 2633 2352 2688 dit:
2386 2632 2487 2704 qui
2516 2632 2732 2686 nullam
2770 2630 2934 2685 nobis
2953 2646 3086 2685 cum
3114 2629 3318 2686 belluis
3340 2635 3396 2686 et
3419 2631 3727 2687 arboribus
3752 2633 3950 2688 socie-

2232 2723 2408 2774 tatem
2431 2717 2579 2790 juris
2605 2733 2724 2772 esse
2747 2717 3030 2789 judicans,
3063 2721 3120 2771 et
3147 2717 3206 2772 in
3230 2733 3463 2790 gregem
3491 2734 3810 2790 porcorum
3833 2721 3952 2776 da?-

2233 2824 2430 2862 mones
2481 2806 2636 2862 misit
2691 2806 2905 2877 (Matth.
2960 2809 3078 2873 vm,
3121 2807 3228 2876 32),
3284 2809 3342 2860 et
3387 2807 3657 2863 arborem
3715 2808 3778 2863 in
3826 2826 3950 2881 qua

2233 2898 2480 2952 fructum
2534 2911 2650 2952 non
2692 2894 3007 2964 invenerat,
3055 2894 3358 2950 maledicto
3390 2894 3613 2951 aridam
3645 2896 3786 2952 fecit
3816 2898 3942 2968 (Id.

2233 3003 2340 3053 xxx,
2377 2987 2483 3057 19).
2515 2984 2666 3040 Nihil
2703 2987 2851 3038 certe
2902 2983 3084 3055 porci,
3115 2983 3261 3038 nihil
3309 2983 3478 3039 arbor
3520 2983 3619 3040 illa
3665 3001 3952 3057 peccave-

2234 3079 2341 3129 rat.
2376 3075 2570 3145 Neque
2601 3072 2757 3129 enim
2780 3087 2962 3144 usque
2992 3087 3060 3126 eo
3082 3071 3376 3127 dementes
3405 3087 3626 3139 sumus,
3683 3077 3752 3127 ut
3786 3074 3950 3128 arbi-

2233 3166 2452 3218 tremur
2480 3179 2581 3217 sua
2611 3163 2812 3234 sponte
2841 3161 3102 3216 arborem
3140 3161 3229 3216 vel
3289 3161 3625 3233 frugiferam
3676 3177 3804 3217 esse
3857 3163 3949 3217 vel

2235 3253 2500 3306 sterilem.
2562 3251 2756 3324 Neque
2810 3249 2956 3304 illud
3008 3249 3100 3304 hic
3150 3248 3311 3304 vobis
3338 3249 3645 3306 dicendum
3691 3256 3803 3318 est,
3859 3252 3952 3307 his

2234 3341 2394 3397 factis
2420 3339 2725 3396 Dominum
2755 3342 3016 3394 nostrum
3047 3338 3158 3394 alia
3187 3338 3454 3410 quaedam
3478 3339 3814 3410 signiﬁcare
3849 3358 3950 3395 vo-

2235 3428 2442 3484 luisse:
2475 3427 2605 3500 quis
2654 3426 2809 3482 enim
2860 3427 3113 3482 nesciat?
3159 3428 3270 3484 Sed
3299 3431 3450 3483 certe
3509 3428 3648 3483 Filio
3683 3429 3787 3484 Dei
3823 3447 3952 3485 non

2233 3533 2337 3589 per
2363 3516 2732 3572 homicidium
2762 3515 2990 3587 signum
3021 3516 3272 3570 dandum
3306 3516 3434 3584 fuit,
3471 3515 3518 3570 si
3543 3517 3812 3572 arborem
3849 3535 3952 3574 ne-

2235 3621 2384 3674 care,
2417 3609 2480 3660 ut
2501 3621 2600 3660 vos
2627 3605 2830 3672 dicitis,
2863 3604 3237 3660 homicidium
3281 3609 3388 3671 est,
3441 3609 3544 3659 aut
3573 3622 3783 3661 necare
3818 3609 3950 3662 ani-

2235 3694 2426 3750 malia.
2459 3695 2600 3748 Nam
2631 3699 2688 3748 et
2717 3693 2786 3748 de
2810 3693 3164 3759 hominibus,
3199 3709 3329 3748 cum
3359 3693 3572 3765 quibus
3601 3695 3812 3766 utique
3859 3711 3951 3751 su-

2235 3783 2527 3855 musjuris
2561 3783 2826 3838 societate
2867 3781 3180 3853 conjuncti,
3229 3781 3396 3853 signa
3441 3783 3707 3854 quedam
3739 3784 3948 3851 dedit;

2235 3872 2332 3926 sed
2359 3871 2608 3926 sanando
2636 3871 2915 3937 homines,
2943 3885 3059 3924 non
3089 3871 3364 3925 necando.
3407 3871 3569 3935 Quod
3601 3875 3659 3926 et
3697 3871 3774 3927 de
3828 3873 3947 3929 bel-

2235 3960 2344 4015 luis
2373 3960 2525 4015 etde
2561 3959 2862 4014 arboribus
2907 3957 3137 4026 faceret,
3187 3957 3237 4012 si
3267 3957 3466 4013 eadem
3501 3975 3604 4014 nos
3661 3975 3801 4015 cum
3830 3961 3946 4016 illis

2235 4049 2522 4119 societate,
2574 4064 2688 4121 qua
2737 4063 2836 4102 vos
2886 4045 3225 4118 opinamini,
3276 4046 3610 4119 conjunctos
3668 4064 3800 4105 esse
3851 4051 3944 4122 ju-

2233 4139 2465 4194 dicaret.

2305 4230 2391 4282 55.
2447 4226 2568 4291 Quo
2623 4227 2744 4281 loco
2781 4224 2928 4280 mihi
2985 4225 3288 4281 auctoritas
3344 4225 3776 4297 interponenda
3821 4229 3944 4283 visa

2233 4320 2339 4384 est,
2367 4319 2672 4387 propterea
2714 4314 2850 4386 quia
2875 4315 2945 4370 de
2998 4329 3276 4386 pecorum
3323 4314 3537 4382 anima,
3565 4319 3622 4370 et
3672 4316 3744 4372 de
3798 4334 3940 4390 qua-

2232 4405 2365 4459 dam
2392 4405 2506 4458 vita
2536 4421 2649 4475 qua
2674 4403 2942 4459 dicuntur
2973 4403 3204 4458 arbores
3234 4403 3442 4472 vivere,
3476 4420 3594 4458 non
3623 4409 3823 4476 potest
3851 4424 3943 4461 vo-

2232 4492 2452 4548 biscum
2482 4492 2769 4547 subtiliter
2823 4492 3125 4564 disputari.
3161 4492 3272 4547 Sed
3326 4493 3598 4564 quoniam
3631 4494 3938 4567 privilegio

2231 4582 2482 4654 quodam
2516 4597 2612 4635 vos
2651 4581 2916 4645 tuemini,
2965 4585 3026 4634 ut
3072 4581 3141 4636 de
3177 4581 3486 4652 Scripturis
3534 4582 3791 4653 opprimi
3841 4601 3939 4638 ne-

2232 4671 2469 4744 queatis,
2503 4671 2742 4727 dicendo
2771 4689 2866 4726 eas
2891 4687 3010 4725 esse
3040 4671 3301 4726 falsatas:
3335 4687 3668 4743 quanquam
3700 4689 3770 4727 ea
3806 4690 3936 4746 qua:

2229 4760 2671 4816 commemoravi
2725 4760 2794 4815 de
2849 4761 3067 4826 arbore,
3135 4763 3192 4814 et
3249 4759 3319 4814 de
3367 4775 3540 4830 grege
3599 4777 3936 4831 porcorum,

2230 4865 2579 4920 nunquama
2603 4848 3048 4920 corruptoribus,
3090 4847 3346 4902 immissa
3387 4865 3509 4902 esse
3551 4849 3814 4905 dixistis:
3851 4856 3934 4906 ta-

2230 4953 2385 5006 men,
2416 4953 2487 4992 ne
2539 4937 2957 4992 considerantes
3008 4940 3288 5007 quantum
3326 4937 3485 4991 vobis
3532 4938 3929 5002 adversentur,

2227 5024 2336 5080 hoc
2366 5025 2519 5080 idem
2550 5025 2720 5081 etiam
2753 5025 2821 5079 de
2869 5023 2958 5078 his
3007 5023 3315 5096 aliquando
3346 5025 3535 5080 dicere
3582 5027 3814 5095 velitis;
3850 5035 3933 5084 te-

2228 5129 2394 5168 neam
2422 5114 2780 5185 propositum
2803 5128 3017 5180 meum,
3051 5117 3114 5167 ut
3154 5131 3185 5168 a
3218 5114 3397 5182 vobis,
3434 5115 3659 5186 magnis
3690 5119 3931 5172 omnino

2227 5203 2699 5273 pollicitatoribus
2722 5200 2960 5256 rationis
2998 5206 3167 5274 atque
3194 5203 3466 5272 veritatis,
3501 5220 3762 5276 quaeram
3819 5207 3934 5278 pri-

2227 5307 2388 5346 mum
2417 5291 2555 5364 quid
2585 5291 2731 5346 obsit
2757 5289 2970 5358 arbori,
3003 5308 3119 5346 non
3151 5291 3274 5348 dico
3309 5293 3356 5348 si
3409 5310 3648 5365 pomum
3681 5295 3824 5350 inde
3857 5297 3932 5351 fo-

2227 5381 2437 5435 liumve
2470 5380 2759 5450 decerpas,
2783 5380 2935 5451 quod
2965 5379 3196 5452 quidem
3236 5381 3389 5452 apud
3419 5399 3536 5448 vos,
3569 5383 3616 5437 si
3649 5384 3782 5454 quis
3815 5401 3930 5439 non

2228 5467 2636 5540 imprudentia,
2682 5468 2780 5522 sed
2831 5467 3012 5524 sciens
3038 5468 3257 5540 fecerit,
3310 5469 3593 5542 signaculi
3623 5479 3930 5545 corruptor

2233 5557 2356 5612 sine
2380 5557 2496 5611 ulla
2518 5555 2870 5613 dubitatione
2896 5556 3282 5628 damnabitur,
3326 5559 3420 5614 sed
3450 5559 3691 5614 omnino
3723 5559 3772 5615 si
3804 5576 3926 5617 eam
