4056 6374
189 327 320 380 I369

178 447 450 505 radicitus
479 461 663 501 eruas.
693 445 899 501 Anima
923 459 1177 516 namque
1206 444 1307 500 illa
1335 459 1510 517 quam
1535 445 1874 501 rationalem

176 536 366 591 inesse
395 533 703 590 arboribus
750 533 1131 602 arbitramini,
1173 534 1377 589 arbore
1426 533 1612 590 excisa
1648 534 1873 590 vinculo

177 625 437 692 solvitur,
466 640 564 679 vos
593 623 746 678 enim
773 623 880 678 hoc
909 621 1113 691 dicitis,
1167 626 1226 678 et
1271 638 1339 678 eo
1369 623 1606 695 quidem
1647 624 1874 678 vinculo

177 714 239 769 in
265 729 380 786 quo
406 728 616 785 magna
637 711 886 781 miseria,
918 712 1076 766 nulla
1105 710 1352 766 utilitate
1381 713 1701 768 tenebatur.
1734 715 1874 768 Nam

176 807 234 857 et
257 800 673 857 revolutionem
696 799 948 855 hominis
969 799 1030 854 in
1061 801 1341 867 arborem,
1389 805 1594 856 notum
1642 806 1728 857 est
1756 819 1870 866 vos,

174 889 231 943 id
279 893 365 944 est
405 893 696 944 auctorem
734 887 927 959 ipsum
974 891 1248 955 vestrum,
1307 904 1411 960 pro
1432 888 1652 960 ingenti
1682 906 1872 960 pugna,

175 992 293 1030 non
319 980 513 1030 tamen
541 992 647 1047 pro
671 991 915 1043 summa,
965 977 1146 1031 solere
1175 976 1464 1031 minitari:
1496 982 1553 1032 et
1602 993 1740 1032 num
1770 994 1876 1049 po-

172 1068 284 1120 test
312 1064 370 1119 in
403 1065 606 1119 arbore
639 1064 830 1119 anima
860 1064 1008 1130 ﬁeri,
1040 1068 1103 1119 ut
1131 1065 1192 1119 in
1220 1064 1476 1132 homine,
1518 1065 1875 1137 sapientior?

175 1155 303 1209 Non
333 1153 576 1208 necandi
604 1153 855 1208 hominis
884 1153 1100 1225 quippe
1152 1153 1466 1208 certissima
1493 1155 1639 1209 ratio
1670 1159 1772 1223 est,
1801 1170 1874 1209 ue

172 1246 275 1298 aut
303 1258 436 1297 eum
465 1257 631 1296 neces
667 1242 828 1313 cujus
885 1242 1168 1313 sapientia
1225 1247 1281 1297 et
1306 1243 1484 1298 virtus
1512 1242 1637 1297 aliis
1690 1243 1872 1315 pluri-

170 1347 337 1386 mum
366 1332 618 1403 prodest,
648 1335 747 1387 aut
776 1347 910 1386 eum
941 1331 1043 1402 qui
1085 1330 1231 1386 forte
1260 1334 1485 1403 poterat
1533 1332 1602 1386 ad
1645 1332 1872 1404 sapien-

170 1419 316 1475 tiam
345 1418 662 1492 pervenire,
703 1419 820 1474 sive
865 1419 1218 1474 extrinsecus
1265 1420 1334 1475 ab
1360 1419 1551 1492 aliquo
1608 1420 1871 1476 admoni-

169 1513 286 1578 tus,
320 1508 437 1563 sive
465 1507 838 1563 interioribus
865 1507 1307 1578 cogitationibus
1337 1508 1610 1564 divinitus
1629 1509 1874 1563 illustra-

98 1664 105 1671 _
170 1601 284 1652 ius.
351 1597 616 1652 Animam
672 1601 865 1652 autem
935 1596 1206 1665 hominis,
1281 1601 1495 1669 quanto
1563 1597 1875 1668 sapientior

171 1700 411 1757 corpore
469 1684 786 1752 excesserit,
842 1688 1001 1740 tanto
1056 1685 1257 1740 utilius
1325 1685 1593 1740 excedere
1665 1686 1874 1741 veritas

170 1774 362 1844 docet,
390 1778 447 1828 et
474 1773 697 1830 ratione
727 1772 1118 1840 subtilissima,
1154 1777 1210 1828 et
1237 1773 1574 1828 auctoritate
1604 1774 1872 1830 latissime

167 1867 500 1936 pervagata.
538 1862 923 1928 Quamobrem
953 1862 1054 1934 qui
1085 1862 1347 1917 arborem
1379 1861 1593 1933 dejicit,
1620 1863 1870 1919 animam

169 1953 315 2008 nihil
346 1953 410 2007 in
434 1952 713 2024 sapientia
741 1951 1137 2024 proﬁcientem
1171 1951 1369 2022 deiillo
1382 1967 1621 2022 corpore
1646 1952 1867 2007 liberat.

170 2045 373 2114 Itaque
402 2058 522 2110 vos,
553 2040 817 2096 homines
841 2040 1040 2111 sancti,
1070 2057 1184 2109 vos,
1220 2040 1480 2113 inquam,
1508 2040 1873 2112 potissimum

170 2130 436 2187 excidere
464 2130 696 2185 arbores
729 2129 1030 2198 deberetis,
1084 2134 1142 2185 et
1172 2145 1371 2185 earum
1408 2128 1627 2184 animas
1675 2130 1745 2185 ab
1773 2130 1873 2185 illo

169 2218 402 2274 vinculo
431 2222 626 2274 exutas
653 2217 1006 2273 orationibus
1035 2221 1091 2273 et
1120 2217 1355 2290 psalmis
1383 2219 1454 2273 ad
1486 2218 1720 2274 meliora
1747 2235 1871 2290 per-

173 2308 406 2362 ducere.
436 2308 524 2361 An
556 2307 626 2361 de
655 2307 746 2361 his
776 2306 982 2360 animis
1037 2306 1143 2361 hoc
1193 2306 1319 2361 ﬁeri
1347 2311 1533 2379 potest
1560 2323 1678 2361 non
1733 2324 1873 2380 quas

172 2401 369 2452 mente
401 2395 758 2467 adjuveritis,
791 2395 891 2450 sed
920 2412 1062 2467 quas
1090 2399 1286 2450 ventre
1315 2395 1640 2467 receperitis
1659 2397 1687 2451 ?

247 2487 336 2540 56.
370 2484 638 2550 Quamvis
666 2483 916 2554 idipsum
978 2483 1199 2539 animas
1247 2485 1539 2552 arborum,
1597 2484 1872 2557 quamdiu

171 2576 312 2628 sunt
345 2573 407 2627 in
437 2573 757 2643 arboribus,
789 2573 856 2627 ad
885 2572 1225 2644 sapientiam
1246 2589 1363 2628 non
1385 2573 1684 2645 proﬁcere,
1716 2589 1872 2628 sum-

177 2678 290 2716 ma».
321 2662 624 2734 angustias,
653 2665 933 2734 quantum
983 2661 1251 2732 arbitror,
1279 2678 1381 2716 vos
1408 2663 1760 2733 compellunt
1785 2663 1874 2718 fa-

171 2749 304 2818 teri,
335 2765 467 2804 cum
499 2765 532 2803 a
561 2749 724 2804 vobis
752 2750 1033 2821 quaeritur
1061 2765 1162 2804 cur
1190 2753 1248 2805 et
1275 2750 1574 2805 arboribus
1604 2767 1721 2806 non
1750 2752 1875 2806 mit-

169 2835 326 2894 tatur
353 2841 672 2911 praaceptor
699 2839 1002 2908 apostolus,
1036 2842 1135 2892 aut
1160 2854 1261 2893 cur
1288 2838 1385 2892 ille
1415 2838 1516 2910 qui
1544 2839 1872 2894 hominibus

173 2927 446 3000 mittitur,
479 2943 597 2982 non
617 2925 980 2982 etarboribus
1001 2927 1276 2998 praadicet
1304 2927 1622 2982 veritatem.
1657 2927 1755 2982 Hic
1777 2944 1870 2982 co-

175 3014 381 3086 gimini
409 3016 777 3088 respondere,
807 3015 936 3070 illas
961 3014 1187 3069 animas
1238 3014 1536 3086 percipere
1574 3015 1635 3069 in
1663 3016 1871 3071 talibus

170 3104 505 3176 corporibus
537 3108 826 3176 praecepta
855 3103 1048 3159 divina
1071 3119 1190 3158 non
1217 3119 1406 3174 posse.
1439 3103 1547 3159 Sed
1572 3104 1873 3159 vehemen-

169 3192 281 3247 tius
300 3193 370 3247 ad
403 3192 514 3248 alio
546 3193 722 3248 latere
751 3191 1042 3264 urgemini
1065 3211 1082 3260 ;
1105 3191 1572 3264 quandoquidem
1587 3192 1716 3247 illas
1741 3209 1874 3265 per-

169 3280 381 3336 hibetis
411 3284 467 3336 et
494 3281 693 3336 audire
721 3297 886 3336 voces
910 3283 1152 3348 nostras,
1190 3284 1247 3335 et
1297 3281 1468 3336 verba
1529 3279 1870 3353 intelligere,

169 3372 228 3424 ct
253 3385 494 3440 corpora
517 3373 818 3441 motusque
859 3385 1167 3441 corporum
1217 3369 1450 3440 intueri,
1497 3370 1871 3442 cogitationes

167 3458 418 3532 denique
444 3459 596 3531 ipsas
624 3459 967 3531 perspicere.
995 3459 1132 3524 Quae
1159 3458 1207 3513 si
1235 3474 1368 3514 vera
1399 3463 1552 3526 sunt,
1584 3475 1685 3514 cur
1729 3460 1872 3516 nihil

167 3550 407 3620 possunt
433 3565 464 3602 a
493 3547 634 3604 lucis
662 3548 922 3620 apostolo
954 3548 1170 3604 discere
1191 3550 1220 3602 ?
1249 3548 1336 3602 vel
1364 3563 1466 3602 cur
1485 3547 1657 3604 etiam
1687 3549 1870 3604 multo

167 3636 391 3692 facilius
421 3652 538 3692 non
564 3641 801 3708 possunt
830 3653 1004 3710 quam
1033 3654 1160 3703 nos,
1217 3651 1348 3692 cum
1380 3637 1658 3692 interiora
1694 3638 1870 3692 etiam

168 3725 376 3781 mentis
405 3725 725 3797 aspiciant?
755 3727 837 3781 Ita
867 3725 1022 3780 enim
1049 3725 1319 3797 magister
1341 3725 1458 3792 ille,
1516 3724 1617 3796 qui
1656 3741 1756 3780 vos
1781 3725 1867 3780 lo-

166 3814 398 3887 quendo
423 3813 515 3869 vix
546 3815 732 3884 docet,
762 3819 829 3869 ut
855 3814 1063 3884 dicitis,
1093 3814 1396 3885 cogitando
1418 3829 1513 3868 eas
1539 3816 1731 3885 posset
1743 3830 1864 3870 eruo

164 3903 312 3974 dire,
341 3919 470 3976 quae
497 3903 808 3959 sententias
836 3903 958 3975 ejus
1014 3907 1147 3958 ante
1205 3919 1532 3958 sermonem
1579 3903 1640 3958 in
1671 3903 1866 3959 animo

164 3995 483 4047 cernerent.
515 3991 573 4047 Si
596 4007 730 4046 vero
777 3992 903 4047 haec
954 3992 1093 4047 falsa
1121 3995 1276 4063 sunt,
1307 3991 1493 4048 videte
1538 3992 1771 4048 tandem
1805 3993 1866 4048 in

165 4095 284 4153 quo
305 4095 496 4135 errore
520 4080 781 4152 jaceatis.

237 4175 324 4226 5'7.
356 4173 481 4227 Jam
530 4173 683 4244 quod
711 4187 885 4243 poma
935 4170 1047 4243 ipsi
1077 4186 1193 4226 non
1243 4170 1566 4244 decerpitis,
1595 4172 1864 4228 herbam-

164 4276 279 4333 que
305 4276 424 4316 non
453 4261 678 4329 vellitis,
711 4261 808 4316 sed
835 4264 1030 4316 tamen
1059 4260 1130 4316 ab
1159 4260 1516 4316 auditoribus
1537 4261 1737 4316 vestris
1765 4262 1864 4317 de-

163 4349 322 4420 cerpi
360 4353 417 4405 et
444 4349 611 4405 evelli
660 4352 830 4422 atque
871 4347 1060 4404 afferri
1091 4348 1251 4404 vobis
1289 4349 1522 4420 jubetis,
1553 4365 1670 4404 non
1709 4353 1773 4405 ut
1795 4350 1865 4406 iis

164 4438 267 4511 qui
295 4438 540 4493 aﬁ‘erunt
566 4441 813 4506 tantum,
838 4438 936 4493 sed
973 4440 1038 4492 ut
1066 4436 1137 4492 iis
1162 4437 1335 4492 etiam
1364 4454 1492 4510 qum
1523 4438 1857 4507 afferuntur,

163 4527 433 4599 prodesse
462 4517 706 4599 possitis,
749 4525 877 4598 quis
927 4525 1074 4581 bene
1104 4526 1474 4582 considerans
1517 4528 1636 4582 ullo
1691 4529 1862 4585 modo

160 4614 779 4679 toleraverit?Primo,
835 4614 971 4686 quia
1014 4614 1158 4670 nihil
1196 4614 1437 4670 interest
1491 4620 1688 4671 utrum
1738 4616 1861 4689 ipse

159 4705 344 4760 scelus
372 4704 657 4768 admittas,
689 4719 763 4758 an
793 4706 1026 4774 propter
1065 4707 1121 4758 te
1169 4704 1240 4758 ab
1282 4703 1392 4758 alio
1423 4704 1647 4760 admitti
1699 4706 1858 4762 velis.

162 4794 323 4850 Nolle
347 4798 403 4848 te
429 4792 588 4848 dicis.
622 4792 918 4858 Quomodo
961 4808 1096 4864 ergo
1153 4792 1489 4848 subvenitur
1545 4793 1628 4848 illi
1658 4794 1864 4850 divinae

159 4881 332 4955 parti,
359 4898 490 4955 quas
517 4882 578 4936 in
602 4881 832 4938 lactucis
863 4884 921 4937 et
947 4881 1005 4936 in
1035 4881 1223 4953 porris
1247 4881 1417 4953 jacet,
1451 4881 1497 4936 si
1538 4897 1708 4937 nemo
1739 4884 1861 4938 haec

159 4971 387 5042 evellat,
416 4975 472 5026 et
499 4971 569 5026 ad
624 4975 846 5026 sanctos
885 4971 1188 5044 purganda
1231 4970 1449 5026 deferat
1473 4972 1502 5025 ?
1535 4971 1768 5041 Deinde,
1796 4976 1862 5028 tu

159 5061 286 5134 ipse
317 5059 602 5116 transiens
627 5075 731 5132 per
759 5075 891 5115 eum
923 5076 1146 5133 agrum,
1180 5061 1240 5116 in
1270 5076 1383 5132 quo
1411 5059 1517 5114 tibi
1539 5062 1670 5132 jure
1716 5061 1859 5116 ami-

157 5151 307 5206 citia:
353 5149 699 5222 decerpendi
757 5149 917 5220 quod
966 5150 1104 5206 libet
1153 5153 1406 5222 potestas
1453 5150 1643 5218 datur,
1678 5151 1725 5205 si
1754 5151 1861 5207 ﬁco

157 5239 370 5297 videris
398 5256 633 5296 corvum
661 5239 1083 5310 imminentem,
1135 5240 1274 5311 quid
1311 5239 1527 5294 facies?
1556 5241 1756 5296 Nonne
1795 5257 1861 5297 ex

158 5330 435 5403 opinione
467 5334 585 5394 tua,
628 5329 770 5386 ﬁcus
817 5329 942 5400 ipsa
993 5333 1184 5383 tecum
1240 5329 1402 5402 loqui
1459 5334 1518 5384 et
1569 5329 1861 5401 deprecari

157 5419 564 5476 miserabiliter
587 5419 835 5490 videtur,
862 5422 928 5473 ut
951 5432 1078 5472 eam
1099 5417 1219 5488 ipse
1243 5419 1532 5490 decerpas,
1563 5423 1620 5472 et
1663 5424 1858 5474 sancto

156 5514 354 5566 ventre
406 5508 821 5581 puriﬁcandam
852 5506 1412 5579 resuscitandamque
1465 5507 1704 5579 sepelias
1753 5523 1857 5579 po-

155 5598 301 5665 tius,
351 5614 525 5670 quam
581 5613 781 5654 corvus
831 5597 926 5654 ille
975 5597 1302 5653 devoratam
1354 5596 1579 5653 funesto
1632 5597 1858 5670 corpori

1608 321 1822 380 LIBER
1860 321 2246 381 SECUNDUS.

3555 328 3688 382 i370

1993 445 2245 515 misceat,
2275 451 2446 518 atque
2479 446 2538 500 in
2598 447 2738 501 alias
2787 446 2998 502 formas
3037 444 3366 517 illigandam
3427 449 3684 505 crucians

1991 537 2238 607 damque
2265 535 2654 591 transmittat?
2674 534 2822 601 Quid
2848 539 2903 590 te
2926 535 3234 603 crudelius,
3268 537 3315 590 si
3335 553 3535 592 verum
3561 538 3683 593 est?

1989 624 2127 696 quid
2158 623 2428 696 ineptius,
2460 623 2508 678 si
2533 624 2736 678 falsum
2768 627 2850 678 est
2871 625 2900 678 ?
2930 623 3065 696 quid
3107 624 3290 695 magis
3332 625 3679 680 contrarium

1986 711 2301 782 disciplina
2329 714 2552 780 vestras,
2604 711 2651 766 si
2679 711 3038 783 signaculum
3091 709 3374 766 solveris?
3421 711 3570 777 Quid
3623 715 3679 767 te

1985 798 2276 854 inimicius
2306 799 2406 854 Dei
2434 800 2714 866 membro,
2747 799 2794 853 si
2823 799 3167 855 custodieris
3187 803 3215 855 ?

2056 889 2143 941 58.
2183 886 2293 942 Sed
2314 885 2420 940 hoc
2446 902 2513 940 ex
2537 890 2726 941 vestra
2773 887 3044 957 opinione
3073 888 3216 942 falsa
3239 891 3296 943 et
3324 889 3634 960 nugatoria
3665 906 3678 944 :

1987 991 2120 1030 nam
2148 979 2301 1030 certa
2331 981 2388 1029 et
2423 974 2724 1029 manifesta
2763 976 3064 1030 crudelitas
3095 975 3157 1030 in
3185 977 3345 1031 vobis
3399 993 3519 1031 esse
3549 993 3683 1032 con-

1985 1062 2251 1130 vincitur,
2286 1078 2351 1118 ex
2375 1064 2574 1119 eodem
2606 1063 2731 1134 ipso
2761 1079 2951 1118 errore
2977 1080 3242 1120 manans.
3277 1065 3336 1121 Si
3363 1065 3491 1137 quis
3529 1066 3685 1121 enim

1982 1168 2087 1223 per
2116 1152 2380 1206 morbum
2406 1167 2645 1222 corpore
2677 1150 2973 1218 dissoluto,
3006 1151 3184 1205 fessus
3212 1153 3282 1207 ab
3335 1153 3568 1222 itinere,
3621 1170 3686 1208 ac

1982 1245 2142 1312 peste
2175 1240 2529 1295 semianimis
2560 1241 2621 1294 in
2666 1239 2758 1295 via
2781 1240 2987 1309 jaceat,
3018 1239 3164 1294 nihil
3191 1242 3384 1297 valens
3437 1243 3686 1314 amplius

1985 1346 2160 1401 quam
2189 1333 2498 1401 utcumque
2530 1329 2702 1384 verba
2726 1328 3002 1401 proferre,
3036 1329 3129 1383 cui
3167 1329 3349 1400 prosit
3398 1331 3471 1386 ad
3513 1331 3682 1386 strin-

1985 1419 2238 1490 gendum
2267 1434 2470 1490 corpus
2482 1417 2674 1490 pirum
2694 1417 2838 1486 dari,
2866 1421 3035 1489 teque
3058 1422 3453 1474 transeuntem
3479 1425 3542 1474 ut
3557 1421 3686 1475 sub-

1983 1506 2178 1561 venias
2207 1511 2351 1576 oret,
2383 1511 2553 1579 atque
2585 1506 2841 1561 obsecret
2884 1511 2950 1561 ut
2993 1507 3062 1562 de
3093 1507 3295 1562 arbore
3345 1507 3627 1579 proxima,
3653 1526 3687 1562 a

1985 1611 2100 1666 qua
2135 1595 2295 1650 nullo
2319 1595 2592 1664 humano,
2617 1595 2774 1650 nullo
2802 1595 3052 1667 denique
3083 1611 3217 1650 vero
3251 1595 3382 1666 jure
3411 1596 3684 1668 prohibe-

1983 1683 2083 1751 ris,
2114 1699 2356 1754 pomum
2382 1683 2583 1738 afferas
2612 1683 2855 1750 homini,
2883 1687 3010 1754 post
3037 1684 3341 1755 paululum
3392 1683 3507 1738 nisi
3532 1684 3683 1740 fece-

1963 1772 2061 1858 .ris
2091 1772 2408 1839 morituro;
2442 1776 2501 1827 tu
2531 1771 2618 1825 vir
2644 1771 2985 1826 christianus
3031 1775 3087 1827 et
3134 1775 3363 1826 sanctus
3418 1773 3686 1828 transibis

1984 1862 2195 1934 potius,
2226 1865 2283 1917 et
2313 1861 2606 1916 hominem
2634 1859 2714 1914 sic
2735 1860 3002 1915 affectum
3041 1863 3491 1932 precantemque
3522 1862 3681 1917 dese-

1983 1965 2095 2020 res,
2125 1966 2197 2004 ne
2225 1950 2396 2005 arbor
2425 1950 2612 2020 ploret
2637 1949 2774 2004 dum
2798 1949 3015 2004 fructus
3039 1949 3312 2017 demitur,
3330 1953 3386 2004 et
3411 1953 3474 2004 tu
3491 1949 3682 2021 signa-

1984 2039 2097 2094 culi
2148 2038 2454 2094 dissolutor
2507 2038 2578 2092 ad
2628 2053 2825 2110 poenas
2890 2038 3226 2094 manichaeis
3288 2038 3607 2094 destineris.
3663 2037 3682 2072 ί

1984 2128 2027 2183 Ο
2059 2143 2244 2183 mores
2273 2131 2330 2182 et
2353 2127 2741 2183 innocentiam
2770 2127 3121 2199 singularem
3145 2132 3157 2183 ι

2056 2219 2143 2272 59.
2166 2216 2273 2272 Sed
2297 2217 2418 2288 jam
2451 2217 2519 2271 de
2541 2232 2678 2270 nece
2693 2216 3030 2272 animalium
3058 2216 3347 2290 requiram
3379 2217 3533 2288 quod
3558 2233 3682 2272 mo-

1982 2307 2096 2371 vet,
2128 2308 2185 2360 et
2210 2305 2390 2358 multa
2413 2303 2643 2375 quidem
2674 2303 3011 2375 hujusmodi
3043 2303 3216 2359 etiam
3252 2305 3314 2358 in
3342 2305 3448 2359 hoc
3468 2321 3682 2376 genere

1984 2393 2094 2448 dici
2119 2396 2376 2464 possunt.
2413 2394 2555 2448 Nam
2585 2393 2725 2465 quid
2755 2393 2937 2448 oberit
2958 2393 3165 2448 animae
3185 2393 3324 2464 lupi,
3360 2394 3459 2464 qui
3479 2395 3681 2466 lupum

1983 2481 2373 2538 interfecerit:
2403 2498 2534 2537 cum
2564 2487 2622 2537 et
2649 2483 2818 2553 lupus
2849 2483 2966 2566 ille,
2998 2482 3276 2554 quamdiu
3303 2482 3460 2550 vivit,
3513 2484 3684 2554 lupus

1984 2571 2210 2626 futurus
2241 2571 2332 2639 sit,
2363 2587 2469 2626 nec
2507 2571 2612 2626 ulli
2643 2571 3004 2642 obtemperet
3058 2571 3439 2643 praedicatori,
3496 2577 3559 2626 ut
3586 2572 3684 2627 ali-

1985 2663 2268 2731 quantum
2297 2660 2367 2714 ab
2388 2659 2581 2714 ovium
2613 2660 2896 2730 sanguine
2919 2665 3200 2732 temperet
3224 2679 3239 2730 ;
3273 2665 3328 2715 et
3347 2677 3410 2716 ex
3443 2660 3542 2716 illo
3559 2661 3683 2716 vin-

1982 2749 2110 2802 culo
2131 2748 2407 2818 corporis,
2442 2748 2635 2803 anima
2664 2749 2977 2803 secundum
3011 2766 3110 2804 vos
3141 2749 3458 2819 rationalis,
3498 2751 3682 2804 inter-

1982 2836 2128 2890 fecta
2140 2836 2332 2891 bellua
2359 2836 2632 2891 liberetur
2642 2835 2670 2889 ?
2701 2839 2766 2892 Et
2777 2837 2847 2891 ab
2865 2837 2970 2892 hac
2982 2837 3212 2910 quidem
3226 2838 3378 2892 caede
3393 2838 3684 2893 auditores

1983 2927 2155 2980 etiam
2176 2929 2396 2980 vestros
2425 2925 2740 2996 prohibetis
2769 2943 2782 2981 :
2832 2926 3016 2996 major
3070 2926 3223 2981 enim
3253 2926 3478 2981 videtur
3507 2943 3680 2997 quam

1982 3016 2042 3085 in
2072 3015 2393 3072 arboribus.
2428 3017 2528 3071 Hic
2555 3021 2768 3072 vestros
2797 3033 3016 3085 sensus,
3061 3033 3366 3088 corporeos
3398 3017 3680 3082 videlicet,

1983 3122 2099 3160 non
2128 3105 2374 3160 multum
2404 3104 2690 3176 improbo.
2725 3105 2991 3161 Videmus
3020 3106 3175 3161 enim
3206 3110 3262 3160 et
3288 3106 3520 3161 vocibus
3551 3122 3680 3161 sen-

1982 3195 2176 3262 timus,
2210 3210 2341 3249 cum
2354 3194 2547 3249 dolore
2561 3193 2707 3249 mori
2729 3194 3062 3263 animantia,
3088 3195 3241 3266 quod
3260 3195 3492 3266 quidem
3506 3195 3679 3250 homo

1983 3283 2296 3338 contemnit
2325 3283 2385 3337 in
2414 3282 2615 3351 bestia,
2645 3299 2776 3338 cum
2804 3300 2919 3355 qua
2950 3283 3162 3338 scilicet
3189 3284 3525 3339 rationalem
3557 3284 3680 3339 ani-

1983 3387 2138 3426 mam
2170 3387 2291 3427 non
2328 3371 2596 3438 habente,
2640 3372 2800 3426 nulla
2851 3372 2994 3443 legis
3037 3371 3304 3428 societate
3357 3373 3680 3443 copulatur.

1983 3463 2090 3518 Sed
2125 3463 2353 3517 eosdem
2403 3467 2622 3517 vestros
2673 3477 2872 3517 sensus
2927 3462 2988 3517 in
3037 3463 3330 3518 intuendis
3378 3463 3677 3519 arboribus

1983 3566 2202 3621 quaero,
2234 3555 2291 3607 et
2317 3567 2414 3606 vos
2441 3566 2619 3605 caecos
2649 3567 2884 3621 prorsus
2930 3551 3180 3607 invenio.
3217 3552 3286 3606 Ut
3315 3551 3467 3606 enim
3514 3551 3680 3606 omit-

1980 3641 2098 3693 tam
2127 3638 2283 3710 quod
2311 3638 2485 3692 nullis
2513 3637 2764 3693 motibus
2786 3639 2847 3692 in
2865 3638 3022 3710 ligno
3045 3654 3244 3694 sensus
3265 3639 3478 3693 doloris
3503 3655 3679 3710 appa-

1978 3730 2087 3793 ret,
2130 3726 2267 3797 quid
2323 3725 2682 3781 manifestius
2715 3742 2887 3798 quam
2942 3730 3080 3782 tunc
3131 3743 3190 3780 se
3228 3725 3442 3797 optime
3468 3727 3679 3781 habere

1978 3814 2241 3870 arborem
2270 3830 2401 3869 cum
2433 3813 2606 3886 viget,
2638 3830 2767 3869 cum
2798 3814 3048 3882 frondet,
3097 3830 3227 3869 cum
3257 3813 3496 3868 ﬂoribus
3522 3815 3672 3882 laeta,

1974 3903 2254 3960 fructibus
2269 3903 2544 3976 opulenta
2563 3906 2683 3960 est?
2701 3906 2772 3959 At
2791 3904 2900 3958 hoc
2920 3903 2974 3959 ei
2992 3905 3332 3975 plerumque
3342 3919 3406 3958 ac
3428 3903 3676 3958 maxime

1974 3993 2269 4065 putatione
2289 3996 2610 4064 praestatur.
2659 3993 2824 4059 Quod
2853 3992 2900 4048 si
2941 3993 3157 4048 ferrum
3197 3991 3276 4047 sic
3320 3992 3573 4061 sentiret,
3616 3997 3680 4048 ut

1974 4083 2164 4151 vultis,
2189 4083 2613 4139 contabesceret
2640 4083 2830 4154 potius
2858 4085 2942 4138 tot
2983 4080 3269 4153 tantisque
3319 4080 3517 4136 affecta
3565 4083 3679 4138 vul-
3747 4082 3756 4090 ’

1967 4171 2226 4242 naribus,
2255 4187 2433 4244 quam
2453 4186 2524 4227 ex
2542 4171 2656 4226 illis
2671 4170 3138 4242 pullulanslocis,
3163 4175 3282 4226 tam
3311 4177 3464 4227 certa
3487 4171 3667 4226 exsul-

1974 4260 2192 4316 tatione
2223 4275 2284 4314 re
2293 4259 2610 4315 viresceret.

2046 4353 2134 4407 60.
2157 4352 2563 4406 Verumtamen
2604 4366 2706 4406 cur
2737 4350 2922 4422 majus
2970 4349 3128 4405 nefas
3163 4349 3377 4421 putatis
3407 4347 3678 4404 animalia

1973 4456 2146 4512 quam
2178 4440 2385 4512 stirpes
2403 4440 2643 4508 caedere,
2661 4455 2792 4495 cum
2810 4440 2924 4495 illm
2943 4439 3106 4494 vobis
3115 4439 3408 4511 puriorem
3423 4437 3676 4493 animam

1974 4546 2150 4602 quam
2174 4545 2372 4585 carnes
2400 4529 2612 4585 habere
2642 4529 2988 4584 videantur?
3026 4528 3130 4592 Fit,
3160 4528 3371 4600 inquit,
3403 4543 3675 4598 compen-

1972 4619 2118 4674 satio
2145 4619 2430 4691 quaedam,
2465 4635 2595 4673 cum
2621 4634 2845 4685 eorum,
2874 4633 3004 4689 qua:
3034 4617 3104 4672 de
3133 4617 3286 4687 agris
3310 4615 3671 4684 auferuntur,

1969 4722 2103 4777 pars
2143 4705 2338 4777 aliqua
2391 4706 2560 4760 datur
2599 4704 2790 4760 electis
2836 4703 3161 4775 sanctisque
3200 4703 3519 4774 purganda.
3551 4704 3674 4758 Jam

1971 4795 2234 4866 superius
2263 4793 2372 4849 ista
2403 4795 2671 4849 frustrata
2716 4796 2868 4857 sunt,
2926 4791 3176 4864 satisque
3219 4793 3674 4848 demonstratum

1972 4889 2075 4952 est,
2109 4887 2388 4955 quantum
2419 4883 2700 4952 existimo,
2732 4882 2891 4937 nulla
2920 4882 3138 4937 ratione
3172 4881 3281 4938 dici
3308 4883 3439 4954 plus
3468 4897 3588 4936 esse
3613 4881 3673 4936 in

1971 4973 2232 5044 frugibus
2276 4973 2457 5044 partis
2501 4972 2655 5026 illius
2680 4971 2846 5027 bona:
2876 4987 3050 5044 quam
3079 4971 3140 5026 in
3169 4971 3454 5027 carnibus.
3488 4970 3595 5025 Sed
3626 4970 3673 5024 si

1970 5061 2284 5116 vendendis
2322 5061 2588 5116 carnibus
2617 5060 2831 5116 victum
2885 5060 3129 5133 quisque
3159 5063 3459 5128 sustentet,
3494 5063 3669 5130 atque

1972 5166 2143 5206 omne
2171 5151 2298 5206 talis
2330 5150 2543 5222 negotii
2571 5151 2792 5205 lucrum
2822 5149 2882 5205 in
2912 5150 3169 5206 emendis
3215 5149 3524 5204 electorum
3577 5163 3669 5201 ve-

1971 5243 2220 5295 strorum
2250 5239 2390 5296 cibis
2420 5245 2737 5311 consumat,
2767 5240 3072 5312 pluresque
3095 5237 3218 5293 istis
3234 5237 3435 5292 afferat
3464 5235 3672 5291 sanctis

1971 5345 2124 5384 escas
2153 5345 2327 5402 quam
2381 5328 2629 5402 agricola
2657 5334 2716 5386 et
2746 5329 3022 5395 rusticus;
3061 5343 3252 5382 nonne
3281 5325 3480 5380 eadem
3510 5341 3667 5381 com—

2040 5483 2054 5518 ι
2082 5483 2204 5532 Lov.
2215 5481 2302 5543 ,ad
2309 5493 2492 5547 prauus
2503 5481 2802 5532 Manichaeis
2821 5480 3121 5547 destinet-is.
3145 5479 3266 5527 Mss.
3276 5476 3636 5547 ,mqnicha‘gqs
3657 5495 3668 5538 ;

1969 5543 2022 5594 id
2054 5548 2148 5609 est,
2173 5543 2669 5609 quas'minitabatur
2699 5544 3018 5609 Manichacus
3047 5556 3058 5590 :
3085 5555 3265 5608 supra,
3290 5554 3341 5592 n.
3369 5543 3447 5591 55.
3479 5543 3667 5592 -Μαν

1969 5606 2206 5669 nicha’is,
2227 5607 2378 5671 juxta
2402 5609 2486 5659 Er.
2517 5612 2570 5658 et
2592 5608 2721 5658 Ven.
2753 5607 2819 5656 Μ.
