4056 6370
400 318 529 372 1371

396 434 737 507 pensatione
765 433 876 489 sibi
904 432 1221 488 animantia
1251 431 1419 487 licere
1442 431 1724 503 perimere
1755 430 2096 488 clamitabit?

395 525 510 591 Est,
541 522 751 596 inquit,
774 523 885 578 alia
913 521 1178 594 quaedam
1198 520 1572 577 secretissima
1594 522 1759 577 ratio.
1785 523 1908 577 Non
1937 520 2090 576 enim

391 613 552 667 deest
601 609 825 666 homini
878 609 1082 665 callido
1138 608 1406 663 adversus
1456 608 1715 663 indoctos
1759 608 1820 663 in
1867 612 2088 663 natura:

399 699 741 754 obscuritate
767 697 1113 769 perfugium.
1139 696 1405 752 Coelestes
1433 695 1608 761 enim,
1643 696 1739 763 ait,
1779 695 2088 767 principes,

397 788 497 860 qui
526 788 595 843 de
621 791 787 858 gente
814 785 1177 841 tenebrarum
1202 785 1353 857 capti
1396 789 1565 857 atque
1594 784 1786 852 vincti,
1819 802 1852 839 a
1881 784 2091 841 Condi-

400 881 524 931 tore
552 875 754 930 mundi
785 874 846 929 in
886 874 997 929 illis
1045 874 1289 929 ordinati
1344 878 1476 929 sunt
1515 873 1671 941 locis,
1719 890 1821 928 sua
1850 873 2090 944 quisque

402 964 657 1035 possidet
683 963 741 1017 in
770 967 923 1017 terra
945 962 1237 1029 animalia,
1269 961 1339 1016 de
1390 977 1492 1016 suo
1521 961 1730 1016 scilicet
1776 977 1985 1032 genere
2025 977 2089 1015 ac

402 1052 578 1124 stirpe
606 1050 925 1106 venientia:
950 1051 1049 1122 qui
1079 1054 1469 1121 peremptores
1497 1066 1693 1105 eorum
1718 1065 1844 1104 reos
1870 1053 2089 1115 tenent,

395 1157 497 1195 nec
524 1141 595 1196 de
626 1140 731 1194 hoc
760 1140 977 1194 mundo
1007 1138 1159 1193 exire
1211 1138 1565 1209 permittunt,
1617 1138 1915 1209 poenisque
1961 1137 2089 1192 illos

399 1229 608 1301 quibus
640 1232 899 1298 possunt,
933 1232 990 1283 et
1018 1227 1359 1282 cruciatibus
1385 1232 1654 1282 atterunt.
1687 1227 1825 1292 Quis
1851 1227 2086 1297 imperi-

392 1323 585 1373 torum
614 1319 737 1374 haec
757 1332 875 1372 non
904 1316 1188 1384 formidet,
1222 1319 1277 1370 et
1297 1315 1397 1387 qui
1441 1316 1500 1369 in
1540 1319 1699 1370 tanta
1748 1316 2087 1371 obscuritate

391 1407 537 1462 nihil
565 1407 737 1469 videt,
768 1407 874 1461 hoc
899 1405 979 1460 ita
1009 1410 1071 1460 ut
1095 1405 1303 1461 dicitur
1317 1420 1437 1460 esse
1457 1420 1574 1459 non
1602 1404 1912 1460 arbitretur
1930 1404 1958 1458 ?
1978 1403 2087 1459 Sed

392 1511 497 1567 ego
525 1494 856 1549 institutum
885 1510 1001 1548 non
1030 1493 1355 1565 relinquam
1402 1509 1619 1561 meum,
1661 1492 1753 1547 cui
1780 1494 1929 1547 Deus
1958 1493 2081 1547 ade-

390 1581 486 1650 rit,
517 1584 583 1637 ut
609 1582 965 1654 apertissima
1008 1582 1242 1638 veritate
1291 1581 1531 1637 obscura
1573 1580 1871 1637 mendacia
1912 1580 2084 1636 refel-

389 1671 601 1726 lantur.

459 1761 515 1814 6t
533 1799 548 1815 .
581 1760 786 1825 Quaero
826 1758 1003 1825 enim,
1032 1758 1078 1812 si
1109 1758 1381 1813 animalia
1401 1773 1531 1829 quae
1560 1758 1622 1813 in
1651 1757 1819 1812 terris
1844 1760 1979 1812 sunt
2029 1761 2109 1835 et_

393 1848 453 1903 in
485 1848 665 1921 aquis,
701 1848 770 1903 de
797 1847 894 1902 illo
923 1862 1132 1919 genere
1162 1846 1485 1917 principum
1536 1862 1641 1918 per
1669 1845 2086 1900 successionem

388 1937 571 2019 prolis
598 1940 654 1992 et
673 1936 1063 2008 operationem
1090 1935 1425 1990 concubitus
1440 1935 1693 1999 veniunt,
1724 1950 1855 1989 cum
1875 1934 2085 1989 adillos

393 2026 679 2081 abortivos
708 2026 855 2081 fetus
910 2028 1209 2080 revocatur
1253 2024 1414 2096 origo
1444 2023 1838 2090 nascentium;
1866 2039 2083 2094 quaero,

390 2114 648 2186 inquam,
680 2114 727 2169 si
752 2114 831 2169 ita
856 2117 963 2183 est,
991 2117 1188 2168 utrum
1199 2129 1354 2184 apes,
1390 2116 1447 2167 et
1472 2128 1665 2179 ranas,
1689 2115 1746 2167 et
1757 2111 1868 2166 alia
1880 2113 2082 2179 multa,

385 2220 515 2275 quae
527 2202 967 2274 sineiconcubitu
998 2202 1336 2274 gignuntur,
1368 2217 1485 2255 non
1506 2200 1580 2256 sit
1608 2200 1768 2256 nefas
1797 2200 2084 2256 occidere?

392 2289 557 2345 Nefas
588 2306 708 2345 esse
734 2290 938 2346 dicitis.
963 2290 1088 2345 Non
1101 2305 1238 2361 ergo
1257 2293 1492 2361 propter
1510 2290 1908 2362 cognationem
1923 2289 2083 2361 prin-

391 2378 584 2449 cipum
607 2379 799 2435 nescio
832 2394 1102 2451 quorum,
1126 2379 1196 2433 ab
1225 2378 1605 2433 animantium
1634 2394 1775 2434 nece
1793 2378 2084 2433 auditores

391 2471 608 2521 vestros
646 2466 980 2538 prohibetis.
1037 2468 1150 2522 Aut
1201 2465 1249 2520 si
1303 2467 1630 2537 generalem
1685 2466 2085 2537 cognationem

394 2555 655 2610 omnium
685 2570 808 2610 esse
836 2570 1142 2626 corporum
1194 2554 1400 2623 dicitis,
1460 2554 1692 2609 arbores
1746 2570 1977 2626 quoque
2013 2555 2085 2609 ad

391 2644 651 2700 eamdem
676 2643 1005 2715 principum
1034 2643 1406 2699 offensionem
1429 2643 1813 2715 proculdubio
1831 2643 2082 2714 pertine-

390 2733 556 2802 bunt,
585 2732 792 2803 quibus
821 2747 1054 2803 parcere
1076 2748 1189 2787 non
1209 2736 1293 2787 est
1318 2732 1654 2787 mandatum
1683 2730 2081 2787 auditoribus‘.

385 2820 624 2876 Reditur
649 2837 785 2892 ergo
816 2821 884 2875 ad
909 2821 1048 2877 illud
1078 2821 1415 2891 invalidum,
1461 2837 1529 2875 ea
1570 2837 1700 2893 qua:
1730 2820 1789 2875 in
1809 2820 2083 2892 stirpibus

394 2909 687 2965 auditores
715 2910 952 2978 laedunt,
985 2909 1198 2983 expiari
1225 2926 1330 2982 per
1358 2911 1575 2966 fructus
1627 2926 1772 2982 quos
1800 2910 1873 2965 ad
1903 2909 2084 2963 eccle-

390 2998 532 3052 siam
556 3002 812 3053 .vestram
834 2999 1045 3054 ferunt.
1079 2998 1303 3054 Dictum
1337 3001 1422 3053 est
1449 2998 1606 3053 enim
1633 2998 1745 3053 hoc
1764 2998 1956 3065 modo,
1986 3014 2083 3053 eos

393 3087 495 3158 qui
521 3086 583 3141 in
612 3088 849 3143 macello
874 3088 1093 3143 laniant
1119 3087 1392 3143 animalia
1413 3103 1727 3159 carnesque
1762 3087 2080 3156 venditant,

393 3176 441 3229 si
468 3175 637 3230 vestri
666 3176 951 3230 auditores
980 3176 1113 3245 sint,
1156 3191 1371 3247 suaque
1399 3176 1556 3230 lucra
1583 3174 1927 3247 comparatis
1963 3175 2080 3230 fru—

382 3262 551 3335 gibus
574 3263 736 3318 vobis
760 3264 1076 3333 conferant,
1106 3264 1318 3319 caedem
1343 3263 1501 3318 illam
1531 3263 1923 3335 quotidianam
1974 3263 2081 3318 sibi

382 3350 557 3406 licere
587 3356 995 3419 comtemnere,
1054 3356 1111 3407 et
1165 3351 1446 3423 quidquid
1495 3351 1556 3406 in
1618 3368 1683 3406 ea
1707 3351 1922 3422 peccati
1974 3355 2075 3416 est,

387 3438 587 3494 vestris
615 3440 799 3511 epulis
828 3439 1062 3495 aboleri.

458 3532 545 3584 62.
577 3528 738 3593 Quod
762 3526 811 3582 si
834 3527 1053 3596 dicatis,
1087 3526 1576 3599 quemadmodum
1608 3526 1678 3583 de
1705 3525 1893 3599 pomis
1921 3531 1977 3582 et
2012 3527 2081 3583 de

388 3617 655 3686 oleribus,
688 3618 1101 3673 conferendum
1130 3616 1495 3673 fuisseutilla
1507 3616 1827 3672 interfectio
1854 3616 2080 3672 veniam

386 3712 740 3774 mereretur;
775 3706 927 3778 quod
958 3706 1095 3779 quia
1123 3705 1250 3761 ﬁeri
1295 3721 1413 3760 non
1466 3709 1655 3776 potest
1685 3706 1869 3778 (electi
1924 3706 2079 3762 enim

390 3811 508 3851 non
535 3795 713 3849 edunt
743 3794 1029 3867 carnem),
1060 3794 1500 3866 temperandum
1526 3810 1646 3850 esse
1669 3793 2020 3850 auditoribus
2047 3813 2081 3850 a

387 3897 525 3937 nece
550 3882 885 3937 animalium
918 3898 932 3937 :
965 3882 1103 3954 quid
1159 3882 1577 3953 respondebitis
1606 3884 1675 3938 de
1723 3882 1901 3956 spinis
1955 3884 2080 3939 her-

386 3969 589 4042 bisque
619 3970 936 4038 inutilibus,
963 3986 1107 4042 quas
1148 3972 1438 4027 evellendo
1468 3971 1529 4026 in
1560 3972 1709 4044 agris
1763 3973 2079 4044 purgandis

387 4059 651 4131 agricolae
680 4063 904 4126 necant,
934 4075 1039 4114 nec
1066 4075 1136 4115 ex
1164 4059 1254 4114 bis
1304 4059 1465 4115 vobis
1504 4064 1741 4131 possunt
1768 4061 1922 4117 cibos
1973 4063 2077 4116 ali-

380 4164 523 4220 quos
560 4148 828 4203 exhibere
846 4149 874 4202 ?
906 4148 1201 4213 Quomodo
1225 4148 1298 4203 ad
1326 4148 1552 4203 veniam
1580 4148 1896 4219 pertinebit
1922 4154 2082 4205 tanta

385 4236 648 4302 vastatio,
680 4236 831 4290 unde
878 4236 1040 4290 nulla
1085 4240 1170 4289 est
1217 4251 1344 4290 esca
1386 4236 1759 4291 sanctorum?
1799 4238 1886 4291 An
1933 4236 2078 4293 forte

389 4323 665 4395 quidquid
703 4325 997 4394 peccatum
1025 4322 1199 4376 fuerit
1210 4327 1275 4376 ut
1295 4322 1488 4392 fruges
1509 4324 2077 4394 etpomaproﬁciant,

389 4415 448 4467 et
476 4412 545 4467 de
572 4410 711 4481 ipsis
740 4409 1003 4481 frugibus
1033 4414 1091 4465 et
1118 4410 1305 4481 pomis
1333 4410 1550 4483 aliquid
1584 4412 1937 4468 eomedendo
1965 4413 2079 4468 dis-

387 4498 649 4555 solvitis?
678 4499 823 4564 Quid
847 4498 898 4553 si
928 4514 1066 4569 ergo
1088 4514 1254 4570 agros
1284 4499 1516 4555 locusta;
1547 4505 1648 4555 aut
1684 4515 1876 4556 mures
1906 4506 1963 4558 et
1989 4519 2079 4558 so-

390 4589 535 4645 rices
563 4592 807 4658 vastant,
839 4588 995 4661 quod
1040 4604 1193 4661 saepe
1251 4588 1504 4645 accidere
1550 4590 1919 4646 manifestum
1948 4594 2082 4648 est?

382 4679 623 4750 impune
649 4679 720 4733 ab
750 4678 1001 4750 agricola
1028 4682 1212 4733 vestro
1234 4678 1490 4733 auditore
1514 4679 1888 4749 necabuntur,
1945 4680 2082 4752 quia

386 4768 514 4823 ideo
543 4770 739 4839 peccat
768 4772 833 4821 ut
882 4768 1097 4822 fructus
1128 4766 1476 4838 proﬁciant?
1505 4769 1603 4823 Hic
1649 4773 1797 4824 certe
1833 4774 2079 4824 coarcta-

385 4855 551 4911 mini.
582 4858 696 4910 Aut
725 4855 877 4910 enim
904 4855 1213 4911 conceditis
1242 4856 1599 4913 auditoribus
1627 4857 2079 4915 interfectionem

386 4945 743 5011 animalium,
775 4959 949 5014 quam
977 4948 1165 4999 vester
1189 4950 1383 5001 auctor
1410 4946 1718 5001 concedere
1743 4948 1948 5015 noluit,
1983 4953 2084 5004 aut

381 5050 477 5089 eos
506 5033 576 5088 ab
607 5032 955 5104 agricultura
986 5032 1159 5087 etiam
1184 5034 1579 5104 prohibebitis,
1631 5052 1804 5106 quam
1826 5036 1919 5091 ille
1951 5053 2084 5092 con-

378 5122 569 5178 cessit.
594 5123 931 5192 Quanquam
960 5137 1112 5192 saepe
1142 5121 1314 5177 etiam
1345 5123 1532 5179 dicere
1578 5124 1833 5180 audeatis
1858 5125 2080 5181 fenera-

376 5215 557 5266 torem
580 5209 1030 5265 innocentiorem
1051 5226 1172 5264 esse
1200 5227 1371 5282 quam
1395 5212 1704 5280 rusticum;
1729 5230 1908 5285 usque
1938 5214 2081 5270 adeo

381 5299 709 5355 melonibus
728 5315 905 5371 quam
927 5298 1260 5355 hominibus
1280 5300 1414 5356 estis
1436 5302 1754 5357 amiciores.
1770 5302 1827 5358 Si
1850 5303 2082 5374 quidem

453 5444 465 5477 ι
494 5443 640 5501 Lov.,
661 5441 984 5493 auctoribus.
1011 5442 1113 5491 Alii
1138 5441 1286 5503 Cdd.,
1307 5442 1660 5494 auditoribus.
1690 5443 1863 5493 Lectio
1896 5444 2085 5502 verior,

378 5503 685 5570 tametsi‘ad
715 5505 839 5570 Lo_v.
882 5505 1259 5570 inruat-ginem
1314 5505 1521 5570 rejecta.
1564 5506 1637 5556 De
1677 5505 2087 5557 Manichaeorum

383 5565 719 5617 auditoribus
747 5566 901 5629 plura
935 5566 1020 5616 hic
1047 5565 1267 5630 passim.

1352 316 1445 371 DE
1483 314 1795 371 MORIBUS
1832 312 2405 379 MANICH/EORUM,
2446 311 2503 367 S.
2544 308 2927 367 AUGUSTINI

3768 313 3897 367 1372

2198 430 2283 485 illi
2313 444 2386 484 ne
2438 428 2742 495 laedantur,
2800 426 3006 482 melius
3035 426 3302 499 judicatis
3352 426 3648 483 hominem
3699 426 3897 481 fenore

2200 517 2501 574 trucidari.
2523 516 2780 572 Haeccine
2799 519 2885 571 est
2910 517 3253 588 appetenda,
3275 522 3332 572 et
3355 516 3722 588 praedicanda
3735 514 3899 585 justi-

2199 607 2297 674 tia,
2329 624 2402 662 an
2430 607 2624 677 potius
2648 605 2987 661 exsecranda
3018 611 3073 660 et
3101 605 3424 660 damnanda
3438 603 3707 660 fallacia?
3742 603 3896 656 Haec-

2199 695 2325 750 cine
2381 700 2466 750 est
2518 695 2910 750 misericordia
2964 694 3374 762 memorabilis,
3430 709 3503 748 an
3551 690 3902 747 exsecranda

2198 784 2391 856 potius
2416 783 2742 838 immanitas
2758 786 2786 839 ?

2271 876 2355 928 63.
2388 872 2536 937 Quid
2567 872 2720 944 quod
2749 888 2784 926 a
2811 886 2948 926 nece
2978 871 3313 926 animalium
3331 887 3435 926 nec
3458 886 3557 925 vos
3586 868 3699 941 ipsi
3717 867 3783 922 in
3798 883 3900 939 pe-

2199 960 2400 1016 diculis
2429 965 2487 1016 et
2509 960 2798 1031 pulicibus
2811 964 2867 1015 et
2882 960 3177 1016 cimicibus
3194 959 3529 1031 temperatis
3548 960 3578 1013 ?
3607 960 3902 1029 Magnam-

2197 1064 2309 1120 que
2338 1049 2509 1119 hujus
2533 1048 2616 1103 rei
2640 1049 3028 1104 defensionem
3056 1049 3291 1120 putatis,
3316 1049 3474 1121 quod
3501 1047 3603 1102 has
3631 1061 3760 1102 esse
3791 1060 3899 1099 sor-

2197 1138 2295 1193 des
2320 1142 2649 1193 nostrorum
2677 1154 2985 1210 corporum
3016 1138 3221 1193 dicitis.
3265 1138 3427 1203 Quod
3466 1136 3655 1209 primo
3705 1137 3900 1206 aperte

2193 1226 2400 1282 falsum
2431 1228 2500 1282 de
2524 1227 2710 1298 pulice
2732 1231 2788 1282 et
2806 1227 3005 1283 cimice
3037 1227 3266 1283 dicitur.
3302 1228 3416 1283 Cur
3445 1226 3599 1280 enim
3631 1241 3753 1279 non
3778 1240 3900 1278 ma-

2196 1314 2464 1370 nifestum
2523 1319 2607 1370 est
2659 1316 2783 1370 haec
2836 1315 3111 1370 animalia
3140 1332 3255 1370 non
3290 1316 3359 1370 de
3417 1317 3610 1369 nostro
3656 1327 3901 1383 corpore

2194 1403 2432 1459 existere
2450 1404 2477 1458 ?
2501 1404 2716 1459 Deinde
2746 1404 2794 1458 si
2823 1404 3189 1461 concubitum
3216 1403 3610 1458 vehementius
3641 1416 3899 1456 exsecra-

2196 1492 2359 1562 mini,
2388 1493 2539 1563 quod
2569 1492 2815 1547 nimium
2849 1493 3033 1548 videri
3060 1492 3253 1559 vultis,
3284 1508 3387 1546 cur
3411 1508 3528 1547 non
3556 1490 3720 1547 vobis
3737 1506 3903 1544 mun-

2197 1581 2356 1636 diora
2380 1580 2647 1636 videntur
2673 1581 2962 1646 animalia,
2995 1598 3125 1652 quae
3145 1580 3266 1636 sine
3280 1580 3587 1636 concubitu
3616 1580 3687 1635 de
3703 1583 3902 1635 nostra

2194 1685 2363 1725 carne
2389 1672 2749 1725 nascuntur?
2778 1686 3116 1742 quanquum
3177 1669 3334 1725 enim
3388 1673 3591 1741 postea
3636 1669 3898 1724 coeundo

2193 1758 2439 1829 pariant,
2473 1775 2591 1814 non
2619 1762 2813 1813 tamen
2863 1759 3028 1814 nobis
3056 1760 3395 1815 coeuntibus
3422 1759 3491 1814 de
3542 1762 3739 1813 nostro
3769 1774 3897 1812 cor-

2194 1862 2334 1917 pore
2364 1846 2553 1918 primo
2584 1851 2915 1902 nascuntur.
2968 1848 3095 1902 Jam
3148 1864 3307 1917 vero,
3344 1847 3392 1902 si
3417 1862 3800 1919 quaecumque
3830 1847 3899 1901 de

2194 1934 2511 1990 viventibus
2540 1935 2858 2007 gignuntur
2909 1936 3262 2007 corporibus,
3321 1935 3717 1991 sordidissima
3748 1940 3900 2001 fsunt

2193 2024 2469 2093 putanda,
2501 2025 2684 2079 multo
2713 2024 2896 2096 magis
2914 2041 3296 2097 quaecumque
3326 2025 3396 2080 de
3418 2025 3681 2080 mortuis.
3708 2026 3900 2096 Impu-

2192 2113 2323 2167 nius
2343 2128 2478 2183 ergo
2508 2112 2786 2168 occiditur
2812 2114 2901 2167 vel
2932 2130 3119 2181 sorex,
3148 2114 3237 2168 vel
3273 2113 3496 2185 anguis,
3529 2113 3615 2168 vel
3646 2113 3889 2184 scorpio,

2195 2218 2338 2272 quos
2362 2201 2431 2256 de
2459 2201 2730 2256 humanis
2785 2202 3154 2257 cadaveribus
3207 2202 3382 2270 nasci,
3412 2219 3447 2257 a
3471 2201 3633 2258 vobis
3661 2202 3894 2273 potissi-

2194 2305 2355 2344 mum
2386 2290 2635 2345 solemus
2675 2290 2895 2345 audire.
2929 2291 3038 2346 Sed
3070 2292 3311 2346 obseura
3339 2291 3542 2346 omitto
3573 2296 3629 2346 et
3655 2291 3891 2346 incerta.

2196 2379 2276 2432 De
2304 2378 2507 2449 apibus
2536 2384 2687 2433 certe
2713 2379 2866 2433 fama
2896 2382 2977 2433 est
3002 2380 3300 2449 celebrior,
3326 2380 3482 2451 quod
3513 2380 3584 2435 de
3608 2379 3789 2435 boum
3810 2396 3896 2435 ca-

2193 2465 2492 2521 daveribus
2524 2466 2804 2522 oriantur.
2846 2469 2992 2537 Ergo
3041 2467 3377 2522 occiduntur
3400 2467 3665 2538 impune.
3719 2470 3797 2522 At
3847 2468 3896 2522 si

2192 2554 2301 2608 hoc
2329 2570 2559 2625 quoque
2587 2555 2827 2610 dubium
2853 2560 2957 2622 est,
2988 2572 3158 2611 nemo
3180 2556 3297 2611 fere
3332 2557 3403 2612 de
3423 2556 3708 2611 scarabeis
3737 2556 3897 2611 dubi-

2192 2645 2293 2709 tat,
2325 2642 2466 2713 quin
2491 2642 2560 2697 de
2612 2642 2749 2697 ﬁmo
2805 2643 2866 2697 in
2920 2643 3099 2714 pilam
3144 2644 3449 2699 rotundato
3502 2645 3575 2699 ab
3605 2644 3694 2699 his
3721 2648 3896 2716 atque

2193 2730 2395 2786 obruto
2418 2730 2663 2786 existant
2693 2731 2791 2800 (a).
2818 2733 2950 2786 Heec
2978 2731 3155 2803 igitur
3201 2732 3514 2787 animantia
3543 2738 3601 2787 et
3626 2733 3737 2788 alia
3765 2750 3897 2805 quae

2191 2819 2461 2891 persequi
2484 2819 2726 2891 longum
2748 2823 2851 2887 est,
2881 2820 3198 2876 sordidiora
3219 2826 3371 2876 certe
3400 2821 3620 2877 debetis
3640 2822 3891 2894 opinari,

2193 2924 2371 2979 quam
2399 2907 2694 2978 pediculos
2724 2912 2965 2977 vestros;
2996 2913 3052 2964 et
3077 2914 3271 2964 tamen
3321 2909 3420 2964 illa
3447 2910 3704 2965 occidere
3732 2912 3896 2966 nefas

2189 2996 2347 3051 vobis
2378 2995 2627 3063 videtur,
2657 2995 2747 3051 his
2779 3001 2972 3051 autem
3023 3012 3257 3068 parcere
3287 2998 3525 3052 stultum
3554 3014 3568 3052 :
3595 2997 3706 3052 nisi
3744 2998 3894 3054 forte

2190 3084 2345 3156 quod
2367 3084 2644 3139 sunthaec
2668 3084 2936 3140 animalia
2961 3100 3135 3155 parva
3154 3085 3536 3140 contemnitis.
3569 3084 3715 3140 Sane
3736 3084 3785 3139 si
3815 3084 3896 3139 ita

2191 3176 2296 3239 est,
2328 3176 2393 3226 ut
2422 3172 2636 3227 animal
2662 3189 2776 3245 quo
2805 3173 3033 3229 brevius
3085 3177 3187 3235 est,
3248 3190 3315 3228 eo
3342 3173 3723 3244 contemptius
3770 3190 3893 3229 esse

2191 3260 2417 3328 debeat,
2442 3277 2670 3316 necesse
2709 3266 2795 3317 est
2823 3262 3106 3317 camelum
3134 3262 3357 3318 homini
3386 3263 3719 3334 prmferatis.

2262 3351 2348 3405 64.
2383 3351 2503 3404 Huc
2529 3350 2745 3406 accedit
2791 3351 2889 3406 illa
2919 3352 3199 3423 gradatio,
3247 3368 3377 3424 quae
3407 3367 3538 3406 cum
3587 3368 3688 3406 vos
3732 3352 3894 3408 audi-

2190 3452 2334 3505 rem,
2383 3453 2489 3492 nos
2546 3454 2697 3510 saepe
2725 3440 2995 3496 turbavit.
3053 3441 3223 3495 Nulla
3266 3440 3421 3496 enim
3450 3456 3617 3495 causa
3656 3445 3743 3495 est
3788 3458 3893 3495 cur

2189 3530 2428 3597 propter
2449 3542 2692 3597 parvum
2721 3527 2975 3598 corporis
3002 3529 3322 3597 modulum,
3375 3528 3546 3600 pulex
3600 3530 3893 3584 necandus

2189 3616 2280 3679 sit,
2313 3630 2432 3670 non
2462 3616 2635 3671 etiam
2659 3631 2855 3671 musca
2880 3632 3009 3687 quae
3037 3616 3100 3671 in
3118 3616 3248 3671 faba
3276 3616 3549 3689 gignitur.
3575 3618 3641 3672 Et
3666 3616 3714 3670 si
3742 3618 3889 3685 haec,

2189 3721 2290 3760 cur
2318 3721 2436 3760 non
2466 3705 2637 3760 etiam
2682 3704 2791 3760 ista
2838 3706 3009 3776 paulo
3038 3705 3300 3775 amplior,
3343 3707 3505 3777 cujus
3533 3710 3683 3761 certe
3739 3706 3893 3762 fetus

2192 3793 2382 3849 minor
2411 3797 2498 3849 est
2528 3809 2702 3865 quam
2732 3793 2848 3849 illa.
2877 3795 2994 3848 Hoc
3020 3792 3192 3848 etiam
3204 3794 3482 3865 sequitur,
3512 3798 3578 3849 ut
3605 3794 3727 3865 apis
3757 3812 3896 3867 quo-

2192 3896 2305 3953 que
2336 3880 2457 3935 sine
2495 3882 2663 3952 culpa
2683 3880 3021 3952 perimatur,
3056 3880 3219 3951 cujus
3247 3881 3441 3951 pullus
3495 3880 3629 3936 huic
3680 3896 3896 3935 muscae

2186 3972 2531 4038 coaequatur.
2560 3968 2698 4023 Inde
2730 3968 2800 4022 ad
2827 3968 3059 4023 locustae
3089 3969 3314 4040 pullum
3352 3974 3411 4024 et
3431 3969 3732 4035 locustam,
3758 3968 3893 4022 inde

2182 4058 2253 4112 ad
2285 4059 2511 4127 pullum
2540 4058 2718 4112 muris
2762 4061 2817 4112 et
2844 4073 3088 4113 murem.
3127 4060 3194 4113 Et
3231 4059 3320 4128 [ne
3350 4060 3592 4130 longum
3650 4057 3888 4123 faciam,

2187 4161 2379 4200 nonne
2407 4145 2611 4201 videtis
2638 4145 2729 4201 his
2758 4146 3033 4217 gradibus
3057 4147 3129 4202 ad
3176 4146 3546 4218 elephantum
3576 4146 3891 4217 perveniri,

2186 4236 2252 4287 ut
2274 4234 2511 4289 omnino
2541 4234 2793 4290 recusari
2811 4251 2931 4290 non
2943 4235 3124 4307 possit
3143 4235 3437 4306 ingentem
3450 4235 3607 4290 illam
3635 4234 3891 4289 belluam

2187 4321 2309 4377 sine
2338 4324 2506 4394 culpa
2550 4340 2609 4378 se
2657 4323 2931 4391 occidere,
2990 4324 3250 4396 puisquis
3300 4327 3537 4395 propter
3581 4324 3892 4394 parvulum

2186 4427 2391 4482 corpus
2418 4411 2878 4468 interfectionem
2907 4412 3112 4483 pulicis
3140 4418 3438 4483 peccatum
3468 4426 3591 4466 esse
3639 4427 3757 4465 non
3787 4428 3894 4482 pu-

2186 4501 2314 4555 tat?
2342 4500 2451 4555 Sed
2486 4500 2611 4572 jam
2632 4500 2805 4556 etiam
2835 4500 2906 4556 de
2933 4499 3266 4571 hujusmodi
3284 4499 3456 4570 nugis
3486 4497 3619 4551 satis
3668 4497 3891 4555 dictum

2188 4588 2457 4644 arbitror.

2188 4695 2411 4750 CAPUT
2429 4691 2618 4750 XVIII.
2645 4726 2714 4737 —
2744 4697 2829 4751 De
2855 4694 3132 4765 signaculo
3160 4695 3311 4750 sinus
3336 4697 3387 4748 et
3405 4692 3661 4761 nefandis
3688 4701 3893 4763 myste-

2748 4787 2851 4841 riis
2881 4784 3330 4839 Manichzomm.

2257 4891 2351 4945 65.
2391 4889 2586 4944 Restat
2639 4888 2999 4961 signaculum
3050 4887 3231 4958 sinus,
3290 4887 3351 4942 in
3380 4903 3494 4960 quo
3532 4888 3779 4942 multum
3811 4889 3896 4944 in-

2189 4982 2342 5033 certa
2371 4982 2455 5033 est
2482 4978 2707 5033 castitas
2749 4982 2956 5034 vestra.
3014 4978 3139 5032 Non
3187 4976 3340 5031 enim
3371 4976 3760 5043 concubitum,
3798 4979 3897 5033 sed

2188 5070 2251 5120 ut
2278 5065 2450 5137 longe
2470 5071 2601 5120 ante
2651 5066 2722 5121 ab
2766 5066 3033 5138 Apostolo
3080 5066 3298 5121 dictum
3364 5070 3466 5132 est,
3501 5081 3632 5120 vere
3661 5067 3897 5136 nuptias

2189 5152 2507 5224 prohibetis
2559 5155 2599 5223 (Ι
2638 5156 2774 5207 Tim.
2807 5170 2879 5216 1v,
2914 5155 2985 5223 3),
3037 5170 3167 5225 quae
3226 5153 3354 5209 talis
3386 5152 3575 5224 operis
3640 5169 3753 5207 una
3809 5160 3897 5209 est

2190 5242 2430 5296 honesta
2453 5240 2729 5296 defensio.
2760 5242 2859 5296 Hic
2892 5258 3007 5296 non
3028 5242 3224 5297 dubito
3254 5259 3353 5297 vos
3375 5258 3496 5297 esse
3524 5242 3891 5309 clamaturos,

2191 5330 2583 5401 invidiamque
2613 5330 2884 5401 facturos,
2916 5331 3179 5401 dicendo,
3211 5333 3525 5387 castitatem
3578 5330 3893 5402 perfectam

2192 5435 2292 5475 vos
2320 5419 2689 5474 vehementer
2719 5420 3119 5477 commendare
3150 5426 3322 5493 atque
3362 5420 3614 5490 laudare,
3652 5435 3768 5475 non
3818 5424 3894 5475 ta-

2262 5570 2337 5632 (a)
2364 5569 2480 5621 Vid.
2504 5571 2730 5622 Retract.
2768 5571 2858 5623 lib.
2882 5576 2929 5631 l,
2959 5586 3073 5635 cap.
3099 5575 3148 5630 7,
3179 5585 3230 5620 u.
3254 5575 3298 5621 6.
