4056 6370
118 315 250 367 1373

112 449 250 488 men
319 434 552 505 nuptias
608 432 950 506 prohibere;
998 435 1467 508 quandoquidem
1519 438 1809 494 auditores

112 522 311 593 vestri,
343 538 593 594 quorum
623 524 774 594 apud
798 541 897 579 vos
922 525 1205 581 secundus
1233 530 1317 581 est
1339 527 1569 598 gradus,
1603 528 1809 582 ducere

110 616 285 683 atque
325 611 539 667 habere
587 628 703 667 non
750 613 1167 683 prohibeantur
1194 616 1435 682 ;uxores.
1492 617 1630 682 Quae
1679 632 1810 671 cum

112 716 327 772 magna
352 715 485 755 voce
516 704 572 755 et
599 716 810 772 magna
840 700 1237 772 indignatione
1266 703 1545 770 dixeritis,
1574 720 1681 775 ego
1712 720 1809 759 vos

111 789 301 843 lenius
342 789 711 860 interrogabo
744 790 812 844 ad
842 790 994 845 hunc
1022 792 1257 846 modum
1282 807 1295 847 :
1326 809 1514 848 nonne
1542 809 1643 848 vos
1672 793 1809 848 estis

112 879 210 951 qui
243 880 397 934 ﬁlios
424 880 683 951 gignere,
721 896 788 936 eo
821 882 974 952 quod
1009 883 1217 937 animae
1246 883 1498 953 ligantur
1526 883 1587 938 in
1617 900 1805 949 carne,

113 968 346 1038 gravius
373 969 586 1039 putatis
611 984 732 1023 esse
760 974 1081 1040 peccatum,
1114 987 1284 1042 quam
1316 972 1508 1043 ipsum
1536 972 1809 1027 concubi-

114 1058 289 1110 tum?
327 1057 527 1111 Nonne
565 1073 662 1111 vos
700 1058 834 1112 estis
875 1059 975 1130 qui
1014 1076 1118 1113 nos
1155 1060 1421 1115 solebatis
1460 1076 1717 1129 monere,
1749 1065 1813 1116 ut

116 1148 402 1216 quantum
439 1145 567 1200 ﬁeri
604 1152 815 1217 posset,
848 1148 1281 1203 observaremus
1310 1152 1556 1220 tempus,
1596 1166 1711 1221 quo
1741 1150 1810 1205 ad

116 1238 457 1305 conceptum
499 1236 709 1291 mulier
736 1241 867 1306 post
904 1236 1241 1308 genitalium
1284 1238 1565 1293 viscerum
1599 1254 1811 1311 purga-

115 1323 335 1378 tionem
352 1327 487 1394 apta
506 1328 676 1391 esset,
703 1340 888 1394 eoque
907 1328 1171 1396 tempore
1196 1343 1231 1380 a
1257 1327 1561 1384 concubitu
1591 1332 1814 1399 tempe-

116 1426 398 1482 raremus,
428 1426 499 1467 ne
533 1412 692 1467 carni
730 1413 923 1467 anima
950 1414 1391 1487 implicaretur?
1423 1418 1498 1471 Ex
1526 1433 1641 1488 quo
1671 1417 1814 1472 illud

114 1500 394 1571 sequitur,
418 1504 482 1555 ut
502 1517 620 1556 non
644 1501 957 1558 liberorum
979 1506 1463 1574 procreandorum
1489 1522 1681 1581 causa,
1714 1505 1814 1560 sed

114 1588 389 1644 satiendaa
411 1589 667 1645 libidinis
692 1590 902 1646 habere
931 1593 1239 1664 conjugem
1267 1594 1561 1649 censeatis.
1589 1594 1815 1665 Nuptias

117 1682 333 1748 autem,
362 1682 430 1733 ut
470 1679 607 1750 ipsae.
645 1679 933 1750 nuptiales
961 1682 1171 1737 tabulae
1200 1683 1467 1753 clamant,
1500 1683 1814 1738 liberorum

115 1766 603 1835 procreandorum
647 1784 834 1835 causa,
885 1785 1104 1824 marem
1140 1770 1532 1842 feminamque
1579 1773 1816 1843 conjun-

114 1858 292 1925 gunt:
325 1854 583 1927 quisquis
613 1872 748 1927 ergo
778 1872 1079 1928 procreare
1109 1858 1321 1915 liberos
1350 1876 1523 1931 quam
1548 1876 1817 1915 concum-

117 1942 248 1999 bere
309 1944 536 2015 gravius
579 1944 720 2000 dicit
762 1962 882 2001 esse
936 1952 1256 2017 peccatum,
1300 1948 1570 2019 prohibet
1611 1948 1814 2020 utique

118 2032 385 2104 nuptias;
417 2038 475 2088 et
504 2049 624 2089 non
655 2035 775 2105 jam
816 2051 1069 2103 uxorem,
1103 2037 1203 2092 sed
1239 2036 1601 2094 meretricem
1646 2038 1813 2093 femi-

117 2138 250 2176 nam
271 2121 426 2190 facit,
446 2139 575 2194 quaa
591 2123 810 2179 donatis
832 2124 941 2179 sibi
955 2126 1123 2180 certis
1145 2126 1336 2193 rebus,
1355 2126 1475 2182 viro
1492 2127 1563 2182 ad
1584 2128 1815 2200 explen-

118 2211 249 2266 dam
275 2210 401 2281 ejus
421 2211 724 2267 libidinem
743 2213 1031 2284 jungitur.
1060 2214 1116 2269 Si
1139 2215 1293 2270 enim
1315 2232 1460 2271 uxor
1480 2219 1583 2283 est,
1615 2216 1811 2271 matri-

120 2299 384 2355 monium
420 2304 520 2355 est.
557 2301 681 2355 Non
712 2289 905 2356 autem
935 2302 1368 2358 matrimonium
1397 2309 1483 2359 est
1517 2304 1613 2359 ubi
1647 2304 1815 2359 datur

119 2405 294 2459 opera
315 2403 390 2443 ne
417 2388 490 2443 sit
508 2392 723 2444 mater:
750 2406 866 2445 non
882 2390 1065 2461 igitur
1092 2407 1251 2446 uxor.
1285 2392 1558 2457 Quocirca
1583 2394 1813 2466 nuptias

121 2476 459 2548 prohibetis,
502 2494 608 2533 nec
635 2478 707 2533 ab
744 2479 852 2533 hoc
878 2479 1135 2547 crimine,
1171 2481 1322 2551 quod
1360 2480 1501 2537 olim
1538 2497 1573 2536 a
1599 2481 1815 2554 Spiritu

119 2570 316 2622 sancto
345 2566 417 2621 de
458 2565 618 2621 vobis
645 2566 985 2638 praedictum
1025 2572 1128 2638 est,
1170 2570 1290 2624 ulla
1325 2586 1425 2625 vos
1453 2570 1676 2626 ratione
1715 2571 1813 2626 de-

120 2655 371 2711 fenditis.

185 2748 277 2801 66.
322 2746 607 2810 Jamvero,
658 2760 790 2799 cum
844 2746 1214 2801 vehementer
1265 2747 1523 2820 satagitis
1579 2764 1652 2804 ne
1711 2765 1816 2820 per

118 2832 491 2890 concubitum
542 2833 737 2888 anima
769 2833 982 2904 ligetur
1018 2834 1079 2889 in
1117 2851 1307 2904 carne,
1351 2841 1407 2891 et
1447 2837 1818 2893 vehementer

120 2923 388 2986 asseritis,
418 2939 523 2995 per
550 2927 871 2978 sanctorum
904 2923 1094 2979 cibum
1121 2924 1374 2980 animam
1404 2926 1472 2981 de
1500 2926 1814 2982 seminibus

118 3011 372 3079 liberari,
402 3026 594 3066 nonne
631 3010 1005 3078 conﬁrmatis,
1048 3028 1081 3066 ο
1120 3012 1338 3082 miseri,
1368 3014 1519 3085 quod
1550 3014 1620 3069 de
1656 3014 1814 3069 vobis

117 3099 385 3156 homines
407 3100 767 3171 suspicantur
783 3102 812 3155 ?
838 3101 951 3156 Cur
969 3101 1127 3156 enim
1152 3101 1221 3156 de
1248 3101 1457 3169 tritico,
1490 3106 1545 3157 et
1572 3104 1641 3157 de
1661 3103 1811 3176 faba,

120 3191 173 3242 ct
201 3188 273 3243 de
293 3188 566 3244 lenticula
590 3189 829 3261 aliisque
854 3189 1187 3257 seminibus,
1219 3206 1350 3245 cum
1377 3191 1466 3245 his
1494 3191 1811 3259 vescimini,

120 3274 360 3330 liberare
387 3290 486 3330 vos
522 3277 666 3332 velle
697 3276 947 3332 animam
974 3277 1243 3345 creditur,
1278 3278 1347 3333 de
1372 3278 1704 3333 animalium
1732 3296 1815 3333 se-

120 3363 373 3419 minibus
401 3380 520 3419 non
548 3365 861 3421 credatur?
897 3367 1020 3421 Non
1051 3364 1226 3434 enim,
1266 3371 1332 3421 ut
1367 3367 1551 3438 ipsam
1584 3383 1814 3424 carnem

121 3452 337 3508 mortui
377 3452 685 3508 animantis
713 3453 1074 3509 immundam
1117 3471 1238 3510 esse
1269 3454 1475 3524 dicitis,
1508 3456 1663 3527 quod
1694 3456 1813 3511 ani-

123 3558 276 3597 mam
303 3558 425 3597 non
451 3542 660 3609 habet;
689 3543 799 3598 hoc
826 3543 906 3598 ita
942 3544 1180 3615 potestis
1212 3548 1270 3599 et
1297 3544 1365 3599 de
1391 3545 1699 3600 animantis
1728 3562 1814 3600 se-

119 3630 274 3686 mine
299 3630 509 3698 dicere,
533 3630 594 3686 in
623 3647 738 3702 quo
759 3631 1034 3699 animam,
1061 3648 1191 3703 quae
1222 3633 1520 3704 apparebit
1548 3634 1607 3688 in
1627 3635 1812 3705 prole,

119 3720 446 3790 colligatam
463 3734 587 3774 esse
603 3718 862 3784 censetis,
890 3723 947 3774 et
962 3719 1025 3774 in
1042 3736 1159 3792 quo
1173 3720 1354 3792 ipsius
1375 3721 1671 3777 Manichaai
1692 3722 1814 3777 ani-

121 3825 277 3864 mam
303 3807 653 3880 implicatam
681 3807 857 3863 fuisse
884 3808 1163 3863 fatemini.
1190 3811 1257 3865 Et
1285 3809 1421 3881 quia
1436 3826 1552 3865 non
1576 3815 1817 3881 possunt

120 3896 188 3951 ab
216 3895 577 3952 auditoribus
604 3895 805 3950 vestris
823 3897 1120 3968 purganda
1142 3896 1303 3952 vobis
1331 3897 1469 3951 talia
1494 3897 1715 3953 semina
1744 3897 1831 3952 af»

120 3985 277 4055 ferri,
303 3984 433 4057 quis
455 4000 571 4039 non
593 3983 911 4055 suspicetur
929 3988 1206 4040 secretam
1234 3984 1303 4040 de
1324 3985 1485 4040 vobis
1508 3985 1646 4057 ipsis
1668 3986 1817 4041 inter

121 4090 218 4128 vos
237 4072 367 4129 ﬁeri
392 4073 568 4127 talem
592 4072 1022 4145 purgationem,
1046 4078 1102 4129 et
1129 4074 1258 4129 ideo
1280 4074 1413 4144 illis,
1437 4091 1509 4130 ne
1533 4091 1632 4130 vos
1654 4075 1815 4130 dese-

120 4165 268 4229 rant,
300 4162 619 4218 occultari?
648 4164 786 4227 Quia
815 4162 864 4217 si
902 4178 1021 4217 non
1049 4162 1253 4231 facitis,
1297 4164 1450 4236 quod
1482 4164 1704 4220 utinam
1735 4164 1816 4220 ita

119 4253 212 4320 sit,
244 4251 444 4307 videtis
473 4255 667 4307 tamen
700 4255 931 4322 quantae
969 4252 1279 4323 suspicioni
1312 4257 1497 4307 vestra
1539 4253 1815 4325 supersti-

116 4342 422 4414 tioﬁpateat,
447 4344 502 4396 et
523 4357 696 4413 quam
718 4357 836 4396 non
848 4341 922 4397 sit
937 4341 1266 4397 hominibus
1287 4343 1736 4398 succensendum
1756 4342 1814 4397 id

117 4430 569 4503 opininantibtis,
608 4430 760 4502 quod
790 4431 859 4486 de
900 4435 1092 4486 vestra
1118 4432 1471 4503 professione
1504 4432 1811 4504 colligitur,

114 4535 247 4574 cum
274 4535 375 4574 vos
406 4519 626 4575 animas
654 4535 757 4591 per
786 4535 975 4575 escam
1012 4524 1067 4575 et
1104 4524 1328 4591 potum,
1363 4521 1433 4576 de
1477 4521 1813 4592 corporibus

119 4613 177 4665 et
204 4608 467 4664 sensibus
505 4608 745 4665 liberare
774 4607 1113 4679 praedicatis.
1161 4610 1303 4664 Nolo
1340 4609 1434 4663 hic
1463 4610 1678 4665 diutius
1707 4610 1815 4665 im-

117 4697 362 4766 morari;
396 4703 454 4753 et
491 4697 696 4753 videtis
733 4703 985 4770 quantus
1015 4697 1090 4752 sit
1120 4697 1462 4753 invectionis
1496 4699 1674 4754 locus.
1707 4699 1817 4754 Sed

117 4786 256 4860 quia
281 4790 341 4841 et
377 4802 467 4841 res
496 4786 623 4841 talis
663 4791 767 4854 est,
808 4792 873 4842 ut
902 4802 1028 4842 eam
1056 4786 1249 4857 potius
1280 4787 1615 4843 reformidet
1643 4805 1817 4859 quam

116 4875 430 4931 insectetur
448 4876 648 4943 oratio,
670 4880 726 4930 et
747 4876 1111 4948 propositum
1134 4875 1278 4931 illud
1292 4890 1489 4930 meum
1507 4892 1610 4947 per
1627 4879 1817 4931 totum

117 4979 448 5021 sermonem
482 4964 857 5019 animadverti
884 4967 1092 5035 potest,
1128 4979 1241 5035 quo
1267 4962 1441 5018 statui
1468 4963 1615 5018 nihil
1644 4980 1816 5036 exag-

116 5070 341 5127 gerare,
387 5054 484 5109 sed
527 5055 695 5109 nudis
733 5053 1153 5126 quodammodo
1197 5053 1366 5109 rebus
1405 5056 1462 5108 et
1499 5053 1817 5109 rationibus

119 5159 313 5216 agere,
342 5147 699 5198 transeamus
728 5143 799 5198 ad
829 5142 1007 5199 aliud.

360 5234 586 5289 CAPUT
609 5234 741 5288 XIX.
775 5263 845 5273 —
871 5234 1114 5302 Flagitia
1135 5232 1571 5289 Manichaaorum.

188 5326 278 5378 67.
308 5323 436 5378 Jam
476 5322 635 5377 enim
677 5322 811 5376 satis
852 5325 1091 5393 apparet
1120 5322 1312 5393 qualia
1339 5322 1454 5377 sint
1491 5321 1601 5376 tria
1629 5324 1816 5377 vestra

117 5411 432 5484 signacula.
465 5412 533 5466 Hi
556 5415 689 5466 sunt
708 5410 882 5466 vestri
901 5426 1111 5479 mores,
1132 5411 1223 5465 hic
1240 5411 1370 5465 ﬁnis
1390 5410 1813 5467 admirabilium

115 5504 564 5574 praeceptorum,
605 5499 705 5556 ubi
734 5500 879 5555 nihil
908 5503 1146 5568 certum,
1183 5499 1325 5555 nihil
1355 5503 1640 5563 constans,
1673 5499 1813 5554 nihil

116 5590 475 5657 rationabile,
517 5589 660 5646 nihil
704 5588 1088 5661 inculpabile:
1120 5589 1215 5645 sed
1246 5588 1441 5646 omnia
1464 5588 1658 5658 dubia,
1698 5587 1815 5643 imo

1543 315 1757 371 LIBER
1797 314 2182 377 SECUNDUS.

3484 316 3617 373 1374

1918 454 2052 493 vero
2089 437 2209 494 sine
2245 439 2600 495 dubitatione
2633 438 2954 505 falsissima,
2987 438 3180 493 omnia
3208 439 3613 511 repugnantia,

1920 527 2346 596 abominabilia,
2373 528 2636 584 absurda.
2661 527 2919 598 Denique
2941 532 3059 582 tam
3080 529 3259 582 multa
3278 533 3334 583 et
3353 534 3468 583 tam
3489 547 3615 601 gra-

1916 616 2007 670 via
2035 620 2263 688 peccata
2281 616 2343 670 in
2370 616 2458 671 his
2486 616 2738 671 moribus
2768 617 3294 687 deprehenduntur,
3327 622 3389 672 ut
3418 618 3465 672 si
3486 619 3617 690 quis

1919 720 2179 761 accusare
2202 705 2338 760 velit
2357 706 2568 767 omnia,
2595 706 2768 761 homo
2795 705 3035 777 alicujus
3056 706 3363 775 facultatis,
3389 706 3616 778 singula

1922 799 1984 849 ut
2012 794 2339 863 minimum,
2366 794 2606 866 singulis
2626 794 3013 850 voluminibus
3043 794 3242 866 possit.
3280 796 3407 849 Haec
3435 794 3615 866 igitur

1920 883 1967 939 si
1997 882 2375 953 custodiretis,
2415 888 2775 954 vestramque
2820 883 3137 954 impleretis
3174 884 3614 954 professionem,

1920 972 2063 1026 nihil
2093 972 2252 1026 vobis
2278 976 2423 1026 esset
2452 971 2728 1041 ineptius,
2758 971 2901 1027 nihil
2931 972 3180 1039 stultius,
3213 971 3357 1026 nihil
3384 971 3617 1043 imperi-

1920 1060 2072 1115 tius:
2114 1077 2242 1116 cum
2273 1065 2467 1116 autem
2495 1060 2735 1114 laudatis
2773 1063 2829 1114 et
2867 1060 3077 1114 docetis
3118 1061 3244 1127 ista,
3277 1077 3381 1115 nec
3408 1060 3614 1118 facitis.

1922 1149 2059 1220 quid
2085 1149 2242 1205 vobis
2260 1150 2538 1216 fallacius,
2563 1149 2704 1220 quid
2732 1147 3079 1217 insidiosius,
3109 1149 3244 1221 quid
3280 1149 3618 1205 malitiosius

1921 1238 2033 1294 dici
2062 1243 2159 1293 aut
2186 1238 2434 1293 inveniri
2470 1239 2706 1309 potest?

1992 1330 2078 1383 68.
2107 1328 2320 1383 Novem
2346 1344 2523 1382 annos
2549 1332 2698 1382 totos
2717 1332 2928 1397 magna
2955 1342 3093 1380 cura
3121 1330 3177 1380 et
3204 1326 3493 1399 diligentia
3516 1344 3615 1382 vos

1922 1416 2115 1472 audivi
2141 1426 2184 1484 ³,
2237 1417 2428 1471 nullus
2474 1416 2618 1471 mihi
2653 1416 2970 1471 electorum
3006 1416 3362 1470 innotescere
3402 1416 3616 1486 potuit,

1924 1505 2024 1577 qui
2049 1505 2363 1560 secundum
2391 1506 2512 1560 haec
2540 1508 2828 1576 praecepta
2855 1520 2974 1559 non
3005 1508 3106 1559 aut
3135 1504 3525 1575 deprehensus
3554 1504 3616 1559 in

1923 1597 2175 1663 peccato,
2206 1597 2307 1647 aut
2336 1598 2488 1648 certe
2519 1593 2826 1665 suspicioni
2857 1593 3115 1649 subditus
3145 1593 3337 1648 fuerit.
3374 1592 3531 1647 Multi
3560 1592 3623 1647 in

1923 1682 2053 1737 vino
2075 1686 2131 1737 et
2148 1682 2431 1746 carnibus,
2450 1682 2619 1737 multi
2635 1682 2956 1736 lavantesin
2975 1681 3196 1737 balneis
3212 1682 3430 1736 inventi
3457 1685 3617 1737 sunt.

1923 1772 2033 1827 Sed
2083 1772 2207 1826 hinc
2253 1771 2643 1826 audiebamus.
2689 1770 2963 1825 Nonnulli
3005 1770 3221 1825 alienas
3259 1770 3503 1825 feminas
3532 1786 3622 1825 se-

1924 1859 2152 1915 duxisse
2182 1858 2483 1930 approbati
2509 1864 2661 1926 sunt,
2685 1859 2763 1913 ita
2782 1864 2848 1914 ut
2867 1859 3002 1913 hinc
3028 1860 3201 1929 plane
3222 1859 3484 1914 dubitare
3505 1876 3621 1914 non

1923 1948 2155 2018 possim.
2186 1948 2292 2003 Sed
2322 1948 2394 2002 sit
2422 1953 2479 2002 et
2498 1948 2621 2002 haec
2650 1947 2835 2018 magis
2862 1948 3014 2002 fama
3035 1963 3208 2018 quam
3235 1964 3456 2002 verum.
3491 1947 3621 2002 Vidi

1923 2036 2045 2107 ipse
2074 2052 2191 2091 non
2215 2037 2389 2103 solus,
2420 2036 2520 2090 sed
2548 2052 2680 2091 cum
2706 2036 2774 2090 iis
2796 2036 2896 2107 qui
2920 2036 3129 2107 partim
3154 2036 3277 2107 jam
3305 2036 3407 2090 illa
3426 2051 3624 2107 super-

1926 2124 2152 2181 stitione
2171 2124 2397 2180 liberati
2418 2128 2566 2189 sunt,
2592 2125 2801 2196 partim
2823 2125 3008 2179 adhuc
3029 2128 3163 2197 opto
3183 2129 3248 2180 ut
3271 2124 3619 2194 liberentur;

1923 2213 2168 2268 vidimus
2193 2229 2329 2285 ergo
2351 2213 2413 2267 in
2433 2213 2729 2284 quadrivio
2760 2213 3137 2285 Carthaginis,
3170 2213 3229 2269 in
3259 2215 3448 2285 platea
3476 2215 3622 2269 cele-

1924 2302 2194 2370 berrima,
2211 2319 2332 2357 non
2350 2318 2551 2369 unum,
2568 2303 2666 2357 sed
2686 2301 2877 2373 plures
2900 2318 3075 2373 quam
3090 2308 3204 2357 tres
3222 2303 3430 2357 electos
3452 2302 3625 2358 simul

1922 2394 2053 2462 post
2092 2394 2450 2447 transeuntes
2478 2390 2668 2446 nescio
2714 2406 2856 2463 quas
2901 2390 3144 2446 feminas
3185 2397 3303 2446 tam
3339 2392 3622 2462 petulanti

1924 2485 2090 2552 gestu
2117 2479 2442 2551 adhinnire,
2471 2484 2539 2536 ut
2567 2479 2829 2535 omnium
2857 2479 3173 2535 trivialium
3203 2480 3623 2552 impudicitiam

1924 2569 2461 2641 impudentiamque
2499 2571 2855 2640 superarent.
2891 2568 3053 2634 Quod
3084 2569 3154 2623 de
3184 2585 3391 2640 magna
3425 2570 3623 2625 venire

1924 2658 2355 2724 consuetudine,
2386 2662 2559 2729 atque
2588 2657 2717 2712 illos
2745 2657 2897 2712 inter
2924 2674 2985 2712 se
3013 2657 3095 2711 ita
3116 2656 3304 2711 vivere
3333 2656 3467 2712 satis
3495 2656 3627 2711 emi-

1923 2744 2115 2815 nebat,
2144 2746 2610 2818 quandoquidem
2632 2746 2823 2800 nullus
2845 2746 2979 2800 socii
3000 2745 3369 2816 praesentiam
3393 2745 3623 2811 veritus,

1924 2852 2141 2902 omnes,
2176 2838 2273 2890 aut
2303 2840 2452 2890 certe
2482 2851 2629 2905 pene
2659 2850 2857 2889 omnes
2882 2834 3084 2889 eadem
3113 2834 3296 2889 teneri
3336 2838 3493 2904 peste
3540 2834 3626 2888 in-

1925 2925 2168 2980 dicabat.
2195 2925 2319 2979 Non
2346 2924 2501 2978 enim
2530 2927 2693 2978 erant
2721 2923 2784 2978 hi
2810 2939 2874 2977 ex
2907 2939 3021 2976 una
3041 2922 3235 2986 domo,
3270 2923 3367 2976 sed
3402 2921 3623 2975 diverse

1922 3030 2158 3084 prorsus
2185 3013 2525 3080 habitantes,
2551 3028 2619 3067 ex
2647 3028 2714 3067 eo
2735 3013 2858 3066 loco
2892 3010 2989 3067 ubi
3016 3015 3333 3065 conventus
3357 3009 3624 3065 omnium

1923 3104 2102 3158 factus
2152 3107 2292 3170 erat,
2328 3103 2547 3174 pariter
2592 3102 2738 3156 forte
2786 3100 3222 3156 descenderant.
3276 3101 3388 3154 Nos
3427 3104 3623 3154 autem

1924 3192 2175 3263 graviter
2201 3191 2491 3258 commoti,
2524 3190 2771 3262 graviter
2801 3190 2976 3245 etiam
3006 3188 3196 3263 questi
3226 3205 3442 3243 sumus.
3484 3188 3623 3254 Quis

1925 3282 2155 3336 tandem
2185 3280 2294 3335 hoc
2327 3280 2757 3343 vindicandum,
2791 3296 2907 3334 non
2938 3278 3123 3333 dicam
3165 3277 3523 3349 separatione
3551 3278 3623 3333 ab

1926 3368 2179 3435 ecclesia,
2212 3368 2312 3424 sed
2342 3385 2446 3440 pro
2485 3367 2885 3440 magnitudine
2914 3366 3121 3439 ﬂagitii
3157 3364 3483 3422 vehementi
3512 3365 3624 3420 sal-

1927 3462 2042 3513 tem
2070 3457 2467 3529 objurgatione
2495 3456 2805 3511 arbitratus
2830 3457 2965 3511 est?

1996 3550 2083 3601 69.
2108 3548 2175 3602 Et
2200 3547 2323 3602 haec
2343 3551 2465 3601 erat
2494 3546 2682 3601 omnis
2701 3544 2987 3600 excusatio
3011 3543 3372 3615 impunitatis
3392 3543 3624 3599 illorum

1927 3635 2083 3706 quod
2112 3651 2180 3690 eo
2217 3640 2481 3706 tempore
2520 3650 2636 3705 quo
2680 3632 3076 3688 conventicula
3114 3648 3315 3687 eorum
3361 3633 3487 3703 lege
3515 3648 3624 3704 pu-

1926 3723 2072 3777 blica
2099 3723 2563 3794 prohiberentur,
2586 3738 2658 3777 ne
2681 3721 2821 3793 quid
2840 3720 2959 3775 laesi
2979 3721 3305 3791 proderent,
3332 3720 3631 3775 metueba-

1924 3816 2035 3866 tur.
2065 3811 2170 3867 Ubi
2198 3815 2283 3866 est
2308 3828 2443 3882 ergo
2472 3811 2628 3882 quod
2656 3814 2997 3881 perpetuam
3031 3808 3138 3863 sibi
3167 3809 3624 3879 persecutionem

1926 3900 1987 3955 in
2010 3900 2117 3956 hoc
2146 3900 2363 3954 mundo
2395 3900 2647 3955 futuram
2670 3898 3009 3969 praedicant,
3037 3913 3220 3969 eoque
3250 3913 3308 3951 se
3337 3913 3627 3952 commen-

1926 3989 2170 4045 datiores
2213 3988 2412 4044 haberi
2450 3988 2669 4055 volunt,
2702 3987 2838 4041 hinc
2882 3985 3321 4058 interpretantes
3351 3986 3504 4056 quod
3534 3986 3627 4041 hic

1927 4079 2176 4134 mundus
2214 4094 2310 4132 eos
2339 4075 2524 4132 oderit
2545 4077 2719 4148 (Joan.
2746 4091 2837 4142 xv,
2869 4074 2990 4144 l8);
3032 4079 3088 4128 et
3108 4078 3412 4146 propterea
3448 4090 3626 4144 penes

1928 4184 1987 4223 se
2017 4153 2390 4240 qutbrendam
2419 4167 2718 4221 veritatem
2739 4164 3105 4226 afﬁrmantes,
3132 4163 3266 4235 quia
3294 4162 3354 4217 in
3384 4163 3626 4235 promis-

1928 4255 2086 4311 sione
2125 4255 2368 4327 Spiritus
2409 4255 2589 4310 sancti
2630 4254 2903 4327 paracleti
2933 4252 3148 4308 dictum
3178 4256 3262 4306 est
3299 4253 3451 4324 quod
3494 4269 3625 4308 cum

1926 4344 2178 4399 mundus
2206 4344 2313 4400 iste
2339 4344 2593 4417 accipere
2621 4360 2736 4398 non
2765 4342 2946 4416 possit
2972 4342 3081 4413 (Id.
3113 4342 3226 4411 xiv,
3262 4345 3366 4411 l7).
3404 4343 3482 4396 De
3514 4358 3628 4414 qua

1927 4449 1989 4487 re
2017 4450 2133 4489 non
2160 4434 2265 4489 iste
2291 4434 2451 4490 locus
2481 4433 2802 4490 disserendi
2822 4436 2925 4488 est.
2954 4432 3064 4488 Sed
3093 4435 3246 4486 certo
3274 4431 3321 4485 si
3346 4436 3628 4502 perpetua

1926 4521 2083 4577 vobis
2118 4522 2439 4593 persecutio
2482 4522 2673 4577 futura
2705 4525 2808 4587 est,
2857 4536 3042 4592 usque
3087 4520 3147 4573 in
3189 4520 3383 4574 saeculi
3423 4520 3621 4586 ﬁnem,

1928 4613 2207 4681 perpetua
2232 4610 2341 4664 erit
2366 4615 2423 4665 et
2455 4611 2579 4665 haec
2603 4609 2900 4664 dissolutio
2930 4611 3218 4679 tantaeque
3247 4607 3627 4677 turpitudinis

1926 4697 2212 4769 impunita
2239 4697 2525 4770 contagio,
2559 4698 2693 4752 dum
2722 4696 2861 4752 tales
2892 4696 3099 4751 Itedere
3128 4696 3487 4761 formidatis,

1996 4790 2085 4842 ’70.
2112 4788 2172 4842 Id
2201 4787 2374 4841 etiam
2403 4786 2568 4842 nobis
2595 4801 2937 4857 responsum
2961 4789 3066 4853 est,
3093 4801 3224 4839 cum
3246 4785 3320 4840 ad
3340 4785 3493 4856 ipsos
3510 4786 3629 4857 pri-

1928 4879 2106 4930 mates
2132 4874 2535 4931 detulissemus
2564 4878 2935 4945 conquestam
2967 4872 3135 4928 nobis
3167 4889 3289 4927 esse
3322 4863 3626 4927 mulierem

1929 4966 2083 5039 quod
2112 4966 2170 5019 in
2206 4964 2476 5031 conclavi,
2511 4964 2610 5019 ubi
2640 4980 2771 5018 cum
2799 4963 2926 5017 aliis
2956 4962 3187 5021 feminis
3218 4966 3359 5030 erat,
3403 4962 3472 5016 de
3502 4961 3625 5015 illo-

1928 5072 2057 5110 rum
2104 5054 2315 5109 scilicet
2347 5052 2641 5108 sanctitate
2671 5068 2890 5120 secura,
2921 5052 3198 5124 ingressis
3227 5051 3419 5107 electis
3453 5049 3630 5121 pluri-

1926 5145 2053 5211 bus,
2077 5144 2222 5198 etab
2245 5159 2359 5198 uno
2375 5144 2607 5197 lucerna
2628 5141 2923 5209 exstincta,
2946 5142 3230 5197 incertum
3247 5140 3407 5210 cujus
3424 5154 3624 5193 eorum

1927 5234 1990 5288 in
2017 5232 2268 5288 tenebris
2289 5232 2544 5303 appetita
2573 5236 2722 5287 esset
2751 5233 3042 5303 amplexu,
3066 5235 3123 5285 et
3150 5232 3343 5283 coacta
3372 5227 3431 5281 in
3455 5227 3626 5298 ﬂagi-

1931 5323 2122 5390 tium,,
2157 5321 2269 5375 nisi
2298 5320 2551 5376 subsidio
2580 5322 2845 5377 clamoris
2866 5320 3152 5376 evasisset.
3174 5318 3286 5371 Hoc
3302 5315 3468 5371 nobis
3488 5332 3628 5387 quo-

1932 5426 2042 5482 quc
2076 5409 2442 5465 notissimum
2460 5409 2637 5477 nefas,
2654 5410 2722 5465 de
2744 5411 2957 5481 quanta
2976 5404 3385 5462 consuetudine
3404 5404 3626 5459 venisse

1991 5533 2061 5595 (a)
2083 5532 2316 5582 Confess.
2339 5530 2507 5596 libi,
2527 5546 2640 5596 cap.
2675 5535 2694 5582 1
2719 5546 2731 5591 ;
2763 5535 2816 5580 et
2843 5543 3019 5594 supra,
3041 5528 3105 5578 de
3130 5526 3361 5578 Moribus
3380 5527 3625 5585 Ecclesia
3654 5502 3677 5519 “

1930 5596 2230 5653 Catholica),
2253 5609 2367 5659 cap.
2402 5595 2478 5655 18,
2502 5609 2553 5646 u.
2584 5595 2661 5645 34.
