4056 6354
423 314 557 368 i375

418 433 813 510 arbitrandum
834 435 920 488 est
936 435 966 487 ?
990 433 1053 488 Et
1066 433 1174 488 hoc
1198 433 1406 489 factum
1438 435 1522 486 est
1542 447 1609 488 ea
1629 436 1796 488 nocte
1821 449 1936 506 qua
1955 435 2112 490 festae

418 524 569 594 apud
591 539 691 578 vos
705 521 916 592 vigilite
935 522 1313 578 celebrantur.
1338 520 1447 576 Sed
1468 536 1665 576 revera
1680 522 1903 576 etiamsi
1918 525 2112 578 nullus

417 615 566 666 esset
592 609 930 682 proditionis
968 613 1175 677 metus,
1211 608 1337 681 quis
1372 613 1567 680 posset
1591 610 1981 666 damnandum
2027 611 2110 666 of-

417 700 567 756 ferre
598 698 884 770 episcopo,
917 697 1019 770 qui
1056 697 1135 751 sic
1176 701 1520 768 priecaverat
1550 714 1622 752 ne
1655 701 2062 771 agnosceretur
2085 702 2114 754 ?

419 789 592 854 Quasi
629 803 763 842 vero
797 802 914 840 non
962 801 1161 840 omnes
1205 785 1356 840 idem
1387 786 1606 841 crimen
1634 787 1920 844 involutos
1951 792 2110 843 tene-

420 877 538 946 bat,
555 876 655 947 qui
675 874 844 929 simul
864 873 1105 944 ingressi
1129 877 1310 930 erant.
1337 875 1477 929 Nam
1503 875 1768 931 omnibus
1787 877 2114 947 petulanter

415 963 737 1037 jocantibus
763 963 995 1016 lucerna
1023 961 1299 1017 exstincta
1325 963 1635 1035 placuerat.

487 1057 549 1108 7t
564 1093 578 1107 .
611 1051 1042 1123 Suspicionibus
1060 1068 1190 1108 vero
1215 1052 1408 1124 januae
1429 1057 1660 1125 quantae
1679 1052 2111 1124 aperiebantur,

415 1157 548 1198 cum
566 1156 664 1194 eos
689 1139 912 1195 invidos
933 1139 1383 1208 inveniebamus,
1413 1157 1544 1196 cum
1569 1157 1786 1206 avaros,
1815 1157 1947 1197 cum
1970 1158 2110 1214 epu-

417 1231 604 1286 larum
651 1228 1066 1300 exquisitarum
1096 1228 1473 1296 avidissimos,
1505 1245 1636 1283 cum
1666 1228 1726 1284 in
1758 1229 1971 1301 jurgiis
1999 1231 2110 1286 fre-

416 1316 845 1390 quentissimos,
883 1331 1017 1370 cum
1064 1317 1133 1370 de
1178 1316 1350 1372 re’bus
1397 1316 1620 1388 exiguis
1659 1317 2112 1374 mobilissimos?

417 1408 542 1462 Non
556 1405 758 1477 utique
775 1403 1198 1460 arbitrabamur
1209 1419 1306 1459 eos
1317 1408 1641 1476 temperare
1653 1422 1835 1476 posse,
1854 1423 1886 1461 a
1899 1407 2109 1478 quibus

417 1510 476 1551 se
513 1499 834 1565 temperare
862 1492 1302 1564 profitebantur,
1333 1493 1562 1565 quando
1596 1494 1836 1550 latibula
1865 1499 1920 1550 et
1947 1500 2108 1550 tene-

415 1585 546 1640 bras
564 1582 904 1638 invenirent.
931 1583 1054 1646 Duo
1076 1581 1312 1653 quidam
1333 1586 1495 1637 erant
1517 1581 1954 1638 existimationis
1975 1584 2110 1638 satis

417 1671 605 1738 bonae,
629 1670 778 1726 facili
797 1670 1054 1743 ingenio,
1078 1675 1250 1743 atque
1276 1670 1338 1726 in
1358 1670 1470 1726 illis
1491 1671 1610 1726 suis
1629 1671 2109 1743 disputationibus

416 1759 724 1831 principes,
759 1758 924 1813 nobis
955 1759 1202 1830 amplius
1231 1775 1404 1831 quam
1434 1760 1625 1815 caeteri
1653 1760 2107 1833 familiariusque

415 1847 723 1920 conjuncti.
749 1848 1000 1912 Quorum
1021 1865 1168 1902 unus
1189 1848 1288 1920 qui
1311 1853 1543 1920 propter
1563 1849 1750 1904 studia
1771 1849 1946 1905 etiam
1973 1850 2110 1906 libe-

413 1935 557 1992 ralia
586 1935 752 1990 nobis
779 1935 988 1990 arctius
1021 1935 1366 2002 adhaerebat,
1407 1936 1498 1990 hic
1533 1953 1686 1991 nunc
1724 1936 1802 1992 ibi
1831 1953 1953 1992 esse
1981 1953 2108 2008 pre-

415 2024 608 2095 sbyter
627 2023 944 2094 dicitur.:Hi
963 2023 1071 2078 sibi
1090 2023 1701 2096 graviterinvidebant,
1724 2029 1781 2080 et
1800 2025 2108 2097 objiciebat

413 2113 558 2168 alter
585 2112 770 2180 alteri,
809 2128 929 2166 non
960 2113 1317 2168 accusatione
1349 2114 1667 2181 manifesta,
1712 2115 1811 2170 sed
1846 2129 2108 2169 sermone

415 2201 568 2272 apud
603 2216 746 2272 quos
775 2204 999 2272 poterat
1038 2205 1096 2256 et
1123 2201 1390 2265 susurris,
1426 2203 1496 2258 ab
1524 2218 1591 2258 eo
1625 2202 1903 2258 violenter
1931 2207 2108 2257 atten-

413 2293 591 2345 tatam
621 2289 920 2360 cujusdam
949 2288 1226 2344 auditoris
1246 2306 1506 2345 uxorem.
1538 2291 1637 2345 Ille
1667 2295 1860 2346 autem
1885 2307 1944 2346 se
1973 2307 2108 2362 pur-

414 2394 574 2451 gans,
601 2377 831 2433 interim
853 2378 1002 2450 apud
1026 2395 1130 2433 nos
1149 2378 1324 2433 alium
1345 2379 1601 2450 ejusdem
1615 2378 1841 2435 sceleris
1861 2380 2104 2434 electum

415 2466 844 2532 criminabatur,
860 2465 958 2538 qui
971 2467 1124 2538 apud
1142 2467 1410 2522 eumdem
1427 2467 1768 2534 auditorem,
1787 2467 1950 2538 quasi
1967 2467 2106 2522 ami-

414 2571 514 2610 cus
533 2554 843 2609 ﬁdissimus
863 2554 1188 2609 habitabat:
1212 2571 1385 2626 quem
1405 2554 1676 2626 quoniam
1699 2555 1886 2610 subito
1913 2555 2106 2627 ingre-

415 2643 578 2699 diens
607 2658 734 2696 cum
768 2643 1004 2697 muliere
1037 2643 1510 2713 deprehenderat,
1543 2643 1765 2698 dicebat
1794 2644 2021 2698 mulieri
2050 2649 2108 2700 et

415 2732 676 2787 adultero
701 2731 771 2786 ab
801 2731 899 2786 illo
921 2730 1156 2786 inimico
1181 2736 1353 2803 atque
1375 2731 1565 2786 invido
1585 2731 1884 2786 consilium
1907 2733 2102 2788 datum

415 2824 477 2875 ut
503 2821 602 2874 illa
630 2819 737 2875 sibi
767 2821 1112 2874 conﬂaretur
1136 2819 1441 2887 calumnia,
1470 2835 1544 2874 ne
1573 2820 1621 2874 si
1650 2821 1787 2892 quid
1813 2822 2103 2892 proderet,

415 2909 760 2964 crederetur.
797 2909 1164 2980 Angebamur
1191 2924 1320 2979 nos,
1361 2912 1417 2964 et
1453 2908 1852 2964 molestissime
1880 2909 2102 2964 fereba-

413 3014 562 3064 mus,
585 2998 738 3069 quod
757 2997 981 3052 etiamsi
1007 2997 1076 3052 de
1105 2998 1359 3068 appetita
1387 2997 1626 3052 muliere
1652 2998 1932 3054 incertum
1960 3004 2100 3067 erat,

413 3085 562 3142 livor
595 3089 788 3140 tamen
835 3085 895 3140 in
932 3085 1044 3140 illis
1074 3085 1318 3152 duobus,
1349 3085 1556 3157 quibus
1586 3087 1852 3142 meliores
1879 3087 1960 3142 ibi
1987 3103 2102 3143 non

413 3174 862 3240 inveniebamus,
902 3174 1214 3247 apparebat
1241 3173 1571 3241 acerrimus,
1604 3179 1661 3230 et
1685 3175 1796 3231 alia
1823 3175 2102 3248 conjicere

411 3264 668 3336 cogebat.

481 3356 573 3407 72.
607 3354 899 3406 Postremo
943 3351 1002 3406 in
1049 3349 1288 3406 theatris
1327 3350 1556 3419 electos,
1606 3355 1664 3407 et
1709 3355 1896 3418 aetate,
1944 3356 1998 3408 et
2038 3356 2104 3407 ut

413 3441 768 3507 videbantur,
802 3439 1060 3496 moribus
1082 3455 1303 3511 graves,
1326 3456 1456 3495 cum
1478 3455 1613 3496 sene
1639 3441 1972 3513 presbytero
1996 3458 2103 3497 saa-

411 3529 643 3602 pissime
664 3528 1005 3584 invenimus.
1029 3527 1240 3584 Omitto
1261 3529 1521 3600 juvenes,
1549 3545 1691 3601 quos
1715 3529 1888 3586 etiam
1910 3530 2100 3585 rixan-

413 3622 496 3673 tes
524 3633 629 3690 pro
672 3617 904 3672 scenicis
943 3620 1000 3673 et
1035 3616 1249 3689 aurigis
1291 3618 1719 3688 deprehendere
1755 3619 2098 3689 solebamus,

415 3722 546 3778 qua:
567 3722 656 3760 res
675 3721 790 3760 non
811 3705 1082 3760 mediocri
1104 3711 1444 3777 argumento
1467 3710 1550 3761 est
1568 3708 1860 3779 quomodo
1887 3725 1946 3763 se
1971 3726 2100 3780 pos-

415 3794 530 3849 sint
557 3794 850 3849 continere
870 3794 940 3849 ab
965 3793 1218 3859 occultis,
1248 3810 1377 3849 cum
1401 3811 1528 3849 eam
1547 3796 1919 3868 cupiditatem
1940 3814 2103 3871 supe-

418 3900 544 3938 rare
570 3900 685 3938 non
715 3882 956 3954 possint,
987 3899 1116 3952 quae
1153 3882 1282 3938 illos
1310 3884 1634 3940 auditorum
1659 3902 1893 3942 suorum
1923 3887 2104 3942 oculis

411 3975 679 4038 ostentat,
723 3975 780 4026 et
807 3969 1001 4042 prodit
1028 3969 1426 4027 erubescentes
1456 3977 1627 4045 atque
1657 3973 1983 4045 fugitantes.
2014 3977 2100 4030 An

413 4076 545 4114 vero
586 4058 739 4112 illius
779 4058 952 4113 etiam
983 4059 1182 4127 sancti,
1214 4060 1281 4115 ad
1313 4061 1474 4133 cujus
1504 4061 1915 4133 disputationes
1946 4061 2006 4117 in
2035 4063 2105 4118 ti-

412 4147 699 4202 cariorum
725 4145 913 4200 vicum
937 4145 1372 4216 ventitabamus,
1395 4152 1619 4204 tantum
1649 4150 1792 4204 illun
1820 4138 2102 4222 flagitium

411 4235 771 4308 proderetur,
793 4234 841 4288 si
861 4234 1140 4307 virginem
1161 4236 1654 4294 sanctimonialem
1667 4239 1967 4294 mulierem
1986 4244 2101 4295 tan-

413 4329 562 4390 tum,
593 4339 707 4378 non
737 4326 793 4378 et
818 4328 1215 4394 praegnantem
1243 4325 1427 4381 facere
1447 4327 1767 4398 potuisset?
1795 4329 1902 4384 Sed
1924 4330 2104 4384 occul-

413 4428 542 4467 sum
571 4416 630 4467 et
660 4411 993 4468 incredibile
1022 4413 1238 4468 malum
1269 4429 1526 4469 crescens
1563 4420 1756 4471 uterus
1785 4417 1959 4472 latere
1989 4435 2102 4472 non

412 4517 613 4574 passus
635 4504 744 4584 est.
776 4501 941 4566 Quod
968 4517 1100 4556 cum
1125 4506 1307 4557 mater
1330 4503 1491 4558 fratri
1510 4503 1710 4575 juveni
1737 4504 2100 4576 prodidisset,

413 4587 688 4644 acerrime
718 4589 935 4657 dolens,
965 4589 1256 4662 religionis
1284 4596 1477 4647 tamen
1507 4593 1740 4649 nomine
1771 4594 1839 4648 ab
1877 4609 2100 4648 accusa-

413 4676 571 4732 tione
613 4677 840 4748 publica
870 4682 1163 4733 revocatus
1202 4683 1322 4749 est;
1355 4681 1706 4754 perfecitque
1743 4685 1806 4736 ut
1835 4681 1931 4737 ille
1963 4677 2102 4754 (non

413 4765 571 4820 enim
599 4765 706 4821 hoc
733 4766 880 4820 ferre
909 4767 1214 4839 quisquam
1246 4770 1455 4842 posset)
1487 4771 1557 4825 de
1589 4771 1686 4825 illa
1713 4771 1948 4826 ecclesia
1973 4772 2098 4842 pel-

413 4854 667 4909 leretur:
699 4858 756 4909 et
783 4869 854 4908 ne
888 4854 1173 4925 impunita
1203 4873 1294 4912 res
1323 4858 1561 4913 omnino
1592 4864 1756 4922 esset,
1790 4859 1941 4930 cepit
1963 4875 2099 4913 con-

413 4941 628 5009 silium,
681 4947 743 4997 ut
790 4943 1069 5014 adjunctis
1119 4945 1229 5001 sibi
1277 4947 1496 5018 amicis,
1542 4947 1836 5003 hominem
1893 4947 2102 5018 pugnis

412 5031 774 5103 calcibusque
814 5033 1153 5088 concideret.
1193 5037 1266 5090 At
1295 5036 1391 5091 ille
1419 5052 1550 5091 cum
1590 5036 1838 5107 graviter
1864 5037 2104 5090 caedere-

413 5123 526 5185 tur,
559 5119 860 5187 clamabat,
891 5125 956 5176 ut
985 5121 1091 5176 sibi
1121 5138 1188 5178 ex
1218 5123 1553 5180 auctoritate
1585 5123 1879 5178 Manicbaei
1911 5137 2102 5193 parce-

410 5213 588 5276 retur,
621 5210 799 5265 Adam
833 5209 1085 5282 primum
1110 5212 1342 5269 heroem
1371 5213 1709 5286 peccavisse,
1741 5218 1798 5269 et
1825 5217 1956 5284 post
1975 5228 2103 5285 pec-

409 5302 601 5352 catum
631 5298 799 5353 fuisse
826 5299 1188 5357 sanctiorem.

479 5389 570 5442 '73.
601 5386 748 5442 Talis
777 5393 863 5442 est
900 5405 1149 5461 namque
1183 5389 1336 5461 apud
1377 5406 1476 5445 vos
1505 5390 1700 5460 opinio
1732 5391 1800 5446 de
1830 5391 2012 5447 Adam
2045 5397 2104 5449 et

381 5475 559 5529 'Eva:
592 5475 760 5545 longa
790 5475 980 5532 fabula
1012 5483 1117 5542 est,
1148 5478 1246 5533 sed
1272 5489 1338 5532 ex
1368 5494 1436 5533 ea
1461 5479 1518 5533 id
1543 5479 1823 5551 attingam
1856 5483 2009 5552 quod
2041 5481 2100 5536 in

412 5562 718 5633 praesentia
755 5563 890 5618 satis
915 5568 1019 5621 est.
1054 5566 1233 5622 Adam
1264 5566 1450 5622 dicitis
1472 5566 1552 5623 sic
1573 5585 1607 5624 a
1628 5569 1962 5641 parentibus
1986 5571 2102 5626 suis

1025 309 1118 365 DE
1157 307 1468 367 MORIBUS
1505 307 2074 379 MANICHIEORUM,
2115 313 2170 369 S.
2222 311 2596 373 AUGUSTINI
2638 311 2850 370 LIBER
2891 309 3277 369 SECUNDUS.

3789 315 3943 367 i376

2225 436 2509 509 genitum,
2557 433 2825 490 abortivis
2866 433 2976 490 illis
3019 431 3810 506 principibus,tenebrarum,
3873 437 3944 486 ut

2221 525 2529 580 maximam
2558 527 2778 596 partem
2808 522 2950 577 lucis
2973 523 3207 578 haberet
3235 523 3294 576 in
3325 522 3518 577 anima
3545 524 3587 590 ί,
3618 525 3676 576 et
3697 521 3938 593 perexi-

2220 630 2390 686 guam
2415 613 2599 685 gentis
2628 613 2896 667 adversm.
2931 612 3038 677 Qui
3067 627 3198 667 eum
3228 614 3418 666 sancte
3439 611 3655 667 viveret
3683 614 3940 683 propter

2219 706 2651 774 exsuperantem
2687 700 2912 770 copiam
2947 700 3108 767 boni,
3139 703 3485 754 commotam
3512 703 3710 754 tamen
3750 699 3818 754 in
3854 714 3930 754 eo

2219 790 2391 846 fuisse
2423 791 2714 846 adversam
2745 789 2900 844 illam
2932 793 3174 861 partem,
3203 794 3268 844 ut
3297 789 3365 843 ad
3403 788 3777 844 concubitum
3811 788 3926 842 de-

2219 879 2561 934 clinaretur:
2594 877 2674 933 ita
2713 895 2846 934 eum
2877 879 3099 950 lapsum
3137 893 3263 932 esse
3284 880 3454 948 atque
3484 893 3773 947 peccasse,
3820 876 3934 930 sed

2219 968 2420 1022 vixisse
2438 971 2632 1040 postea
2653 967 3017 1023 sanctiorem.
3051 967 3148 1021 Hic
3163 982 3270 1038 ego
3291 982 3405 1020 non
3425 970 3543 1020 tam
3565 966 3635 1020 de
3659 979 3936 1036 nequam

2217 1055 2450 1110 homine
2487 1072 2825 1127 conqueror,
2859 1055 2957 1127 qui
2987 1059 3183 1126 stupro
3214 1054 3432 1110 nefario
3465 1053 3712 1108 alienam
3744 1052 3932 1108 fami-

2218 1143 2354 1197 liam
2375 1142 2416 1207 ³,
2450 1144 2554 1198 sub
2584 1143 2785 1198 habitu
2812 1143 2973 1198 electi
3011 1147 3067 1197 et
3104 1143 3282 1197 sancti
3312 1141 3418 1196 viri
3448 1142 3517 1196 ad
3552 1145 3781 1196 tantum
3817 1140 3932 1195 de-

2218 1231 2386 1286 decus
2422 1231 2832 1302 infamiamque
2870 1230 3150 1302 perduxit.
3193 1232 3316 1285 Non
3352 1231 3460 1285 hoc
3485 1229 3647 1284 vobis
3677 1229 3934 1300 objicio.

2219 1320 2412 1375 Fuerit
2433 1321 2538 1375 hoc
2566 1319 2818 1376 hominis
2846 1318 3217 1391 perditissimi
3245 1318 3440 1390 potius
3471 1334 3644 1389 quam
3685 1333 3940 1372 consue-

2217 1407 2430 1463 tudinis
2463 1413 2685 1464 vcstraa.
2718 1410 2843 1464 Non
2873 1408 3028 1462 enim
3060 1411 3284 1462 tantum
3320 1406 3604 1477 flagitium
3635 1405 3696 1460 in
3727 1405 3934 1474 vobis,

2217 1497 2313 1552 sed
2334 1497 2393 1551 in
2412 1497 2510 1552 illo
2539 1514 2735 1568 arguo.
2763 1497 2908 1552 Illud
2929 1500 3124 1551 tamen
3150 1496 3210 1550 in
3236 1495 3506 1550 omnibus
3524 1494 3690 1550 vobis
3709 1509 3934 1566 quem-

2216 1585 2527 1640 admodum
2571 1585 2708 1640 ferri
2751 1589 2806 1639 et
2849 1583 3079 1639 tolerari
3109 1583 3286 1655 possit
3328 1583 3550 1655 ignoro,
3586 1582 3745 1654 quod
3787 1597 3932 1636 cum

2217 1673 2471 1728 animam
2494 1678 2714 1746 partem
2742 1673 2840 1729 Dei
2861 1689 2981 1728 esse
3005 1673 3223 1740 dicatis,
3254 1671 3504 1726 asseritis
3525 1675 3721 1727 tamen
3740 1670 3934 1725 etiam

2217 1762 2422 1834 exiguo
2451 1761 2701 1818 admixto
2746 1762 2917 1831 malo,
2949 1761 3224 1832 majorem
3263 1760 3387 1832 ejus
3423 1759 3648 1830 copiam
3688 1759 3933 1813 uberta-

2216 1855 2445 1922 temque
2484 1849 2760 1922 superari.
2809 1849 2945 1915 Quis
2985 1849 3140 1904 enim
3184 1864 3316 1903 cum
3346 1849 3454 1903 hoc
3490 1846 3830 1915 crediderit,
3869 1852 3932 1902 et

2217 1954 2351 1995 eum
2379 1938 2552 1993 libido
2582 1938 2910 2010 pulsaverit,
2938 1953 3056 1992 non
3085 1936 3156 1991 ad
3187 1937 3360 1991 talem
3388 1935 3785 1991 defensionem
3818 1951 3902 2006 po

2216 2028 2348 2096 tius,
2392 2043 2562 2099 quam
2602 2027 2726 2098 ejus
2763 2025 3019 2083 libidinis
3043 2026 3486 2082 refrenationem
3529 2023 3924 2097 compressio.

2216 2132 2464 2187 nemque
2493 2115 2832 2187 confugiat?

2216 2205 2439 2261 CAPUT
2475 2207 2580 2260 XX.
2614 2235 2676 2244 —
2719 2205 2959 2273 Flagitia
2995 2202 3297 2258 earumdem
3332 2203 3510 2258 Romae
3553 2201 3922 2272 deprehensa.

2283 2296 2370 2349 74.
2408 2293 2554 2360 Quid
2597 2292 2843 2364 amplius
2882 2292 3067 2347 dicam
3105 2293 3174 2347 de
3215 2291 3468 2346 moribus
3497 2290 3746 2346 vestris?
3789 2289 3927 2346 Dixi

2215 2397 2345 2453 quae
2385 2380 2504 2452 ipse
2532 2379 2931 2451 compererim,
2963 2394 3094 2433 cum
3133 2378 3192 2432 in
3223 2393 3292 2432 ea
3321 2393 3503 2432 essem
3540 2377 3772 2432 civitate
3814 2376 3924 2431 ubi

2215 2469 2324 2525 ista
2363 2468 2666 2524 commissa
2710 2472 2860 2522 sunt.
2898 2469 3093 2522 Romae
3143 2471 3336 2521 autem
3378 2482 3468 2520 me
3506 2466 3743 2520 absente
3773 2465 3922 2537 quid

2215 2562 2437 2630 gestum
2466 2557 2556 2625 sit,
2583 2561 2769 2612 totum
2797 2556 3034 2627 longum
3065 2559 3150 2610 est
3170 2553 3471 2626 explicare.
3499 2553 3696 2608 Dicam
3719 2558 3922 2608 tamen

2214 2646 2392 2702 brevi.
2425 2647 2499 2701 Eo
2529 2645 2680 2700 enim
2717 2659 2808 2698 res
2842 2643 3050 2714 erupit,
3082 2646 3146 2696 ut
3174 2643 3394 2696 occulta
3423 2657 3543 2696 esse
3568 2657 3688 2696 non
3713 2643 3924 2713 posset

2214 2735 2576 2790 absentibus:
2605 2737 2662 2788 et
2687 2749 2792 2804 ego
2823 2734 3058 2806 quidem
3096 2735 3292 2804 postea
3315 2732 3512 2786 Romae
3541 2746 3672 2785 cum
3700 2746 3914 2797 essem,

2213 2824 2405 2880 omnia
2429 2839 2562 2878 vera
2583 2838 2672 2878 me
2694 2822 2920 2878 audisse
2943 2820 3166 2876 firmavi
3191 2837 3204 2888 ;
3235 2819 3496 2891 quamvis
3515 2823 3634 2873 tam
3665 2818 3920 2873 familia-

2211 2913 2290 2968 ris
2305 2917 2361 2968 et
2379 2912 2521 2968 mihi
2542 2912 2832 2984 probatus,
2856 2910 2954 2983 qui
2968 2925 3220 2982 praesens
3241 2912 3380 2976 erat,
3407 2908 3478 2962 ad
3498 2924 3590 2962 me
3619 2923 3746 2962 rem
3778 2923 3921 2978 per-

2210 3003 2438 3069 tulerat,
2466 3005 2533 3056 ut
2553 3001 2790 3056 omnino
2812 3000 3073 3056 dubitare
3088 3014 3208 3053 non
3225 3013 3455 3069 possem
3503 2998 3644 3050 Nam
3662 2996 3911 3068 quidam

2209 3094 2393 3146 vester
2429 3089 2674 3158 auditor,
2723 3089 2786 3144 in
2823 3088 2923 3143 illa
2952 3085 3311 3142 memorabili
3341 3084 3687 3139 abstinentia
3714 3084 3940 3139 nihilo~

2211 3179 2403 3235 electis
2441 3179 2665 3246 cedens,
2711 3176 2812 3248 qui
2848 3181 2907 3231 et
2946 3175 3258 3231 liberaliter
3298 3172 3596 3227 institutus
3635 3177 3811 3239 esset,
3852 3176 3909 3226 et

2209 3273 2453 3323 vestram
2492 3271 2701 3322 sectam
2741 3265 2968 3338 copiose
3007 3265 3177 3319 vellet
3223 3265 3280 3316 et
3321 3262 3527 3317 soleret
3569 3261 3912 3325 defendere,

2210 3353 2606 3411 molestissime
2643 3354 2858 3408 ferebat
2894 3352 3049 3424 quod
3093 3351 3146 3406 ei
3187 3367 3324 3422 vage
3355 3348 3714 3422 pessimeque
3748 3350 3920 3404 habi-

2209 3443 2451 3499 tantium
2481 3442 2805 3514 passimque
2825 3439 3129 3495 viventium
3163 3440 3476 3494 electorum
3498 3454 3688 3492 mores
3709 3438 3916 3509 perdi-

2208 3530 2413 3587 tissimi
2432 3548 2582 3603 saepe
2602 3528 2914 3602 disputanti
2935 3527 3369 3600 objiciebantur.
3396 3527 3673 3598 Cupiebat
3687 3527 3916 3599 itaque,

2210 3619 2259 3674 si
2286 3620 2409 3675 fieri
2437 3623 2647 3691 posset,
2677 3635 2876 3674 omnes
2905 3617 3004 3691 qui
3033 3617 3342 3672 secundum
3383 3616 3480 3670 illa
3509 3621 3804 3687 praecepta
3835 3616 3919 3670 vi-

2210 3713 2328 3764 tam
2345 3710 2550 3781 degere
2570 3708 2753 3780 parati
2773 3711 2980 3774 essent,
3003 3721 3350 3778 congregare
3371 3704 3433 3759 in
3455 3705 3693 3759 domum
3713 3722 3913 3771 suam,

2212 3802 2268 3854 et
2297 3798 2412 3852 suis
2436 3797 2757 3870 sumptibus
2784 3795 3082 3852 sustinere.
3115 3797 3245 3850 Erat
3273 3793 3427 3848 enim
3457 3797 3515 3848 et
3533 3809 3649 3848 non
3677 3794 3917 3850 medio-

2210 3887 2321 3941 cris
2347 3887 2607 3959 pecunia:
2627 3889 3005 3958 contemptor,
3033 3888 3226 3940 etnon
3249 3881 3611 3938 mediocriter
3630 3883 3916 3955 pecunio-

2211 3992 2326 4030 sus.
2357 3976 2712 4040 Querebatur
2741 3979 2931 4030 autem
2969 3971 3239 4045 impediri
3278 3976 3464 4027 tantos
3495 3975 3734 4026 conatus
3769 3989 3917 4026 suos

2212 4061 2612 4134 episcoporum
2633 4062 3020 4130 dissolutione,
3051 4061 3258 4134 quibus
3281 4059 3684 4131 adjuvantibus
3706 4058 3917 4132 imple-

2214 4167 2274 4205 re
2304 4150 2563 4206 debebat.
2615 4152 2839 4206 Interea
2871 4154 3056 4206 vester
3099 4149 3400 4221 episcopus
3441 4146 3696 4219 quidam,
3733 4148 3918 4204 homo

2211 4241 2401 4312 plane,
2421 4243 2484 4295 ut
2508 4239 2630 4312 ipse
2649 4245 2916 4312 expertus
2939 4255 3086 4307 sum,
3116 4237 3436 4292 rusticanus
3465 4241 3638 4308 atque
3668 4235 3916 4308 impoli-

2211 4335 2323 4400 tus,
2353 4330 2452 4384 sed
2489 4329 2680 4384 nescio
2727 4330 3016 4402 quomodo
3063 4345 3130 4383 ea
3167 4327 3290 4398 ipsa
3328 4325 3540 4381 duritia
3569 4325 3826 4381 severior
3855 4327 3916 4381 in

2211 4418 2598 4474 custodiendis
2610 4417 2774 4472 bonis
2790 4418 3046 4472 moribus
3063 4415 3372 4469 videbatur.
3399 4415 3559 4468 Hunc
3581 4412 3916 4470 diutissime

2211 4507 2596 4564 desideratum
2633 4510 2690 4560 et
2717 4505 3027 4578 aliquando
3056 4505 3396 4576 praesentem
3424 4500 3626 4571 arripit
3652 4499 3784 4569 iste,
3821 4521 3916 4560 ex-

2211 4596 2375 4668 ponit
2402 4595 2624 4650 homini
2650 4595 2995 4650 voluntatem
3020 4607 3208 4648 suam:
3238 4589 3432 4646 laudat
3451 4588 3548 4642 ille
3577 4593 3748 4660 atque
3779 4609 3918 4648 con-

2211 4685 2402 4752 sentit,
2432 4685 2618 4755 placet
2636 4687 2699 4739 ut
2726 4683 2786 4738 in
2815 4683 2987 4738 domo
3015 4681 3138 4753 ejus
3162 4679 3319 4750 prior
3341 4678 3463 4749 ipse
3486 4677 3722 4749 incipiat
3745 4680 3915 4737 habi-

2209 4778 2350 4829 tare.
2395 4774 2553 4840 Quod
2584 4773 2684 4829 ubi
2713 4773 2922 4828 factum
2955 4775 3057 4835 est,
3109 4785 3176 4824 eo
3210 4768 3544 4839 congregati
3575 4773 3710 4823 sunt
3737 4771 3912 4826 electi

2211 4879 2429 4928 omnes,
2461 4863 2560 4935 qui
2608 4864 2802 4919 Roma:
2846 4877 2968 4916 esse
2998 4861 3326 4931 potuerunt.
3364 4857 3651 4929 PrOposita
3693 4862 3782 4912 est
3821 4860 3913 4914 vi-

2211 4951 2378 5007 vendi
2396 4953 2597 5023 regula
2617 4952 2686 5006 de
2709 4949 2998 5006 Manichaei
3019 4947 3259 5019 epistola
3281 4960 3294 5000 :
3319 4946 3518 5001 multis
3542 4946 3909 5003 intolerabile

2211 5040 2393 5095 visum
2421 5045 2534 5108 est;
2567 5042 2955 5095 abscesserunt
2981 5054 2994 5092 :
3030 5040 3431 5092 remanserunt
3457 5039 3651 5090 tamen
3682 5037 3907 5105 pudore

2211 5144 2329 5184 non
2359 5128 2546 5200 pauci.
2579 5127 2761 5197 Coepit
2783 5126 2864 5180 ita
2886 5125 2996 5180 vivi
3015 5128 3078 5179 ut
3092 5124 3401 5196 placuerat,
3426 5127 3482 5177 et
3506 5127 3568 5176 ut
3587 5127 3746 5177 tanta
3763 5141 3907 5195 pra:-

2211 5217 2489 5272 scribebat
2515 5215 2858 5271 auctoritas:
2891 5230 3021 5269 cum
3061 5211 3291 5267 interim
3332 5211 3562 5266 auditor
3606 5210 3701 5266 ille
3731 5214 3904 5268 vehe-

2210 5309 2435 5362 menter
2459 5319 2657 5360 omnes
2685 5303 2757 5358 ad
2783 5302 2976 5358 omnia
3003 5304 3256 5374 cogeret,
3290 5299 3578 5356 neminem
3608 5303 3801 5354 tamen
3833 5301 3904 5356 ad

2278 5457 2290 5490 ι
2324 5453 2448 5503 Mss.
2485 5465 2646 5517 prope
2690 5464 2873 5502 omnes
2917 5450 3133 5511 habent,
3164 5450 3214 5500 in
3261 5451 3539 5509 animam,-
3569 5448 3623 5498 id
3660 5453 3759 5508 est,
3799 5463 3901 5516 pro

2213 5519 2417 5628 “3‘35;
2433 5578 2554 5628 Mss.
2585 5577 2848 5642 potiores;
2877 5577 2966 5627 alii
2997 5579 3055 5626 ut
3084 5576 3134 5625 in
3161 5575 3309 5633 sua,
3341 5573 3617 5637 famulam.
