4056 6380
81 349 200 401 137⁸7

77 467 124 520 id
151 463 301 536 quod
321 478 438 518 non
457 462 622 533 prior
649 461 772 533 ipse
801 461 1132 534 susciperet.
1165 465 1392 520 Interea
1420 465 1559 520 rixas
1607 465 1760 520 inter

78 554 264 608 electos
307 552 639 608 oriebantur
684 551 1067 622 creberrimae,
1097 553 1515 625 objiciebantur
1551 555 1620 609 ab
1668 555 1758 608 in-

79 643 240 697 vicem
267 641 530 708 crimina,
563 657 694 713 quae
728 641 824 695 ille
854 641 1051 696 omnia
1080 658 1318 714 gemens
1348 643 1633 710 audiebat,
1666 643 1762 698 da-

80 731 270 802 batque
303 746 542 800 operam
586 735 651 784 ut
679 729 896 800 seipsos
940 730 1002 784 in
1047 731 1339 802 jurgando
1369 731 1758 786 incautissime

77 820 398 890 proderent:
434 817 755 889 prodebant
784 819 1029 874 nefanda
1055 823 1110 874 et
1132 819 1427 874 immania.
1463 820 1544 874 lbi
1575 820 1764 890 cogni-

80 914 189 964 tum
218 913 302 962 est
328 907 526 979 quales
575 911 782 976 essent,
816 908 915 979 qui
955 911 1148 962 tamen
1206 909 1358 963 inter
1386 914 1617 963 caeteros
1647 909 1758 964 vim

79 1000 477 1067 praeceptorum
499 996 726 1051 illorum
754 996 1110 1051 subeundam
1129 995 1236 1050 sibi
1257 1013 1378 1052 esse
1391 1002 1756 1070 putaverunt.

77 1086 185 1138 lam
225 1084 293 1138 de
326 1083 548 1138 caeteris
579 1083 716 1155 quid
746 1084 1153 1154 suspicandum
1185 1089 1324 1152 erat,
1360 1089 1458 1140 aut
1487 1085 1624 1156 quid
1658 1103 1760 1156 po-

80 1173 177 1228 tius
197 1172 570 1244 judicandum
592 1173 619 1226 Τ
648 1172 792 1238 Quid
821 1174 1036 1244 plura?
1065 1173 1576 1244 Coactialiquando
1599 1190 1762 1228 mur-

79 1265 433 1316 muraverunt
453 1261 720 1316 sustineri
741 1262 839 1316 illa
859 1262 1129 1316 mandata
1166 1279 1284 1316 non
1321 1279 1489 1333 posse
1512 1278 1526 1316 :
1551 1262 1685 1318 inde
1700 1263 1762 1317 in

80 1349 399 1404 seditionem
414 1392 427 1406 .
457 1351 677 1422 Agebat
695 1351 922 1405 auditor
939 1366 1169 1405 causam
1191 1367 1352 1405 suam
1371 1351 1762 1422 complexione

78 1437 413 1505 brevissima,
445 1444 546 1492 aut
592 1439 691 1494 illa
724 1439 918 1494 omnia
946 1455 1068 1494 esse
1099 1441 1392 1503 servanda,
1447 1443 1545 1494 aut
1596 1439 1760 1494 illum

79 1525 166 1598 qui
187 1526 317 1581 talia
362 1527 468 1582 sub
500 1527 602 1581 tali
631 1527 958 1582 conditione
988 1528 1366 1600 praecepisset,
1413 1544 1540 1600 quae
1571 1529 1763 1583 nullus

75 1619 246 1685 posset
269 1614 536 1686 implere,
572 1616 976 1671 stultissimum
1008 1617 1472 1672 existimandum.
1509 1617 1653 1671 Vicit
1678 1621 1761 1671 ta-

80 1719 216 1772 men,
242 1720 362 1758 non
393 1703 549 1758 enim
578 1705 746 1760 aliter
770 1708 1013 1776 poterat,
1036 1705 1209 1760 unius
1229 1705 1570 1761 sententiam
1602 1706 1764 1761 effre—

78 1791 389 1847 natissimus
421 1792 680 1864 plurium
712 1794 1000 1864 strepitus.
1036 1795 1239 1848 Postea
1253 1793 1424 1848 etiam
1441 1794 1563 1864 ipse
1593 1794 1762 1848 cessit

79 1879 380 1952 episcopus,
404 1886 602 1936 etcum
620 1898 829 1953 magno
848 1882 1126 1937 dedecore
1156 1882 1411 1953 aufugit:
1436 1883 1597 1953 cujus
1627 1898 1760 1954 sane

78 1969 172 2024 cibi
196 1975 409 2041 praeter
435 1972 702 2042 regulam
729 1971 986 2025 clanculo
1018 1971 1252 2042 accepti,
1282 1975 1338 2024 et
1366 1987 1514 2042 saepe
1545 1970 1762 2025 inventi

80 2057 407 2127 ferebantur,
439 2075 571 2115 cum
604 2060 658 2114 ei
714 2060 784 2114 de
814 2060 1048 2131 proprio
1087 2060 1308 2115 sacculo
1332 2059 1638 2130 diligenter
1674 2075 1763 2114 oc-

1091 342 1148 398 S.
1189 341 1575 400 AUGUSTINI
1615 341 1908 400 REGULA
1947 343 2046 399 AD
2084 343 2354 401 SERVOS
2379 307 2535 398 DEI.

3435 348 3573 401 13³78

1867 465 2113 536 vulgatis
2141 465 2312 520 rebus
2331 465 2627 522 obsistitis.
2660 464 2772 520 Sed
2805 465 3022 520 utinam
3044 465 3153 520 hoc
3176 465 3395 522 dicatis.
3424 467 3569 522 Cum

1869 553 2024 609 enim
2044 551 2160 607 sint
2187 553 2294 608 ista
2324 553 2644 622 manifesta,
2667 557 2723 607 et
2746 553 2818 608 iis
2848 553 2949 624 qui
2987 553 3132 608 scire
3163 554 3446 610 voluerint
3473 572 3571 610 co-

1869 642 2035 712 gnitu
2064 641 2356 709 facillima,
2385 641 2726 712 intelligitur
2755 658 2928 714 quam
2960 659 3094 697 vera
3131 643 3320 697 dicere
3350 644 3572 698 soleant

1870 731 1970 803 qui
2001 731 2125 785 haec
2153 747 2287 784 vera
2311 747 2431 784 esse
2457 732 2816 802 negaverint.
2850 732 2957 786 Sed
2991 731 3114 785 aliis
3144 732 3572 786 defensionibus

1871 819 2122 886 utimini,
2149 835 2292 890 quas
2322 835 2427 888 ego
2455 836 2568 874 non
2596 819 2879 890 improbo.
2903 823 3017 874 Aut
3044 819 3198 874 enim
3241 820 3430 874 dicitis
3461 820 3571 874 ali-

1870 925 2015 980 quos
2043 909 2142 978 qui
2172 913 2357 962 vestra
2377 912 2658 978 praecepta
2678 908 3017 975 custodiant,
3049 925 3154 963 nec
3201 925 3295 964 eos
3321 908 3569 963 aliorum

1871 996 2206 1051 criminibus
2225 997 2433 1050 debere
2448 996 2719 1066 perfundi
2741 1001 2869 1064 ;aut
2885 1013 3003 1051 non
3031 1001 3298 1067 oportere
3331 996 3570 1051 omnino

1871 1083 2051 1155 quaeri
2082 1085 2278 1155 quales
2316 1085 2429 1139 sint
2469 1083 2750 1150 homines,
2796 1084 2896 1156 qui
2923 1089 3166 1139 vestram
3201 1089 3410 1140 sectam
3440 1101 3570 1156 pro-

1869 1172 2124 1240 ﬁtentur,
2157 1175 2254 1228 sed
2286 1173 2472 1245 qualis
2498 1173 2572 1228 sit
2615 1173 2742 1243 ipsa
2795 1173 3094 1243 professio.
3149 1175 3405 1238 Quorum
3464 1189 3572 1245 ego

1871 1265 2179 1334 utrumque
2209 1278 2339 1316 cum
2370 1262 2653 1316 admisero
2702 1261 3056 1333 (quanquam
3103 1279 3207 1317 nec
3252 1263 3377 1317 illos
3429 1263 3572 1317 ﬁdos

1870 1351 2275 1405 mandatorum
2303 1351 2692 1406 observatores
2711 1350 3123 1416 demonstrare,
3141 1367 3244 1405 nec
3257 1351 3437 1422 ipsam
3451 1351 3574 1405 ba:-

1869 1439 2043 1493 resim
2094 1455 2127 1493 a
2155 1443 2239 1494 tot
2267 1445 2319 1494 et
2351 1439 2526 1493 tantis
2557 1439 2723 1510 nugis
2753 1443 2926 1510 atque
2966 1439 3274 1494 sceleribus
3325 1455 3574 1510 purgare

1869 1527 2133 1599 possitis),
2181 1528 2323 1583 illud
2364 1533 2556 1583 tamen
2589 1545 2621 1582 a
2651 1528 2810 1583 vobis
2862 1545 3211 1600 magnopere
3255 1528 3572 1600 requiram,

1869 1631 1971 1671 cur
2019 1615 2335 1670 maledictis
2365 1615 2721 1671 insectemini
2761 1617 3109 1671 Christianos
3148 1617 3413 1671 catholici
3468 1633 3573 1670 no-

1870 1704 2061 1772 minis,
2095 1706 2477 1776 quorumdam
2498 1705 2787 1759 intuentes
2800 1705 3080 1775 perditam
3102 1705 3278 1760 vitam
3303 1722 3315 1772 ;
3346 1721 3476 1760 cum
3500 1705 3570 1760 de

1869 1793 2072 1847 vestris
2090 1793 2420 1848 hominibus
2435 1793 2633 1847 haberi
2652 1793 3049 1864 quaestionem,
3081 1797 3182 1848 aut
3201 1794 3572 1864 impudenter

1867 1881 2156 1949 recusetis,
2213 1886 2310 1936 aut
2356 1881 2749 1952 impudentius
2779 1898 2895 1936 non
2943 1883 3234 1950 recusetis,
3267 1881 3565 1953 velitisque

1869 1969 2112 2041 intelligi
2141 1971 2202 2024 in
2231 1973 2387 2025 tanta
2424 1975 2609 2025 vestra
2654 1970 2938 2041 paucitate
2969 1971 3144 2026 latere
3179 1970 3371 2026 nescio
3400 1986 3566 2041 quos,

1870 2058 1970 2129 qui
1999 2075 2102 2113 sua
2132 2063 2415 2130 praecepta
2460 2059 2808 2127 custodiunt,
2866 2063 2924 2116 et
2951 2059 3010 2115 in
3056 2063 3217 2115 tanta
3264 2057 3567 2114 Catholicae

81 2149 270 2202 cultato
295 2149 544 2219 pecunia
572 2147 803 2220 copiosa
832 2152 1182 2218 suppeteret.
1871 2147 2244 2203 multitudine
2283 2163 2400 2202 non
2430 2147 2666 2202 velitis?

135 2240 220 2294 75.-
253 2238 384 2292 Haac
411 2236 459 2292 si
497 2236 640 2292 falsa
685 2253 808 2292 esse
861 2236 1065 2304 dicitis,
1099 2235 1274 2291 nimis
1303 2235 1516 2308 apertis
1546 2239 1601 2291 et
1628 2251 1761 2307 per-

1350 2455 2266 2562 ADMONITIO

588 2631 711 2699 DE.
743 2627 1154 2708 SEQUENTE
1201 2627 1522 2696 REGULA
1571 2628 1854 2696 SANCTI
1900 2631 2324 2699 AUGUSTINI
2374 2633 2481 2697 AD
2529 2633 2837 2703 SERVOS
2883 2635 3041 2702 DEI.

145 2768 264 2823 Haec
285 2768 491 2824 eadem
519 2769 739 2840 regula,
773 2785 902 2842 quae
933 2769 1198 2838 dictione,
1217 2768 1531 2833 sententiis,
1563 2770 2046 2841 praceptionibus
2059 2771 2291 2825 demum
2320 2771 2416 2842 pia
2441 2772 2799 2828 humanitate
2820 2774 3068 2829 conditis
3088 2779 3378 2831 auctorem
3398 2777 3575 2832 refert

85 2847 474 2918 Augustinum,
508 2853 688 2904 exstat
715 2848 776 2904 in
805 2849 1057 2920 Epistola
1085 2849 1477 2904 ducentesima
1505 2849 1828 2916 undecima,
1876 2851 2411 2905 Sanctimonialibus
2440 2852 2511 2906 ab
2533 2851 2656 2922 ipso
2686 2852 2912 2924 scripta.
2949 2855 3087 2909 Inde
3119 2871 3246 2909 eam
3279 2857 3347 2910 de
3377 2873 3570 2927 prom-

90 2931 251 2996 ptam,
275 2928 531 2999 virisque
561 2933 814 2998 aptatam
847 2929 1021 2984 fuisse
1052 2929 1354 2984 observant
1376 2932 1594 3007 praeter
1611 2929 1750 2983 alios
1782 2930 2096 2984 Bernardus
2123 2930 2437 3000 Vindingus
2467 2935 2523 2984 et
2551 2933 2800 3002 Prosper
2829 2932 3170 3002 Stellartius,
3204 2936 3371 2989 ambo
3387 2939 3576 3007 Augu-

87 3007 329 3062 stinianaa
359 3007 595 3062 familiae
625 3007 861 3071 alumni,
898 3023 962 3061 ac
992 3006 1299 3062 novissime
1327 3007 1414 3061 vir
1441 3006 1696 3062 eruditus
1727 3007 1990 3062 Nicotaus
2021 3009 2235 3062 Desnos
2256 3026 2319 3062 ex
2335 3009 2532 3064 ordine
2547 3010 2969 3066 Canonicorum
2998 3013 3358 3082 regularium
3381 3015 3435 3070 S.
3459 3006 3576 3069 Ᾱιι-

83 3086 297 3156 gustini.
332 3088 474 3152 Quae
508 3101 600 3140 res
625 3091 691 3140 ut
719 3085 798 3139 ita
826 3086 1054 3155 habeat,
1083 3089 1233 3140 certe
1255 3086 1380 3164 jam
1418 3085 1517 3140 diu
1545 3089 1651 3164 est,
1683 3101 1814 3140 cum
1839 3086 2094 3140 virorum
2124 3087 2490 3142 instituendis
2515 3088 2772 3143 moribus
2820 3090 3084 3144 adhiberi
3131 3092 3321 3162 coepit.
3353 3093 3573 3164 Quippe

83 3166 422 3237 parentique:
448 3164 810 3220 Tarnatensis
841 3166 1055 3236 regula:
1073 3168 1308 3236 .partem
1333 3163 1469 3218 facit
1499 3163 1877 3234 potissimam,
1900 3165 2164 3220 laudatur
2192 3166 2252 3220 in
2266 3166 2576 3221 Concordia
2595 3169 2926 3238 regularum
2951 3187 2981 3222 a
3009 3171 3314 3225 Benedicto
3337 3163 3574 3227 Anianae

83 3245 287 3311 abbate,
321 3244 598 3316 quodque
638 3259 668 3299 e
697 3260 758 3298 re
787 3248 983 3298 nostra
1012 3249 1096 3299 est
1123 3244 1216 3298 hic
1248 3243 1579 3310 admonere,
1611 3243 1670 3297 in
1701 3244 1892 3299 codice
1925 3245 2253 3300 Corbeiensi
2283 3245 2439 3299 mille
2473 3262 2652 3301 annos
2705 3248 3046 3318 prmferente
3079 3250 3411 3304 continetur
3439 3251 3576 3306 viris

85 3323 499 3380 accommodata
525 3327 584 3377 et
613 3322 674 3376 in
702 3339 885 3378 unum
909 3323 1124 3395 regulae
1153 3339 1358 3395 corpus
1388 3327 1584 3377 coacta
1612 3339 1742 3378 cum
1773 3339 1839 3379 ea
1882 3341 2011 3396 qua:
2041 3324 2370 3380 inscribitur
2399 3327 2605 3393 Regula
2633 3327 2889 3383 secunda.

946 3555 1053 3660 S.
1129 3555 1782 3663 AURELII
1849 3556 2690 3664 AUGUSTINI

1366 3730 1884 3782 HIPPONENSIS
1917 3731 2273 3782 EPISCOPI

1261 3871 2388 4036 REGULA

822 4118 1126 4222 AD
1297 4116 2244 4224 SERVOS
2413 4117 2822 4222 DEI

78 4416 151 4471 De
178 4418 448 4475 charitate
479 4417 588 4473 Dei
619 4421 669 4472 et
691 4418 959 4488 proximi,
1001 4419 1198 4473 unione
1234 4418 1479 4475 cordium
1534 4423 1584 4476 et
1624 4434 1765 4476 com-

668 4499 934 4552 munitate
961 4512 1162 4552 rerum.

147 4588 188 4640 ι.
218 4588 368 4643 Ante
401 4584 640 4654 ommia,
687 4585 890 4640 fratres
920 4584 1258 4654 charissimi,
1286 4586 1563 4661 diligatur
1594 4589 1764 4656 Deus,

79 4672 274 4731 deinde
303 4674 628 4747 proximus,
660 4674 795 4746 quia
814 4673 921 4728 ista
949 4678 1233 4746 praecepta
1254 4679 1388 4730 sunt
1429 4675 1766 4746 principali-

78 4765 156 4817 ter
183 4763 347 4819 nobis
378 4763 514 4818 data
554 4763 644 4833 (a).
677 4764 806 4818 Haec
838 4763 1016 4834 igitur
1035 4768 1166 4817 sunt
1194 4779 1324 4834 quae
1353 4767 1420 4818 ut
1459 4764 1769 4820 observetis

129 4850 199 4912 (a)
246 4850 593 4900 Praemissum
631 4849 975 4912 exordiolum
1004 4848 1287 4911 Augustini
1317 4862 1422 4912 non
1452 4863 1565 4900 esse
1591 4851 1770 4900 obser-

76 4910 192 4961 vant
211 4910 920 4976 VindingusetStellartius
947 4925 976 4976 :_
987 4910 1321 4976 assumptum
1351 4911 1452 4961 fuit
1479 4925 1544 4961 ex
1569 4913 1771 4976 Regula

74 4975 314 5037 secunda,
345 4972 509 5038 quam
528 4973 667 5023 infra
695 4973 750 5023 in
772 4972 1060 5038 appendice
1093 4972 1272 5024 habes.

1874 4418 2237 4492 praecipimus
2252 4418 2314 4473 in
2332 4418 2686 4474 monasterio
2709 4418 3018 4474 constituti.
3038 4418 3318 4488 Primum,
3338 4423 3575 4490 propter

1875 4509 2026 4580 quod
2050 4509 2110 4563 in
2139 4524 2321 4563 unum
2349 4507 2485 4562 estis
2511 4508 2858 4579 congregati,
2885 4512 2946 4563 ut
2972 4508 3274 4563 unanimes
3303 4507 3578 4563 habitetis

1875 4597 1936 4652 in
1965 4598 2136 4653 domo
2159 4600 2200 4664 ¹,
2217 4601 2302 4652 est
2315 4596 2390 4650 sit
2411 4595 2573 4650 vobis
2598 4596 2792 4651 anima
2812 4612 2928 4650 una
2952 4601 3010 4651 et
3037 4613 3135 4651 cor
3150 4612 3332 4650 unum
3354 4595 3414 4650 in
3437 4597 3575 4652 Deo.

1877 4687 1941 4741 Et
1969 4701 2088 4740 non
2117 4684 2315 4740 dicatis
2341 4684 2556 4756 aliquid
2587 4684 2910 4756 proprium,
2943 4683 3037 4738 sed
3052 4683 3166 4738 sint
3194 4682 3355 4738 vobis
3385 4685 3581 4740 omnia

1877 4772 2240 4828 communia:
2275 4775 2331 4826 et
2356 4771 2733 4827 distribuatur
2753 4771 3065 4842 unicuique
3093 4776 3350 4828 vestrum
3376 4790 3409 4828 a
3429 4790 3578 4845 prae-

1876 4862 2065 4934 posito
2094 4865 2281 4916 vestro
2314 4858 2338 4894 ³
2364 4859 2542 4915 victus
2580 4865 2638 4915 et
2664 4863 3088 4930 tegumentum,
3120 4877 3240 4916 non
3278 4859 3580 4933 aequaliter

1878 4949 2165 5018 omnibus,
2225 4949 2362 5022 quia
2406 4964 2527 5004 non
2590 4949 2916 5020 aequalitate
2973 4950 3172 5006 valetis
3225 4967 3444 5017 omnes,
3479 4950 3578 5006 sed

1399 5067 1672 5104 ADIONITIO
1707 5069 1783 5105 PP.
1810 5068 2262 5106 BRNEDICTINORUI.

129 5141 333 5214 collata
338 5145 423 5192 est
439 5141 574 5200 (hinc
585 5140 806 5214 Regula)
817 5155 962 5214 acum
972 5141 1348 5214 antiquissimo
1359 5142 1684 5214 Regularum
1696 5144 1875 5214 codice
1886 5142 2301 5214 _Corbeiensi_qui
2318 5155 2488 5214 anpos
2501 5143 2712 5214 p'rmfert
2725 5143 3008 5214 plusquam
3020 5145 3312 5214 mille,cu_m
3333 5145 3580 5214 Mss._S_or-

75 5201 557 5272 bonicoﬂ'liuaneo,
572 5201 1560 5272 Albinensidllichaelino,Medardensi,
1577 5205 1866 5272 Victorino,
1879 5201 2321 5272 Germanensibus
2332 5201 2792 5272 tribu§,Vaticanis
2806 5201 3356 5272 duobus,lectionibus
3380 5208 3578 5258 codicis

76 5266 461 5318 Gemblacensis
489 5267 628 5329 apud
651 5266 784 5315 Lov.
820 5280 938 5315 cum
961 5267 1183 5329 epistola
1211 5270 1296 5316 211
1323 5282 1336 5328 ;
1367 5280 1594 5330 cumque
1623 5266 1946 5319 editionibus
1973 5268 2087 5318 Am.
2109 5268 2194 5317 Er.
2226 5269 2352 5318 Lov.
2374 5271 2427 5316 et
2458 5267 2803 5320 Desnosiana.

159 5347 720 5438 Comparavimus
757 5358 1084 5502 ᾒνωτθνεα
1139 5369 1251 5416 eas
1280 5369 1502 5417 omnes
1537 5347 1850 5418 editiones
1901 5349 2089 5418 initio
2147 5351 2722 5419 Retractationum
2773 5361 2841 5420 et
2892 5353 3578 5421 Confessionum‘me-

159 5450 388 5502 iratas.
829 5487 843 5502 .

74 5450 388 5504 moratas.
757 5450 843 5502 M.

130 5554 146 5588 ι
176 5553 406 5619 Editi.i_n
433 5551 590 5619 domo
601 5551 829 5604 Domini.
843 5551 950 5604 Ata
973 5552 1096 5603 Mss.
1128 5554 1180 5602 et
1207 5551 1272 5603 ab
1283 5552 1504 5617 epistola
1517 5556 1603 5605 2H
1620 5553 1771 5606 abest
1875 5554 1960 5619 8;?
1982 5554 2118 5619 Mss.—
2133 5553 2248 5604 Alb.
2265 5557 2318 5605 et
2340 5553 2491 5606 Sorb.
2506 5556 2774 5617 omittunt,
2797 5552 3136 5619 aprxposito
3158 5555 3579 5610 ves!ro.Aliltres

74 5627 186 5665 vox.
223 5616 458 5666 Domini.
1319 5616 1328 5617 '
1878 5616 2224 5675 substituunt,
2255 5628 2291 5669 α
2310 5621 2526 5670 seniore
2547 5621 2739 5669 vestro.
