4056 6378
427 338 563 392 1379

425 459 620 532 potius
644 457 956 530 unicuique
984 457 1130 512 sicut
1157 470 1298 526 opus
1322 453 1514 508 fuerit.
1536 453 1626 509 Sic
1645 454 1802 509 enim
1829 453 2018 525 legitis
2057 454 2117 508 in

426 547 661 602 Actibus
688 546 1085 618 Apostolorum
1119 561 1132 598 :
1166 544 1305 609 Quia
1342 547 1498 597 erant
1520 543 1635 597 illis
1664 545 1844 597 omnia
1890 557 2117 598 commu-

426 640 551 704 nia,
582 641 633 691 et
665 635 1100 691 distribuebatur
1126 634 1419 701 unicuique
1445 634 1587 686 sicut
1622 634 1813 700 cuique
1839 647 1971 703 Opus
2001 635 2118 685 erat

431 725 680 796 (Act.1v,
739 727 827 791 32,
882 725 987 792 35).
1030 721 1139 785 Qui
1185 719 1404 791 aliquid
1446 720 1733 775 habebant
1786 720 1846 774 in
1889 719 2115 778 saeculo,

433 813 662 883 quando
689 811 930 882 ingressi
959 813 1092 864 sunt
1117 808 1546 877 monasterium,
1579 809 1820 863 libenter
1851 807 1990 862 illud
2021 823 2116 860 ve-

428 899 535 954 lint
554 900 706 954 inter
732 915 790 953 se
807 914 928 952 esse
957 912 1280 952 commune.
1306 897 1414 962 Qui
1442 901 1633 951 autem
1662 913 1781 951 non
1809 896 2116 963 habebant,

426 1002 547 1042 non
575 1003 643 1042 ea
671 989 932 1058 quazrant
945 986 1006 1040 in
1034 985 1401 1053 monasterio,
1441 1002 1572 1057 qua:
1609 1001 1714 1040 nec
1741 984 1880 1039 foris
1909 985 2118 1038 habere

427 1079 776 1146 potuerunt:
812 1073 912 1128 sed
938 1078 1133 1130 tamen
1162 1091 1360 1129 eorum
1410 1072 1752 1143 inﬁrmitati,
1785 1072 1938 1142 quod
1976 1089 2119 1143 opus

429 1165 514 1217 est
541 1162 847 1230 tribuatur,
880 1162 1105 1218 etiamsi
1128 1166 1432 1233 paupertas
1456 1162 1710 1227 illorum,
1732 1161 1960 1232 quando
1983 1161 2119 1215 foris

430 1254 614 1317 erant,
646 1265 752 1304 nec
781 1250 906 1322 ipsa
935 1250 1249 1306 necessaria
1273 1254 1494 1321 poterat
1520 1249 1798 1305 invenire.
1825 1250 2068 1304 Tantum
2099 1250 2118 1286 ¹

431 1355 547 1394 non
597 1339 728 1394 ideo
786 1355 846 1394 se
896 1343 1101 1410 putent
1152 1355 1272 1393 esse
1327 1339 1539 1405 felices,
1591 1338 1726 1410 quia
1780 1337 2122 1392 invenerunt

427 1427 642 1482 victum
673 1431 730 1483 et
755 1431 1174 1500 tegumentum,
1207 1427 1402 1499 quales
1431 1426 1569 1482 foris
1596 1426 1852 1482 invenire
1884 1442 1996 1481 non
2023 1443 2121 1497 po-

426 1519 636 1570 terant.

1062 1589 1138 1640 De
1160 1587 1484 1640 humilitate.

499 1678 554 1730 2.
585 1675 698 1730 Nec
725 1673 950 1745 erigant
969 1674 1268 1740 cervicem,
1299 1673 1434 1744 quia
1455 1672 1745 1728 sociantur
1763 1672 1863 1740 eis,
1889 1672 1958 1727 ad
1978 1689 2122 1744 quos

427 1763 569 1818 foris
599 1764 862 1819 accedere
877 1779 996 1818 non
1027 1763 1312 1818 audebant
1335 1779 1348 1830 ;
1376 1762 1475 1817 sed
1493 1778 1716 1816 sursum
1739 1777 1838 1816 cor
1851 1761 2116 1828 habeant,

377 1836 390 1852 ⁸
427 1856 484 1907 et
512 1857 738 1907 terrena
767 1867 832 1905 ac
875 1846 1023 1906 vana
1050 1867 1168 1905 non
1213 1854 1475 1921 quierant
1501 1849 1546 1917 ³,
1595 1866 1668 1904 ne
1695 1849 1973 1921 incipiant
2000 1865 2121 1904 esse

426 1939 775 1995 monasteria
804 1939 1072 1994 divitibus
1100 1939 1286 2009 utilia,
1319 1956 1433 1994 non
1457 1939 1824 2010 pauperibus,
1849 1940 1898 1993 si
1920 1938 2122 1993 divites

428 2028 544 2084 illic
573 2028 970 2096 humiliantur,
995 2032 1052 2082 et
1079 2043 1359 2100 pauperes
1387 2028 1503 2082 illic
1543 2028 1844 2082 inflantur.
1883 2028 2118 2094 Rursus,

426 2117 602 2172 etiam
628 2117 713 2172 illi
742 2116 842 2188 qui
871 2116 1092 2188 aliquid
1120 2133 1241 2172 esse
1268 2115 1610 2172 videbantur
1651 2116 1712 2170 in
1741 2116 1968 2182 seeoulo,
2003 2131 2122 2170 non

428 2207 677 2262 habeant
706 2205 930 2260 fastidio
988 2204 1192 2260 fratres
1223 2221 1374 2266 suos,
1428 2203 1529 2275 qui
1575 2204 1647 2258 ad
1676 2203 1835 2259 illam
1867 2208 2120 2259 sanctam

428 2294 759 2350 societatem
810 2310 875 2349 ex
929 2297 1262 2364 paupertate
1317 2296 1632 2347 venerunt:
1684 2292 1868 2362 magis
1930 2297 2122 2348 autem

429 2383 694 2438 studeant
722 2399 838 2438 non
867 2383 937 2438 de
971 2385 1277 2453 parentum
1321 2381 1506 2435 ditum
1562 2379 1861 2451 dignitate,
1915 2382 2012 2436 sed
2053 2381 2121 2436 de

430 2487 755 2541 pauperum
784 2471 1027 2526 fratrum
1056 2469 1322 2524 societate
1349 2468 1602 2540 gloriari.
1628 2470 1740 2523 Nec
1760 2469 2118 2524 extollantur.

431 2557 478 2612 si
500 2557 793 2613 communi
816 2557 946 2612 vitae
980 2556 1196 2628 aliquid
1224 2557 1294 2612 de
1324 2556 1441 2610 suis
1470 2555 1832 2612 facultatibus
1862 2558 2123 2612 contule-

430 2649 609 2714 runt;
633 2662 706 2701 ne
727 2645 796 2701 de
826 2645 941 2699 suis
971 2644 1184 2700 divitiis
1211 2644 1395 2716 magis
1439 2644 1790 2715 superbiant,
1847 2645 1983 2716 quia
2029 2662 2124 2701 eas

428 2733 492 2788 in
512 2733 859 2789 monasterio
888 2733 1239 2804 partiuntur,
1271 2749 1445 2804 quam
1470 2733 1517 2787 si
1545 2732 1626 2787 eis
1651 2734 1712 2788 in
1741 2735 1948 2789 saeculo
1976 2734 2124 2789 frue-

427 2825 645 2877 rentur.
681 2822 807 2877 Alia
854 2821 1067 2894 quippe
1113 2837 1491 2893 quaecumque
1530 2821 1803 2893 iniquitas
1854 2823 1915 2877 in
1959 2823 2123 2878 malis

429 2909 700 2982 operibus
729 2915 1042 2978 exercetur,
1095 2916 1156 2964 ut
1203 2910 1382 2973 ﬁant;
1441 2910 1709 2980 superbia
1761 2927 1896 2966 vero
1947 2912 2122 2966 etiam

427 2998 592 3053 bonis
622 2999 894 3069 operibus
919 2998 1224 3054 insidiatur
1251 3003 1316 3053 ut
1342 3004 1606 3070 pereant:
1641 3004 1698 3053 et
1721 2999 1859 3070 quid
1890 3000 2124 3070 prodest

429 3088 755 3158 dispergere
785 3087 972 3143 dando
1000 3087 1348 3158 pauperibus
1378 3091 1436 3141 et
1464 3103 1776 3158 pauperem
1814 3088 1958 3156 ﬁeri,
1992 3105 2122 3143 cum

431 3173 624 3228 anima
670 3175 878 3229 misera
909 3175 1206 3246 superbior
1228 3175 1472 3230 efﬁcitur
1501 3175 1722 3230 divitias
1752 3182 2120 3231 contemnen-

428 3259 522 3327 do,
555 3277 727 3331 quam
755 3261 941 3315 fuerat
966 3262 1352 3332 possidendo?
1375 3264 1583 3318 Omnes
1611 3280 1747 3334 ergo
1775 3264 2124 3320 unanimiter

430 3352 488 3401 et
524 3349 882 3402 concorditer
928 3349 1128 3416 vivite;
1162 3355 1220 3405 et
1246 3351 1522 3406 honorate
1577 3351 1639 3406 in
1685 3353 1842 3407 vobis
1879 3353 2121 3408 invicem

433 3436 636 3504 Deum,
668 3436 830 3507 cujus
859 3437 1075 3507 templa
1102 3437 1235 3492 facti
1262 3438 1414 3494 estis.

840 3526 914 3579 De
942 3528 1186 3581 oratione
1213 3531 1265 3582 et
1290 3526 1476 3583 divino
1504 3527 1704 3597 officio.

501 3615 552 3668 3.
585 3612 946 3668 Orationibus
976 3613 1202 3682 instate,
1248 3615 1406 3670 horis
1435 3619 1492 3670 et
1530 3616 1882 3686 temporibus
1914 3617 2120 3672 consti-

429 3701 586 3756 tutis.
622 3705 686 3758 ln
707 3703 956 3757 oratorio
991 3719 1159 3758 nemo
1188 3703 1406 3775 aliquid
1435 3709 1586 3776 agat,
1610 3706 1722 3760 nisi
1769 3707 1836 3761 ad
1865 3707 2019 3777 quod
2039 3710 2124 3761 est

427 3790 660 3858 factum,
692 3791 843 3846 unde
873 3795 929 3846 et
980 3807 1190 3846 nomen
1233 3792 1489 3864 accepit:
1544 3798 1605 3848 ut
1651 3794 1696 3848 si
1753 3795 1898 3849 forte
1943 3795 2120 3867 aliqui

429 3878 602 3932 etiam
653 3883 861 3950 praeter
887 3879 1058 3934 horas
1086 3881 1438 3948 constitutas,
1481 3881 1529 3936 si
1576 3881 1656 3936 eis
1719 3886 1897 3949 vacat,
1957 3898 2120 3938 orare

427 3967 731 4034 voluerint,
762 3984 880 4022 non
909 3967 990 4022 eis
1029 3968 1142 4023 sint
1170 3968 1604 4040 impedimento,
1648 3970 1748 4040 qui
1777 3971 1860 4025 ibi
1905 3970 2119 4043 aliquid

429 4056 712 4126 agendum
742 4056 1086 4127 putaverint.
1141 4058 1379 4112 Psalmis
1407 4062 1464 4112 et
1491 4057 1720 4130 hymnis
1771 4075 1902 4114 cum
1951 4061 2122 4115 oratis

429 4143 636 4212 Deum,
660 4143 768 4198 hoc
799 4148 1055 4199 versetur
1081 4144 1142 4199 in
1167 4146 1356 4208 corde,
1386 4147 1538 4217 quod
1560 4147 1847 4216 profertur
1874 4147 1935 4201 in
1963 4165 2116 4202 voce:

428 4236 487 4286 et
519 4232 697 4286 nolite
723 4237 971 4299 cantare,
1007 4233 1119 4287 nisi
1149 4234 1302 4305 quod
1323 4234 1513 4304 legitis
1539 4233 1562 4269 δ
1585 4252 1705 4289 esse
1733 4237 2080 4292 cantandum
2103 4255 2116 4304 ;

428 4319 588 4389 quod
617 4323 811 4373 autem
857 4335 974 4374 non
1010 4321 1092 4375 ita
1140 4321 1415 4392 scriptum
1445 4327 1530 4377 est
1578 4328 1641 4378 ut
1694 4329 1973 4394 cantetur,
2005 4342 2120 4382 non

429 4409 711 4462 cantetur.

907 4479 992 4533 De
1012 4479 1221 4549 jejunio
1249 4485 1301 4536 et
1324 4482 1631 4549 refectione.

497 4566 551 4621 4.
581 4566 824 4622 Carnem
850 4571 1096 4623 vestram
1132 4568 1359 4624 domate
1402 4571 1658 4642 jejuniis,
1687 4575 1743 4627 et
1779 4572 2121 4630 abstinentia

433 4669 576 4709 escae
606 4660 662 4710 et
688 4660 880 4726 potus,
909 4661 1190 4728 quantum
1230 4659 1492 4715 valetudo
1533 4661 1832 4732 permittit.
1883 4662 2120 4727 Quando

428 4746 624 4798 autem
657 4743 863 4816 aliquis
892 4761 1009 4800 non
1044 4751 1230 4817 potest
1244 4747 1527 4818 jejunare,
1557 4765 1675 4804 non
1722 4755 1914 4806 tamen
1967 4756 2121 4806 extra

427 4832 631 4889 horam
659 4835 928 4906 prandii‘
957 4836 1174 4908 aliquid
1202 4837 1608 4894 alimentorum
1630 4844 1836 4907 sumat,
1862 4839 1971 4895 nisi
1991 4857 2120 4896 cum

496 4942 512 4974 ι
536 4939 663 4988 Mss.
700 4945 806 5008 tres
829 4939 934 5002 hic,
963 4944 1016 4991 et
1031 4938 1136 4992 fere
1161 4955 1345 4994 omnes
1371 4945 1425 4994 in
1446 4945 1664 5008 epistola
1692 4948 1801 5007 211,
1821 4945 2035 5008 habent,
2059 4960 2122 4996 ac

427 5013 572 5052 nunc
602 5015 716 5052 non
740 5002 880 5052 ideo.

491 5065 512 5098 2
541 5065 602 5112 In
631 5064 780 5134 Corb.
811 5065 901 5113 Cd.
937 5068 990 5114 et
1021 5065 1222 5129 aliquot
1249 5067 1383 5129 aliis,
1419 5082 1626 5120 necnon
1662 5070 1715 5119 in
1740 5070 1890 5134 epist.
1925 5072 2035 5130 211,
2068 5072 2121 5122 et

429 5127 644 5190 terrena
666 5126 796 5176 bona
835 5139 945 5190 non
971 5126 1227 5190 qum-rant.

492 5188 513 5252 ἓ
543 5188 665 5252 μεθ.
688 5202 897 5252 novem,
928 5188 1142 5252 legistis.

491 5250 1181 5327 :IncodiceAlbin—eusi‘et
1213 5253 1523 5327 Michaelinno
1565 5255 1840 5327 omittitur,
1871 5255 2117 5327 prandii;

430 5313 733 5381 quaayoxiu
749 5313 950 5383 steteris
973 5313 1217 5373 habetur,
1247 5319 1298 5363 et
1326 5315 1590 5388 significat
1610 5313 2120 5388 indultam'imbecill

430 5370 572 5420 libus
597 5373 935 5423 refectionem
970 5375 1205 5434 alteram,
1237 5380 1292 5424 ut
1323 5389 1378 5424 1n
1409 5376 1617 5425 Gallicis
1667 5379 2121 5428 observationibus

429 5438 612 5508 ilignei
776 5435 1073 5508 Stephanus
1089 5436 1866 5508 Rabache,Augustinianorum
1880 5441 1930 5508 in
1955 5441 2120 5489 Gallia

429 5493 754 5570 reformator.
780 5493 980 5570 Quippe
1007 5498 1169 5570 semel
1188 5493 1394 5570 tantum
1411 5493 1640 5570 quotidie
1669 5502 2120 5570 subpactemcor-

429 5569 528 5665 Eua
554 5556 783 5628 reﬁcere,
808 5556 1172 5630 erat—antiquis
1200 5556 1632 5621 usitatissimum;
1653 5575 1716 5612 ex
1733 5563 1865 5614 libro
1881 5563 1945 5614 de
1967 5564 2117 5616 Mori-

466 5631 528 5665 us
558 5618 803 5665 Ecclesia:
826 5619 1123 5665 Catholicae.
1155 5635 1268 5665 can.
1299 5625 1373 5665 33.

466 5631 528 5666 us
558 5618 803 5669 Ecclesia:
826 5618 1123 5681 Catholicae,
1155 5635 1268 5684 cap.
1299 5625 1373 5671 33.

1437 333 1490 387 S.
1533 330 1918 388 AUGUSTINI
1975 327 2267 387 REGULA
2303 328 2406 386 AD
2447 326 2720 386 SERVOS
2757 326 2902 383 DEI.

3806 328 3824 380 1
3839 328 3940 382 380

2228 456 2488 524 ωετοῐειι.
2523 453 2665 509 Cum
2695 450 2962 507 acceditis
2989 449 3062 506 ad
3090 464 3371 518 mensam,
3405 449 3586 506 donec
3611 447 3756 506 inde
3814 467 3937 504 sur-

2227 539 2393 610 gatis,
2425 540 2581 612 quod
2627 539 2784 594 vobis
2813 539 3126 594 secundum
3163 539 3641 594 consuetudinem
3700 539 3934 611 legitur,

2228 627 2350 682 sine
2371 629 2618 684 tumultu
2647 632 2702 683 et
2731 628 3195 684 contentionibus
3223 628 3421 683 audite
3446 645 3459 683 :
3483 643 3589 684 nec
3611 628 3757 683 solae
3779 629 3937 683 vobis

2225 718 2415 773 fauces
2466 722 2696 773 sumant
2749 719 2962 786 cibum,
3043 717 3139 773 sed
3202 721 3260 772 et
3307 733 3474 773 aures
3512 717 3780 773 esuriant
3837 718 3933 772 Dei

2228 807 2467 862 verbum
2497 809 2535 861 ι.

2640 878 2722 932 De
2752 877 3095 946 indulgentia
3123 892 3254 946 erga
3272 878 3533 946 infirmos.

2301 968 2351 1019 5.
2377 964 2496 1042 Qui.
2515 964 2731 1018 inﬁrmi
2752 969 2881 1019 sunt
2914 981 2980 1018 ex
3001 964 3245 1036 pristina
3271 965 3710 1032 consuetudine,
3746 965 3798 1019 si
3830 965 3934 1019 ali-

2226 1060 2314 1110 ter
2342 1043 2656 1109 tractantur
2683 1057 2742 1109 in
2768 1055 2942 1120 victu,
2970 1071 3090 1109 non
3109 1055 3279 1110 debet
3298 1055 3422 1109 aliis
3453 1055 3772 1110 molestum
3794 1071 3936 1122 esse,

2227 1159 2334 1198 nec
2358 1142 2639 1213 injustum
2693 1142 2875 1198 videri
2908 1142 2990 1196 eis
3036 1159 3181 1214 quos
3231 1143 3365 1198 fecit
3419 1143 3532 1197 alia
3569 1143 3937 1198 consuetudo

2229 1230 2515 1286 fortiores.
2543 1231 2655 1285 Nec
2711 1231 2840 1286 illos
2890 1230 3173 1286 feliciores
3225 1235 3450 1302 putent,
3503 1232 3641 1305 quia
3697 1237 3939 1287 sumunt

2229 1319 2384 1390 quod
2414 1335 2531 1373 non
2557 1323 2790 1374 sumunt
2815 1319 2964 1390 ipsi:
3010 1321 3109 1375 sed
3167 1320 3274 1376 sibi
3316 1321 3510 1393 potius
3545 1323 3935 1393 gratulentur,

2231 1408 2366 1478 quia
2391 1408 2583 1462 valent
2611 1409 2767 1479 quod
2796 1425 2911 1462 non
2939 1409 3129 1464 valent
3156 1409 3263 1464 illi.
3319 1411 3383 1464 Et
3412 1410 3461 1464 si
3507 1409 3590 1464 eis
3632 1410 3738 1482 qui
3763 1426 3935 1464 vene-

2230 1501 2366 1550 runt
2402 1513 2468 1551 ex
2497 1497 2752 1551 moribus
2781 1496 3204 1552 delicatioribus
3234 1498 3307 1553 ad
3329 1499 3776 1563 monasterium,
3830 1499 3937 1553 ali-

2230 1586 2367 1657 quid
2416 1586 2830 1654 alimentorum,
2884 1587 3377 1657 vestimentorum,
3409 1592 3870 1642 stramentorum
3896 1591 3938 1652 ³,

2231 1674 2714 1745 operimentorum
2747 1675 2934 1741 datur,
2959 1676 3116 1746 quod
3146 1675 3273 1729 aliis
3319 1675 3673 1742 fortioribus,
3705 1680 3770 1730 et
3808 1676 3940 1731 ideo

2230 1762 2574 1817 felicioribus
2619 1779 2736 1818 non
2776 1763 2967 1830 datur;
3015 1763 3268 1834 cogitare
3313 1764 3522 1819 debent
3558 1764 3776 1835 quibus
3825 1781 3939 1820 non

2231 1850 2417 1919 datur,
2440 1855 2718 1922 quantum
2745 1851 2815 1906 de
2845 1868 2948 1906 sua
2978 1852 3238 1907 saeculari
3263 1852 3380 1907 vita
3409 1852 3495 1906 illi
3537 1853 3608 1907 ad
3635 1852 3815 1908 istam
3847 1853 3940 1908 de-

2229 1940 2577 2010 scenderint,
2610 1939 2869 2011 quamvis
2896 1956 3078 2011 usque
3108 1939 3178 1995 ad
3205 1939 3474 2007 aliorum,
3507 1940 3609 2011 qui
3639 1945 3783 1996 sunt
3811 1957 3936 1996 cor-

2227 2044 2368 2098 pore
2413 2028 2710 2090 ﬁrmiores,
2767 2028 3156 2099 frugalitatem
3196 2027 3497 2099 pervenire
3536 2029 3931 2096 nequiverint.

2233 2116 2344 2170 Nec
2380 2116 2589 2171 debent
2638 2117 2782 2171 velle
2839 2133 3057 2184 omnes,
3106 2116 3258 2188 quod
3305 2133 3517 2187 paucos
3562 2117 3763 2172 vident
3813 2134 3936 2174 am-

2230 2205 2381 2275 plius
2408 2209 2449 2272 ³,
2503 2221 2621 2260 non
2649 2205 2784 2276 quia
2825 2205 3202 2272 honorantur,
3245 2205 3345 2259 sed
3397 2205 3532 2276 quia
3587 2205 3934 2270 tolerantur,

2233 2292 2518 2363 accipere;
2558 2309 2630 2347 ne
2660 2292 2950 2363 contingat
2999 2293 3327 2348 detestanda
3373 2293 3738 2364 perversitas,
3775 2299 3843 2350 ut
3876 2295 3936 2349 in

2231 2381 2599 2445 monasterio,
2632 2381 2732 2436 ubi
2761 2385 3041 2453 quantum
3077 2385 3337 2452 possunt,
3369 2380 3518 2436 ﬁunt
3545 2381 3751 2436 divites
3777 2383 3937 2438 labo-

2232 2468 2390 2535 riosi,
2447 2467 2589 2523 ﬁant
2641 2485 2922 2540 pauperes
2969 2468 3216 2523 delicati.
3247 2469 3392 2524 Sane
3441 2469 3934 2539 quemadmodum

2231 2560 2570 2627 aegrotantes
2610 2572 2840 2611 necesse
2879 2556 3094 2611 habent
3129 2556 3318 2611 minus
3365 2557 3646 2628 accipere,
3681 2573 3754 2612 ne
3803 2573 3933 2629 gra-

2231 2647 2461 2699 ventur:
2493 2644 2570 2698 ita
2595 2647 2652 2698 et
2677 2647 2808 2714 post
2833 2643 3234 2714 aegritudinem
3260 2643 3340 2698 sic
3374 2645 3656 2699 tractandi
3681 2649 3839 2712 sunt,
3873 2650 3937 2700 ut

2231 2732 2396 2787 citius
2433 2736 2783 2800 recreentur,
2825 2731 3047 2786 etiamsi
3077 2732 3146 2786 de
3193 2732 3520 2788 humillima
3549 2734 3749 2789 saeculi
3796 2750 3938 2805 pau-

2230 2825 2449 2892 pertate
2475 2825 2778 2889 venerunt;
2813 2825 3088 2893 tanquam
3116 2822 3222 2876 hoc
3247 2822 3358 2877 illis
3397 2822 3706 2878 contulerit
3735 2839 3936 2878 recen-

2229 2909 2344 2964 tior
2372 2909 2672 2980 aegritudo,
2731 2909 2886 2982 quod
2935 2909 3208 2964 divitibus
3254 2910 3507 2965 anterior
3535 2912 3928 2968 consuetudo.

2230 2998 2338 3053 Sed
2391 3015 2519 3052 cum
2571 2998 2719 3052 vires
2767 2998 3037 3069 pristinas
3102 2999 3512 3070 reparaverint,
3561 3000 3809 3055 redeant
3866 3001 3936 3056 ad

2230 3086 2542 3141 feliciorem
2597 3086 3071 3142 consuetudinem
3125 3103 3309 3153 suam,
3369 3103 3499 3157 quae
3549 3085 3802 3142 famulos
3835 3089 3935 3143 Dei

2231 3179 2388 3230 tanto
2416 3175 2660 3246 amplius
2690 3175 2869 3242 decet,
2898 3180 3113 3246 quanto
3147 3174 3339 3229 minus
3369 3174 3629 3245 indigent
3654 3191 3667 3229 :
3714 3191 3825 3230 nec
3857 3176 3936 3232 ibi

2231 3281 2327 3318 eos
2347 3268 2538 3318 teneat
2558 3264 2816 3334 voluptas
2839 3265 2959 3335 jam
3006 3267 3254 3335 vegetos,
3286 3279 3399 3335 quo
3449 3263 3756 3318 necessitas
3787 3267 3937 3321 leva-

2232 3357 2320 3407 rat
2369 3352 2630 3405 inﬁrmos
2659 3351 2701 3405 ⁸.
2736 3353 2867 3406 Illos
2896 3351 3183 3406 aestiment
3211 3352 3466 3418 ditiores,
3499 3352 3600 3424 qui
3653 3352 3718 3407 in
3769 3355 3939 3409 susti-

2229 3439 2420 3494 nenda
2472 3439 2740 3510 parcitate
2794 3439 3007 3493 fuerint
3033 3440 3319 3496 fortiores.
3380 3439 3577 3496 Melius
3634 3443 3720 3494 est
3775 3439 3936 3496 enim

2231 3527 2422 3582 minus
2441 3543 2628 3598 egere,
2663 3543 2837 3597 quam
2865 3527 2994 3598 plus
3025 3528 3251 3582 habere.

2393 3620 2466 3670 De
2517 3615 2704 3670 habitu
2732 3619 2783 3669 et
2810 3617 3094 3670 emicrioris
3125 3617 3354 3671 hominis
3385 3617 3787 3686 compositione.

2300 3707 2353 3760 6.
2385 3703 2510 3758 Non
2539 3703 2614 3758 sit
2642 3703 2910 3758 notabilis
2962 3704 3188 3759 habitus
3230 3708 3450 3774 vester;
3497 3720 3602 3758 nec
3649 3703 3936 3759 affectetis

2228 3792 2475 3847 vestibus
2503 3793 2748 3862 placere,
2779 3793 2878 3847 sed
2907 3793 3162 3848 moribus
3189 3793 3291 3864 (a).
3325 3793 3562 3858 Quando
3593 3793 3936 3863 proceditis,

2230 3879 2400 3935 simul
2429 3879 2716 3934 ambulate
2741 3895 2754 3934 :
2797 3896 2925 3934 cum
2954 3880 3224 3936 veneritis
3249 3897 3363 3952 quo
3391 3879 3534 3948 istis,
3564 3879 3737 3934 simul
3763 3884 3934 3936 state.

2231 3969 2295 4022 In
2322 3969 2570 4038 incessu,
2591 3972 2760 4035 statu,
2791 3969 3014 4036 habitu,
3046 3968 3106 4023 in
3133 3969 3402 4024 omnibus
3430 3967 3682 4023 motibus
3705 3970 3934 4034 vestris,

2229 4056 2371 4110 nihil
2401 4056 2502 4111 ﬁat
2516 4055 2668 4128 quod
2690 4056 3029 4127 cujusquam
3049 4056 3298 4112 offendat
3313 4061 3627 4126 aspectum,
3651 4055 3752 4111 sed
3773 4057 3936 4127 quod

2229 4148 2473 4198 vestram
2502 4145 2697 4199 deceat
2734 4147 3108 4200 sanctitatem.
3163 4146 3322 4201 Oculi
3371 4145 3542 4200 vestri
3570 4145 3677 4200 etsi
3699 4146 3938 4215 jaciun-

2230 4237 2325 4288 tur
2365 4233 2426 4288 in
2445 4233 2697 4304 aliquam
2738 4233 3102 4302 feminarum,
3152 4235 3408 4306 ﬁgantur
3446 4234 3507 4288 in
3532 4234 3711 4288 nulla.
3732 4235 3937 4306 Neque

2229 4321 2384 4377 enim
2415 4322 2643 4393 quando
2663 4323 2991 4394 proceditis,
3020 4323 3262 4379 feminas
3285 4323 3477 4379 videre
3507 4321 3934 4396 prohibemini;

2226 4409 2326 4465 sed
2356 4413 2644 4481 appetere,
2696 4415 2798 4466 aut
2825 4411 2895 4466 ab
2924 4411 3063 4482 ipsis
3111 4411 3304 4482 appeti
3346 4411 3492 4464 velle
3549 4409 3936 4466 criminosum

2230 4501 2332 4555 est.
2366 4499 2478 4552 Nec
2507 4499 2628 4553 solo
2673 4503 2827 4555 tactu
2886 4503 2942 4555 et
2987 4499 3212 4565 affectu,
3252 4497 3350 4552 sed
3401 4500 3633 4566 aspectu
3690 4514 3936 4572 quoque

2229 4587 2516 4659 appetitur
2543 4591 2600 4642 et
2634 4588 2852 4659 appetit
2878 4586 3334 4660 concupiscentia
3359 4583 3702 4639 feminarum
3738 4588 3785 4642 ⁸.
3823 4590 3936 4645 Nec

2293 4685 2309 4718 ί
2336 4682 2500 4745 Epist.
2531 4683 2640 4743 211,
2669 4683 2969 4794 percipiant
3002 4684 3099 4755 Dei
3128 4681 3370 4752 verbum.
3617 4741 3628 4751 ο
3699 4742 3710 4753 _

2291 4745 2314 4780 ³
2332 4745 2491 4813 lianc
2517 4758 2702 4813 vocem
2724 4758 2779 4793 in
2843 4744 3476 4813 dd.plerisque__omlssam
3505 4744 3935 4813 restituimusex

2231 4806 2384 4870 Gorb.
2417 4805 2571 4870 AMs.;r
2602 4807 2706 4870 imo
2736 4821 2844 4870 prae
2892 4803 3041 4856 nobis
3092 4803 3320 4853 restituit
3350 4803 3670 4854 Desnosius:
3703 4804 3937 4858 habetur

2229 4869 2384 4918 etiam
2415 4867 2468 4916 in
2493 4869 2714 4931 epistola
2738 4867 2850 4917 211.

2292 4933 2309 4961 ³
2340 4927 2558 5002 lta_Ms_s.
2575 4931 2641 4979 At
2659 4931 2809 5002 epist.
2831 4931 2916 4978 211
2937 4942 2948 4976 :
2977 4930 3076 4977 Nec
3095 4927 3200 4977 illa:
3222 4927 3412 4979 debent
3431 4927 3762 4989 conturbari,
3795 4931 3932 4994 quod

2232 5004 2321 5043 eas
2352 4991 2520 5041 vident
2538 4991 2784 5052 amplius.

2292 5055 2312 5088 ι
2344 5053 2482 5101 Libri
2507 5049 2843 5115 quamplures
2866 5066 2880 5112 ;
2913 5052 3017 5116 Nec
3034 5049 3132 5116 cibi
3145 5065 3236 5116 eos
3253 5051 3679 5116 teneatpvoluplas
3693 5052 3824 5116 jam
3851 5067 3932 5103 ve-

2229 5118 2448 5177 getatos,
2467 5114 2594 5176 quos
2619 5114 2892 5177 necessitas
2908 5114 3121 5177 levarat
3146 5114 3392 5171 inﬁrmos.
3417 5114 3516 5163 Sed
3532 5114 3932 5177 concinniorest

2232 5174 2560 5240 Corbeiensis
2591 5174 2993 5240 Ms.__lectio_liic
3020 5177 3278 5240 restituta,
3311 5191 3474 5240 eaque
3499 5176 3842 5226 conﬁrmatur
3866 5191 3930 5226 ex

2229 5237 2451 5300 epistola
2478 5241 2587 5300 211.
2610 5264 2668 5272 ——
2694 5237 2993 5300 Notandum
3019 5238 3295 5300 epistolam
3325 5237 3410 5288 211
3444 5238 3578 5288 ferre
3603 5251 3812 5300 vocem,
3840 5252 3931 5291 υο-

2230 5299 2589 5363 ιὶιπιαεκιοοο
2617 5299 3073 5363 vocis,_vo_luplasi
3171 5301 3240 5349 M.

2291 5364 2311 5397 5
2343 5363 2420 5410 Ita
2441 5362 2576 5425 Lov._
2596 5365 2647 5409 et
2664 5361 2758 5425 Ms.
2773 5361 3135 5425 Corbfaliique
3153 5361 3416 5414 nonnulli.
3448 5361 3610 5411 AtEr.
3633 5361 3926 5425 etquinque

2227 5422 2355 5472 Mss.
2365 5426 2483 5473 :Nec
2496 5421 2611 5472 solo
2631 5424 2782 5472 tacito
2799 5421 3118 5488 alfaclu,séd
3135 5425 3324 5489 affectu
3337 5437 3538 5487 quoque
3553 5421 3826 5486 etaspectu
3836 5421 3926 5488 ap-

2295 5501 2370 5564 (a)
2399 5502 2458 5565 In
2495 5501 3106 5565 epistolaVQttquaedam
3146 5503 3232 5553 hic
3277 5504 3664 5552 interseruntur
3697 5501 3926 5562 feminis,

2227 5577 2334 5613 non
2357 5564 2484 5612 viris
2515 5564 2902 5623 convenientia,
2916 5565 3113 5614 scilicet
3133 5580 3144 5613 ε
3168 5585 3191 5608 σ‹
3214 5566 3316 5614 Nec
3340 5565 3446 5614 sint
3463 5565 3611 5613 vobis
3626 5568 3924 5615 tamtenera

2229 5641 2257 5672 α
2292 5627 2525 5689 capitum
2554 5625 2808 5690 tegmina,
2857 5630 2914 5676 ut
2962 5627 3148 5678 retiola
3202 5629 3382 5677 subter
3427 5631 3732 5690 appareant,
3763 5647 3787 5672 »
3824 5632 3920 5677 etc.
