4056 6366
100 336 215 388 1381

94 453 279 509 dicatis
307 469 408 507 vos
436 451 647 507 habere
671 451 892 506 animos
919 451 1174 523 pudicos,
1205 452 1253 507 si
1290 453 1546 508 habeatis
1583 453 1775 508 oculos

93 541 395 614 impudicos
429 558 444 596 :
473 541 611 611 quia
637 539 964 611 impudicus
1007 541 1224 612 oculus,
1266 541 1546 614 impudici
1590 541 1774 597 cordis

91 635 164 685 est
193 629 444 685 nuntius.
470 630 535 683 Et
563 645 695 683 cum
724 645 782 683 se
808 628 1053 684 invicem
1078 630 1327 696 sibimet,
1353 630 1526 684 etiam
1553 633 1774 685 tacente

90 720 292 790 lingua,
323 722 630 788 conspectu
671 722 893 784 mutuo,
941 718 1109 772 corda
1151 718 1422 772 nuntiant
1462 718 1773 790 impudica,

88 813 136 862 et
159 807 468 862 secundum
497 805 1021 876 concupiscentiam
1068 807 1253 860 carnis
1293 808 1567 862 alterutro
1615 807 1774 862 dele-

84 901 292 952 ctantur
310 895 516 951 ardore
546 915 561 962 ;
593 894 768 950 etiam
790 894 1016 950 intactis
1038 896 1108 950 ab
1135 895 1438 951 immunda
1457 895 1768 950 violatione

84 984 422 1057 corporibus,
437 984 589 1055 fugit
617 984 840 1038 castitas
868 984 991 1055 ipsa
1016 984 1086 1038 de
1118 985 1393 1040 moribus.
1429 985 1542 1038 Nec
1567 989 1771 1054 putare

85 1075 234 1129 debet
263 1073 363 1145 qui
391 1072 453 1128 in
478 1073 756 1128 feminam
786 1072 914 1144 ﬁgit
933 1074 1187 1141 oculum,
1217 1079 1275 1128 et
1297 1073 1452 1128 illius
1480 1072 1542 1127 in
1570 1089 1629 1127 se
1649 1073 1770 1144 ipse

85 1163 254 1234 diligit
298 1163 502 1228 ﬁxum,
549 1162 618 1216 ab
640 1161 764 1216 aliis
805 1176 864 1216 se
890 1178 1006 1216 non
1027 1161 1209 1216 videri
1242 1178 1372 1216 cum
1401 1162 1509 1217 hoc
1534 1162 1765 1216 fecerit:

84 1252 290 1306 videtur
315 1251 578 1321 omnino,
603 1255 659 1305 et
684 1266 717 1305 a
748 1250 956 1322 quibus
987 1266 1046 1305 se
1075 1250 1258 1304 videri
1291 1266 1408 1305 non
1437 1250 1764 1307 arbitratur.

87 1341 178 1395 Sed
203 1357 325 1395 ecce
349 1341 547 1407 lateat,
578 1344 635 1395 et
663 1356 697 1394 a
725 1340 954 1394 nemine
976 1340 1282 1394 hominum
1312 1339 1590 1406 videatur,
1631 1340 1770 1411 quid

89 1430 242 1485 faciet
263 1430 331 1484 de
370 1430 470 1483 illo
496 1445 671 1499 super
700 1425 1040 1499 inspectore,
1077 1444 1248 1499 quem
1279 1429 1455 1483 latere
1488 1428 1634 1482 nihil
1659 1444 1765 1499 po-

88 1517 334 1573 test?An
376 1517 508 1573 ideo
555 1517 845 1588 putandus
889 1521 975 1572 est
1013 1533 1130 1571 non
1179 1516 1389 1582 videre,
1438 1517 1574 1588 quia
1609 1521 1768 1571 tanto

86 1606 224 1661 videt
247 1605 581 1677 patientius,
605 1609 822 1677 quanto
855 1604 1169 1676 sapientius
1186 1605 1214 1658 ?
1243 1605 1330 1659 Illi
1362 1621 1498 1675 ergo
1523 1605 1611 1659 vir
1639 1621 1768 1659 san-

85 1699 192 1749 ctus
217 1695 415 1749 timeat
445 1693 770 1764 displicere,
801 1711 876 1748 ne
905 1694 1042 1748 velit
1068 1693 1298 1748 femina:
1328 1693 1476 1748 male
1505 1692 1765 1764 placere:

85 1782 232 1837 illum
258 1783 468 1850 cogitet
517 1782 714 1837 omnia
757 1782 972 1850 videre,
1016 1797 1090 1836 ne
1140 1782 1278 1837 velit
1315 1781 1586 1836 feminam
1617 1783 1766 1836 male

85 1869 275 1925 videre.
302 1871 461 1925 Illius
509 1885 760 1941 namque
801 1874 858 1924 et
905 1870 966 1924 in
997 1870 1103 1924 hac
1130 1886 1299 1924 causa
1339 1869 1770 1924 commendatus

86 1962 158 2011 est
169 1957 354 2026 timor,
375 1958 473 2013 ubi
500 1958 777 2029 scriptum
792 1963 895 2013 est:
922 1959 1276 2013 Abominatio
1295 1963 1374 2013 est
1391 1960 1622 2012 Domino
1644 1958 1768 2027 deﬁ-

86 2061 195 2114 gens
222 2049 430 2103 ocuium
464 2048 538 2118 (α)
573 2049 749 2118 (Prov.
802 2063 970 2115 xxvn,
1027 2050 1119 2112 20,
1162 2062 1265 2102 sec.
1317 2048 1483 2117 LXX).
1533 2047 1768 2111 Quando

87 2149 206 2205 ergo
235 2136 407 2191 simul
434 2136 572 2191 estis
599 2136 661 2190 in
697 2135 949 2198 ecclesia,
982 2139 1039 2190 et
1087 2135 1439 2207 ubicumque
1465 2136 1562 2190 ubi
1591 2140 1647 2190 et
1686 2135 1770 2190 fe-

85 2222 240 2279 mina
285 2229 441 2294 sunt,
497 2224 744 2280 invicem
788 2228 1034 2280 vestram
1082 2223 1417 2296 pudicitiam
1466 2223 1764 2280 custodite.

87 2313 217 2367 Deus
243 2313 395 2369 enim
424 2313 529 2386 qui
555 2313 784 2369 habitat
817 2313 880 2368 in
908 2311 1094 2383 vobis,
1121 2311 1294 2368 etiam
1324 2312 1433 2368 isto
1464 2313 1636 2368 modo
1667 2328 1764 2367 cu-

86 2401 273 2458 stodiet
296 2419 393 2458 vos
409 2420 480 2458 ex
508 2403 690 2458 vobis.

548 2492 634 2546 De
658 2493 913 2559 fraterna
939 2494 1284 2548 correctione.

146 2581 196 2632 7.
220 2579 281 2633 Et
306 2579 354 2633 si
379 2579 532 2634 hanc
559 2580 628 2635 de
672 2595 787 2651 qua
827 2580 1054 2651 loquor,
1101 2579 1252 2634 oculi
1297 2577 1674 2650 petulantiam
1704 2576 1766 2632 in

90 2664 260 2736 aliquo
312 2672 567 2722 vestrum
619 2667 1001 2732 adverteritis,
1055 2667 1248 2722 statim
1305 2667 1631 2734 admonete,
1693 2682 1767 2720 ne

89 2759 251 2824 empta
287 2755 752 2828 progrediantur,
785 2756 884 2811 sed
913 2756 984 2811 de
1012 2756 1276 2827 proximo
1295 2755 1676 2826 corrigantur.
1709 2753 1766 2809 Si

91 2846 261 2898 autem
286 2849 342 2900 et
375 2851 512 2916 post
547 2844 1002 2901 admonitionem
1056 2845 1292 2912 iterum,
1324 2844 1414 2899 vel
1455 2843 1569 2898 alio
1617 2858 1764 2914 quo-

90 2944 310 3004 cumque
339 2935 432 2990 die
463 2934 715 3006 idipsum
744 2951 878 2990 eum
904 2934 1092 2990 facere
1133 2933 1411 3001 videritis,
1459 2933 1583 3004 jam
1610 2932 1767 2987 velut

91 3019 427 3079 vulneratum
467 3023 786 3078 sanandum
837 3023 1060 3094 prodat,
1109 3023 1460 3094 quicumque
1503 3020 1610 3076 hoc
1657 3036 1764 3091 po-

91 3108 244 3164 tuerit
263 3110 520 3167 invenire
543 3132 561 3180 ;
584 3112 744 3183 prius
783 3115 978 3166 tamen
1021 3115 1078 3166 et
1117 3109 1284 3165 alteri
1324 3110 1414 3165 vel
1451 3109 1622 3164 tertio
1666 3109 1763 3164 de-

91 3202 464 3268 monstratum,
503 3203 569 3255 ut
624 3200 874 3254 duorum
917 3199 1006 3253 vel
1054 3198 1231 3254 trium
1276 3198 1461 3269 possit
1509 3214 1606 3252 ore
1635 3213 1762 3252 con-

90 3281 240 3352 vinci,
285 3291 390 3358 16),
442 3293 503 3344 et
556 3288 905 3360 competenti
957 3287 1256 3343 severitate
1319 3287 1593 3343 coerceri.
1653 3287 1765 3342 Nec

93 3384 176 3424 vos
214 3373 480 3443 judicetis
539 3393 658 3432 esse
709 3377 1038 3444 malevolos,
1090 3375 1324 3447 quando
1389 3377 1500 3431 hoc
1551 3375 1763 3430 indica—

92 3457 174 3515 tis.
225 3463 392 3535 Magis
436 3465 654 3537 quippe
702 3465 1036 3520 innocentes
1085 3481 1204 3520 non
1261 3465 1414 3532 estis,
1465 3465 1514 3519 si
1562 3465 1765 3520 fratres

91 3551 300 3618 vestros,
329 3569 474 3624 quos
521 3553 825 3608 indicando
873 3552 1161 3624 corrigere
1213 3553 1472 3625 potestis,
1525 3553 1763 3609 tacendo

93 3635 254 3701 perire
281 3641 630 3709 permittitis.
663 3641 724 3697 Si
756 3640 909 3696 enim
937 3641 1113 3697 frater
1141 3645 1272 3696 tuus
1297 3643 1503 3697 vulnus
1529 3641 1766 3696 haberet

94 3719 144 3774 in
168 3739 408 3799 corpore,
446 3731 603 3801 quod
629 3716 1109 3798 velletoccultari,
1141 3729 1281 3785 dum
1309 3729 1538 3785 timeret
1553 3729 1760 3797 secari;

93 3823 262 3869 nonne
289 3818 596 3874 crudeliter
637 3819 710 3874 ab
761 3823 815 3874 te
867 3819 1153 3884 sileretur,
1213 3823 1270 3874 et
1319 3817 1766 3874 misericorditer

92 3896 448 3962 indicaretur?
474 3907 698 3972 Quanto
727 3924 863 3979 ergo
915 3907 1106 3978 potius
1149 3923 1280 3962 eum
1308 3907 1480 3963 debes
1534 3906 1766 3962 manife-

91 3990 238 4059 stare,
265 4009 335 4049 ne
363 3996 615 4051 deterius
639 4000 930 4068 putrescat
960 3996 1021 4050 in
1050 3996 1218 4052 corde
1236 3997 1267 4050 ?
1310 3996 1417 4051 Sed
1453 4000 1764 4067 antequam

90 4073 196 4131 aliis
223 4080 660 4153 demonstretur,
687 4101 794 4155 per
823 4101 965 4156 quos
1007 4085 1429 4140 convincendus
1458 4089 1565 4152 est,
1592 4084 1640 4138 si
1669 4099 1766 4138 ne-

87 4168 299 4236 gaverit,
328 4173 491 4242 prius
519 4174 854 4245 praeposito1
886 4173 1056 4228 debet
1083 4173 1328 4242 ostendi,
1360 4173 1408 4228 si
1437 4172 1764 4228 admonitus

87 4254 379 4323 neglexerit
405 4261 636 4332 corrigi,
679 4278 752 4316 ne
782 4261 930 4316 forte
959 4262 1140 4332 possit
1167 4261 1439 4318 secretius
1467 4264 1764 4332 correptus

89 4351 189 4396 non
212 4344 565 4406 innotescere
593 4349 838 4406 caeteris.
866 4350 925 4406 Si
945 4353 1137 4405 autem
1162 4350 1475 4423 negaverit,
1495 4353 1634 4405 tunc
1662 4365 1764 4404 ne-

88 4431 226 4494 εεηῆ
246 4436 550 4494 adhibendi
567 4443 701 4494 sunt
728 4438 843 4503 alii,
872 4444 939 4495 ut
960 4439 1083 4511 jam
1112 4456 1306 4495 coram
1337 4439 1603 4495 omnibus
1631 4454 1764 4510 pos-

89 4513 291 4578 sitnon
321 4527 389 4583 ab
438 4543 555 4583 uno
609 4531 754 4584 teste
809 4527 995 4600 argui,
1051 4529 1150 4584 sed
1179 4545 1212 4583 a
1239 4528 1462 4584 duobus
1513 4527 1765 4584 tribusve

89 4608 342 4670 convinci.
421 4615 723 4671 Convictus
777 4632 912 4670 vero
958 4616 1267 4671 secundum
1329 4615 1627 4688 praepositi
1676 4614 1764 4670 vel

89 4692 242 4777 etiam
266 4703 606 4776 presbyteri,
628 4704 699 4759 ad
726 4704 888 4776 cujus
906 4704 1388 4777 dispensationem
1403 4705 1767 4775 pertinet,ar-

87 4776 324 4859 bitrium,
355 4793 524 4849 debet
549 4776 1004 4851 emendatoriam
1031 4791 1543 4848 subirevindictam
1561 4809 1574 4847 :
1591 4809 1765 4864 quam

88 4866 128 4921 Si
153 4870 290 4930 ferre
317 4881 683 4949 recusaverit,
715 4881 941 4937 etiamsi
992 4881 1115 4953 ipse
1145 4897 1265 4936 non
1292 4881 1642 4949 abscesserit,
1694 4883 1764 4938 de

81 4976 258 5054 ξ’ξξξιξιι·
269 4991 318 5054 ct
335 4986 538 5054 appetit
549 4986 974 5054 concupiscentia
988 4985 1336 5054 feminarum,
1350 4987 1765 5054 Desnosiuszlvec

85 5037 344 5113 {ﬁl‘otacito
368 5037 587 5113 affectu,
602 5050 696 5099 sed
711 5037 1167 5113 aspectuquoq-uc.
1191 5037 1427 5111 Denique
1441 5049 1661 5112 epistola
1672 5051 1758 5113 2171

86 5063 344 5140 ῐυιυιασιιο
370 5063 695 5113 αῃεοιιι,εεα
713 5066 769 5098 ω
810 5063 1167 5113 eamqueque.
1191 5063 1427 5111 uenique
1441 5063 1758 5112 episwiazu

90 5098 347 5184 ιῖῗΡῗεπῖφ
367 5112 656 5184 39.1950“?!
680 5063 986 5184 "4211's?!"
1000 5126 1043 5184 ,(1
1049 5125 1225 5184 “"qu".
1253 5113 1305 5163 εί
1326 5114 1538 5183 φρεσίν
1559 5112 1762 5184 appet.“

88 5157 231 5237 fi‘f.“
264 5157 472 5237 appear
486 5157 851 5236 Ϊὲἧὶίὶίᾰξῖιῦῗ
872 5157 1189 5237 Ῠίῌιὶῖιῖεξιῖξ
1199 5157 1271 5223 in
1287 5157 1533 5237 vivaria
1561 5157 1763 5237 signa

87 5214 177 5300 {egi
201 5214 462 5300 veii§i,"é't
486 5214 714 5300 ’ἇὲἓῖἦί
753 5214 1182 5300 ἷιῖἓᾳιὶεὲῗᾚοῖὶῖό
1212 5214 1548 5285 ᾗτὶὶῐιῖἐιῖξῖε
1578 5214 1764 5298 REGE

85 5277 471 5365 gamma
499 5277 1040 5365 aestimaretis;
1065 5277 1302 5363 a'gecw
1314 5277 1550 5362 “iam;
1578 5277 1765 5348 ἱεόῖιὲἱιῖ

84 5351 1014 5440 "inﬁtiarenturin"usque;

120 5409 293 5484 :fi'l‘res
320 5409 722 5484 Mss,,iseniﬁor'i;
767 5409 1014 5484 acpaulo
1049 5425 1168 5484 post
1205 5421 1366 5472 iidem
1391 5435 1511 5484 cum
1547 5421 1650 5474 alio
1678 5435 1763 5473 co-

87 5461 203 5532 dice.
250 5461 545 5534 imiimi};
552 5461 1419 5548 ῨὲἷιίἓᾶηἷῨυὲἴέὶῖὰήῗᾶὀῡᾶἴίὲᾟοῐ

145 5581 207 5642 (α)
232 5589 520 5661 Edilug-ma
553 5599 727 5649 Hui-io
747 5591 1018 5650 sidridzdn
1051 5597 1378 5663 ophtalmon.

1105 330 1159 385 S.
1201 329 1590 389 AUGUSTINI
1631 329 1922 387 REGULA
1962 331 2060 386 AD
2099 329 2370 389 SERVOS
2410 331 2551 386 DEI.

3452 338 3590 396 1382

1884 456 2070 508 vestra
2107 452 2372 508 societate
2410 452 2762 525 projiciatur.
2800 455 2928 509 Non
2957 455 3110 509 enim
3139 460 3194 510 et
3233 457 3341 512 hoc
3369 459 3436 512 ﬁt
3465 475 3590 514 cru-
3654 457 3657 461 ’

1884 541 2108 611 deliter,
2155 543 2256 597 sed
2302 541 2768 610 misericorditer,
2809 559 2880 598 ne
2929 543 3268 615 contagione
3320 547 3588 616 pestifera

1885 631 2165 702 plurimos
2193 631 2409 702 perdat.
2441 632 2506 686 Et
2532 631 2640 686 hoc
2668 632 2820 702 quod
2843 632 2961 686 dixi
2977 633 3045 687 de
3079 634 3242 688 oculo
3264 650 3380 688 non
3409 635 3586 706 ﬁgen-

1885 719 1980 785 do,
2015 720 2188 776 etiam
2225 719 2287 774 in
2335 720 2554 774 caeteris
2593 719 2974 788 inveniendis,
3007 722 3394 791 prohibendis,
3428 722 3582 778 indi-

1883 808 2100 876 caudis,
2154 807 2552 863 convincendis
2606 809 3078 881 vindicandisque
3133 811 3400 881 peccatis,
3459 811 3585 866 dili-

1883 901 2087 968 genter
2117 902 2173 952 et
2209 897 2457 952 ﬁdeliter
2505 897 2852 964 observetur,
2884 915 3016 952 cum
3054 899 3358 954 dilectione
3394 900 3583 955 homi-

1883 1002 2044 1053 num,
2073 990 2130 1040 et
2157 985 2289 1040 odio
2337 985 2628 1040 vitiorum.
2663 985 3018 1057 Quicumque
3048 991 3241 1042 autem
3269 987 3331 1042 in
3353 992 3581 1043 tantum

1882 1089 2217 1144 progressus
2245 1073 2416 1128 fuerit
2444 1074 2684 1140 malum,
2708 1079 2772 1128 ut
2799 1076 3012 1129 occulte
3041 1076 3111 1131 ab
3140 1076 3332 1147 aliqua
3364 1077 3584 1132 litteras

1881 1162 1969 1215 vel
2012 1162 2282 1233 quaelibet
2310 1162 2650 1216 munuscula
2678 1161 2917 1233 accipiat
2945 1161 2987 1230 ‘,
3021 1163 3068 1217 si
3095 1163 3200 1218 hoc
3231 1165 3380 1220 ultro
3411 1165 3586 1220 confi-

1881 1255 2058 1318 tetur,
2088 1255 2355 1323 parcatur
2373 1251 2477 1318 illi,
2499 1256 2556 1306 et
2579 1256 2776 1306 oretur
2801 1267 2907 1322 pro
2939 1251 3059 1306 illo.
3079 1252 3136 1306 Si
3157 1258 3350 1307 autem
3379 1255 3585 1326 depre-

1879 1339 2152 1394 henditur
2182 1345 2354 1410 atque
2383 1338 2759 1407 convincitur,
2791 1340 3106 1394 secundum
3135 1341 3434 1397 arbitrium
3457 1358 3583 1413 pre-

1883 1427 2093 1498 sbyteri
2122 1429 2210 1483 vel
2240 1427 2537 1499 prapositi
2564 1427 2793 1499 gravius
2823 1429 3182 1484 emendetur.

1951 1535 2027 1586 De
2055 1535 2188 1588 vitio
2213 1535 2498 1604 propriam
2526 1533 2775 1603 aliquam
2801 1548 2921 1589 rem
2959 1534 3068 1589 sibi
3092 1533 3509 1589 vindicantium.

1952 1641 2006 1695 8.
2038 1639 2229 1693 Vestes
2255 1643 2470 1694 vestras
2488 1639 2548 1692 in
2573 1655 2758 1693 unum
2779 1639 3052 1707 habeatis,
3077 1640 3182 1694 sub
3206 1655 3321 1695 uno
3343 1640 3582 1696 custode

1879 1727 1964 1780 vel
2000 1726 2244 1794 duobus,
2275 1728 2363 1781 vel
2397 1731 2536 1798 quot
2564 1727 2822 1781 sufﬁcere
2851 1727 3148 1797 potuerint
3178 1726 3251 1782 ad
3279 1744 3374 1782 eas
3413 1744 3582 1783 excu-

1879 1815 2120 1881 tiendas,
2150 1830 2222 1869 ne
2267 1831 2301 1868 a
2345 1815 2500 1869 tinea
2541 1815 2856 1869 laedantur:
2890 1819 2946 1869 et
2988 1815 3134 1869 sicut
3169 1815 3471 1886 pascimini
3514 1832 3583 1870 ex

1879 1919 1996 1958 uno
2022 1902 2274 1971 cellario,
2294 1903 2373 1957 sic
2393 1902 2715 1958 induamini
2740 1919 2801 1957 ex
2833 1918 2950 1957 uno
2980 1902 3266 1959 vestiario.
3291 1905 3358 1958 Et
3385 1904 3432 1957 si
3453 1903 3581 1958 fieri

1877 1995 2088 2063 potest,
2125 2007 2244 2046 non
2272 1991 2345 2046 ad
2368 2007 2466 2046 vos
2494 1990 2780 2062 pertineat
2807 1990 2960 2062 quod
2985 1990 3143 2045 vobis
3172 1991 3581 2046 indumentum

1879 2095 1982 2151 pro
2013 2084 2342 2150 temporum
2373 2078 2747 2150 congruentia
2773 2079 3115 2150 proferatur,
3138 2082 3336 2134 utrum
3360 2079 3470 2134 hoc
3499 2095 3586 2135 re-

1879 2167 2055 2238 cipiat
2086 2167 2479 2240 unusquisque
2515 2167 2667 2240 quod
2706 2167 3064 2238 deposuerat,
3107 2183 3181 2222 an
3218 2167 3370 2223 aliud
3429 2167 3584 2240 quod

1878 2255 2023 2310 alter
2048 2256 2356 2324 habuerat;
2387 2257 2526 2311 dum
2563 2260 2756 2310 tamen
2786 2255 3116 2327 unicuique,
3153 2261 3329 2328 prout
3367 2255 3574 2328 cuique

1876 2360 2019 2416 opus
2051 2350 2154 2413 est,
2188 2360 2304 2399 non
2345 2350 2605 2417 negetur.
2638 2345 2698 2400 Si
2740 2350 2932 2400 autem
2963 2345 3097 2399 hinc
3126 2345 3276 2400 inter
3319 2361 3417 2400 vos
3446 2361 3589 2400 con-

1876 2433 2164 2488 tentiones
2194 2438 2252 2488 et
2279 2449 2579 2488 murmura
2607 2433 2893 2504 oriuntur,
2921 2449 3051 2488 cum
3085 2434 3347 2505 queritur
3374 2432 3585 2504 aliquis

1877 2521 2127 2577 deterius
2173 2538 2232 2576 se
2279 2521 2562 2593 accepisse
2609 2537 2784 2593 quam
2836 2521 2997 2593 prius
3040 2521 3340 2588 habuerat,
3391 2526 3449 2576 et
3503 2521 3587 2576 in-

1877 2610 2119 2681 dignum
2151 2627 2209 2665 se
2241 2626 2360 2666 esse
2385 2611 2486 2682 qui
2505 2627 2621 2665 non
2650 2610 2730 2664 ita
2753 2611 3050 2675 vestiatur,
3075 2610 3220 2665 sicut
3245 2610 3390 2664 alius
3409 2610 3587 2664 frater

1877 2698 1998 2768 ejus
2021 2699 2392 2766 vestiebatur;
2415 2700 2550 2753 hinc
2567 2715 2667 2753 vos
2694 2699 2930 2769 probate
2951 2703 3229 2769 quantum
3253 2697 3410 2752 vobis
3437 2698 3592 2752 desit

1875 2786 1937 2842 in
1965 2787 2061 2841 illo
2092 2786 2365 2841 interiore
2408 2791 2602 2840 sancto
2633 2785 2831 2841 habitu
2867 2785 3074 2854 cordis,
3107 2785 3205 2857 qui
3243 2802 3348 2856 pro
3378 2786 3585 2841 habilu

1874 2874 2125 2945 corporis
2169 2874 2423 2946 litigatis.
2458 2875 2671 2928 Tamen
2702 2873 2749 2928 si
2791 2873 2869 2927 sic
2903 2877 3088 2927 vestra
3117 2873 3394 2928 toleratur
3422 2873 3586 2930 infir-

1873 2963 2057 3027 mitas,
2102 2967 2167 3016 ut
2206 2963 2314 3017 hoc
2360 2962 2646 3034 recipiatis
2694 2962 2848 3032 quod
2899 2961 3312 3032 deposueratis,
3361 2961 3423 3016 in
3467 2977 3584 3016 uno

1873 3056 2068 3107 tamen
2096 3052 2220 3106 loco
2260 3051 2365 3106 sub
2403 3050 2800 3107 communibus
2830 3049 3157 3104 custodibus
3186 3050 3391 3104 habete
3425 3049 3584 3122 quod

1873 3140 2107 3212 ponitis.
2141 3141 2223 3195 Ita
2252 3155 2409 3206 sane,
2442 3143 2506 3194 ut
2534 3139 2726 3193 nullus
2754 3137 2864 3192 sibi
2894 3137 3108 3209 aliquid
3143 3143 3411 3210 operetur
3436 3156 3449 3206 ;
3484 3138 3584 3193 sed

1874 3228 2068 3284 omnia
2099 3244 2277 3299 opera
2305 3232 2493 3283 vestra
2520 3227 2580 3281 in
2613 3242 2918 3282 commune
2938 3226 3082 3281 fiant
3103 3226 3149 3290 ³,
3171 3227 3374 3298 majori
3393 3226 3583 3281 studio

1874 3321 1931 3372 et
1949 3315 2326 3389 frequentiori
2343 3315 2652 3379 alacritate,
2670 3331 2842 3387 quam
2869 3314 2916 3369 si
2931 3313 3091 3370 vobis
3111 3313 3354 3386 singulis
3374 3314 3587 3369 facere-

1875 3405 1947 3461 tis
1976 3406 2225 3478 propria.
2265 3405 2520 3461 Charitas
2551 3405 2727 3472 enim,
2757 3406 2824 3459 de
2856 3421 2970 3476 qua
2990 3403 3268 3476 scriptum
3299 3407 3406 3473 est,
3430 3403 3585 3475 quod

1871 3510 1990 3550 non
2025 3499 2246 3566 quaerat
2281 3497 2419 3566 quae
2462 3510 2565 3548 sua
2591 3498 2726 3549 sunt
2763 3494 2808 3561 (Ι
2839 3495 2957 3551 Cor.
2991 3509 3112 3556 xui,
3147 3494 3225 3564 5),
3256 3493 3335 3547 sic
3365 3491 3586 3547 intelli-

1873 3583 2050 3655 gitur,
2084 3583 2219 3655 quia
2247 3583 2573 3638 communia
2602 3581 2868 3653 propriis,
2901 3598 3016 3636 non
3047 3581 3284 3652 propria
3328 3597 3586 3636 commu-

1873 3672 2044 3727 nibus
2074 3671 2389 3742 anteponit.
2414 3672 2480 3725 Et
2497 3669 2629 3725 ideo
2660 3675 2877 3741 quanto
2908 3670 3036 3741 plus
3065 3685 3186 3724 rem
3213 3685 3584 3724 communem

1873 3777 2048 3833 quam
2077 3759 2369 3832 propriam
2397 3764 2638 3814 vestram
2655 3759 3006 3822 curaveritis,
3026 3761 3184 3813 tanto
3210 3774 3307 3812 vos
3333 3757 3585 3828 amplius

1872 3849 2178 3921 profecisse
2220 3847 2524 3916 noveritis;
2572 3852 2638 3902 ut
2691 3847 2752 3901 in
2795 3847 3083 3912 omnibus,
3141 3845 3351 3918 quibus
3401 3845 3588 3900 utitur

1873 3938 2184 3993 transitura
2233 3937 2556 4004 necessitas,
2613 3935 3038 4007 superemineat
3092 3951 3221 4006 quae
3278 3937 3586 4006 permanet

1881 4025 2144 4082 Charitas.
2182 4027 2544 4098 Consequens
2572 4041 2707 4097 ergo
2738 4029 2822 4079 est
2849 4029 2916 4079 ut
2943 4023 3115 4078 etiam
3146 4021 3246 4094 qui
3276 4023 3396 4077 suis
3422 4021 3580 4088 filiis,

1874 4119 1974 4170 aut
2012 4115 2204 4187 aliqua
2240 4113 2660 4169 necessitudine
2702 4113 2772 4168 ad
2800 4128 2859 4167 se
2905 4111 3328 4184 pertinentibus
3365 4111 3425 4164 in
3456 4127 3583 4164 mo-

1873 4205 2123 4259 nasterio
2173 4202 2515 4271 constitutis,
2550 4202 2800 4274 aliquam
2847 4200 3153 4255 contulerit
3193 4203 3432 4267 vestem,
3467 4198 3585 4253 sive

1875 4293 2172 4366 quodlibet
2196 4292 2352 4348 aliud
2381 4291 2533 4346 inter
2557 4289 2876 4346 necessaria
2901 4289 3315 4360 deputandum,
3344 4303 3466 4343 non
3497 4303 3587 4342 oc-

1874 4383 2023 4437 culte
2053 4381 2392 4453 accipiatur;
2424 4380 2522 4436 sed
2556 4380 2629 4435 sit
2658 4381 2718 4435 in
2761 4383 3039 4452 potestate
3077 4376 3396 4450 praepositi,
3432 4380 3496 4431 ut
3524 4376 3586 4431 in

1873 4487 1998 4526 rem
2047 4486 2414 4527 communem
2459 4470 2770 4536 redactum,
2823 4468 2915 4523 cui
2969 4465 3357 4522 necessarium
3413 4465 3589 4520 fuerit

1873 4560 2220 4631 praebeatur.
2252 4559 2412 4624 Quod
2442 4557 2488 4612 si
2518 4557 2726 4629 aliquis
2753 4572 2877 4612 rem
2904 4555 3016 4612 sibi
3057 4555 3324 4610 collatam
3356 4555 3584 4610 celave-

1874 4648 1968 4717 rit,
1998 4647 2138 4703 furti
2158 4647 2377 4718 judicio
2415 4645 2829 4700 condemnetur
2858 4648 2902 4700 ⁸.

1938 4794 1953 4827 ί
1982 4791 2198 4855 Codices
2215 4789 2449 4855 plerique
2468 4788 2664 4855 habent
2675 4803 2688 4837 :
2701 4788 2776 4839 Ab
2796 4787 2974 4855 aliqua
2985 4784 3587 4855 litteraspclquodlibet

1873 4867 2068 4905 munus
2084 4850 2336 4915 accipiat.
2359 4850 2525 4909 Quem
2547 4850 2722 4915 locum
2751 4851 2816 4899 ad
2834 4850 3163 4915 Cerbeiensis
3177 4851 3281 4915 Ms,
3295 4850 3453 4915 fidem
3470 4864 3583 4915 cor-

1873 4917 2128 4984 reximus,
2161 4911 2327 4984 secuti
2361 4915 2519 4963 etiam
2547 4913 2735 4984 hacnin
2763 4926 2818 4962 re
2851 4911 3221 4984 conjecturam
3242 4912 3501 4984 .Stellartii
3531 4915 3584 4961 et

1874 4973 2146 5040 Vindingi,
2169 4977 2260 5040 qui
2287 4976 2356 5040 de
2371 4973 2703 5040 munusculis
2728 4973 2998 5040 amatoriis
3023 4974 3076 5040 id
3096 4975 3310 5040 praecipi
3329 4975 3584 5040 arbitran-

1873 5044 1987 5100 tur;
2013 5035 2247 5101 adédqiie
2267 5044 2327 5088 ut
2346 5038 2400 5086 in
2429 5037 2745 5101 feminarum
2774 5037 2958 5101 regula
2977 5036 3188 5101 legitur,
3211 5035 3277 5088 αὖ
3291 5037 3399 5101 aliq
3409 5049 3487 5094 uo,
3507 5035 3582 5101 sic

1873 5097 2422 5166 legendumhicesse,
2433 5099 2497 5149 ab
2517 5097 2908 5166 aliquml’aulo
2931 5097 3055 5166 post
3075 5099 3276 5166 adhaac
3290 5097 3582 5166 yerba,_vcl

1867 5158 2163 5229 pprositi,
2181 5158 2464 5229 additurin
2481 5158 2629 5224 epist.
2654 5163 2761 5229 211,
2776 5161 2868 5229 uel
2881 5158 3049 5229 etiam
3065 5159 3302 5229 episcopi
3314 5174 3335 5216 ,ο
3353 5158 3495 5222 quod
3514 5159 3580 5209 ab

1873 5222 2122 5276 omnibus
2150 5222 2544 5288 exemplaribus
2569 5225 2766 5288 regulae
2797 5223 2922 5275 viris
2947 5222 3135 5288 aptata;
3161 5222 3328 5288 abest.

1935 5290 1957 5324 2
1982 5288 2138 5358 Editi,
2167 5287 2233 5358 in
2246 5282 2417 5358 unum
2436 5282 2685 5358 ﬁant:_.§t
2706 5288 2834 5358 _Mss.
2865 5282 3092 5358 potiores
3119 5283 3332 5358 habent,
3359 5283 3414 5331 in
3440 5295 3581 5358 com-

1872 5363 2053 5420 mune:
2078 5351 2163 5420 Ita_
2190 5345 2530 5420 etiam‘epist.
2559 5351 2672 5408 211,
2698 5350 2759 5420 in
2771 5345 2892 5420 ἐξυᾶ
2920 5346 3238 5420 paulc’irapte2
3266 5345 3332 5420 ad
3355 5345 3578 5420 verbum

1873 5411 2138 5484 operetur.
2150 5411 2263 5461 haec
2288 5406 2414 5484 subj
2413 5415 2572 5484 uncta
2590 5406 2716 5484 sunt
2736 5406 2881 5484 τεῖος
2896 5406 3031 5484 uviae
3049 5406 3581 5484 ἰῃᾳςιᾳζᾳττείιζερρξ.

1867 5471 2065 5537 idceat,
2076 5477 2183 5523 sive
2193 5473 2336 5524 unde
2344 5471 2615 5537 cingatur,
2628 5473 2712 5524 vel
2727 5472 3011 5542 operiatur
3025 5471 3130 5529 wet
3141 5472 3301 5532 caput
3316 5471 3581 5581 contegat.

1935 5536 2159 5585 319thaac
2184 5536 2460 5594 sententia,
2486 5535 2628 5592 Quod
2646 5536 2688 5583 si
2704 5534 2902 5596 aliquis
2919 5543 3051 5591 rem,
3079 5535 3182 5580 etc.
3201 5547 3214 5592 ;
3237 5532 3388 5582 abest
3402 5546 3433 5582 a
3492 5545 3582 5580 or-

2447 5573 2460 5594 ,
2486 5567 2627 5592 γυνη
2646 5567 2687 5583 σο
2704 5567 2805 5594 υυσγ
2816 5567 2899 5583 ww
2919 5567 2932 5581 l
2947 5567 3051 5591 νην,
3080 5567 3182 5580 νῦν.
3201 5568 3214 5592 ς

1875 5598 2072 5649 beiensi
2102 5602 2154 5647 ct
2182 5599 2248 5647 ab
2277 5597 2391 5646 aliis
2420 5597 2682 5660 plerisque
2715 5595 2836 5643 Mss.
