4056 6398
404 339 537 393 1383

458 459 543 512 De
569 458 798 512 vestium
826 456 1037 523 latione,
1066 454 1132 509 de
1165 453 1387 519 balneis,
1420 452 1589 521 deque
1619 453 1749 508 aliis
1775 452 2034 508 curandis

899 545 1141 612 fratrum
1177 542 1602 597 necessitatibus.

470 657 523 708 9.
554 651 898 707 Indumenta
926 653 1112 704 vestra
1140 648 1455 702 secundum
1478 646 1777 702 arbitrium
1802 645 2096 718 praepositi

398 737 681 806 laventur,
713 738 828 791 sive
867 753 900 790 a
947 735 1124 802 vobis,
1158 735 1272 789 sive
1311 752 1344 790 a
1387 735 1717 802 fullonibus,
1752 751 1823 790 ne
1867 735 2095 789 interio-

398 841 487 879 res
518 827 722 880 animaz
752 825 944 879 sordes
967 824 1266 879 contrahat
1295 824 1526 878 mundae
1551 823 1720 878 vestis
1751 822 1963 878 nimius
1993 840 2095 894 ap-

398 913 625 984 petitus.
662 914 967 968 Lavacrum
994 913 1166 967 etiam
1193 912 1438 983 corpori,
1473 929 1603 967 cum
1632 911 1979 966 inﬁrmitatis
1999 928 2094 966 ne-

395 1001 624 1056 cessitas
649 1001 819 1073 cogit,
850 1000 1087 1056 minime
1109 1002 1424 1071 denegetur
1443 1002 1481 1056 ί.
1510 1001 1631 1056 Fiat
1650 1001 1769 1055 sine
1796 1017 2091 1055 murmure

395 1089 464 1144 de
497 1089 732 1144 consilio
767 1090 992 1154 medici,
1023 1090 1098 1144 ita
1127 1094 1192 1144 ut
1221 1089 1392 1144 etiam
1418 1089 1466 1143 si
1495 1090 1658 1155 nolit,
1683 1090 1920 1159 jubente
1948 1105 2094 1160 prse-

395 1177 579 1249 posito
610 1178 776 1233 faciat
802 1179 956 1248 quod
982 1178 1305 1232 faciendum
1334 1182 1419 1232 est
1444 1194 1549 1248 pro
1581 1178 1776 1232 salute.
1812 1177 1869 1232 Si
1900 1182 2090 1232 autem

394 1266 548 1334 velit,
575 1271 633 1321 et
659 1267 806 1321 forte
836 1282 954 1320 non
983 1265 1230 1336 expedit,
1260 1282 1376 1320 suae
1406 1265 1702 1336 cupiditati
1723 1282 1840 1320 non
1864 1265 2090 1320 obedia-

391 1358 487 1408 tur
507 1372 525 1408 :
557 1353 865 1426 aliquando
893 1353 1048 1408 enim
1077 1354 1248 1408 etiam
1280 1355 1326 1408 si
1351 1358 1569 1420 noceat,
1596 1354 1868 1424 prodesse
1897 1357 2090 1408 tamen

391 1442 646 1498 creditur
675 1443 826 1513 quod
859 1442 1118 1497 delectat.
1154 1442 1407 1513 Denique
1447 1442 1493 1496 si
1520 1443 1700 1496 latens
1729 1447 1814 1496 est
1840 1443 2002 1496 dolor
2029 1443 2090 1496 in

389 1547 650 1602 corpore,
680 1532 897 1586 famulo
929 1531 1029 1586 Dei
1061 1531 1270 1587 dicenti
1302 1531 1440 1602 quid
1469 1531 1575 1586 sibi
1602 1531 1807 1598 doleat,
1841 1531 1961 1585 sine
1989 1531 2091 1585 du-

388 1619 664 1674 bitatione
694 1620 994 1674 credatur:
1022 1620 1119 1674 sed
1151 1625 1342 1674 tamen
1367 1624 1563 1674 utrum
1595 1620 1847 1674 sanando
1878 1620 1962 1673 illi
1993 1621 2089 1674 do—

389 1707 520 1773 lori,
547 1709 700 1778 quod
731 1708 994 1773 delectat,
1037 1709 1322 1778 expediat,
1355 1707 1400 1761 si
1431 1725 1542 1762 non
1574 1713 1658 1762 est
1686 1713 1927 1776 certum,
1959 1725 2085 1763 me-

389 1795 547 1850 dicus
577 1796 920 1850 consulatur.
945 1797 1057 1850 Nec
1083 1800 1214 1850 eant
1239 1796 1308 1850 ad
1337 1796 1562 1864 balnea,
1588 1797 1704 1851 sive
1724 1812 2086 1867 quocumque

388 1883 471 1938 ire
508 1900 732 1938 necesse
771 1884 964 1950 fuerit,
995 1884 1187 1938 minus
1226 1900 1400 1956 quam
1437 1885 1551 1939 duo
1588 1885 1677 1939 vel
1714 1889 1846 1940 tres.
1890 1887 1956 1940 Et
1991 1886 2085 1939 ille

387 1972 488 2042 qui
514 1973 685 2028 habet
713 1972 904 2044 aliquo
927 1972 1099 2028 eundi
1123 1973 1536 2041 necessitatem,
1560 1988 1689 2028 cum
1711 1973 1918 2044 quibus
1938 1990 2083 2044 prae-

387 2061 604 2132 positus
627 2062 883 2133 jusserit,
910 2061 992 2116 ire
1021 2061 1248 2116 debebit
1269 2065 1309 2115 ³.
1342 2063 1759 2133 ίΕετοῐειηῑίιιιη
1785 2078 1940 2130 cura,
1968 2063 2083 2117 sive

385 2154 517 2220 post
545 2150 949 2221 aegritudinem
976 2150 1440 2217 reficiendorum,
1472 2151 1588 2205 sive
1610 2151 1803 2222 aliqua
1832 2151 2085 2206 imbecil-

383 2235 542 2291 litate
574 2236 748 2291 etiam
779 2238 899 2291 sine
928 2237 1180 2292 febribus
1209 2238 1605 2305 laborantium,
1639 2239 1741 2293 uni
1772 2238 1942 2293 alicui
1984 2239 2082 2293 de-

282 2333 291 2342 ‘
383 2325 481 2379 bet
520 2325 767 2396 injungi,
799 2328 878 2396 {ut
920 2326 1042 2397 ipse
1087 2327 1156 2382 de
1203 2327 1434 2382 cellario
1476 2333 1635 2399 petat
1680 2329 1835 2399 quod
1875 2330 2082 2402 cuique

382 2428 527 2483 opus
565 2430 686 2468 esse
728 2414 1098 2485 perspexerit.
1140 2415 1264 2470 Sive
1303 2420 1492 2470 autem
1537 2420 1635 2487 qui
1675 2418 1925 2486 cellario,
1967 2419 2082 2475 sive

383 2500 484 2572 qui
521 2501 785 2566 vestibus,
831 2503 948 2556 sive
997 2502 1098 2573 qui
1137 2503 1426 2558 codicibus
1471 2510 1907 2574 praeponuntur,
1957 2508 2080 2563 sine

383 2605 678 2644 murmure
715 2590 965 2644 serviant
1005 2590 1276 2645 fratribus
1314 2590 1448 2646 suis.
1484 2592 1712 2646 Codices
1751 2597 1903 2648 certa
1940 2594 2081 2649 hora

380 2678 619 2749 singulis
659 2679 861 2734 diebus
900 2682 1204 2750 petantur:
1242 2683 1401 2734 extra
1446 2680 1647 2735 horam
1691 2681 1790 2753 qui
1826 2683 2078 2754 petierit,

382 2782 500 2820 non
532 2767 796 2848 accipiat.
827 2767 1176 2824 Vestimenta
1199 2785 1332 2823 vero
1358 2773 1415 2823 et
1441 2769 1820 2825 calceamenta
1850 2772 2078 2844 quando

382 2854 775 2925 indigentibus
793 2856 1005 2910 fuerint
1028 2857 1359 2921 necessaria,
1387 2856 1522 2912 dare
1542 2874 1658 2912 non
1689 2859 1955 2915 differant
1975 2861 2079 2915 sub

378 2959 626 3014 quorum
656 2945 910 2999 custodia
938 2949 1072 3000 sunt
1098 2960 1226 3016 quae
1255 2949 1588 3016 poscuntur.

377 3069 450 3122 De
484 3067 716 3137 petenda
741 3071 921 3136 venia,
952 3072 1002 3123 et
1030 3068 1246 3138 offensis
1284 3069 1651 3126 condonandis
1681 3087 1748 3125 ea:
1777 3071 2067 3127 charitate.

452 3175 534 3229 10.
583 3173 731 3229 Lites
770 3178 864 3229 aut
899 3175 1084 3229 nullas
1121 3174 1397 3242 habeatis,
1429 3180 1529 3231 aut
1565 3193 1739 3248 quam
1782 3177 2077 3232 celerrime

375 3259 610 3328 ﬁniatis,
643 3277 714 3314 ne
746 3260 831 3314 ira
869 3265 1080 3315 crescat
1107 3259 1168 3314 in
1205 3261 1420 3330 odium,
1453 3266 1511 3317 et
1540 3263 1760 3317 trabem
1807 3263 1976 3318 faciat
2007 3264 2076 3319 de

375 3347 611 3413 festuca,
646 3352 701 3402 et
742 3347 995 3402 animam
1041 3348 1209 3403 faciat
1236 3349 1604 3405 homicidam.
1638 3351 1728 3406 Sic
1757 3351 1913 3406 enim
1942 3354 2077 3425 legi-

375 3435 482 3490 tis:
530 3435 635 3501 Qui
665 3433 780 3490 odit
821 3436 1054 3502 fratrem
1090 3451 1266 3505 suum,
1301 3439 1571 3493 homicida
1610 3443 1687 3494 est
1730 3439 1773 3511 (Ι
1801 3443 1956 3496 Joan.
1992 3459 2071 3510 Ill,

381 3523 486 3592 l5).
537 3523 896 3595 Quicumque
945 3524 1195 3580 convicio
1241 3527 1331 3581 vel
1392 3527 1718 3593 maledicto,
1763 3529 1852 3584 vel
1901 3530 2074 3585 etiam

375 3611 630 3667 criminis
651 3613 876 3684 objectu
894 3614 1140 3686 aliquem
1163 3614 1328 3684 laesit,
1346 3616 1673 3672 meminerit
1691 3617 2074 3676 satisfactione

374 3701 711 3771 quantocius
730 3702 930 3757 curare
956 3703 1110 3774 quod
1138 3703 1290 3772 fecit,
1315 3709 1371 3760 et
1388 3705 1484 3760 ille
1506 3706 1605 3777 qui
1624 3706 1794 3762 lmsus
1823 3712 1926 3776 est,
1950 3708 2073 3764 sine

373 3789 780 3863 disceptatione
820 3791 1126 3848 dimittere.
1175 3791 1234 3847 Si
1272 3797 1464 3848 autem
1506 3793 1752 3850 invicem
1801 3812 1858 3850 se
1906 3797 2072 3852 laese-

374 3877 508 3946 rint,
540 3879 780 3935 invicem
824 3879 934 3935 sibi
972 3879 1164 3936 debita
1207 3881 1458 3937 relaxare
1498 3882 1807 3952 debebunt,
1842 3892 2074 3958 propter

373 3967 658 4024 orationes
688 3972 930 4036 vestras;
963 3986 1104 4041 quas
1145 3970 1344 4041 utique
1378 3975 1591 4042 quanto
1626 3972 1938 4029 crebriores
1968 3976 2070 4031 ha-

371 4054 536 4124 betis,
569 4061 728 4113 tanto
765 4057 1024 4113 saniores
1053 4058 1264 4114 habere
1292 4059 1528 4115 debetis.
1562 4061 1758 4117 Melior
1785 4067 1871 4118 est
1917 4065 2070 4119 enim

373 4143 472 4215 qui
498 4145 759 4215 quamvis
777 4145 864 4200 ira
894 4162 1044 4219 saepe
1072 4149 1346 4219 tentatur,
1367 4153 1561 4203 tamen
1585 4148 1896 4220 impetrare
1919 4152 2072 4207 festi-

370 4234 470 4286 nat
501 4235 564 4284 ut
593 4231 702 4286 sibi
730 4232 1001 4300 dimittat,
1033 4233 1125 4288 cui
1159 4251 1218 4288 se
1247 4235 1448 4292 fecisse
1483 4238 1742 4307 agnoscit
1773 4237 2067 4310 injuriam,

371 4335 546 4388 quam
583 4319 683 4390 qui
724 4319 942 4374 tardius
979 4320 1261 4389 irascitur,
1304 4327 1360 4378 et
1390 4324 1464 4378 ad
1498 4324 1724 4380 veniam
1762 4327 2069 4396 petendam

370 4406 657 4461 difﬁcilius
694 4406 1003 4462 inclinatur
1029 4406 1069 4463 ⁸.
1103 4409 1211 4474 Qui
1252 4427 1369 4466 non
1407 4413 1528 4467 vult
1565 4413 1847 4470 dimittere
1885 4415 2065 4486 fratri,

370 4509 489 4548 non
537 4499 728 4566 speret
774 4495 1026 4566 accipere
1072 4498 1343 4554 orationis
1389 4501 1696 4558 effectum:
1738 4503 1838 4575 qui
1875 4513 2068 4562 autem

371 4598 662 4654 nunquam
693 4584 814 4639 vult
837 4590 1031 4655 petere
1060 4587 1304 4656 veniam,
1331 4594 1428 4644 aut
1452 4605 1566 4645 non
1597 4607 1664 4645 ex
1686 4592 1876 4649 animo
1900 4595 2068 4666 petit,

371 4671 494 4725 sine
524 4687 693 4726 causa
721 4677 807 4727 est
832 4672 894 4728 in
936 4677 1300 4745 monasterio,
1333 4678 1551 4733 etiamsi
1581 4679 1714 4736 inde
1747 4699 1864 4737 non
1891 4684 2069 4756 proji-

372 4758 574 4815 ciatur.
599 4761 847 4817 Proinde
868 4763 1030 4819 vobis
1058 4781 1091 4820 a
1109 4765 1294 4821 verbis
1318 4767 1644 4824 durioribus
1672 4771 1916 4842 parcite;
1941 4790 2068 4845 qua:

435 4914 452 4948 ί
477 4911 537 4962 In
568 4913 787 4987 epistola
811 4917 897 4965 2H
923 4918 996 4966 sic
1020 4917 1244 4987 habetur
1255 4935 1272 4987 :_
1287 4923 1581 4987 Lavacrum
1599 4923 1754 4974 etiam
1779 4938 2067 4987 corporum

367 4975 934 5051 ususque'balncarum
952 4993 1062 5051 non
1079 4983 1147 5051 s_it
1161 4983 1410 5051 assiduus
1428 5001 1440 5044 ;
1457 4987 1549 5051 sed
1561 4999 1622 5036 eo
1642 4999 1739 5050 quo
1759 4975 1888 5038 solet
1907 4975 1960 5038 in
1969 4975 2068 5040 ter?

368 5037 776 5112 patio—temporis
793 5042 1069 5112 tribuatur,
1093 5043 1187 5094 hoc
1215 5050 1294 5112 est
1311 5037 1472 5112 semet
1493 5051 1545 5112 in
1576 5037 1760 5098 mense.
1787 5037 1955 5111 Cujus
1972 5037 2069 5102 au-

366 5103 477 5172 tem
496 5099 826 5174 inﬁrmitatis
846 5108 1133 5174 nrcessitas
1150 5109 1290 5168 cogit
1310 5109 1597 5161 lavandum
1614 5123 1818 5174 corpus,
1833 5099 1942 5162 η’οὴ
1961 5099 2069 5163 1οῆ-

295 5192 301 5196 ι
367 5161 828 5226 ginem/feratur.
865 5169 983 5216 Fiat
1015 5170 1129 5217 sine
1158 5161 1451 5220 murmure.

431 5224 452 5257 ³
472 5223 712 5296 Quatuor
732 5227 854 5296 _Mss.
876 5232 1006 5296 :It’ec
1023 5232 1112 5296 qui
1124 5229 1278 5296 habet
1288 5233 1488 5284 alicubi
1509 5235 1670 5285 eundi
1685 5237 2066 5296 necessitatem,

371 5295 496 5396 31$;
502 5287 706 5396 tquibus
720 5288 839 5354 ipse
856 5287 1107 5352 voluerit,
1119 5291 1209 5342 sed
1217 5307 1337 5346 cum
1351 5297 1536 5359 quibus
1555 5298 1732 5347 senior
1731 5299 1977 5359 jusserit,
1990 5287 2069 5350 ire

432 5410 446 5443 ί
475 5409 633 5479 Editi,
650 5413 862 5465 tardius
876 5414 1188 5468 inclinatur.
1206 5417 1273 5468 At
1283 5419 1377 5469 Ms.
1394 5419 1547 5469 Corb.
1569 5419 1779 5484 aliique,
1791 5420 2070 5485 dif/icilius

1414 331 1467 387 S.
1510 329 1894 388 AUGUSTINI
1939 327 2230 388 REGULA
2267 328 2367 385 AD
2411 325 2682 387 SERVOS
2719 325 2862 384 DEI.

3766 330 3787 380 l
3801 327 3900 381 384

2203 451 2252 506 si
2276 451 2483 507 emissa
2507 451 2722 507 fuerint
2751 465 2820 506 ex
2847 451 3163 518 orevestro,
3187 464 3308 505 non
3335 448 3530 521 pigeat
3545 466 3615 506 ex
3643 450 3778 522 ipso
3807 467 3902 507 ore

2201 541 2460 611 proferre
2507 540 2940 605 medicamenta,
2994 539 3145 594 unde
3211 539 3360 593 facta
3431 547 3565 594 sunt
3635 539 3898 596 vulnera.

2202 630 2439 693 Quando
2471 633 2661 684 autem
2689 627 2993 684 necessitas
3021 627 3335 699 disciplinae
3361 626 3421 683 in
3450 629 3710 684 moribus
3741 645 3899 684 coer-

2203 718 2417 786 cendis,
2451 719 2637 773 dicere
2660 735 2758 772 vos
2782 717 2952 772 verba
2979 717 3124 772 dura
3143 717 3458 789 compellit,
3488 717 3537 772 si
3579 717 3764 773 etiam
3795 719 3899 789 ipsi

2201 806 2440 860 modum
2472 823 2566 861 vos
2597 805 2895 860 excessisse
2925 804 3167 872 sentitis,
3223 820 3337 859 non
3364 821 3398 859 a
3441 804 3603 860 vobis
3652 805 3904 876 exigitur

2199 897 2321 948 uta
2347 894 2507 948 vobis
2554 894 2792 948 subditis
2847 893 3072 948 veniam
3123 893 3443 964 postuletis,
3499 909 3572 947 ne
3601 894 3761 965 apud
3807 910 3902 949 eos

2199 998 2339 1054 quos
2369 987 2597 1053 oportet
2641 998 2763 1036 esse
2802 982 3106 1053 subjectos,
3151 982 3290 1036 dum
3335 981 3583 1036 nimium
3637 987 3902 1036 servatur

2197 1070 2512 1137 humilitas,
2544 1069 2782 1142 regendi
2819 1070 3119 1140 frangatur
3155 1068 3503 1136 auctoritas;
3548 1069 3650 1124 sed
3701 1074 3897 1126 tamen

2196 1159 2445 1229 petenda
2470 1147 2747 1213 est-venia
2774 1159 2844 1213 ab
2874 1157 3134 1212 omnium
3156 1157 3399 1212 Domino
3427 1157 3528 1229 qui
3547 1158 3897 1213 novitetiam

2197 1263 2292 1300 eos
2323 1263 2465 1318 quos
2495 1248 2628 1318 plus
2650 1247 2806 1318 justo
2857 1247 3001 1301 forte
3030 1245 3337 1316 corripitis,
3388 1250 3602 1317 quanta
3640 1247 3895 1302 benevo-

2197 1335 2376 1390 lentia
2404 1335 2672 1407 diligatis.
2705 1336 2830 1390 Non
2873 1338 3063 1389 autem
3111 1333 3375 1404 carnalis,
3429 1335 3528 1390 sed
3579 1334 3899 1406 spiritualis

2195 1423 2346 1478 inter
2371 1440 2468 1479 vos
2499 1424 2669 1478 debet
2697 1439 2819 1478 esse
2841 1422 3088 1477 dilectio.

2505 1514 2588 1566 De
2615 1512 2918 1566 obedientia
2940 1513 3230 1583 pra'posito
3258 1510 3581 1566 exliibenda.

2271 1602 2353 1654 ll.
2389 1600 2701 1671 Praeposito
2751 1604 3024 1670 tanquam
3080 1599 3230 1669 patri
3285 1599 3585 1654 obediatur
3621 1599 3641 1632 ί
3669 1619 3686 1668 ;
3717 1600 3900 1656 multo

2194 1688 2377 1758 magis
2409 1689 2739 1758 presbytero
2766 1688 2867 1759 qui
2897 1689 3155 1742 omnium
3186 1693 3438 1742 vestrum
3485 1704 3684 1743 curam
3713 1690 3890 1760 gerit.

2196 1777 2265 1830 Ut
2295 1791 2429 1847 ergo
2459 1782 2663 1830 cuncta
2690 1776 2797 1830 ista
2846 1783 3164 1843 serventur,
3213 1780 3271 1830 et
3317 1776 3364 1830 si
3415 1776 3552 1847 quid
3606 1783 3896 1832 servatum

2194 1865 2386 1919 minus
2417 1864 2609 1932 fuerit,
2661 1881 2775 1919 non
2822 1865 3191 1935 negligenter
3232 1869 3630 1934 praetereatur,
3683 1866 3787 1921 sed
3836 1872 3897 1921 ut

2193 1953 2619 2008 emendandum
2669 1952 3189 2024 corrigendumque
3237 1957 3487 2019 curetur,
3522 1953 3591 2008 ad
3621 1954 3896 2025 praeposi-

2191 2046 2316 2094 tum
2342 2041 2628 2111 praecipue
2653 2041 2983 2112 pertinebit,
3015 2045 3078 2095 ut
3133 2041 3204 2096 ad
3233 2042 3678 2112 prmsbyterum,
3729 2043 3893 2112 cujus

2189 2136 2274 2184 est
2297 2130 2450 2200 apud
2476 2147 2572 2184 vos
2601 2131 2784 2201 major
2811 2130 3137 2198 auctoritas,
3182 2131 3394 2186 referat
3444 2131 3601 2202 quod
3651 2131 3892 2186 modum

2189 2219 2276 2272 vel
2323 2219 2480 2273 vires.
2503 2219 2624 2290 ejus
2667 2219 2907 2274 excedit.
2958 2220 3082 2290 ipse
3133 2235 3266 2273 vero
3315 2219 3416 2291 qui
3453 2219 3616 2274 vobis
3658 2225 3891 2290 praeest,

2188 2323 2304 2361 non
2334 2322 2393 2360 se
2423 2306 2705 2362 existimet
2743 2311 3023 2378 potestate
3065 2307 3423 2373 dominante,
3474 2308 3574 2363 sed
3615 2308 3893 2364 charitate

2188 2394 2466 2450 serviente
2497 2395 2740 2451 felicem.
2800 2397 3024 2450 Honore
3054 2411 3252 2450 coram
3301 2396 3463 2450 vobis
3510 2397 3792 2468 praelatus
3821 2398 3893 2452 sit

2185 2482 2373 2549 vobis;
2406 2482 2612 2538 timore
2642 2499 2832 2537 coram
2870 2485 2982 2538 Deo
3043 2484 3358 2538 substratus
3387 2484 3460 2538 sit
3500 2485 3747 2555 pedibus
3777 2502 3892 2540 ves-

2185 2571 2306 2626 tris.
2356 2571 2515 2627 Circa
2543 2588 2742 2627 omnes
2771 2572 3022 2643 seipsum
3052 2572 3336 2627 bonorum
3364 2588 3606 2644 operum
3627 2575 3894 2644 praebeat

2186 2661 2515 2733 exemplum
2549 2663 2674 2731 (Tit.
2705 2678 2763 2729 ιι,
2795 2660 2873 2732 7).
2906 2660 3191 2732 Corripiat
3218 2660 3526 2732 inquietos,
3564 2663 3895 2718 consoletur

2186 2747 2598 2819 pusillanimes,
2627 2748 2898 2820 suscipiat
2925 2748 3204 2815 inﬁrmos,
3235 2749 3460 2819 patiens
3490 2751 3564 2804 sit
3590 2752 3664 2805 ad
3689 2767 3890 2807 omnes

2187 2837 2224 2908 (Ι
2258 2838 2502 2904 Thess.v,
2550 2839 2675 2907 14);
2721 2837 3080 2909 disciplinam
3121 2838 3303 2892 libens
3333 2839 3562 2906 habeat,
3614 2845 3884 2896 metuens

2183 2925 2443 2994 imponat
2466 2923 2507 2982 ³.
2540 2927 2604 2980 Et
2632 2925 2892 2996 quamvis
2916 2931 3228 2996 utrumque
3260 2925 3333 2980 sit
3362 2925 3770 2994 necessarium,
3801 2933 3886 2983 ta-

2184 3029 2318 3068 men
2347 3015 2474 3084 plus
2511 3031 2542 3068 a
2570 3014 2731 3068 vobis
2760 3013 2940 3068 amari
2971 3019 3224 3085 appetat,
3255 3031 3430 3084 quam
3474 3014 3708 3083 timeri;
3741 3033 3888 3072 sem-

2183 3117 2288 3172 per
2315 3101 2571 3172 cogitans
2593 3101 2615 3136 δ
2650 3104 2764 3156 Deo
2793 3119 2851 3156 se
2873 3119 2976 3174 pro
3003 3102 3161 3157 vobis
3183 3103 3541 3158 redditurum
3571 3121 3692 3159 esse
3704 3105 3884 3160 ratio-

2183 3205 2337 3245 nem.
2378 3191 2532 3245 Unde
2561 3206 2658 3244 vos
2686 3191 2868 3262 magis
2899 3191 3240 3258 obediendo,
3282 3207 3401 3246 non
3439 3192 3626 3247 solum
3684 3193 3883 3261 vestri,

2183 3279 2280 3332 sed
2313 3279 2484 3333 etiam
2511 3279 2690 3349 ipsius
2721 3279 3117 3348 miseremini;
3149 3279 3281 3349 quia
3336 3280 3489 3335 inter
3534 3297 3635 3334 vos
3665 3285 3886 3353 quanto

2181 3367 2304 3421 loco
2336 3366 2650 3436 superiore,
2674 3372 2833 3422 tanto
2861 3369 2921 3422 in
2948 3368 3202 3439 periculo
3232 3369 3449 3439 majore
3480 3373 3760 3426 versatur.

2237 3456 2317 3510 De
2337 3456 2538 3524 regulae
2573 3455 2799 3510 liberali
2833 3457 3179 3511 observantia
3207 3462 3254 3512 et
3279 3459 3557 3527 frequenti
3586 3458 3830 3514 lectione.

2255 3545 2340 3596 12.
2371 3543 2554 3596 Donet
2583 3541 2860 3596 Dominus
2900 3547 2966 3597 ut
3005 3543 3319 3598 observetis
3375 3545 3499 3599 haec
3526 3545 3726 3600 omnia
3755 3563 3885 3602 cum

2181 3629 2542 3698 dilectione‘,
2574 3635 2850 3701 tanquam
2890 3631 3206 3702 spiritualis
3234 3633 3685 3704 pulchritudinis
3733 3652 3887 3691 ama-

2179 3721 2354 3786 tores,
2385 3721 2441 3772 et
2469 3718 2620 3774 bono
2657 3717 2866 3774 Christi
2915 3719 3087 3774 odore
3132 3720 3203 3775 de
3248 3719 3398 3775 bona
3451 3722 3886 3778 conversatione

2178 3807 2518 3878 fragrantes,
2562 3823 2681 3862 non
2709 3807 2856 3862 sicut
2884 3808 3032 3862 servi
3061 3808 3168 3863 sub
3195 3809 3338 3879 lege,
3373 3810 3473 3865 sed
3506 3808 3654 3864 sicut
3710 3811 3883 3866 liberi

2180 3895 2284 3950 sub
2315 3895 2496 3966 gratia
2535 3895 2847 3950 constituti.
2883 3898 2953 3951 Ut
3007 3901 3201 3951 autem
3258 3913 3357 3952 vos
3412 3897 3473 3952 in
3529 3898 3638 3952 hoc
3689 3898 3883 3955 libello

2177 3987 2453 4055 tanquam
2478 3982 2540 4038 in
2571 3985 2800 4056 speculo
2829 3985 3057 4056 possitis
3080 3984 3385 4056 inspicere,
3405 4001 3477 4040 ne
3505 4001 3609 4056 per
3629 3986 3880 4042 oblivio-

2176 4086 2310 4124 nem
2342 4071 2558 4142 aliquid
2586 4073 2912 4144 negligatis,
2943 4075 3118 4128 semel
3148 4074 3208 4128 in
3253 4074 3576 4145 septimana
3605 4075 3770 4129 vobis
3799 4077 3881 4131 le-

2177 4164 2362 4230 gatur.
2397 4161 2463 4215 Et
2487 4160 2584 4215 ubi
2613 4177 2709 4216 vos
2738 4161 3075 4216 inveneritis
3105 4179 3172 4217 ea
3215 4179 3346 4234 quae
3376 4163 3589 4234 scripta
3634 4169 3771 4219 sunt
3797 4165 3881 4220 fa-

2175 4247 2408 4316 cientes,
2441 4248 2592 4320 agite
2621 4249 2835 4319 gratias
2865 4251 3109 4305 Domino
3138 4251 3422 4306 bonorum
3455 4250 3714 4305 omnium
3769 4253 3884 4306 lar-

2177 4335 2350 4407 gitori
2379 4352 2391 4390 :
2419 4337 2520 4391 ubi
2579 4341 2773 4392 autem
2831 4337 2938 4392 sibi
2995 4339 3348 4410 quicumque
3417 4343 3671 4393 vestrum
3730 4339 3885 4395 videt

2179 4424 2401 4496 aliquid
2431 4425 2644 4492 deesse,
2670 4426 2861 4481 doleat
2889 4427 2958 4481 de
2984 4429 3304 4497 praeterito,
3341 4431 3536 4480 caveat
3567 4427 3636 4481 de
3660 4426 3882 4496 futuro,

2178 4528 2348 4568 orans
2376 4517 2440 4568 ut
2469 4517 2525 4568 et
2551 4514 2810 4569 debitum
2842 4514 3184 4582 dimittatur,
3217 4518 3273 4569 et
3289 4514 3350 4568 in
3367 4512 3747 4570 tentationem
3768 4533 3885 4573 non

2178 4601 2499 4658 inducatur.
2531 4603 2735 4657 Amen.

2242 4745 2256 4779 ι
2279 4741 2616 4806 Corbeiensis
2636 4747 2786 4793 vetus
2813 4742 3006 4792 codex:
3033 4740 3311 4806 Obediatur
3336 4735 3538 4806 honore
3561 4744 3788 4806 seruato,
3809 4758 3882 4796 ne

2176 4808 2231 4856 in
2251 4805 2344 4854 illo
2364 4803 2676 4869 offendatur
2721 4806 2983 4869 Deusqlta
2997 4805 3153 4869 etiam
3184 4801 3272 4851 alii
3301 4804 3544 4865 quatuor,
3575 4805 3666 4867 qui
3696 4801 3879 4868 prose-

2177 4865 2432 4930 quuntur,
2457 4868 2624 4918 multo
2653 4870 2815 4930 magis
2839 4865 3046 4917 Abbati.

2239 4931 2260 5000 ξ
2288 4925 2431 4989 Lov.,
2468 4925 2785 5000 metuendus
2813 4925 3192 5000 imponat.‘Sed
3222 4926 3440 4998 omnino
3461 4927 3682 5000 exigunt
3696 4931 3879 5000 _verba

2177 4988 2550 5054 subsequentia
2575 4997 2631 5041 ut
2647 4991 2732 5040 hic
2744 4988 2963 5052 legatur,
2987 4989 3219 5038 metuens
3237 4988 3498 5054 imponat,
3522 4988 3675 5040 sicuti
3692 4991 3879 5045 ferunt

2177 5053 2280 5101 Mss
2291 5090 2301 5101 .
2345 5053 2588 5101 (luatuor.

2241 5069 2672 5172 asbllltilltlgl‘oﬁSS.
2705 5114 2882 5162 tamen
2891 5111 3014 5176 plus
3041 5125 3159 5162 eum
3183 5126 3217 5162 a
3242 5112 3385 5162 vobis
3405 5115 3580 5163 amari
3601 5118 3876 5176 convenit,

2175 5189 2335 5238 quam
2355 5177 2544 5231 timeri,
2573 5188 2776 5238 semper
2803 5175 3131 5238 cogitantem.
3178 5176 3339 5225 Porro
3363 5176 3540 5224 verior
3588 5181 3666 5226 est
3717 5175 3877 5230 lectio

2177 5236 2406 5301 vulgata,
2439 5251 2596 5301 quam
2631 5236 2692 5285 S.‘
2707 5236 3016 5301 Benedictus
3045 5238 3101 5286 in
3153 5238 3280 5301 Reg,
3308 5251 3420 5301 cap.
3454 5239 3534 5300 64,
3563 5238 3636 5288 sic
3656 5241 3835 5292 reddit
3863 5257 3876 5292 :

2176 5297 2403 5350 Studeat
2431 5297 2554 5361 plus
2575 5297 2756 5349 amari
2777 5311 2936 5361 quam
2966 5300 3156 5350 timeri.

2240 5363 2261 5425 ξ
2287 5362 2370 5410 Sic
2393 5361 2489 5411 Ms.
2525 5361 2677 5422 Corb,
2694 5361 2885 5425 aliique
2905 5366 3032 5412 tres.
3063 5363 3128 5412 At
3156 5362 3210 5411 in
3231 5361 3385 5413 editis
3409 5361 3572 5424 deest,
3593 5374 3716 5414 cum
3740 5363 3878 5419 dile-

2175 5421 2366 5476 ctione.
