  <div class='ocr_page' id='page_1' title='image "/cluster/home/n/w/nwhite01/storage/ocr_20150623/32/umn.31951002477326y/704.png"; bbox 0 0 4056 6358; ppageno 0'>
   <div class='ocr_carea' id='block_1_1' title="bbox 1115 521 2589 699">
    <p class='ocr_par' dir='ltr' id='par_1_1' title="bbox 1115 521 2589 699">
     <span class='ocr_line' id='line_1_1' title="bbox 1115 521 2589 699; baseline -0.005 0"><span class='ocrx_word' id='word_1_1' title='bbox 1115 521 2589 699; x_wconf 87' lang='lat' dir='ltr'><strong>APPENDIX</strong></span> 
     </span>
    </p>
   </div>
   <div class='ocr_carea' id='block_1_2' title="bbox 533 785 3164 888">
    <p class='ocr_par' dir='ltr' id='par_1_2' title="bbox 533 785 3164 888">
     <span class='ocr_line' id='line_1_2' title="bbox 533 785 3164 888; baseline -0.003 -9"><span class='ocrx_word' id='word_1_2' title='bbox 533 792 844 880; x_wconf 91' lang='grc' dir='ltr'><strong>ΤΟΜΙ</strong></span> <span class='ocrx_word' id='word_1_3' title='bbox 904 792 1272 880; x_wconf 83' lang='lat' dir='ltr'><strong>PRIMI</strong></span> <span class='ocrx_word' id='word_1_4' title='bbox 1331 788 1863 878; x_wconf 84' lang='lat' dir='ltr'><strong>OPEBUM</strong></span> <span class='ocrx_word' id='word_1_5' title='bbox 1923 787 2373 876; x_wconf 89' lang='lat' dir='ltr'><strong>SANCTl</strong></span> <span class='ocrx_word' id='word_1_6' title='bbox 2433 785 3164 888; x_wconf 89' lang='lat' dir='ltr'><strong>AUGUSTINI,</strong></span> 
     </span>
    </p>
   </div>
   <div class='ocr_carea' id='block_1_3' title="bbox 1635 975 2076 1012">
    <p class='ocr_par' dir='ltr' id='par_1_3' title="bbox 1635 975 2076 1012">
     <span class='ocr_line' id='line_1_3' title="bbox 1635 975 2076 1012; baseline -0.002 0"><span class='ocrx_word' id='word_1_7' title='bbox 1635 975 2076 1012; x_wconf 73' lang='lat' dir='ltr'><strong>COMPLECTENS</strong></span> 
     </span>
    </p>
   </div>
   <div class='ocr_carea' id='block_1_4' title="bbox 980 1097 2730 1168">
    <p class='ocr_par' dir='ltr' id='par_1_4' title="bbox 980 1097 2730 1168">
     <span class='ocr_line' id='line_1_4' title="bbox 980 1097 2730 1168; baseline -0.005 0"><span class='ocrx_word' id='word_1_8' title='bbox 980 1098 1317 1168; x_wconf 81' lang='lat' dir='ltr'><strong>QU/EDAM</strong></span> <span class='ocrx_word' id='word_1_9' title='bbox 1367 1098 1552 1162; x_wconf 83' lang='lat' dir='ltr'><strong>OLIM</strong></span> <span class='ocrx_word' id='word_1_10' title='bbox 1605 1099 1756 1163; x_wconf 89' lang='lat' dir='ltr'><strong>IPSI</strong></span> <span class='ocrx_word' id='word_1_11' title='bbox 1811 1099 2230 1164; x_wconf 79' lang='lat' dir='ltr'><strong>PERPERAM</strong></span> <span class='ocrx_word' id='word_1_12' title='bbox 2279 1097 2730 1162; x_wconf 83' lang='lat' dir='ltr'><strong>ADSGR.IPTA.</strong></span> 
     </span>
    </p>
   </div>
   <div class='ocr_carea' id='block_1_5' title="bbox 1705 1257 2016 1293">
    <p class='ocr_par' dir='ltr' id='par_1_5' title="bbox 1705 1257 2016 1293">
     <span class='ocr_line' id='line_1_5' title="bbox 1705 1257 2016 1293; baseline -0.006 -1"><span class='ocrx_word' id='word_1_13' title='bbox 1705 1258 1771 1292; x_wconf 75' lang='lat' dir='ltr'><strong>EA</strong></span> <span class='ocrx_word' id='word_1_14' title='bbox 1817 1257 2016 1293; x_wconf 75' lang='lat' dir='ltr'><strong>SUNT:</strong></span> 
     </span>
    </p>
   </div>
   <div class='ocr_carea' id='block_1_6' title="bbox 408 1397 1179 1442">
    <p class='ocr_par' dir='ltr' id='par_1_6' title="bbox 408 1397 1179 1442">
     <span class='ocr_line' id='line_1_6' title="bbox 408 1397 1179 1442; baseline -0.001 0"><span class='ocrx_word' id='word_1_15' title='bbox 408 1400 492 1442; x_wconf 81' lang='lat' dir='ltr'><strong>DE</strong></span> <span class='ocrx_word' id='word_1_16' title='bbox 533 1397 940 1442; x_wconf 81' lang='lat' dir='ltr'><strong>GRAMMATICA</strong></span> <span class='ocrx_word' id='word_1_17' title='bbox 978 1398 1179 1442; x_wconf 77' lang='lat' dir='ltr'><strong>LIBER.</strong></span> 
     </span>
    </p>
   </div>
   <div class='ocr_carea' id='block_1_7' title="bbox 411 1506 1180 1550">
    <p class='ocr_par' dir='ltr' id='par_1_7' title="bbox 411 1506 1180 1550">
     <span class='ocr_line' id='line_1_7' title="bbox 411 1506 1180 1550; baseline 0 -2"><span class='ocrx_word' id='word_1_18' title='bbox 411 1506 730 1550; x_wconf 79' lang='lat' dir='ltr'><strong>PRINCIPIA</strong></span> <span class='ocrx_word' id='word_1_19' title='bbox 781 1506 1156 1549; x_wconf 59' lang='lat' dir='ltr'><strong>DIALECTICBE</strong></span> <span class='ocrx_word' id='word_1_20' title='bbox 1169 1535 1180 1548; x_wconf 95' lang='lat'><strong>.</strong></span> 
     </span>
    </p>
   </div>
   <div class='ocr_carea' id='block_1_8' title="bbox 407 1611 1057 1656">
    <p class='ocr_par' dir='ltr' id='par_1_8' title="bbox 407 1611 1057 1656">
     <span class='ocr_line' id='line_1_8' title="bbox 407 1611 1057 1656; baseline 0.003 -2"><span class='ocrx_word' id='word_1_21' title='bbox 407 1611 779 1656; x_wconf 67' lang='lat' dir='ltr'><strong>(IATEGORL‘E</strong></span> <span class='ocrx_word' id='word_1_22' title='bbox 828 1612 1057 1656; x_wconf 82' lang='lat' dir='ltr'><strong>DECEM.</strong></span> 
     </span>
    </p>
   </div>
   <div class='ocr_carea' id='block_1_9' title="bbox 1502 1399 2246 1444">
    <p class='ocr_par' dir='ltr' id='par_1_9' title="bbox 1502 1399 2246 1444">
     <span class='ocr_line' id='line_1_9' title="bbox 1502 1399 2246 1444; baseline 0 -2"><span class='ocrx_word' id='word_1_23' title='bbox 1502 1399 1811 1444; x_wconf 79' lang='lat' dir='ltr'><strong>PRINCIPIA</strong></span> <span class='ocrx_word' id='word_1_24' title='bbox 1859 1399 2222 1443; x_wconf 69' lang='lat' dir='ltr'><strong>RHETORICzE</strong></span> <span class='ocrx_word' id='word_1_25' title='bbox 2235 1429 2246 1442; x_wconf 90' lang='lat'><strong>.</strong></span> 
     </span>
    </p>
   </div>
   <div class='ocr_carea' id='block_1_10' title="bbox 1495 1506 2400 1551">
    <p class='ocr_par' dir='ltr' id='par_1_10' title="bbox 1495 1506 2400 1551">
     <span class='ocr_line' id='line_1_10' title="bbox 1495 1506 2400 1551; baseline -0.002 -2"><span class='ocrx_word' id='word_1_26' title='bbox 1495 1507 1748 1550; x_wconf 61' lang='lat' dir='ltr'><strong>REGULE</strong></span> <span class='ocrx_word' id='word_1_27' title='bbox 1795 1506 2072 1551; x_wconf 77' lang='lat' dir='ltr'><strong>CLERICIS</strong></span> <span class='ocrx_word' id='word_1_28' title='bbox 2119 1506 2400 1550; x_wconf 57' lang='lat' dir='ltr'><strong>TRADI&#39;I‘EF.</strong></span> 
     </span>
    </p>
   </div>
   <div class='ocr_carea' id='block_1_11' title="bbox 1561 1613 2006 1658">
    <p class='ocr_par' dir='ltr' id='par_1_11' title="bbox 1561 1613 2006 1658">
     <span class='ocr_line' id='line_1_11' title="bbox 1561 1613 2006 1658; baseline 0 -3"><span class='ocrx_word' id='word_1_29' title='bbox 1561 1613 2006 1658; x_wconf 79' lang='lat' dir='ltr'><strong>FRAGMENTUM.</strong></span> 
     </span>
    </p>
   </div>
   <div class='ocr_carea' id='block_1_12' title="bbox 2636 1397 3223 1444">
    <p class='ocr_par' dir='ltr' id='par_1_12' title="bbox 2636 1397 3223 1444">
     <span class='ocr_line' id='line_1_12' title="bbox 2636 1397 3223 1444; baseline 0.005 -4"><span class='ocrx_word' id='word_1_30' title='bbox 2636 1397 2875 1442; x_wconf 77' lang='lat' dir='ltr'><strong>REGULA</strong></span> <span class='ocrx_word' id='word_1_31' title='bbox 2924 1397 3223 1444; x_wconf 85' lang='lat' dir='ltr'><strong>SECUNDA.</strong></span> 
     </span>
    </p>
   </div>
   <div class='ocr_carea' id='block_1_13' title="bbox 2629 1505 3285 1550">
    <p class='ocr_par' dir='ltr' id='par_1_13' title="bbox 2629 1505 3285 1550">
     <span class='ocr_line' id='line_1_13' title="bbox 2629 1505 3285 1550; baseline 0 -2"><span class='ocrx_word' id='word_1_32' title='bbox 2629 1506 2706 1548; x_wconf 82' lang='lat' dir='ltr'><strong>DE</strong></span> <span class='ocrx_word' id='word_1_33' title='bbox 2753 1506 2902 1549; x_wconf 78' lang='lat' dir='ltr'><strong>VITA</strong></span> <span class='ocrx_word' id='word_1_34' title='bbox 2950 1505 3285 1550; x_wconf 78' lang='lat' dir='ltr'><strong>EREMITICA</strong></span> 
     </span>
    </p>
   </div>
   <div class='ocr_carea' id='block_1_14' title="bbox 2698 1610 3144 1656">
    <p class='ocr_par' dir='ltr' id='par_1_14' title="bbox 2698 1610 3144 1656">
     <span class='ocr_line' id='line_1_14' title="bbox 2698 1610 3144 1656; baseline 0.004 -3"><span class='ocrx_word' id='word_1_35' title='bbox 2698 1611 2776 1654; x_wconf 83' lang='lat' dir='ltr'><strong>AD</strong></span> <span class='ocrx_word' id='word_1_36' title='bbox 2827 1610 3144 1656; x_wconf 76' lang='lat' dir='ltr'><strong>SOBOREM.</strong></span> 
     </span>
    </p>
   </div>
   <div class='ocr_carea' id='block_1_15' title="bbox 1547 1937 2182 2019">
    <p class='ocr_par' dir='ltr' id='par_1_15' title="bbox 1547 1937 2182 2019">
     <span class='ocr_line' id='line_1_15' title="bbox 1547 1937 2182 2019; baseline 0 -2"><span class='ocrx_word' id='word_1_37' title='bbox 1547 1937 2182 2019; x_wconf 88' lang='lat' dir='ltr'><strong>ADMONITIO</strong></span> 
     </span>
    </p>
   </div>
   <div class='ocr_carea' id='block_1_16' title="bbox 534 2095 3202 2162">
    <p class='ocr_par' dir='ltr' id='par_1_16' title="bbox 534 2095 3202 2162">
     <span class='ocr_line' id='line_1_16' title="bbox 534 2095 3202 2162; baseline 0.001 -12"><span class='ocrx_word' id='word_1_38' title='bbox 534 2097 624 2151; x_wconf 89' lang='lat' dir='ltr'><strong>DE</strong></span> <span class='ocrx_word' id='word_1_39' title='bbox 672 2096 880 2151; x_wconf 85' lang='lat' dir='ltr'><strong>LIBRO</strong></span> <span class='ocrx_word' id='word_1_40' title='bbox 921 2096 1010 2151; x_wconf 90' lang='lat' dir='ltr'><strong>DE</strong></span> <span class='ocrx_word' id='word_1_41' title='bbox 1048 2095 1507 2151; x_wconf 79' lang='lat' dir='ltr'><strong>GRAMMATICA</strong></span> <span class='ocrx_word' id='word_1_42' title='bbox 1546 2098 1629 2153; x_wconf 80' lang='grc' dir='ltr'><strong>ΕΤ</strong></span> <span class='ocrx_word' id='word_1_43' title='bbox 1667 2096 1917 2159; x_wconf 81' lang='lat' dir='ltr'><strong>TRIBUS</strong></span> <span class='ocrx_word' id='word_1_44' title='bbox 1954 2097 2263 2153; x_wconf 83' lang='lat' dir='ltr'><strong>PROXIME</strong></span> <span class='ocrx_word' id='word_1_45' title='bbox 2298 2096 2768 2162; x_wconf 84' lang='lat' dir='ltr'><strong>SEQUENTIBUS</strong></span> <span class='ocrx_word' id='word_1_46' title='bbox 2807 2096 3202 2152; x_wconf 87' lang='lat' dir='ltr'><strong>OPUSCULIS.</strong></span> 
     </span>
    </p>
   </div>
   <div class='ocr_carea' id='block_1_17' title="bbox 183 2220 3625 2294">
    <p class='ocr_par' dir='ltr' id='par_1_17' title="bbox 183 2220 3625 2294">
     <span class='ocr_line' id='line_1_17' title="bbox 183 2220 3625 2294; baseline 0 -18"><span class='ocrx_word' id='word_1_47' title='bbox 183 2220 432 2277; x_wconf 87' lang='lat' dir='ltr'><strong>Librum</strong></span> <span class='ocrx_word' id='word_1_48' title='bbox 466 2222 542 2276; x_wconf 90' lang='lat' dir='ltr'><strong>de</strong></span> <span class='ocrx_word' id='word_1_49' title='bbox 562 2221 942 2276; x_wconf 77' lang='lat' dir='ltr'><strong>Grammatice</strong></span> <span class='ocrx_word' id='word_1_50' title='bbox 967 2221 1285 2292; x_wconf 82' lang='lat' dir='ltr'><strong>Augustino</strong></span> <span class='ocrx_word' id='word_1_51' title='bbox 1316 2221 1376 2275; x_wconf 93' lang='lat' dir='ltr'><strong>in</strong></span> <span class='ocrx_word' id='word_1_52' title='bbox 1405 2222 1564 2294; x_wconf 90' lang='lat' dir='ltr'><strong>prius</strong></span> <span class='ocrx_word' id='word_1_53' title='bbox 1599 2222 1814 2276; x_wconf 85' lang='lat' dir='ltr'><strong>excusis</strong></span> <span class='ocrx_word' id='word_1_54' title='bbox 1849 2221 2189 2278; x_wconf 88' lang='lat' dir='ltr'><strong>attributum</strong></span> <span class='ocrx_word' id='word_1_55' title='bbox 2221 2222 2375 2277; x_wconf 89' lang='lat' dir='ltr'><strong>inter</strong></span> <span class='ocrx_word' id='word_1_56' title='bbox 2405 2221 2769 2293; x_wconf 88' lang='lat' dir='ltr'><strong>supposititia</strong></span> <span class='ocrx_word' id='word_1_57' title='bbox 2798 2237 3096 2276; x_wconf 90' lang='lat' dir='ltr'><strong>censemus</strong></span> <span class='ocrx_word' id='word_1_58' title='bbox 3124 2221 3399 2293; x_wconf 90' lang='lat' dir='ltr'><strong>opuscula</strong></span> <span class='ocrx_word' id='word_1_59' title='bbox 3423 2221 3625 2276; x_wconf 88' lang='lat' dir='ltr'><strong>obeam</strong></span> 
     </span>
    </p>
   </div>
   <div class='ocr_carea' id='block_1_18' title="bbox 133 2309 3620 2382">
    <p class='ocr_par' dir='ltr' id='par_1_18' title="bbox 133 2309 3620 2382">
     <span class='ocr_line' id='line_1_18' title="bbox 133 2309 3620 2382; baseline 0 -18"><span class='ocrx_word' id='word_1_60' title='bbox 133 2311 186 2364; x_wconf 91' lang='lat' dir='ltr'><strong>in</strong></span> <span class='ocrx_word' id='word_1_61' title='bbox 211 2311 410 2382; x_wconf 88' lang='lat' dir='ltr'><strong>primis</strong></span> <span class='ocrx_word' id='word_1_62' title='bbox 457 2326 715 2376; x_wconf 90' lang='lat' dir='ltr'><strong>causam,</strong></span> <span class='ocrx_word' id='word_1_63' title='bbox 758 2310 892 2381; x_wconf 84' lang='lat' dir='ltr'><strong>quia</strong></span> <span class='ocrx_word' id='word_1_64' title='bbox 922 2311 1192 2364; x_wconf 89' lang='lat' dir='ltr'><strong>methodo</strong></span> <span class='ocrx_word' id='word_1_65' title='bbox 1222 2326 1386 2382; x_wconf 76' lang='lat' dir='ltr'><strong>aeque</strong></span> <span class='ocrx_word' id='word_1_66' title='bbox 1433 2314 1489 2364; x_wconf 92' lang='lat' dir='ltr'><strong>et</strong></span> <span class='ocrx_word' id='word_1_67' title='bbox 1521 2327 1689 2382; x_wconf 92' lang='lat' dir='ltr'><strong>scopo</strong></span> <span class='ocrx_word' id='word_1_68' title='bbox 1728 2315 1880 2366; x_wconf 89' lang='lat' dir='ltr'><strong>totus</strong></span> <span class='ocrx_word' id='word_1_69' title='bbox 1917 2313 2202 2382; x_wconf 87' lang='lat' dir='ltr'><strong>discrepat</strong></span> <span class='ocrx_word' id='word_1_70' title='bbox 2230 2311 2300 2366; x_wconf 88' lang='lat' dir='ltr'><strong>ab</strong></span> <span class='ocrx_word' id='word_1_71' title='bbox 2330 2327 2420 2377; x_wconf 92' lang='lat' dir='ltr'><strong>eo,</strong></span> <span class='ocrx_word' id='word_1_72' title='bbox 2452 2327 2623 2382; x_wconf 88' lang='lat' dir='ltr'><strong>quem</strong></span> <span class='ocrx_word' id='word_1_73' title='bbox 2653 2309 2775 2382; x_wconf 91' lang='lat' dir='ltr'><strong>ipse</strong></span> <span class='ocrx_word' id='word_1_74' title='bbox 2806 2311 2864 2365; x_wconf 90' lang='lat' dir='ltr'><strong>in</strong></span> <span class='ocrx_word' id='word_1_75' title='bbox 2895 2311 2992 2366; x_wconf 86' lang='lat' dir='ltr'><strong>lib.</strong></span> <span class='ocrx_word' id='word_1_76' title='bbox 3033 2314 3052 2364; x_wconf 90' lang='lat' dir='ltr'><strong>l</strong></span> <span class='ocrx_word' id='word_1_77' title='bbox 3090 2313 3364 2381; x_wconf 84' lang='lat' dir='ltr'><strong>Retract.,</strong></span> <span class='ocrx_word' id='word_1_78' title='bbox 3393 2327 3524 2382; x_wconf 92' lang='lat' dir='ltr'><strong>cap.</strong></span> <span class='ocrx_word' id='word_1_79' title='bbox 3563 2314 3620 2381; x_wconf 86' lang='lat'><strong>6,</strong></span> 
     </span>
    </p>
   </div>
   <div class='ocr_carea' id='block_1_19' title="bbox 137 2398 3624 2471">
    <p class='ocr_par' dir='ltr' id='par_1_19' title="bbox 137 2398 3624 2471">
     <span class='ocr_line' id='line_1_19' title="bbox 137 2398 3624 2471; baseline 0.001 -19"><span class='ocrx_word' id='word_1_80' title='bbox 137 2415 241 2453; x_wconf 89' lang='lat' dir='ltr'><strong>una</strong></span> <span class='ocrx_word' id='word_1_81' title='bbox 263 2416 390 2454; x_wconf 91' lang='lat' dir='ltr'><strong>cum</strong></span> <span class='ocrx_word' id='word_1_82' title='bbox 414 2400 549 2454; x_wconf 91' lang='lat' dir='ltr'><strong>aliis</strong></span> <span class='ocrx_word' id='word_1_83' title='bbox 568 2399 994 2470; x_wconf 84' lang='lat' dir='ltr'><strong>disciplinarum</strong></span> <span class='ocrx_word' id='word_1_84' title='bbox 1017 2398 1176 2453; x_wconf 85' lang='lat' dir='ltr'><strong>libris</strong></span> <span class='ocrx_word' id='word_1_85' title='bbox 1191 2415 1223 2452; x_wconf 88' lang='lat' dir='ltr'><strong>a</strong></span> <span class='ocrx_word' id='word_1_86' title='bbox 1247 2415 1303 2452; x_wconf 91' lang='lat' dir='ltr'><strong>se</strong></span> <span class='ocrx_word' id='word_1_87' title='bbox 1325 2399 1625 2454; x_wconf 83' lang='lat' dir='ltr'><strong>Mediolani</strong></span> <span class='ocrx_word' id='word_1_88' title='bbox 1642 2400 1882 2470; x_wconf 88' lang='lat' dir='ltr'><strong>jamjam</strong></span> <span class='ocrx_word' id='word_1_89' title='bbox 1905 2399 2260 2469; x_wconf 90' lang='lat' dir='ltr'><strong>Baptismum</strong></span> <span class='ocrx_word' id='word_1_90' title='bbox 2275 2403 2612 2470; x_wconf 88' lang='lat' dir='ltr'><strong>percepturo</strong></span> <span class='ocrx_word' id='word_1_91' title='bbox 2633 2399 2989 2455; x_wconf 89' lang='lat' dir='ltr'><strong>elaboratum</strong></span> <span class='ocrx_word' id='word_1_92' title='bbox 3011 2399 3382 2471; x_wconf 80' lang='lat' dir='ltr'><strong>recognoscit.</strong></span> <span class='ocrx_word' id='word_1_93' title='bbox 3401 2399 3624 2471; x_wconf 84' lang='lat' dir='ltr'><strong>Quippe</strong></span> 
     </span>
    </p>
   </div>
   <div class='ocr_carea' id='block_1_20' title="bbox 132 2487 3624 2560">
    <p class='ocr_par' dir='ltr' id='par_1_20' title="bbox 132 2487 3624 2560">
     <span class='ocr_line' id='line_1_20' title="bbox 132 2487 3624 2560; baseline 0.001 -20"><span class='ocrx_word' id='word_1_94' title='bbox 132 2487 224 2541; x_wconf 90' lang='lat' dir='ltr'><strong>hos</strong></span> <span class='ocrx_word' id='word_1_95' title='bbox 253 2488 430 2543; x_wconf 89' lang='lat' dir='ltr'><strong>libros</strong></span> <span class='ocrx_word' id='word_1_96' title='bbox 460 2489 880 2560; x_wconf 89' lang='lat' dir='ltr'><strong>conscripserat</strong></span> <span class='ocrx_word' id='word_1_97' title='bbox 905 2488 1114 2558; x_wconf 82' lang='lat' dir='ltr'><strong>dialogi</strong></span> <span class='ocrx_word' id='word_1_98' title='bbox 1145 2488 1348 2558; x_wconf 89' lang='lat' dir='ltr'><strong>forma,</strong></span> <span class='ocrx_word' id='word_1_99' title='bbox 1378 2506 1560 2560; x_wconf 83' lang='lat' dir='ltr'><strong>eoque</strong></span> <span class='ocrx_word' id='word_1_100' title='bbox 1591 2490 1782 2544; x_wconf 89' lang='lat' dir='ltr'><strong>animo</strong></span> <span class='ocrx_word' id='word_1_101' title='bbox 1804 2494 1870 2544; x_wconf 89' lang='lat' dir='ltr'><strong>ut</strong></span> <span class='ocrx_word' id='word_1_102' title='bbox 1882 2505 1983 2558; x_wconf 87' lang='lat' dir='ltr'><strong>per</strong></span> <span class='ocrx_word' id='word_1_103' title='bbox 2001 2489 2308 2558; x_wconf 79' lang='lat' dir='ltr'><strong>corporalia</strong></span> <span class='ocrx_word' id='word_1_104' title='bbox 2331 2489 2404 2542; x_wconf 89' lang='lat' dir='ltr'><strong>ad</strong></span> <span class='ocrx_word' id='word_1_105' title='bbox 2424 2491 2807 2559; x_wconf 73' lang='lat' dir='ltr'><strong>incorporalia.</strong></span> <span class='ocrx_word' id='word_1_106' title='bbox 2841 2489 3167 2558; x_wconf 86' lang='lat' dir='ltr'><strong>quibusdam</strong></span> <span class='ocrx_word' id='word_1_107' title='bbox 3193 2491 3354 2560; x_wconf 88' lang='lat' dir='ltr'><strong>quasi</strong></span> <span class='ocrx_word' id='word_1_108' title='bbox 3369 2488 3624 2560; x_wconf 84' lang='lat' dir='ltr'><strong>passibus</strong></span> 
     </span>
    </p>
   </div>
   <div class='ocr_carea' id='block_1_21' title="bbox 137 2577 3626 2650">
    <p class='ocr_par' dir='ltr' id='par_1_21' title="bbox 137 2577 3626 2650">
     <span class='ocr_line' id='line_1_21' title="bbox 137 2577 3626 2650; baseline 0.001 -20"><span class='ocrx_word' id='word_1_109' title='bbox 137 2580 302 2644; x_wconf 79' lang='lat' dir='ltr'><strong>certis,</strong></span> <span class='ocrx_word' id='word_1_110' title='bbox 335 2579 421 2632; x_wconf 92' lang='lat' dir='ltr'><strong>uti</strong></span> <span class='ocrx_word' id='word_1_111' title='bbox 452 2578 673 2633; x_wconf 85' lang='lat' dir='ltr'><strong>ibidem</strong></span> <span class='ocrx_word' id='word_1_112' title='bbox 705 2577 803 2643; x_wconf 87' lang='lat' dir='ltr'><strong>ait,</strong></span> <span class='ocrx_word' id='word_1_113' title='bbox 832 2578 915 2632; x_wconf 79' lang='lat' dir='ltr'><strong>vel</strong></span> <span class='ocrx_word' id='word_1_114' title='bbox 939 2579 1243 2647; x_wconf 79' lang='lat' dir='ltr'><strong>perveniret</strong></span> <span class='ocrx_word' id='word_1_115' title='bbox 1266 2579 1348 2632; x_wconf 79' lang='lat' dir='ltr'><strong>vel</strong></span> <span class='ocrx_word' id='word_1_116' title='bbox 1377 2577 1608 2632; x_wconf 81' lang='lat' dir='ltr'><strong>duceret.</strong></span> <span class='ocrx_word' id='word_1_117' title='bbox 1631 2578 1745 2648; x_wconf 88' lang='lat' dir='ltr'><strong>Ipsi</strong></span> <span class='ocrx_word' id='word_1_118' title='bbox 1777 2577 2048 2632; x_wconf 90' lang='lat' dir='ltr'><strong>nimirum</strong></span> <span class='ocrx_word' id='word_1_119' title='bbox 2067 2594 2098 2630; x_wconf 89' lang='lat' dir='ltr'><strong>a</strong></span> <span class='ocrx_word' id='word_1_120' title='bbox 2122 2579 2380 2648; x_wconf 89' lang='lat' dir='ltr'><strong>tempore</strong></span> <span class='ocrx_word' id='word_1_121' title='bbox 2402 2594 2519 2632; x_wconf 76' lang='lat' dir='ltr'><strong>suae</strong></span> <span class='ocrx_word' id='word_1_122' title='bbox 2540 2577 2929 2632; x_wconf 83' lang='lat' dir='ltr'><strong>conversionis</strong></span> <span class='ocrx_word' id='word_1_123' title='bbox 2960 2579 3227 2650; x_wconf 77' lang='lat' dir='ltr'><strong>religioni</strong></span> <span class='ocrx_word' id='word_1_124' title='bbox 3255 2578 3365 2633; x_wconf 89' lang='lat' dir='ltr'><strong>fuit</strong></span> <span class='ocrx_word' id='word_1_125' title='bbox 3389 2593 3626 2649; x_wconf 86' lang='lat' dir='ltr'><strong>operam</strong></span> 
     </span>
    </p>
   </div>
   <div class='ocr_carea' id='block_1_22' title="bbox 139 2665 3627 2738">
    <p class='ocr_par' dir='ltr' id='par_1_22' title="bbox 139 2665 3627 2738">
     <span class='ocr_line' id='line_1_22' title="bbox 139 2665 3627 2738; baseline 0.001 -18"><span class='ocrx_word' id='word_1_126' title='bbox 139 2665 259 2720; x_wconf 88' lang='lat' dir='ltr'><strong>dare</strong></span> <span class='ocrx_word' id='word_1_127' title='bbox 291 2667 494 2721; x_wconf 88' lang='lat' dir='ltr'><strong>litteris</strong></span> <span class='ocrx_word' id='word_1_128' title='bbox 539 2667 824 2737; x_wconf 86' lang='lat' dir='ltr'><strong>deinceps,</strong></span> <span class='ocrx_word' id='word_1_129' title='bbox 855 2666 966 2719; x_wconf 90' lang='lat' dir='ltr'><strong>nisi</strong></span> <span class='ocrx_word' id='word_1_130' title='bbox 1009 2665 1121 2719; x_wconf 78' lang='lat' dir='ltr'><strong>illae</strong></span> <span class='ocrx_word' id='word_1_131' title='bbox 1165 2665 1388 2720; x_wconf 89' lang='lat' dir='ltr'><strong>Christo</strong></span> <span class='ocrx_word' id='word_1_132' title='bbox 1425 2665 1720 2732; x_wconf 82' lang='lat' dir='ltr'><strong>servirent,</strong></span> <span class='ocrx_word' id='word_1_133' title='bbox 1760 2683 1827 2720; x_wconf 89' lang='lat' dir='ltr'><strong>ex</strong></span> <span class='ocrx_word' id='word_1_134' title='bbox 1865 2666 1962 2720; x_wconf 90' lang='lat' dir='ltr'><strong>lib.</strong></span> <span class='ocrx_word' id='word_1_135' title='bbox 1997 2669 2028 2719; x_wconf 91' lang='lat'><strong>9</strong></span> <span class='ocrx_word' id='word_1_136' title='bbox 2060 2665 2310 2721; x_wconf 83' lang='lat' dir='ltr'><strong>Confess.</strong></span> <span class='ocrx_word' id='word_1_137' title='bbox 2343 2680 2466 2736; x_wconf 87' lang='lat' dir='ltr'><strong>cap.</strong></span> <span class='ocrx_word' id='word_1_138' title='bbox 2499 2667 2553 2732; x_wconf 82' lang='grc'><strong>4,</strong></span> <span class='ocrx_word' id='word_1_139' title='bbox 2582 2682 2638 2720; x_wconf 90' lang='lat' dir='ltr'><strong>n.</strong></span> <span class='ocrx_word' id='word_1_140' title='bbox 2672 2671 2726 2720; x_wconf 89' lang='lat'><strong>7.</strong></span> <span class='ocrx_word' id='word_1_141' title='bbox 2762 2669 2938 2721; x_wconf 92' lang='lat' dir='ltr'><strong>Porro</strong></span> <span class='ocrx_word' id='word_1_142' title='bbox 2965 2671 3159 2722; x_wconf 89' lang='lat' dir='ltr'><strong>autem</strong></span> <span class='ocrx_word' id='word_1_143' title='bbox 3189 2667 3507 2738; x_wconf 83' lang='lat' dir='ltr'><strong>subjectum</strong></span> <span class='ocrx_word' id='word_1_144' title='bbox 3534 2666 3627 2722; x_wconf 90' lang='lat' dir='ltr'><strong>hic</strong></span> 
     </span>
    </p>
   </div>
   <div class='ocr_carea' id='block_1_23' title="bbox 128 2754 3624 2826">
    <p class='ocr_par' dir='ltr' id='par_1_23' title="bbox 128 2754 3624 2826">
     <span class='ocr_line' id='line_1_23' title="bbox 128 2754 3624 2826; baseline 0.001 -19"><span class='ocrx_word' id='word_1_145' title='bbox 128 2755 450 2825; x_wconf 83' lang='lat' dir='ltr'><strong>apusculum</strong></span> <span class='ocrx_word' id='word_1_146' title='bbox 482 2771 674 2825; x_wconf 89' lang='lat' dir='ltr'><strong>neque</strong></span> <span class='ocrx_word' id='word_1_147' title='bbox 705 2754 917 2824; x_wconf 86' lang='lat' dir='ltr'><strong>dialogi</strong></span> <span class='ocrx_word' id='word_1_148' title='bbox 939 2754 1182 2808; x_wconf 91' lang='lat' dir='ltr'><strong>formam</strong></span> <span class='ocrx_word' id='word_1_149' title='bbox 1211 2754 1376 2825; x_wconf 90' lang='lat' dir='ltr'><strong>gerit,</strong></span> <span class='ocrx_word' id='word_1_150' title='bbox 1411 2771 1597 2826; x_wconf 91' lang='lat' dir='ltr'><strong>neque</strong></span> <span class='ocrx_word' id='word_1_151' title='bbox 1623 2755 1695 2809; x_wconf 90' lang='lat' dir='ltr'><strong>ad</strong></span> <span class='ocrx_word' id='word_1_152' title='bbox 1723 2754 2104 2825; x_wconf 87' lang='lat' dir='ltr'><strong>incorporalia</strong></span> <span class='ocrx_word' id='word_1_153' title='bbox 2126 2759 2424 2824; x_wconf 84' lang='lat' dir='ltr'><strong>promovet</strong></span> <span class='ocrx_word' id='word_1_154' title='bbox 2453 2754 2731 2808; x_wconf 90' lang='lat' dir='ltr'><strong>animum.</strong></span> <span class='ocrx_word' id='word_1_155' title='bbox 2757 2756 2819 2809; x_wconf 91' lang='lat' dir='ltr'><strong>Id</strong></span> <span class='ocrx_word' id='word_1_156' title='bbox 2841 2760 3118 2826; x_wconf 71' lang='lat' dir='ltr'><strong>praeterea</strong></span> <span class='ocrx_word' id='word_1_157' title='bbox 3145 2755 3354 2810; x_wconf 85' lang='lat' dir='ltr'><strong>eruditi</strong></span> <span class='ocrx_word' id='word_1_158' title='bbox 3384 2756 3624 2826; x_wconf 88' lang='lat' dir='ltr'><strong>alicujus</strong></span> 
     </span>
    </p>
   </div>
   <div class='ocr_carea' id='block_1_24' title="bbox 128 2840 3624 2915">
    <p class='ocr_par' dir='ltr' id='par_1_24' title="bbox 128 2840 3624 2915">
     <span class='ocr_line' id='line_1_24' title="bbox 128 2840 3624 2915; baseline 0.001 -20"><span class='ocrx_word' id='word_1_159' title='bbox 128 2843 394 2914; x_wconf 84' lang='lat' dir='ltr'><strong>scriptoris</strong></span> <span class='ocrx_word' id='word_1_160' title='bbox 424 2845 641 2899; x_wconf 90' lang='lat' dir='ltr'><strong>nedum</strong></span> <span class='ocrx_word' id='word_1_161' title='bbox 676 2843 820 2897; x_wconf 89' lang='lat' dir='ltr'><strong>tanti</strong></span> <span class='ocrx_word' id='word_1_162' title='bbox 841 2843 946 2896; x_wconf 91' lang='lat' dir='ltr'><strong>viri</strong></span> <span class='ocrx_word' id='word_1_163' title='bbox 977 2840 1268 2896; x_wconf 86' lang='lat' dir='ltr'><strong>solertiam</strong></span> <span class='ocrx_word' id='word_1_164' title='bbox 1298 2859 1413 2897; x_wconf 90' lang='lat' dir='ltr'><strong>non</strong></span> <span class='ocrx_word' id='word_1_165' title='bbox 1443 2843 1636 2910; x_wconf 87' lang='lat' dir='ltr'><strong>refert,</strong></span> <span class='ocrx_word' id='word_1_166' title='bbox 1671 2860 1800 2914; x_wconf 70' lang='lat' dir='ltr'><strong>quae</strong></span> <span class='ocrx_word' id='word_1_167' title='bbox 1839 2848 1964 2898; x_wconf 91' lang='lat' dir='ltr'><strong>tum</strong></span> <span class='ocrx_word' id='word_1_168' title='bbox 2002 2842 2254 2897; x_wconf 82' lang='lat' dir='ltr'><strong>maxime</strong></span> <span class='ocrx_word' id='word_1_169' title='bbox 2288 2842 2595 2913; x_wconf 89' lang='lat' dir='ltr'><strong>singularis</strong></span> <span class='ocrx_word' id='word_1_170' title='bbox 2625 2847 2680 2897; x_wconf 91' lang='lat' dir='ltr'><strong>et</strong></span> <span class='ocrx_word' id='word_1_171' title='bbox 2707 2858 2931 2896; x_wconf 91' lang='lat' dir='ltr'><strong>summa</strong></span> <span class='ocrx_word' id='word_1_172' title='bbox 2963 2848 3222 2914; x_wconf 88' lang='lat' dir='ltr'><strong>apparet,</strong></span> <span class='ocrx_word' id='word_1_173' title='bbox 3255 2859 3385 2897; x_wconf 90' lang='lat' dir='ltr'><strong>cum</strong></span> <span class='ocrx_word' id='word_1_174' title='bbox 3418 2860 3477 2898; x_wconf 88' lang='lat' dir='ltr'><strong>se</strong></span> <span class='ocrx_word' id='word_1_175' title='bbox 3503 2843 3624 2915; x_wconf 89' lang='lat' dir='ltr'><strong>ipse</strong></span> 
     </span>
    </p>
   </div>
   <div class='ocr_carea' id='block_1_25' title="bbox 134 2930 3622 3004">
    <p class='ocr_par' dir='ltr' id='par_1_25' title="bbox 134 2930 3622 3004">
     <span class='ocr_line' id='line_1_25' title="bbox 134 2930 3622 3004; baseline 0 -20"><span class='ocrx_word' id='word_1_176' title='bbox 134 2931 184 2985; x_wconf 91' lang='lat' dir='ltr'><strong>in</strong></span> <span class='ocrx_word' id='word_1_177' title='bbox 211 2949 267 2987; x_wconf 93' lang='lat' dir='ltr'><strong>re</strong></span> <span class='ocrx_word' id='word_1_178' title='bbox 296 2938 523 2988; x_wconf 81' lang='lat' dir='ltr'><strong>exercet</strong></span> <span class='ocrx_word' id='word_1_179' title='bbox 550 2950 654 3004; x_wconf 91' lang='lat' dir='ltr'><strong>per</strong></span> <span class='ocrx_word' id='word_1_180' title='bbox 679 2949 737 2987; x_wconf 90' lang='lat' dir='ltr'><strong>se</strong></span> <span class='ocrx_word' id='word_1_181' title='bbox 766 2932 973 2987; x_wconf 91' lang='lat' dir='ltr'><strong>humili</strong></span> <span class='ocrx_word' id='word_1_182' title='bbox 999 2949 1062 2986; x_wconf 88' lang='lat' dir='ltr'><strong>ac</strong></span> <span class='ocrx_word' id='word_1_183' title='bbox 1086 2931 1328 3002; x_wconf 90' lang='lat' dir='ltr'><strong>vulgari.</strong></span> <span class='ocrx_word' id='word_1_184' title='bbox 1364 2933 1568 2987; x_wconf 88' lang='lat' dir='ltr'><strong>Confer</strong></span> <span class='ocrx_word' id='word_1_185' title='bbox 1595 2932 1773 2986; x_wconf 90' lang='lat' dir='ltr'><strong>libros</strong></span> <span class='ocrx_word' id='word_1_186' title='bbox 1799 2932 1868 2986; x_wconf 92' lang='lat' dir='ltr'><strong>de</strong></span> <span class='ocrx_word' id='word_1_187' title='bbox 1897 2930 2126 2998; x_wconf 87' lang='lat' dir='ltr'><strong>Musica,</strong></span> <span class='ocrx_word' id='word_1_188' title='bbox 2157 2947 2379 2986; x_wconf 88' lang='lat' dir='ltr'><strong>necnon</strong></span> <span class='ocrx_word' id='word_1_189' title='bbox 2414 2947 2547 2985; x_wconf 92' lang='lat' dir='ltr'><strong>eum</strong></span> <span class='ocrx_word' id='word_1_190' title='bbox 2569 2931 2762 2984; x_wconf 90' lang='lat' dir='ltr'><strong>locum</strong></span> <span class='ocrx_word' id='word_1_191' title='bbox 2793 2930 2925 2985; x_wconf 89' lang='lat' dir='ltr'><strong>libri</strong></span> <span class='ocrx_word' id='word_1_192' title='bbox 2947 2933 2981 2983; x_wconf 82' lang='lat'><strong>2</strong></span> <span class='ocrx_word' id='word_1_193' title='bbox 3010 2931 3080 2985; x_wconf 93' lang='lat' dir='ltr'><strong>de</strong></span> <span class='ocrx_word' id='word_1_194' title='bbox 3107 2930 3340 3000; x_wconf 90' lang='lat' dir='ltr'><strong>Ordine,</strong></span> <span class='ocrx_word' id='word_1_195' title='bbox 3369 2931 3469 2985; x_wconf 91' lang='lat' dir='ltr'><strong>ubi</strong></span> <span class='ocrx_word' id='word_1_196' title='bbox 3502 2930 3622 2985; x_wconf 87' lang='lat' dir='ltr'><strong>dis-</strong></span> 
     </span>
    </p>
   </div>
   <div class='ocr_carea' id='block_1_26' title="bbox 134 3019 3622 3093">
    <p class='ocr_par' dir='ltr' id='par_1_26' title="bbox 134 3019 3622 3093">
     <span class='ocr_line' id='line_1_26' title="bbox 134 3019 3622 3093; baseline 0 -19"><span class='ocrx_word' id='word_1_197' title='bbox 134 3022 457 3091; x_wconf 90' lang='lat' dir='ltr'><strong>ciplinarum</strong></span> <span class='ocrx_word' id='word_1_198' title='bbox 487 3023 642 3078; x_wconf 87' lang='lat' dir='ltr'><strong>inter</strong></span> <span class='ocrx_word' id='word_1_199' title='bbox 671 3039 729 3077; x_wconf 90' lang='lat' dir='ltr'><strong>se</strong></span> <span class='ocrx_word' id='word_1_200' title='bbox 761 3022 1042 3088; x_wconf 89' lang='lat' dir='ltr'><strong>ordinem,</strong></span> <span class='ocrx_word' id='word_1_201' title='bbox 1067 3037 1380 3093; x_wconf 90' lang='lat' dir='ltr'><strong>earumque</strong></span> <span class='ocrx_word' id='word_1_202' title='bbox 1409 3021 1789 3088; x_wconf 88' lang='lat' dir='ltr'><strong>occasionem,</strong></span> <span class='ocrx_word' id='word_1_203' title='bbox 1817 3025 2082 3075; x_wconf 89' lang='lat' dir='ltr'><strong>naturam</strong></span> <span class='ocrx_word' id='word_1_204' title='bbox 2103 3025 2160 3075; x_wconf 91' lang='lat' dir='ltr'><strong>et</strong></span> <span class='ocrx_word' id='word_1_205' title='bbox 2183 3020 2564 3093; x_wconf 90' lang='lat' dir='ltr'><strong>proprietates</strong></span> <span class='ocrx_word' id='word_1_206' title='bbox 2584 3021 2784 3075; x_wconf 89' lang='lat' dir='ltr'><strong>leviter</strong></span> <span class='ocrx_word' id='word_1_207' title='bbox 2803 3019 3140 3091; x_wconf 87' lang='lat' dir='ltr'><strong>perstringit</strong></span> <span class='ocrx_word' id='word_1_208' title='bbox 3163 3036 3176 3074; x_wconf 94' lang='lat'><strong>:</strong></span> <span class='ocrx_word' id='word_1_209' title='bbox 3208 3020 3342 3074; x_wconf 92' lang='lat' dir='ltr'><strong>hinc</strong></span> <span class='ocrx_word' id='word_1_210' title='bbox 3369 3019 3622 3091; x_wconf 87' lang='lat' dir='ltr'><strong>profecto</strong></span> 
     </span>
    </p>
   </div>
   <div class='ocr_carea' id='block_1_27' title="bbox 134 3108 3625 3184">
    <p class='ocr_par' dir='ltr' id='par_1_27' title="bbox 134 3108 3625 3184">
     <span class='ocr_line' id='line_1_27' title="bbox 134 3108 3625 3184; baseline 0 -22"><span class='ocrx_word' id='word_1_211' title='bbox 134 3109 402 3183; x_wconf 87' lang='lat' dir='ltr'><strong>intelliges</strong></span> <span class='ocrx_word' id='word_1_212' title='bbox 427 3129 553 3167; x_wconf 90' lang='lat' dir='ltr'><strong>non</strong></span> <span class='ocrx_word' id='word_1_213' title='bbox 583 3111 875 3184; x_wconf 85' lang='lat' dir='ltr'><strong>quidpiam</strong></span> <span class='ocrx_word' id='word_1_214' title='bbox 897 3111 1110 3182; x_wconf 89' lang='lat' dir='ltr'><strong>passim</strong></span> <span class='ocrx_word' id='word_1_215' title='bbox 1139 3111 1391 3178; x_wconf 92' lang='lat' dir='ltr'><strong>obvium,</strong></span> <span class='ocrx_word' id='word_1_216' title='bbox 1422 3115 1520 3164; x_wconf 91' lang='lat' dir='ltr'><strong>aut</strong></span> <span class='ocrx_word' id='word_1_217' title='bbox 1546 3111 1700 3181; x_wconf 88' lang='lat' dir='ltr'><strong>quod</strong></span> <span class='ocrx_word' id='word_1_218' title='bbox 1722 3109 1983 3165; x_wconf 91' lang='lat' dir='ltr'><strong>omnium</strong></span> <span class='ocrx_word' id='word_1_219' title='bbox 2012 3109 2258 3182; x_wconf 90' lang='lat' dir='ltr'><strong>pedibus</strong></span> <span class='ocrx_word' id='word_1_220' title='bbox 2287 3110 2488 3164; x_wconf 90' lang='lat' dir='ltr'><strong>tritum</strong></span> <span class='ocrx_word' id='word_1_221' title='bbox 2520 3113 2686 3172; x_wconf 90' lang='lat' dir='ltr'><strong>esset,</strong></span> <span class='ocrx_word' id='word_1_222' title='bbox 2711 3110 2780 3164; x_wconf 94' lang='lat' dir='ltr'><strong>de</strong></span> <span class='ocrx_word' id='word_1_223' title='bbox 2804 3108 3175 3178; x_wconf 88' lang='lat' dir='ltr'><strong>grammatica</strong></span> <span class='ocrx_word' id='word_1_224' title='bbox 3201 3109 3374 3163; x_wconf 88' lang='lat' dir='ltr'><strong>fuisse</strong></span> <span class='ocrx_word' id='word_1_225' title='bbox 3401 3109 3472 3164; x_wconf 91' lang='lat' dir='ltr'><strong>ab</strong></span> <span class='ocrx_word' id='word_1_226' title='bbox 3501 3109 3625 3180; x_wconf 90' lang='lat' dir='ltr'><strong>ipso</strong></span> 
     </span>
    </p>
   </div>
   <div class='ocr_carea' id='block_1_28' title="bbox 129 3197 3625 3271">
    <p class='ocr_par' dir='ltr' id='par_1_28' title="bbox 129 3197 3625 3271">
     <span class='ocr_line' id='line_1_28' title="bbox 129 3197 3625 3271; baseline 0 -19"><span class='ocrx_word' id='word_1_227' title='bbox 129 3197 315 3254; x_wconf 89' lang='lat' dir='ltr'><strong>litteris</strong></span> <span class='ocrx_word' id='word_1_228' title='bbox 358 3201 848 3256; x_wconf 89' lang='lat' dir='ltr'><strong>commendatum.</strong></span> <span class='ocrx_word' id='word_1_229' title='bbox 887 3201 1022 3265; x_wconf 74' lang='lat' dir='ltr'><strong>Quae</strong></span> <span class='ocrx_word' id='word_1_230' title='bbox 1057 3217 1191 3254; x_wconf 90' lang='lat' dir='ltr'><strong>sane</strong></span> <span class='ocrx_word' id='word_1_231' title='bbox 1223 3200 1475 3254; x_wconf 89' lang='lat' dir='ltr'><strong>rationes</strong></span> <span class='ocrx_word' id='word_1_232' title='bbox 1517 3216 1636 3254; x_wconf 92' lang='lat' dir='ltr'><strong>non</strong></span> <span class='ocrx_word' id='word_1_233' title='bbox 1673 3199 1864 3254; x_wconf 89' lang='lat' dir='ltr'><strong>minus</strong></span> <span class='ocrx_word' id='word_1_234' title='bbox 1895 3201 2086 3256; x_wconf 90' lang='lat' dir='ltr'><strong>valent</strong></span> <span class='ocrx_word' id='word_1_235' title='bbox 2129 3201 2395 3256; x_wconf 89' lang='lat' dir='ltr'><strong>adversus</strong></span> <span class='ocrx_word' id='word_1_236' title='bbox 2427 3200 2539 3254; x_wconf 90' lang='lat' dir='ltr'><strong>tria</strong></span> <span class='ocrx_word' id='word_1_237' title='bbox 2578 3200 2708 3268; x_wconf 90' lang='lat' dir='ltr'><strong>alia,</strong></span> <span class='ocrx_word' id='word_1_238' title='bbox 2741 3217 2867 3271; x_wconf 82' lang='lat' dir='ltr'><strong>quae</strong></span> <span class='ocrx_word' id='word_1_239' title='bbox 2897 3200 3009 3254; x_wconf 90' lang='lat' dir='ltr'><strong>huc</strong></span> <span class='ocrx_word' id='word_1_240' title='bbox 3035 3199 3250 3271; x_wconf 89' lang='lat' dir='ltr'><strong>pariter</strong></span> <span class='ocrx_word' id='word_1_241' title='bbox 3277 3198 3625 3270; x_wconf 88' lang='lat' dir='ltr'><strong>conjecimus</strong></span> 
     </span>
    </p>
   </div>
   <div class='ocr_carea' id='block_1_29' title="bbox 131 3287 3626 3362">
    <p class='ocr_par' dir='ltr' id='par_1_29' title="bbox 131 3287 3626 3362">
     <span class='ocr_line' id='line_1_29' title="bbox 131 3287 3626 3362; baseline 0.001 -22"><span class='ocrx_word' id='word_1_242' title='bbox 131 3290 406 3358; x_wconf 89' lang='lat' dir='ltr'><strong>opuscula,</strong></span> <span class='ocrx_word' id='word_1_243' title='bbox 436 3306 570 3362; x_wconf 82' lang='lat' dir='ltr'><strong>quae</strong></span> <span class='ocrx_word' id='word_1_244' title='bbox 601 3289 1010 3356; x_wconf 86' lang='lat' dir='ltr'><strong>inscribuntur,</strong></span> <span class='ocrx_word' id='word_1_245' title='bbox 1040 3287 1326 3358; x_wconf 90' lang='lat' dir='ltr'><strong>Principia</strong></span> <span class='ocrx_word' id='word_1_246' title='bbox 1358 3287 1695 3353; x_wconf 68' lang='lat' dir='ltr'><strong>Dialecticaa,</strong></span> <span class='ocrx_word' id='word_1_247' title='bbox 1729 3288 2046 3361; x_wconf 86' lang='lat' dir='ltr'><strong>Categoriae</strong></span> <span class='ocrx_word' id='word_1_248' title='bbox 2077 3291 2295 3358; x_wconf 90' lang='lat' dir='ltr'><strong>decem,</strong></span> <span class='ocrx_word' id='word_1_249' title='bbox 2338 3301 2395 3345; x_wconf 86' lang='lat' dir='ltr'><strong>et</strong></span> <span class='ocrx_word' id='word_1_250' title='bbox 2425 3289 2712 3361; x_wconf 90' lang='lat' dir='ltr'><strong>Principia</strong></span> <span class='ocrx_word' id='word_1_251' title='bbox 2742 3289 3081 3344; x_wconf 69' lang='lat' dir='ltr'><strong>Rhetoricas.</strong></span> <span class='ocrx_word' id='word_1_252' title='bbox 3112 3289 3457 3361; x_wconf 90' lang='lat' dir='ltr'><strong>Scrupulum</strong></span> <span class='ocrx_word' id='word_1_253' title='bbox 3487 3288 3626 3360; x_wconf 89' lang='lat' dir='ltr'><strong>inji-</strong></span> 
     </span>
    </p>
   </div>
   <div class='ocr_carea' id='block_1_30' title="bbox 135 3376 3630 3449">
    <p class='ocr_par' dir='ltr' id='par_1_30' title="bbox 135 3376 3630 3449">
     <span class='ocr_line' id='line_1_30' title="bbox 135 3376 3630 3449; baseline 0.001 -20"><span class='ocrx_word' id='word_1_254' title='bbox 135 3376 300 3432; x_wconf 88' lang='lat' dir='ltr'><strong>ciebat</strong></span> <span class='ocrx_word' id='word_1_255' title='bbox 327 3379 586 3433; x_wconf 89' lang='lat' dir='ltr'><strong>clausula</strong></span> <span class='ocrx_word' id='word_1_256' title='bbox 631 3377 801 3449; x_wconf 89' lang='lat' dir='ltr'><strong>capiti</strong></span> <span class='ocrx_word' id='word_1_257' title='bbox 844 3382 875 3431; x_wconf 84' lang='grc'><strong>7</strong></span> <span class='ocrx_word' id='word_1_258' title='bbox 909 3377 1009 3431; x_wconf 90' lang='lat' dir='ltr'><strong>lib.</strong></span> <span class='ocrx_word' id='word_1_259' title='bbox 1057 3381 1075 3431; x_wconf 80' lang='lat' dir='ltr'><strong>l</strong></span> <span class='ocrx_word' id='word_1_260' title='bbox 1126 3376 1602 3431; x_wconf 83' lang='lat' dir='ltr'><strong>Retractationem</strong></span> <span class='ocrx_word' id='word_1_261' title='bbox 1634 3380 1844 3444; x_wconf 88' lang='lat' dir='ltr'><strong>assuta,</strong></span> <span class='ocrx_word' id='word_1_262' title='bbox 1877 3379 2129 3434; x_wconf 89' lang='lat' dir='ltr'><strong>scilicet:</strong></span> <span class='ocrx_word' id='word_1_263' title='bbox 2163 3381 2271 3433; x_wconf 88' lang='lat' dir='ltr'><strong>Hoc</strong></span> <span class='ocrx_word' id='word_1_264' title='bbox 2312 3394 2445 3448; x_wconf 88' lang='lat' dir='ltr'><strong>opus</strong></span> <span class='ocrx_word' id='word_1_265' title='bbox 2493 3381 2570 3433; x_wconf 91' lang='lat' dir='ltr'><strong>sic</strong></span> <span class='ocrx_word' id='word_1_266' title='bbox 2609 3380 2826 3449; x_wconf 82' lang='lat' dir='ltr'><strong>incipit,</strong></span> <span class='ocrx_word' id='word_1_267' title='bbox 2868 3379 3064 3434; x_wconf 84' lang='lat' dir='ltr'><strong>Omnia</strong></span> <span class='ocrx_word' id='word_1_268' title='bbox 3100 3380 3322 3433; x_wconf 86' lang='lat' dir='ltr'><strong>nomina</strong></span> <span class='ocrx_word' id='word_1_269' title='bbox 3353 3377 3630 3447; x_wconf 79' lang='lat' dir='ltr'><strong>tredecim,</strong></span> 
     </span>
    </p>
   </div>
   <div class='ocr_carea' id='block_1_31' title="bbox 139 3463 3629 3539">
    <p class='ocr_par' dir='ltr' id='par_1_31' title="bbox 139 3463 3629 3539">
     <span class='ocr_line' id='line_1_31' title="bbox 139 3463 3629 3539; baseline -0.001 -19"><span class='ocrx_word' id='word_1_270' title='bbox 139 3467 274 3536; x_wconf 89' lang='lat' dir='ltr'><strong>quod</strong></span> <span class='ocrx_word' id='word_1_271' title='bbox 303 3467 538 3523; x_wconf 87' lang='lat' dir='ltr'><strong>initium</strong></span> <span class='ocrx_word' id='word_1_272' title='bbox 578 3472 663 3522; x_wconf 86' lang='lat' dir='ltr'><strong>est</strong></span> <span class='ocrx_word' id='word_1_273' title='bbox 695 3466 822 3522; x_wconf 89' lang='lat' dir='ltr'><strong>libri</strong></span> <span class='ocrx_word' id='word_1_274' title='bbox 853 3465 1162 3539; x_wconf 89' lang='lat' dir='ltr'><strong>sequentis.</strong></span> <span class='ocrx_word' id='word_1_275' title='bbox 1194 3468 1265 3520; x_wconf 85' lang='lat' dir='ltr'><strong>At</strong></span> <span class='ocrx_word' id='word_1_276' title='bbox 1293 3465 1554 3521; x_wconf 87' lang='lat' dir='ltr'><strong>fraudem</strong></span> <span class='ocrx_word' id='word_1_277' title='bbox 1583 3465 1902 3521; x_wconf 86' lang='lat' dir='ltr'><strong>deteximus</strong></span> <span class='ocrx_word' id='word_1_278' title='bbox 1927 3482 1996 3520; x_wconf 88' lang='lat' dir='ltr'><strong>ex</strong></span> <span class='ocrx_word' id='word_1_279' title='bbox 2025 3467 2152 3522; x_wconf 85' lang='lat' dir='ltr'><strong>Mss.</strong></span> <span class='ocrx_word' id='word_1_280' title='bbox 2197 3471 2320 3522; x_wconf 88' lang='lat' dir='ltr'><strong>tum</strong></span> <span class='ocrx_word' id='word_1_281' title='bbox 2350 3467 2664 3536; x_wconf 83' lang='lat' dir='ltr'><strong>veteribus,</strong></span> <span class='ocrx_word' id='word_1_282' title='bbox 2694 3469 2820 3521; x_wconf 91' lang='lat' dir='ltr'><strong>tum</strong></span> <span class='ocrx_word' id='word_1_283' title='bbox 2848 3465 3022 3522; x_wconf 90' lang='lat' dir='ltr'><strong>etiam</strong></span> <span class='ocrx_word' id='word_1_284' title='bbox 3061 3464 3497 3532; x_wconf 88' lang='lat' dir='ltr'><strong>recentioribus,</strong></span> <span class='ocrx_word' id='word_1_285' title='bbox 3529 3463 3629 3536; x_wconf 89' lang='lat' dir='ltr'><strong>qui</strong></span> 
     </span>
    </p>
   </div>
   <div class='ocr_carea' id='block_1_32' title="bbox 133 3558 654 3614">
    <p class='ocr_par' dir='ltr' id='par_1_32' title="bbox 133 3558 654 3614">
     <span class='ocr_line' id='line_1_32' title="bbox 133 3558 654 3614; baseline 0.008 -7"><span class='ocrx_word' id='word_1_286' title='bbox 133 3571 242 3610; x_wconf 86' lang='lat' dir='ltr'><strong>eam</strong></span> <span class='ocrx_word' id='word_1_287' title='bbox 272 3574 388 3614; x_wconf 88' lang='lat' dir='ltr'><strong>non</strong></span> <span class='ocrx_word' id='word_1_288' title='bbox 414 3558 654 3614; x_wconf 86' lang='lat' dir='ltr'><strong>habent.</strong></span> 
     </span>
    </p>
   </div>
   <div class='ocr_carea' id='block_1_33' title="bbox 730 3818 3000 3945">
    <p class='ocr_par' dir='ltr' id='par_1_33' title="bbox 730 3818 3000 3945">
     <span class='ocr_line' id='line_1_33' title="bbox 730 3818 3000 3945; baseline -0 -1"><span class='ocrx_word' id='word_1_289' title='bbox 730 3821 952 3944; x_wconf 90' lang='lat' dir='ltr'>DE</span> <span class='ocrx_word' id='word_1_290' title='bbox 1057 3818 2294 3945; x_wconf 80' lang='lat' dir='ltr'><strong>GBAMMATICA</strong></span> <span class='ocrx_word' id='word_1_291' title='bbox 2390 3819 3000 3943; x_wconf 82' lang='lat' dir='ltr'><strong>LIBER.</strong></span> 
     </span>
    </p>
   </div>
   <div class='ocr_carea' id='block_1_34' title="bbox 153 4041 3618 4110">
    <p class='ocr_par' dir='ltr' id='par_1_34' title="bbox 153 4041 3618 4110">
     <span class='ocr_line' id='line_1_34' title="bbox 153 4041 3618 4110; baseline 0 -14"><span class='ocrx_word' id='word_1_292' title='bbox 153 4042 359 4101; x_wconf 82' lang='lat' dir='ltr'><strong>CAPUT</strong></span> <span class='ocrx_word' id='word_1_293' title='bbox 420 4045 721 4102; x_wconf 79' lang='lat' dir='ltr'><strong>PRIMUM.</strong></span> <span class='ocrx_word' id='word_1_294' title='bbox 766 4073 834 4084; x_wconf 92' lang='lat'><strong>—</strong></span> <span class='ocrx_word' id='word_1_295' title='bbox 878 4045 1301 4097; x_wconf 82' lang='lat' dir='ltr'><strong>Tcrminationes</strong></span> <span class='ocrx_word' id='word_1_296' title='bbox 1356 4044 1652 4097; x_wconf 88' lang='lat' dir='ltr'><strong>nominum.</strong></span> <span class='ocrx_word' id='word_1_297' title='bbox 1736 4046 1821 4097; x_wconf 76' lang='lat' dir='ltr'><strong>Ac</strong></span> <span class='ocrx_word' id='word_1_298' title='bbox 1925 4046 2254 4096; x_wconf 87' lang='lat' dir='ltr'><strong>tractamus.</strong></span> <span class='ocrx_word' id='word_1_299' title='bbox 2284 4043 2329 4096; x_wconf 83' lang='lat' dir='ltr'><strong>A</strong></span> <span class='ocrx_word' id='word_1_300' title='bbox 2362 4046 2567 4097; x_wconf 91' lang='lat' dir='ltr'><strong>neutro</strong></span> <span class='ocrx_word' id='word_1_301' title='bbox 2601 4059 2631 4096; x_wconf 92' lang='lat' dir='ltr'><strong>e</strong></span> <span class='ocrx_word' id='word_1_302' title='bbox 2676 4042 2864 4096; x_wconf 90' lang='lat' dir='ltr'><strong>littera</strong></span> <span class='ocrx_word' id='word_1_303' title='bbox 2890 4041 2950 4096; x_wconf 91' lang='lat' dir='ltr'><strong>in</strong></span> <span class='ocrx_word' id='word_1_304' title='bbox 2982 4041 3351 4109; x_wconf 81' lang='lat' dir='ltr'><strong>nominativo,</strong></span> <span class='ocrx_word' id='word_1_305' title='bbox 3382 4041 3618 4110; x_wconf 90' lang='lat' dir='ltr'><strong>monile,</strong></span> 
     </span>
    </p>
   </div>
   <div class='ocr_carea' id='block_1_35' title="bbox 447 4113 3623 4194">
    <p class='ocr_par' dir='ltr' id='par_1_35' title="bbox 447 4113 3623 4194">
     <span class='ocr_line' id='line_1_35' title="bbox 447 4113 3623 4194; baseline -0.001 -24"><span class='ocrx_word' id='word_1_306' title='bbox 447 4120 632 4188; x_wconf 86' lang='lat' dir='ltr'><strong>primo</strong></span> <span class='ocrx_word' id='word_1_307' title='bbox 663 4132 781 4185; x_wconf 68' lang='lat' dir='ltr'><strong>quw</strong></span> <span class='ocrx_word' id='word_1_308' title='bbox 809 4115 1085 4168; x_wconf 77' lang='lat' dir='ltr'><strong>vocalibus</strong></span> <span class='ocrx_word' id='word_1_309' title='bbox 1119 4117 1498 4168; x_wconf 77' lang='lat' dir='ltr'><strong>terminantur.</strong></span> <span class='ocrx_word' id='word_1_310' title='bbox 1929 4114 2127 4194; x_wconf 66' lang='lat' dir='ltr'><strong>sedile,</strong></span> <span class='ocrx_word' id='word_1_311' title='bbox 2159 4113 2384 4192; x_wconf 85' lang='lat' dir='ltr'><strong>cubile,_</strong></span> <span class='ocrx_word' id='word_1_312' title='bbox 2411 4119 2467 4166; x_wconf 92' lang='lat' dir='ltr'><strong>et</strong></span> <span class='ocrx_word' id='word_1_313' title='bbox 2513 4118 2717 4194; x_wconf 60' lang='lat' dir='ltr'><strong>cratera</strong></span> <span class='ocrx_word' id='word_1_314' title='bbox 2765 4129 2892 4184; x_wconf 68' lang='lat' dir='ltr'><strong>qum</strong></span> <span class='ocrx_word' id='word_1_315' title='bbox 2917 4115 3101 4194; x_wconf 79' lang='lat' dir='ltr'><strong>paulo</strong></span> <span class='ocrx_word' id='word_1_316' title='bbox 3152 4117 3281 4184; x_wconf 89' lang='lat' dir='ltr'><strong>post</strong></span> <span class='ocrx_word' id='word_1_317' title='bbox 3321 4114 3401 4194; x_wconf 34' lang='lat' dir='ltr'><strong>in‘</strong></span> <span class='ocrx_word' id='word_1_318' title='bbox 3424 4114 3623 4184; x_wconf 88' lang='lat' dir='ltr'><strong>regula</strong></span> 
     </span>
    </p>
   </div>
   <div class='ocr_carea' id='block_1_36' title="bbox 203 4187 1829 4272">
    <p class='ocr_par' dir='ltr' id='par_1_36' title="bbox 203 4187 1825 4272">
     <span class='ocr_line' id='line_1_36' title="bbox 203 4187 1825 4272; baseline -0.003 -13"><span class='ocrx_word' id='word_1_319' title='bbox 203 4203 400 4259; x_wconf 87' lang='lat' dir='ltr'><strong>Omnia</strong></span> <span class='ocrx_word' id='word_1_320' title='bbox 422 4187 660 4259; x_wconf 83' lang='lat' dir='ltr'><strong>nomina</strong></span> <span class='ocrx_word' id='word_1_321' title='bbox 686 4203 956 4258; x_wconf 87' lang='lat' dir='ltr'><strong>tredecim</strong></span> <span class='ocrx_word' id='word_1_322' title='bbox 986 4203 1191 4257; x_wconf 88' lang='lat' dir='ltr'><strong>litteris</strong></span> <span class='ocrx_word' id='word_1_323' title='bbox 1218 4202 1632 4256; x_wconf 88' lang='lat' dir='ltr'><strong>terminantur:</strong></span> <span class='ocrx_word' id='word_1_324' title='bbox 1662 4199 1825 4272; x_wconf 90' lang='lat' dir='ltr'><strong>quin-</strong></span> 
     </span>
    </p>
   </div>
   <div class='ocr_carea' id='block_1_37' title="bbox 2003 4187 3621 4272">
    <p class='ocr_par' dir='ltr' id='par_1_37' title="bbox 2003 4187 3621 4272">
     <span class='ocr_line' id='line_1_37' title="bbox 2003 4187 3621 4272; baseline 0 -34"><span class='ocrx_word' id='word_1_325' title='bbox 2003 4187 2152 4265; x_wconf 76' lang='lat' dir='ltr'><strong>neris</strong></span> <span class='ocrx_word' id='word_1_326' title='bbox 2199 4187 2389 4272; x_wconf 62' lang='lat' dir='ltr'><strong>neutri</strong></span> <span class='ocrx_word' id='word_1_327' title='bbox 2418 4201 2521 4255; x_wconf 91' lang='lat' dir='ltr'><strong>per</strong></span> <span class='ocrx_word' id='word_1_328' title='bbox 2551 4187 3007 4272; x_wconf 64' lang='lat' dir='ltr'><strong>omniahornina</strong></span> <span class='ocrx_word' id='word_1_329' title='bbox 3033 4199 3326 4272; x_wconf 64' lang='lat' dir='ltr'><strong>portemus.</strong></span> <span class='ocrx_word' id='word_1_330' title='bbox 3375 4187 3428 4266; x_wconf 42' lang='grc' dir='ltr'><strong>Α,</strong></span> <span class='ocrx_word' id='word_1_331' title='bbox 3467 4201 3621 4238; x_wconf 89' lang='lat' dir='ltr'><strong>com-</strong></span> 
     </span>
    </p>
   </div>
   <div class='ocr_carea' id='block_1_38' title="bbox 144 4256 1829 4344">
    <p class='ocr_par' dir='ltr' id='par_1_38' title="bbox 144 4256 1823 4344">
     <span class='ocr_line' id='line_1_38' title="bbox 144 4256 1823 4344; baseline -0.001 -17"><span class='ocrx_word' id='word_1_332' title='bbox 144 4288 244 4342; x_wconf 85' lang='lat' dir='ltr'><strong>que</strong></span> <span class='ocrx_word' id='word_1_333' title='bbox 289 4277 594 4344; x_wconf 80' lang='lat' dir='ltr'><strong>vocalibus,</strong></span> <span class='ocrx_word' id='word_1_334' title='bbox 643 4293 696 4339; x_wconf 87' lang='lat' dir='ltr'><strong>a,</strong></span> <span class='ocrx_word' id='word_1_335' title='bbox 747 4292 798 4337; x_wconf 87' lang='lat' dir='ltr'><strong>e,</strong></span> <span class='ocrx_word' id='word_1_336' title='bbox 845 4275 885 4340; x_wconf 93' lang='lat' dir='ltr'><strong>i,</strong></span> <span class='ocrx_word' id='word_1_337' title='bbox 937 4291 992 4340; x_wconf 95' lang='lat' dir='ltr'><strong>o,</strong></span> <span class='ocrx_word' id='word_1_338' title='bbox 1040 4291 1115 4341; x_wconf 92' lang='lat' dir='ltr'><strong>u;</strong></span> <span class='ocrx_word' id='word_1_339' title='bbox 1151 4290 1242 4328; x_wconf 87' lang='lat' dir='ltr'><strong>sex</strong></span> <span class='ocrx_word' id='word_1_340' title='bbox 1289 4256 1738 4339; x_wconf 66' lang='lat' dir='ltr'><strong>semivocalibtis,</strong></span> <span class='ocrx_word' id='word_1_341' title='bbox 1783 4273 1823 4341; x_wconf 94' lang='lat' dir='ltr'><strong>l,</strong></span> 
     </span>
    </p>
   </div>
   <div class='ocr_carea' id='block_1_39' title="bbox 2003 4256 3620 4344">
    <p class='ocr_par' dir='ltr' id='par_1_39' title="bbox 2003 4256 3620 4344">
     <span class='ocr_line' id='line_1_39' title="bbox 2003 4256 3620 4344; baseline 0.002 -36"><span class='ocrx_word' id='word_1_342' title='bbox 2003 4256 2092 4308; x_wconf 78' lang='lat' dir='ltr'><strong>uni</strong></span> <span class='ocrx_word' id='word_1_343' title='bbox 2116 4256 2340 4344; x_wconf 68' lang='lat' dir='ltr'><strong>nullum</strong></span> <span class='ocrx_word' id='word_1_344' title='bbox 2362 4272 2574 4309; x_wconf 89' lang='lat' dir='ltr'><strong>nomen</strong></span> <span class='ocrx_word' id='word_1_345' title='bbox 2594 4260 2695 4317; x_wconf 85' lang='lat' dir='ltr'><strong>est,</strong></span> <span class='ocrx_word' id='word_1_346' title='bbox 2724 4256 2987 4336; x_wconf 87' lang='lat' dir='ltr'><strong>similiter</strong></span> <span class='ocrx_word' id='word_1_347' title='bbox 3006 4257 3227 4336; x_wconf 75' lang='lat' dir='ltr'><strong>nullum</strong></span> <span class='ocrx_word' id='word_1_348' title='bbox 3253 4256 3321 4309; x_wconf 90' lang='lat' dir='ltr'><strong>ab</strong></span> <span class='ocrx_word' id='word_1_349' title='bbox 3343 4256 3620 4326; x_wconf 67' lang='lat' dir='ltr'><strong>epicoeno.</strong></span> 
     </span>
    </p>
   </div>
   <div class='ocr_carea' id='block_1_40' title="bbox 148 4327 3627 4415">
    <p class='ocr_par' dir='ltr' id='par_1_40' title="bbox 148 4327 3627 4415">
     <span class='ocr_line' id='line_1_40' title="bbox 148 4327 3627 4415; baseline 0 -19"><span class='ocrx_word' id='word_1_350' title='bbox 148 4327 307 4414; x_wconf 27' lang='lat' dir='ltr'><strong>r‘n,vn,</strong></span> <span class='ocrx_word' id='word_1_351' title='bbox 330 4327 901 4415; x_wconf 32' lang='lat' dir='ltr'><strong>rrsfx—yetdua’bus</strong></span> <span class='ocrx_word' id='word_1_352' title='bbox 933 4327 1130 4409; x_wconf 46' lang='lat' dir='ltr'><strong>niutis&#39;,</strong></span> <span class='ocrx_word' id='word_1_353' title='bbox 1161 4327 1219 4409; x_wconf 85' lang='lat' dir='ltr'><strong>c,</strong></span> <span class='ocrx_word' id='word_1_354' title='bbox 1243 4349 1284 4399; x_wconf 91' lang='lat' dir='ltr'><strong>t.</strong></span> <span class='ocrx_word' id='word_1_355' title='bbox 1319 4348 1364 4398; x_wconf 83' lang='lat' dir='ltr'><strong>A</strong></span> <span class='ocrx_word' id='word_1_356' title='bbox 1396 4327 1736 4410; x_wconf 68' lang='lat' dir='ltr'><strong>masculino,</strong></span> <span class='ocrx_word' id='word_1_357' title='bbox 1762 4327 1826 4397; x_wconf 75' lang='lat' dir='ltr'><strong>ut</strong></span> <span class='ocrx_word' id='word_1_358' title='bbox 1930 4327 2090 4415; x_wconf 62' lang='grc' dir='ltr'><strong>Νι]ιῖίὲ</strong></span> <span class='ocrx_word' id='word_1_359' title='bbox 2121 4327 2234 4415; x_wconf 45' lang='lat' dir='ltr'><strong>de}</strong></span> <span class='ocrx_word' id='word_1_360' title='bbox 2269 4327 2455 4415; x_wconf 59' lang='grc' dir='ltr'><strong>Ιίμθτδ</strong></span> <span class='ocrx_word' id='word_1_361' title='bbox 2476 4331 2784 4415; x_wconf 56' lang='lat' dir='ltr'><strong>metemus</strong></span> <span class='ocrx_word' id='word_1_362' title='bbox 2891 4327 3242 4409; x_wconf 58' lang='lat' dir='ltr'><strong>nominati&quot;?</strong></span> <span class='ocrx_word' id='word_1_363' title='bbox 3265 4343 3391 4408; x_wconf 64' lang='grc' dir='ltr'><strong>(1ιὲίὲ</strong></span> <span class='ocrx_word' id='word_1_364' title='bbox 3416 4343 3627 4415; x_wconf 64' lang='grc' dir='ltr'><strong>ἑξεξηθῐζα</strong></span> 
     </span>
    </p>
   </div>
   <div class='ocr_carea' id='block_1_41' title="bbox 143 4399 3623 4486">
    <p class='ocr_par' dir='ltr' id='par_1_41' title="bbox 143 4399 3623 4486">
     <span class='ocr_line' id='line_1_41' title="bbox 143 4399 3623 4486; baseline -0.005 -18"><span class='ocrx_word' id='word_1_365' title='bbox 143 4399 892 4486; x_wconf 13' lang='lat' dir='ltr'><strong>Seneca?Cat—ilin‘aﬁpSulla,</strong></span> <span class='ocrx_word' id='word_1_366' title='bbox 941 4418 1076 4484; x_wconf 87' lang='lat' dir='ltr'><strong>Uva,</strong></span> <span class='ocrx_word' id='word_1_367' title='bbox 1111 4399 1309 4480; x_wconf 73' lang='lat' dir='ltr'><strong>Cinna,</strong></span> <span class='ocrx_word' id='word_1_368' title='bbox 1359 4418 1578 4480; x_wconf 86' lang='lat' dir='ltr'><strong>Pansa;</strong></span> <span class='ocrx_word' id='word_1_369' title='bbox 1621 4399 1821 4484; x_wconf 77' lang='lat' dir='ltr'><strong>graeca,</strong></span> <span class='ocrx_word' id='word_1_370' title='bbox 1932 4399 2242 4486; x_wconf 15' lang='grc' dir='ltr'><strong>ἷξῼίηῖίηθδῇ·</strong></span> <span class='ocrx_word' id='word_1_371' title='bbox 2293 4400 2338 4452; x_wconf 86' lang='grc' dir='ltr'><strong>Α</strong></span> <span class='ocrx_word' id='word_1_372' title='bbox 2378 4399 2695 4486; x_wconf 52' lang='lat' dir='ltr'><strong>masculino</strong></span> <span class='ocrx_word' id='word_1_373' title='bbox 2727 4399 3282 4486; x_wconf 42' lang='lat' dir='ltr'><strong>ntlllllmpomen‘in</strong></span> <span class='ocrx_word' id='word_1_374' title='bbox 3313 4399 3329 4451; x_wconf 93' lang='lat' dir='ltr'><strong>i</strong></span> <span class='ocrx_word' id='word_1_375' title='bbox 3357 4415 3369 4451; x_wconf 94' lang='lat'><strong>:</strong></span> <span class='ocrx_word' id='word_1_376' title='bbox 3403 4415 3434 4450; x_wconf 91' lang='lat' dir='ltr'><strong>a</strong></span> <span class='ocrx_word' id='word_1_377' title='bbox 3460 4399 3623 4486; x_wconf 71' lang='lat' dir='ltr'><strong>femi-</strong></span> 
     </span>
    </p>
   </div>
   <div class='ocr_carea' id='block_1_42' title="bbox 141 4484 1821 4558">
    <p class='ocr_par' dir='ltr' id='par_1_42' title="bbox 141 4484 1821 4558">
     <span class='ocr_line' id='line_1_42' title="bbox 141 4484 1821 4558; baseline 0 -21"><span class='ocrx_word' id='word_1_378' title='bbox 141 4484 303 4558; x_wconf 76' lang='lat' dir='ltr'><strong>Sosia.</strong></span> <span class='ocrx_word' id='word_1_379' title='bbox 346 4491 587 4553; x_wconf 74' lang='lat' dir='ltr'><strong>Pal-eia;</strong></span> <span class='ocrx_word' id='word_1_380' title='bbox 631 4484 764 4549; x_wconf 38' lang='lat' dir='ltr'><strong>a&#39;i&#39;ra,</strong></span> <span class='ocrx_word' id='word_1_381' title='bbox 804 4488 1104 4558; x_wconf 86' lang='lat' dir='ltr'><strong>Jugurtha,</strong></span> <span class='ocrx_word' id='word_1_382' title='bbox 1148 4487 1400 4556; x_wconf 90' lang='lat' dir='ltr'><strong>Micipsa.</strong></span> <span class='ocrx_word' id='word_1_383' title='bbox 1439 4490 1483 4540; x_wconf 85' lang='lat' dir='ltr'><strong>A</strong></span> <span class='ocrx_word' id='word_1_384' title='bbox 1516 4487 1821 4558; x_wconf 84' lang='lat' dir='ltr'><strong>feminino,</strong></span> 
     </span>
    </p>
   </div>
   <div class='ocr_carea' id='block_1_43' title="bbox 1931 4470 3624 4538">
    <p class='ocr_par' dir='ltr' id='par_1_43' title="bbox 1931 4470 3624 4538">
     <span class='ocr_line' id='line_1_43' title="bbox 1931 4470 3624 4538; baseline -0.001 -16"><span class='ocrx_word' id='word_1_385' title='bbox 1931 4470 2068 4522; x_wconf 90' lang='lat' dir='ltr'><strong>nino</strong></span> <span class='ocrx_word' id='word_1_386' title='bbox 2117 4470 2379 4534; x_wconf 88' lang='lat' dir='ltr'><strong>nullum;</strong></span> <span class='ocrx_word' id='word_1_387' title='bbox 2431 4487 2464 4523; x_wconf 93' lang='lat' dir='ltr'><strong>a</strong></span> <span class='ocrx_word' id='word_1_388' title='bbox 2510 4475 2714 4524; x_wconf 89' lang='lat' dir='ltr'><strong>neutro</strong></span> <span class='ocrx_word' id='word_1_389' title='bbox 2760 4470 3002 4538; x_wconf 90' lang='lat' dir='ltr'><strong>gummi,</strong></span> <span class='ocrx_word' id='word_1_390' title='bbox 3043 4476 3099 4522; x_wconf 91' lang='lat' dir='ltr'><strong>et</strong></span> <span class='ocrx_word' id='word_1_391' title='bbox 3133 4475 3216 4522; x_wconf 90' lang='lat' dir='ltr'><strong>est</strong></span> <span class='ocrx_word' id='word_1_392' title='bbox 3254 4477 3476 4524; x_wconf 76' lang='grc' dir='ltr'><strong>ἄπτωτον</strong></span> <span class='ocrx_word' id='word_1_393' title='bbox 3509 4472 3624 4538; x_wconf 84' lang='lat' dir='ltr'><strong>(a);</strong></span> 
     </span>
    </p>
   </div>
   <div class='ocr_carea' id='block_1_44' title="bbox 141 4555 1823 4629">
    <p class='ocr_par' dir='ltr' id='par_1_44' title="bbox 141 4555 1823 4629">
     <span class='ocr_line' id='line_1_44' title="bbox 141 4555 1823 4629; baseline 0.002 -21"><span class='ocrx_word' id='word_1_394' title='bbox 141 4555 355 4621; x_wconf 78' lang='lat' dir='ltr'><strong>femina,</strong></span> <span class='ocrx_word' id='word_1_395' title='bbox 381 4578 563 4625; x_wconf 88' lang='lat' dir='ltr'><strong>musa,</strong></span> <span class='ocrx_word' id='word_1_396' title='bbox 589 4561 809 4629; x_wconf 87' lang='lat' dir='ltr'><strong>regula,</strong></span> <span class='ocrx_word' id='word_1_397' title='bbox 838 4555 1061 4625; x_wconf 80' lang='lat' dir='ltr'><strong>norma,</strong></span> <span class='ocrx_word' id='word_1_398' title='bbox 1093 4555 1316 4616; x_wconf 84' lang='lat' dir='ltr'><strong>forma:</strong></span> <span class='ocrx_word' id='word_1_399' title='bbox 1343 4562 1398 4611; x_wconf 89' lang='lat' dir='ltr'><strong>et</strong></span> <span class='ocrx_word' id='word_1_400' title='bbox 1426 4557 1581 4611; x_wconf 82' lang='lat' dir='ltr'><strong>talia.</strong></span> <span class='ocrx_word' id='word_1_401' title='bbox 1613 4561 1656 4611; x_wconf 80' lang='grc' dir='ltr'><strong>Α</strong></span> <span class='ocrx_word' id='word_1_402' title='bbox 1683 4573 1823 4611; x_wconf 88' lang='lat' dir='ltr'><strong>neu-</strong></span> 
     </span>
    </p>
   </div>
   <div class='ocr_carea' id='block_1_45' title="bbox 146 4629 1826 4700">
    <p class='ocr_par' dir='ltr' id='par_1_45' title="bbox 146 4629 1826 4700">
     <span class='ocr_line' id='line_1_45' title="bbox 146 4629 1826 4700; baseline -0.001 -18"><span class='ocrx_word' id='word_1_403' title='bbox 146 4631 222 4682; x_wconf 86' lang='lat' dir='ltr'><strong>tro</strong></span> <span class='ocrx_word' id='word_1_404' title='bbox 260 4647 441 4700; x_wconf 62' lang='lat' dir='ltr'><strong>graeca</strong></span> <span class='ocrx_word' id='word_1_405' title='bbox 494 4638 628 4684; x_wconf 87' lang='lat' dir='ltr'><strong>sunt</strong></span> <span class='ocrx_word' id='word_1_406' title='bbox 677 4635 921 4691; x_wconf 84' lang='lat' dir='ltr'><strong>tantum,</strong></span> <span class='ocrx_word' id='word_1_407' title='bbox 973 4630 1187 4692; x_wconf 88' lang='lat' dir='ltr'><strong>thema,</strong></span> <span class='ocrx_word' id='word_1_408' title='bbox 1244 4629 1492 4694; x_wconf 86' lang='lat' dir='ltr'><strong>schema,</strong></span> <span class='ocrx_word' id='word_1_409' title='bbox 1541 4633 1598 4700; x_wconf 88' lang='lat' dir='ltr'><strong>et</strong></span> <span class='ocrx_word' id='word_1_410' title='bbox 1645 4644 1826 4681; x_wconf 89' lang='lat' dir='ltr'><strong>unum</strong></span> 
     </span>
    </p>
   </div>
   <div class='ocr_carea' id='block_1_46' title="bbox 146 4699 1826 4768">
    <p class='ocr_par' dir='ltr' id='par_1_46' title="bbox 146 4699 1826 4768">
     <span class='ocr_line' id='line_1_46' title="bbox 146 4699 1826 4768; baseline 0 -17"><span class='ocrx_word' id='word_1_411' title='bbox 146 4699 344 4756; x_wconf 84' lang='lat' dir='ltr'><strong>nomen</strong></span> <span class='ocrx_word' id='word_1_412' title='bbox 400 4703 643 4757; x_wconf 90' lang='lat' dir='ltr'><strong>latinum</strong></span> <span class='ocrx_word' id='word_1_413' title='bbox 698 4701 976 4768; x_wconf 86' lang='lat' dir='ltr'><strong>ﬂuminis,</strong></span> <span class='ocrx_word' id='word_1_414' title='bbox 1023 4700 1230 4765; x_wconf 77' lang='lat' dir='ltr'><strong>&#39;I‘uria;</strong></span> <span class='ocrx_word' id='word_1_415' title='bbox 1276 4701 1497 4754; x_wconf 86' lang='lat' dir='ltr'><strong>dicente</strong></span> <span class='ocrx_word' id='word_1_416' title='bbox 1536 4699 1826 4765; x_wconf 89' lang='lat' dir='ltr'><strong>Sallustio,</strong></span> 
     </span>
    </p>
   </div>
   <div class='ocr_carea' id='block_1_47' title="bbox 149 4769 1826 4842">
    <p class='ocr_par' dir='ltr' id='par_1_47' title="bbox 149 4769 1826 4842">
     <span class='ocr_line' id='line_1_47' title="bbox 149 4769 1826 4842; baseline 0.001 -21"><span class='ocrx_word' id='word_1_417' title='bbox 149 4772 355 4827; x_wconf 81' lang='lat' dir='ltr'><strong>Flumen</strong></span> <span class='ocrx_word' id='word_1_418' title='bbox 411 4777 598 4829; x_wconf 87' lang='lat' dir='ltr'><strong>Turia.</strong></span> <span class='ocrx_word' id='word_1_419' title='bbox 649 4775 736 4842; x_wconf 87' lang='lat' dir='ltr'><strong>(In</strong></span> <span class='ocrx_word' id='word_1_420' title='bbox 785 4774 926 4827; x_wconf 85' lang='lat' dir='ltr'><strong>Bello</strong></span> <span class='ocrx_word' id='word_1_421' title='bbox 965 4773 1239 4837; x_wconf 77' lang='lat' dir='ltr'><strong>Jugurth).</strong></span> <span class='ocrx_word' id='word_1_422' title='bbox 1285 4773 1330 4824; x_wconf 76' lang='grc' dir='ltr'><strong>Α</strong></span> <span class='ocrx_word' id='word_1_423' title='bbox 1369 4771 1681 4842; x_wconf 89' lang='lat' dir='ltr'><strong>communi,</strong></span> <span class='ocrx_word' id='word_1_424' title='bbox 1730 4769 1826 4842; x_wconf 87' lang='lat' dir='ltr'><strong>ad-</strong></span> 
     </span>
    </p>
   </div>
   <div class='ocr_carea' id='block_1_48' title="bbox 146 4839 1828 4913">
    <p class='ocr_par' dir='ltr' id='par_1_48' title="bbox 146 4839 1828 4913">
     <span class='ocr_line' id='line_1_48' title="bbox 146 4839 1828 4913; baseline 0 -20"><span class='ocrx_word' id='word_1_425' title='bbox 146 4853 294 4909; x_wconf 85' lang='lat' dir='ltr'><strong>vena,</strong></span> <span class='ocrx_word' id='word_1_426' title='bbox 345 4861 618 4910; x_wconf 86' lang='lat' dir='ltr'><strong>convena,</strong></span> <span class='ocrx_word' id='word_1_427' title='bbox 656 4839 971 4913; x_wconf 77' lang='lat' dir='ltr'><strong>indigena,</strong></span> <span class='ocrx_word' id='word_1_428' title='bbox 1023 4843 1385 4913; x_wconf 80' lang='lat' dir='ltr'><strong>Trojugena;</strong></span> <span class='ocrx_word' id='word_1_429' title='bbox 1442 4848 1499 4894; x_wconf 90' lang='lat' dir='ltr'><strong>et</strong></span> <span class='ocrx_word' id='word_1_430' title='bbox 1549 4841 1702 4894; x_wconf 88' lang='lat' dir='ltr'><strong>talia.</strong></span> <span class='ocrx_word' id='word_1_431' title='bbox 1744 4839 1828 4894; x_wconf 86' lang='lat' dir='ltr'><strong>Ab</strong></span> 
     </span>
    </p>
   </div>
   <div class='ocr_carea' id='block_1_49' title="bbox 148 4912 1832 4985">
    <p class='ocr_par' dir='ltr' id='par_1_49' title="bbox 148 4912 1832 4985">
     <span class='ocr_line' id='line_1_49' title="bbox 148 4912 1832 4985; baseline -0.002 -19"><span class='ocrx_word' id='word_1_432' title='bbox 148 4913 414 4985; x_wconf 66' lang='lat' dir='ltr'><strong>epicmno.</strong></span> <span class='ocrx_word' id='word_1_433' title='bbox 457 4917 676 4980; x_wconf 85' lang='lat' dir='ltr'><strong>vipera,</strong></span> <span class='ocrx_word' id='word_1_434' title='bbox 718 4912 932 4985; x_wconf 87' lang='lat' dir='ltr'><strong>aquila,</strong></span> <span class='ocrx_word' id='word_1_435' title='bbox 981 4929 1195 4975; x_wconf 87' lang='lat' dir='ltr'><strong>musca,</strong></span> <span class='ocrx_word' id='word_1_436' title='bbox 1245 4912 1724 4985; x_wconf 85' lang='lat' dir='ltr'><strong>locusta,_u|ul_a;</strong></span> <span class='ocrx_word' id='word_1_437' title='bbox 1776 4914 1832 4964; x_wconf 92' lang='lat' dir='ltr'><strong>et</strong></span> 
     </span>
    </p>
   </div>
   <div class='ocr_carea' id='block_1_50' title="bbox 145 4982 1832 5046">
    <p class='ocr_par' dir='ltr' id='par_1_50' title="bbox 145 4982 1832 5046">
     <span class='ocr_line' id='line_1_50' title="bbox 145 4982 1832 5046; baseline 0.001 -13"><span class='ocrx_word' id='word_1_438' title='bbox 145 4983 284 5040; x_wconf 87' lang='lat' dir='ltr'><strong>talia.</strong></span> <span class='ocrx_word' id='word_1_439' title='bbox 334 4987 587 5040; x_wconf 88' lang='lat' dir='ltr'><strong>Diximus</strong></span> <span class='ocrx_word' id='word_1_440' title='bbox 628 4987 697 5040; x_wconf 91' lang='lat' dir='ltr'><strong>de</strong></span> <span class='ocrx_word' id='word_1_441' title='bbox 745 4982 788 5038; x_wconf 66' lang='grc' dir='ltr'><em>εἱ</em></span> <span class='ocrx_word' id='word_1_442' title='bbox 817 4985 1026 5046; x_wconf 89' lang='lat' dir='ltr'><strong>littera,</strong></span> <span class='ocrx_word' id='word_1_443' title='bbox 1069 5000 1220 5038; x_wconf 92' lang='lat' dir='ltr'><strong>nunc</strong></span> <span class='ocrx_word' id='word_1_444' title='bbox 1252 4983 1320 5037; x_wconf 92' lang='lat' dir='ltr'><strong>de</strong></span> <span class='ocrx_word' id='word_1_445' title='bbox 1361 4999 1411 5037; x_wconf 93' lang='lat' dir='ltr'><strong>e.</strong></span> <span class='ocrx_word' id='word_1_446' title='bbox 1461 4983 1544 5036; x_wconf 82' lang='lat' dir='ltr'><strong>Ab</strong></span> <span class='ocrx_word' id='word_1_447' title='bbox 1575 4999 1604 5035; x_wconf 91' lang='lat' dir='ltr'><strong>e</strong></span> <span class='ocrx_word' id='word_1_448' title='bbox 1642 4982 1832 5036; x_wconf 90' lang='lat' dir='ltr'><strong>littera</strong></span> 
     </span>
    </p>
   </div>
   <div class='ocr_carea' id='block_1_51' title="bbox 145 5053 1828 5125">
    <p class='ocr_par' dir='ltr' id='par_1_51' title="bbox 145 5053 1828 5125">
     <span class='ocr_line' id='line_1_51' title="bbox 145 5053 1828 5125; baseline 0.002 -22"><span class='ocrx_word' id='word_1_449' title='bbox 145 5057 310 5110; x_wconf 84' lang='lat' dir='ltr'><strong>vocali</strong></span> <span class='ocrx_word' id='word_1_450' title='bbox 366 5059 588 5112; x_wconf 90' lang='lat' dir='ltr'><strong>nullum</strong></span> <span class='ocrx_word' id='word_1_451' title='bbox 645 5056 908 5122; x_wconf 88' lang='lat' dir='ltr'><strong>latinum,</strong></span> <span class='ocrx_word' id='word_1_452' title='bbox 974 5056 1084 5110; x_wconf 92' lang='lat' dir='ltr'><strong>nisi</strong></span> <span class='ocrx_word' id='word_1_453' title='bbox 1143 5055 1343 5125; x_wconf 87' lang='lat' dir='ltr'><strong>juncta</strong></span> <span class='ocrx_word' id='word_1_454' title='bbox 1400 5053 1828 5124; x_wconf 73' lang='lat' dir='ltr'><strong>przepositione,</strong></span> 
     </span>
    </p>
   </div>
   <div class='ocr_carea' id='block_1_52' title="bbox 147 5125 1829 5195">
    <p class='ocr_par' dir='ltr' id='par_1_52' title="bbox 147 5125 1829 5195">
     <span class='ocr_line' id='line_1_52' title="bbox 147 5125 1829 5195; baseline 0 -17"><span class='ocrx_word' id='word_1_455' title='bbox 147 5130 512 5195; x_wconf 65' lang='lat' dir='ltr'><strong>masculinum</strong></span> <span class='ocrx_word' id='word_1_456' title='bbox 565 5128 873 5192; x_wconf 86' lang='lat' dir='ltr'><strong>invenitur,</strong></span> <span class='ocrx_word' id='word_1_457' title='bbox 923 5132 988 5180; x_wconf 90' lang='lat' dir='ltr'><strong>ut</strong></span> <span class='ocrx_word' id='word_1_458' title='bbox 1042 5125 1401 5195; x_wconf 83' lang='lat' dir='ltr'><strong>proconsule,</strong></span> <span class='ocrx_word' id='word_1_459' title='bbox 1454 5130 1829 5195; x_wconf 71' lang='lat' dir='ltr'><strong>propraetore.</strong></span> 
     </span>
    </p>
   </div>
   <div class='ocr_carea' id='block_1_53' title="bbox 149 5193 1835 5271">
    <p class='ocr_par' dir='ltr' id='par_1_53' title="bbox 149 5193 1835 5271">
     <span class='ocr_line' id='line_1_53' title="bbox 149 5193 1835 5271; baseline 0.001 -25"><span class='ocrx_word' id='word_1_460' title='bbox 149 5193 282 5266; x_wconf 84' lang='lat' dir='ltr'><strong>Ergo</strong></span> <span class='ocrx_word' id='word_1_461' title='bbox 325 5201 520 5269; x_wconf 87' lang='lat' dir='ltr'><strong>juncta</strong></span> <span class='ocrx_word' id='word_1_462' title='bbox 563 5199 969 5271; x_wconf 68' lang='lat' dir='ltr'><strong>praepositione</strong></span> <span class='ocrx_word' id='word_1_463' title='bbox 1018 5193 1166 5252; x_wconf 77' lang='lat' dir='ltr'><strong>fiunt</strong></span> <span class='ocrx_word' id='word_1_464' title='bbox 1194 5197 1394 5263; x_wconf 86' lang='lat' dir='ltr'><strong>latina,</strong></span> <span class='ocrx_word' id='word_1_465' title='bbox 1435 5193 1500 5271; x_wconf 72' lang='lat' dir='ltr'><strong>ut</strong></span> <span class='ocrx_word' id='word_1_466' title='bbox 1529 5193 1664 5271; x_wconf 74' lang='lat' dir='ltr'><strong>dixi,</strong></span> <span class='ocrx_word' id='word_1_467' title='bbox 1702 5211 1835 5266; x_wconf 90' lang='lat' dir='ltr'><strong>pro-</strong></span> 
     </span>
    </p>
   </div>
   <div class='ocr_carea' id='block_1_54' title="bbox 145 5267 1835 5342">
    <p class='ocr_par' dir='ltr' id='par_1_54' title="bbox 145 5267 1835 5342">
     <span class='ocr_line' id='line_1_54' title="bbox 145 5267 1835 5342; baseline -0.001 -22"><span class='ocrx_word' id='word_1_468' title='bbox 145 5267 395 5337; x_wconf 69' lang='lat' dir='ltr'><strong>praetore,</strong></span> <span class='ocrx_word' id='word_1_469' title='bbox 429 5267 837 5342; x_wconf 21' lang='lat' dir='ltr'><strong>proq&#39;uaas’tore.</strong></span> <span class='ocrx_word' id='word_1_470' title='bbox 875 5271 1016 5342; x_wconf 88' lang='lat' dir='ltr'><strong>Nam</strong></span> <span class='ocrx_word' id='word_1_471' title='bbox 1055 5267 1664 5342; x_wconf 80' lang='lat' dir='ltr'><strong>veteresuominativo</strong></span> <span class='ocrx_word' id='word_1_472' title='bbox 1702 5281 1835 5342; x_wconf 75' lang='lat' dir='ltr'><strong>casu</strong></span> 
     </span>
    </p>
   </div>
   <div class='ocr_carea' id='block_1_55' title="bbox 146 5337 1834 5405">
    <p class='ocr_par' dir='ltr' id='par_1_55' title="bbox 146 5337 1834 5405">
     <span class='ocr_line' id='line_1_55' title="bbox 146 5337 1834 5405; baseline 0.001 -17"><span class='ocrx_word' id='word_1_473' title='bbox 146 5337 448 5404; x_wconf 74' lang='lat' dir='ltr'><strong>proconsul</strong></span> <span class='ocrx_word' id='word_1_474' title='bbox 487 5337 769 5405; x_wconf 73' lang='lat' dir='ltr'><strong>dicebant,</strong></span> <span class='ocrx_word' id='word_1_475' title='bbox 810 5341 1170 5394; x_wconf 87' lang='lat' dir='ltr'><strong>attendentes</strong></span> <span class='ocrx_word' id='word_1_476' title='bbox 1199 5340 1422 5393; x_wconf 90' lang='lat' dir='ltr'><strong>nullum</strong></span> <span class='ocrx_word' id='word_1_477' title='bbox 1464 5354 1676 5392; x_wconf 90' lang='lat' dir='ltr'><strong>nomen</strong></span> <span class='ocrx_word' id='word_1_478' title='bbox 1704 5337 1834 5391; x_wconf 87' lang='lat' dir='ltr'><strong>lati-</strong></span> 
     </span>
    </p>
   </div>
   <div class='ocr_carea' id='block_1_56' title="bbox 146 5409 1834 5478">
    <p class='ocr_par' dir='ltr' id='par_1_56' title="bbox 146 5409 1834 5478">
     <span class='ocr_line' id='line_1_56' title="bbox 146 5409 1834 5478; baseline -0.002 -14"><span class='ocrx_word' id='word_1_479' title='bbox 146 5420 272 5464; x_wconf 82' lang='lat' dir='ltr'><strong>num</strong></span> <span class='ocrx_word' id='word_1_480' title='bbox 306 5414 454 5467; x_wconf 84' lang='lat' dir='ltr'><strong>exire</strong></span> <span class='ocrx_word' id='word_1_481' title='bbox 484 5415 542 5468; x_wconf 88' lang='lat' dir='ltr'><strong>in</strong></span> <span class='ocrx_word' id='word_1_482' title='bbox 574 5431 603 5467; x_wconf 87' lang='lat' dir='ltr'><strong>e</strong></span> <span class='ocrx_word' id='word_1_483' title='bbox 640 5414 882 5466; x_wconf 88' lang='lat' dir='ltr'><strong>litteram</strong></span> <span class='ocrx_word' id='word_1_484' title='bbox 915 5410 1266 5464; x_wconf 89' lang='lat' dir='ltr'><strong>nominativo</strong></span> <span class='ocrx_word' id='word_1_485' title='bbox 1293 5427 1424 5463; x_wconf 88' lang='lat' dir='ltr'><strong>casu</strong></span> <span class='ocrx_word' id='word_1_486' title='bbox 1457 5409 1680 5478; x_wconf 89' lang='lat' dir='ltr'><strong>generis</strong></span> <span class='ocrx_word' id='word_1_487' title='bbox 1708 5424 1834 5462; x_wconf 88' lang='lat' dir='ltr'><strong>ma-</strong></span> 
     </span>
    </p>
   </div>
   <div class='ocr_carea' id='block_1_57' title="bbox 150 5481 1833 5551">
    <p class='ocr_par' dir='ltr' id='par_1_57' title="bbox 150 5481 1833 5551">
     <span class='ocr_line' id='line_1_57' title="bbox 150 5481 1833 5551; baseline 0.002 -23"><span class='ocrx_word' id='word_1_488' title='bbox 150 5482 359 5536; x_wconf 89' lang='lat' dir='ltr'><strong>sculini.</strong></span> <span class='ocrx_word' id='word_1_489' title='bbox 382 5488 426 5539; x_wconf 85' lang='lat' dir='ltr'><strong>A</strong></span> <span class='ocrx_word' id='word_1_490' title='bbox 449 5483 728 5540; x_wconf 88' lang='lat' dir='ltr'><strong>feminino</strong></span> <span class='ocrx_word' id='word_1_491' title='bbox 751 5485 977 5537; x_wconf 90' lang='lat' dir='ltr'><strong>nullum</strong></span> <span class='ocrx_word' id='word_1_492' title='bbox 1004 5481 1267 5547; x_wconf 88' lang='lat' dir='ltr'><strong>latinum,</strong></span> <span class='ocrx_word' id='word_1_493' title='bbox 1291 5482 1386 5535; x_wconf 89' lang='lat' dir='ltr'><strong>sed</strong></span> <span class='ocrx_word' id='word_1_494' title='bbox 1417 5497 1598 5551; x_wconf 61' lang='lat' dir='ltr'><strong>greca</strong></span> <span class='ocrx_word' id='word_1_495' title='bbox 1620 5481 1833 5533; x_wconf 93' lang='lat' dir='ltr'><strong>solum:</strong></span> 
     </span>
    </p>
   </div>
   <div class='ocr_carea' id='block_1_58' title="bbox 152 5552 1836 5622">
    <p class='ocr_par' dir='ltr' id='par_1_58' title="bbox 152 5552 1836 5622">
     <span class='ocr_line' id='line_1_58' title="bbox 152 5552 1836 5622; baseline -0.003 -14"><span class='ocrx_word' id='word_1_496' title='bbox 152 5555 211 5602; x_wconf 74' lang='lat' dir='ltr'><strong>ut</strong></span> <span class='ocrx_word' id='word_1_497' title='bbox 266 5554 682 5620; x_wconf 85' lang='lat' dir='ltr'><strong>Andromache,</strong></span> <span class='ocrx_word' id='word_1_498' title='bbox 751 5555 949 5620; x_wconf 87' lang='lat' dir='ltr'><strong>Niobe,</strong></span> <span class='ocrx_word' id='word_1_499' title='bbox 1028 5552 1219 5622; x_wconf 85' lang='lat' dir='ltr'><strong>Libye.</strong></span> <span class='ocrx_word' id='word_1_500' title='bbox 1292 5553 1514 5617; x_wconf 84' lang='lat' dir='ltr'><strong>Hecate,</strong></span> <span class='ocrx_word' id='word_1_501' title='bbox 1576 5552 1836 5620; x_wconf 75' lang='lat' dir='ltr'><strong>Euterpe,</strong></span> 
     </span>
    </p>
   </div>
   <div class='ocr_carea' id='block_1_59' title="bbox 157 5623 1838 5697">
    <p class='ocr_par' dir='ltr' id='par_1_59' title="bbox 157 5623 1838 5697">
     <span class='ocr_line' id='line_1_59' title="bbox 157 5623 1838 5697; baseline 0.001 -23"><span class='ocrx_word' id='word_1_502' title='bbox 157 5633 387 5697; x_wconf 69' lang='lat' dir='ltr'><strong>quorum</strong></span> <span class='ocrx_word' id='word_1_503' title='bbox 422 5627 708 5697; x_wconf 82' lang='lat' dir='ltr'><strong>genitivus</strong></span> <span class='ocrx_word' id='word_1_504' title='bbox 745 5627 806 5680; x_wconf 93' lang='lat' dir='ltr'><strong>in</strong></span> <span class='ocrx_word' id='word_1_505' title='bbox 852 5642 911 5679; x_wconf 89' lang='lat' dir='ltr'><strong>es</strong></span> <span class='ocrx_word' id='word_1_506' title='bbox 945 5623 1097 5678; x_wconf 84' lang='lat' dir='ltr'><strong>exit:</strong></span> <span class='ocrx_word' id='word_1_507' title='bbox 1130 5629 1202 5697; x_wconf 81' lang='lat' dir='ltr'><strong>ut_</strong></span> <span class='ocrx_word' id='word_1_508' title='bbox 1222 5624 1670 5697; x_wconf 60' lang='lat' dir='ltr'><strong>Andromaches1</strong></span> <span class='ocrx_word' id='word_1_509' title='bbox 1701 5623 1838 5697; x_wconf 83' lang='lat' dir='ltr'><strong>Nio-</strong></span> 
     </span>
    </p>
   </div>
   <div class='ocr_carea' id='block_1_60' title="bbox 158 5686 1841 5770">
    <p class='ocr_par' dir='ltr' id='par_1_60' title="bbox 158 5686 1841 5770">
     <span class='ocr_line' id='line_1_60' title="bbox 158 5686 1841 5770; baseline 0.002 -29"><span class='ocrx_word' id='word_1_510' title='bbox 158 5686 266 5756; x_wconf 82' lang='lat' dir='ltr'><strong>bes,</strong></span> <span class='ocrx_word' id='word_1_511' title='bbox 315 5686 533 5770; x_wconf 55' lang='lat' dir='ltr'><strong>Libfes,</strong></span> <span class='ocrx_word' id='word_1_512' title='bbox 567 5699 819 5759; x_wconf 83' lang='lat' dir='ltr'><strong>Hecates,</strong></span> <span class='ocrx_word' id='word_1_513' title='bbox 854 5698 1144 5767; x_wconf 87' lang='lat' dir='ltr'><strong>Euterpes.</strong></span> <span class='ocrx_word' id='word_1_514' title='bbox 1173 5693 1283 5752; x_wconf 89' lang='lat' dir='ltr'><strong>Sed</strong></span> <span class='ocrx_word' id='word_1_515' title='bbox 1312 5694 1434 5750; x_wconf 70' lang='lat' dir='ltr'><strong>haec</strong></span> <span class='ocrx_word' id='word_1_516' title='bbox 1468 5710 1596 5751; x_wconf 90' lang='lat' dir='ltr'><strong>cum</strong></span> <span class='ocrx_word' id='word_1_517' title='bbox 1634 5691 1841 5750; x_wconf 83' lang='lat' dir='ltr'><strong>Graecis</strong></span> 
     </span>
    </p>
   </div>
   <div class='ocr_carea' id='block_1_61' title="bbox 444 5785 1020 5856">
    <p class='ocr_par' dir='ltr' id='par_1_61' title="bbox 444 5785 1020 5856">
     <span class='ocr_line' id='line_1_61' title="bbox 444 5785 1020 5856; baseline -0.01 0"><span class='ocrx_word' id='word_1_518' title='bbox 444 5787 724 5856; x_wconf 73' lang='lat' dir='ltr'><strong>PATROL.</strong></span> <span class='ocrx_word' id='word_1_519' title='bbox 775 5785 1020 5853; x_wconf 92' lang='lat' dir='ltr'><strong>XXXII.</strong></span> 
     </span>
    </p>
   </div>
   <div class='ocr_carea' id='block_1_62' title="bbox 1928 4539 3623 4610">
    <p class='ocr_par' dir='ltr' id='par_1_62' title="bbox 1928 4539 3623 4610">
     <span class='ocr_line' id='line_1_62' title="bbox 1928 4539 3623 4610; baseline 0.001 -18"><span class='ocrx_word' id='word_1_520' title='bbox 1928 4556 1961 4592; x_wconf 92' lang='lat' dir='ltr'><strong>a</strong></span> <span class='ocrx_word' id='word_1_521' title='bbox 1990 4541 2284 4593; x_wconf 89' lang='lat' dir='ltr'><strong>communi</strong></span> <span class='ocrx_word' id='word_1_522' title='bbox 2305 4542 2556 4607; x_wconf 88' lang='lat' dir='ltr'><strong>nullum;</strong></span> <span class='ocrx_word' id='word_1_523' title='bbox 2591 4541 2661 4593; x_wconf 87' lang='lat' dir='ltr'><strong>ab</strong></span> <span class='ocrx_word' id='word_1_524' title='bbox 2691 4541 2848 4592; x_wconf 94' lang='lat' dir='ltr'><strong>omni</strong></span> <span class='ocrx_word' id='word_1_525' title='bbox 2877 4556 3106 4608; x_wconf 86' lang='lat' dir='ltr'><strong>genere,</strong></span> <span class='ocrx_word' id='word_1_526' title='bbox 3138 4545 3201 4610; x_wconf 90' lang='lat' dir='ltr'><strong>ut</strong></span> <span class='ocrx_word' id='word_1_527' title='bbox 3224 4539 3623 4610; x_wconf 87' lang='lat' dir='ltr'><strong>frugi,|nihili:</strong></span> 
     </span>
    </p>
   </div>
   <div class='ocr_carea' id='block_1_63' title="bbox 1931 4609 3627 4679">
    <p class='ocr_par' dir='ltr' id='par_1_63' title="bbox 1931 4609 3627 4679">
     <span class='ocr_line' id='line_1_63' title="bbox 1931 4609 3627 4679; baseline 0 -15"><span class='ocrx_word' id='word_1_528' title='bbox 1931 4611 2249 4664; x_wconf 86' lang='lat' dir='ltr'><strong>declinatur</strong></span> <span class='ocrx_word' id='word_1_529' title='bbox 2270 4611 2368 4675; x_wconf 90' lang='lat' dir='ltr'><strong>sic,</strong></span> <span class='ocrx_word' id='word_1_530' title='bbox 2398 4612 2489 4665; x_wconf 90' lang='lat' dir='ltr'><strong>hic</strong></span> <span class='ocrx_word' id='word_1_531' title='bbox 2513 4612 2598 4663; x_wconf 82' lang='lat' dir='ltr'><strong>vir</strong></span> <span class='ocrx_word' id='word_1_532' title='bbox 2626 4611 2797 4679; x_wconf 84' lang='lat' dir='ltr'><strong>frugi,</strong></span> <span class='ocrx_word' id='word_1_533' title='bbox 2826 4610 3036 4663; x_wconf 84' lang='lat' dir='ltr'><strong>femina</strong></span> <span class='ocrx_word' id='word_1_534' title='bbox 3057 4609 3230 4679; x_wconf 83' lang='lat' dir='ltr'><strong>frugi,</strong></span> <span class='ocrx_word' id='word_1_535' title='bbox 3272 4609 3627 4679; x_wconf 88' lang='lat' dir='ltr'><strong>mancipium</strong></span> 
     </span>
    </p>
   </div>
   <div class='ocr_carea' id='block_1_64' title="bbox 1931 4680 3627 4750">
    <p class='ocr_par' dir='ltr' id='par_1_64' title="bbox 1931 4680 3627 4750">
     <span class='ocr_line' id='line_1_64' title="bbox 1931 4680 3627 4750; baseline 0 -15"><span class='ocrx_word' id='word_1_536' title='bbox 1931 4681 2082 4748; x_wconf 82' lang='lat' dir='ltr'><strong>frugi</strong></span> <span class='ocrx_word' id='word_1_537' title='bbox 2109 4697 2121 4735; x_wconf 91' lang='lat'><strong>:</strong></span> <span class='ocrx_word' id='word_1_538' title='bbox 2146 4682 2395 4750; x_wconf 86' lang='lat' dir='ltr'><strong>genitivo</strong></span> <span class='ocrx_word' id='word_1_539' title='bbox 2427 4681 2712 4735; x_wconf 89' lang='lat' dir='ltr'><strong>similiiter</strong></span> <span class='ocrx_word' id='word_1_540' title='bbox 2739 4681 2883 4750; x_wconf 89' lang='lat' dir='ltr'><strong>frugi</strong></span> <span class='ocrx_word' id='word_1_541' title='bbox 2913 4680 3095 4745; x_wconf 83' lang='lat' dir='ltr'><strong>faciet,</strong></span> <span class='ocrx_word' id='word_1_542' title='bbox 3126 4681 3296 4749; x_wconf 86' lang='lat' dir='ltr'><strong>hujus</strong></span> <span class='ocrx_word' id='word_1_543' title='bbox 3324 4681 3428 4734; x_wconf 90' lang='lat' dir='ltr'><strong>viri</strong></span> <span class='ocrx_word' id='word_1_544' title='bbox 3453 4682 3627 4750; x_wconf 81' lang='lat' dir='ltr'><strong>frugi,</strong></span> 
     </span>
    </p>
   </div>
   <div class='ocr_carea' id='block_1_65' title="bbox 1933 4751 3628 4822">
    <p class='ocr_par' dir='ltr' id='par_1_65' title="bbox 1933 4751 3628 4822">
     <span class='ocr_line' id='line_1_65' title="bbox 1933 4751 3628 4822; baseline -0.001 -16"><span class='ocrx_word' id='word_1_545' title='bbox 1933 4752 2105 4821; x_wconf 83' lang='lat' dir='ltr'><strong>hujus</strong></span> <span class='ocrx_word' id='word_1_546' title='bbox 2153 4752 2381 4806; x_wconf 84' lang='lat' dir='ltr'><strong>feminae</strong></span> <span class='ocrx_word' id='word_1_547' title='bbox 2435 4753 2606 4820; x_wconf 83' lang='lat' dir='ltr'><strong>frugi,</strong></span> <span class='ocrx_word' id='word_1_548' title='bbox 2653 4751 2822 4820; x_wconf 89' lang='lat' dir='ltr'><strong>hujus</strong></span> <span class='ocrx_word' id='word_1_549' title='bbox 2859 4751 3144 4822; x_wconf 81' lang='lat' dir='ltr'><strong>mancipii</strong></span> <span class='ocrx_word' id='word_1_550' title='bbox 3181 4751 3372 4822; x_wconf 87' lang='lat' dir='ltr'><strong>frugi;</strong></span> <span class='ocrx_word' id='word_1_551' title='bbox 3410 4753 3488 4806; x_wconf 91' lang='lat' dir='ltr'><strong>sic</strong></span> <span class='ocrx_word' id='word_1_552' title='bbox 3525 4768 3628 4822; x_wconf 91' lang='lat' dir='ltr'><strong>per</strong></span> 
     </span>
    </p>
   </div>
   <div class='ocr_carea' id='block_1_66' title="bbox 1934 4821 3628 4893">
    <p class='ocr_par' dir='ltr' id='par_1_66' title="bbox 1934 4821 3628 4893">
     <span class='ocr_line' id='line_1_66' title="bbox 1934 4821 3628 4893; baseline -0.001 -17"><span class='ocrx_word' id='word_1_553' title='bbox 1934 4839 2133 4876; x_wconf 89' lang='lat' dir='ltr'><strong>omnes</strong></span> <span class='ocrx_word' id='word_1_554' title='bbox 2165 4839 2323 4876; x_wconf 88' lang='lat' dir='ltr'><strong>casus</strong></span> <span class='ocrx_word' id='word_1_555' title='bbox 2364 4823 2515 4893; x_wconf 89' lang='lat' dir='ltr'><strong>frugi</strong></span> <span class='ocrx_word' id='word_1_556' title='bbox 2545 4822 2801 4893; x_wconf 88' lang='lat' dir='ltr'><strong>dicimus.</strong></span> <span class='ocrx_word' id='word_1_557' title='bbox 2849 4821 2936 4877; x_wconf 91' lang='lat' dir='ltr'><strong>Sic</strong></span> <span class='ocrx_word' id='word_1_558' title='bbox 2966 4821 3482 4877; x_wconf 36' lang='lat' dir='ltr'><strong>declinaturinihili</strong></span> <span class='ocrx_word' id='word_1_559' title='bbox 3531 4821 3628 4876; x_wconf 87' lang='lat' dir='ltr'><strong>hic</strong></span> 
     </span>
    </p>
   </div>
   <div class='ocr_carea' id='block_1_67' title="bbox 1935 4892 3623 4963">
    <p class='ocr_par' dir='ltr' id='par_1_67' title="bbox 1935 4892 3623 4963">
     <span class='ocr_line' id='line_1_67' title="bbox 1935 4892 3623 4963; baseline -0.001 -15"><span class='ocrx_word' id='word_1_560' title='bbox 1935 4893 2101 4948; x_wconf 89' lang='lat' dir='ltr'><strong>nihili</strong></span> <span class='ocrx_word' id='word_1_561' title='bbox 2129 4895 2234 4959; x_wconf 87' lang='lat' dir='ltr'><strong>vir,</strong></span> <span class='ocrx_word' id='word_1_562' title='bbox 2285 4895 2406 4948; x_wconf 66' lang='lat' dir='ltr'><strong>haec</strong></span> <span class='ocrx_word' id='word_1_563' title='bbox 2438 4892 2604 4947; x_wconf 89' lang='lat' dir='ltr'><strong>nihili</strong></span> <span class='ocrx_word' id='word_1_564' title='bbox 2640 4892 2868 4954; x_wconf 87' lang='lat' dir='ltr'><strong>mulier,</strong></span> <span class='ocrx_word' id='word_1_565' title='bbox 2917 4894 3025 4946; x_wconf 90' lang='lat' dir='ltr'><strong>hoc</strong></span> <span class='ocrx_word' id='word_1_566' title='bbox 3056 4893 3221 4947; x_wconf 91' lang='lat' dir='ltr'><strong>nihili</strong></span> <span class='ocrx_word' id='word_1_567' title='bbox 3256 4894 3623 4963; x_wconf 87' lang='lat' dir='ltr'><strong>mancipium.</strong></span> 
     </span>
    </p>
   </div>
   <div class='ocr_carea' id='block_1_68' title="bbox 1936 4964 3629 5033">
    <p class='ocr_par' dir='ltr' id='par_1_68' title="bbox 1936 4964 3629 5033">
     <span class='ocr_line' id='line_1_68' title="bbox 1936 4964 3629 5033; baseline -0.001 -15"><span class='ocrx_word' id='word_1_568' title='bbox 1936 4965 2051 5018; x_wconf 91' lang='lat' dir='ltr'><strong>Hoc</strong></span> <span class='ocrx_word' id='word_1_569' title='bbox 2073 4982 2210 5019; x_wconf 86' lang='lat' dir='ltr'><strong>sono</strong></span> <span class='ocrx_word' id='word_1_570' title='bbox 2234 4964 2567 5019; x_wconf 88' lang='lat' dir='ltr'><strong>nominativi</strong></span> <span class='ocrx_word' id='word_1_571' title='bbox 2591 4980 2789 5018; x_wconf 89' lang='lat' dir='ltr'><strong>omnes</strong></span> <span class='ocrx_word' id='word_1_572' title='bbox 2805 4980 2966 5018; x_wconf 89' lang='lat' dir='ltr'><strong>casus</strong></span> <span class='ocrx_word' id='word_1_573' title='bbox 2992 4965 3380 5019; x_wconf 82' lang='lat' dir='ltr'><strong>declinantur:</strong></span> <span class='ocrx_word' id='word_1_574' title='bbox 3404 4965 3482 5017; x_wconf 90' lang='lat' dir='ltr'><strong>sic</strong></span> <span class='ocrx_word' id='word_1_575' title='bbox 3501 4964 3629 5033; x_wconf 90' lang='lat' dir='ltr'><strong>plu-</strong></span> 
     </span>
    </p>
   </div>
   <div class='ocr_carea' id='block_1_69' title="bbox 1933 5033 3628 5105">
    <p class='ocr_par' dir='ltr' id='par_1_69' title="bbox 1933 5033 3628 5105">
     <span class='ocr_line' id='line_1_69' title="bbox 1933 5033 3628 5105; baseline -0.002 -15"><span class='ocrx_word' id='word_1_576' title='bbox 1933 5036 2166 5102; x_wconf 87' lang='lat' dir='ltr'><strong>raliter;</strong></span> <span class='ocrx_word' id='word_1_577' title='bbox 2197 5037 2296 5090; x_wconf 92' lang='lat' dir='ltr'><strong>viri</strong></span> <span class='ocrx_word' id='word_1_578' title='bbox 2327 5037 2514 5100; x_wconf 89' lang='lat' dir='ltr'><strong>nihili,</strong></span> <span class='ocrx_word' id='word_1_579' title='bbox 2545 5037 2774 5089; x_wconf 71' lang='lat' dir='ltr'><strong>feminae</strong></span> <span class='ocrx_word' id='word_1_580' title='bbox 2805 5035 2994 5097; x_wconf 88' lang='lat' dir='ltr'><strong>nihili,</strong></span> <span class='ocrx_word' id='word_1_581' title='bbox 3018 5036 3302 5105; x_wconf 89' lang='lat' dir='ltr'><strong>mancipia</strong></span> <span class='ocrx_word' id='word_1_582' title='bbox 3327 5035 3511 5088; x_wconf 88' lang='lat' dir='ltr'><strong>nihili.</strong></span> <span class='ocrx_word' id='word_1_583' title='bbox 3544 5033 3628 5105; x_wconf 84' lang='lat' dir='ltr'><strong>Ab</strong></span> 
     </span>
    </p>
   </div>
   <div class='ocr_carea' id='block_1_70' title="bbox 1937 5103 3631 5177">
    <p class='ocr_par' dir='ltr' id='par_1_70' title="bbox 1937 5103 3631 5177">
     <span class='ocr_line' id='line_1_70' title="bbox 1937 5103 3631 5177; baseline -0.001 -18"><span class='ocrx_word' id='word_1_584' title='bbox 1937 5107 2190 5177; x_wconf 86' lang='lat' dir='ltr'><strong>epicceno</strong></span> <span class='ocrx_word' id='word_1_585' title='bbox 2219 5108 2441 5161; x_wconf 88' lang='lat' dir='ltr'><strong>nullum</strong></span> <span class='ocrx_word' id='word_1_586' title='bbox 2473 5107 2736 5160; x_wconf 90' lang='lat' dir='ltr'><strong>similiter</strong></span> <span class='ocrx_word' id='word_1_587' title='bbox 2764 5107 2877 5160; x_wconf 88' lang='lat' dir='ltr'><strong>exit</strong></span> <span class='ocrx_word' id='word_1_588' title='bbox 2905 5107 2962 5160; x_wconf 91' lang='lat' dir='ltr'><strong>in</strong></span> <span class='ocrx_word' id='word_1_589' title='bbox 2996 5107 3033 5160; x_wconf 93' lang='lat' dir='ltr'><strong>i.</strong></span> <span class='ocrx_word' id='word_1_590' title='bbox 3065 5107 3150 5161; x_wconf 83' lang='lat' dir='ltr'><strong>Ab</strong></span> <span class='ocrx_word' id='word_1_591' title='bbox 3171 5103 3420 5160; x_wconf 83' lang='lat' dir='ltr'><strong>olittera</strong></span> <span class='ocrx_word' id='word_1_592' title='bbox 3448 5103 3631 5177; x_wconf 80' lang='lat' dir='ltr'><strong>vocali</strong></span> 
     </span>
    </p>
   </div>
   <div class='ocr_carea' id='block_1_71' title="bbox 1939 5174 3629 5247">
    <p class='ocr_par' dir='ltr' id='par_1_71' title="bbox 1939 5174 3629 5247">
     <span class='ocr_line' id='line_1_71' title="bbox 1939 5174 3629 5247; baseline -0.001 -17"><span class='ocrx_word' id='word_1_593' title='bbox 1939 5174 2324 5232; x_wconf 78' lang='lat' dir='ltr'><strong>nominativus</strong></span> <span class='ocrx_word' id='word_1_594' title='bbox 2341 5179 2682 5232; x_wconf 90' lang='lat' dir='ltr'><strong>terminatus</strong></span> <span class='ocrx_word' id='word_1_595' title='bbox 2695 5179 3010 5232; x_wconf 88' lang='lat' dir='ltr'><strong>masculino</strong></span> <span class='ocrx_word' id='word_1_596' title='bbox 3029 5177 3392 5247; x_wconf 89' lang='lat' dir='ltr'><strong>appellativo,</strong></span> <span class='ocrx_word' id='word_1_597' title='bbox 3410 5179 3469 5247; x_wconf 87' lang='lat' dir='ltr'><strong>ut</strong></span> <span class='ocrx_word' id='word_1_598' title='bbox 3489 5174 3629 5247; x_wconf 84' lang='lat' dir='ltr'><strong>ligo,</strong></span> 
     </span>
    </p>
   </div>
   <div class='ocr_carea' id='block_1_72' title="bbox 1937 5246 3630 5320">
    <p class='ocr_par' dir='ltr' id='par_1_72' title="bbox 1937 5246 3630 5320">
     <span class='ocr_line' id='line_1_72' title="bbox 1937 5246 3630 5320; baseline -0.001 -20"><span class='ocrx_word' id='word_1_599' title='bbox 1937 5249 2164 5320; x_wconf 90' lang='lat' dir='ltr'><strong>ligonis.</strong></span> <span class='ocrx_word' id='word_1_600' title='bbox 2207 5252 2252 5303; x_wconf 83' lang='lat' dir='ltr'><strong>A</strong></span> <span class='ocrx_word' id='word_1_601' title='bbox 2299 5249 2532 5320; x_wconf 88' lang='lat' dir='ltr'><strong>proprio</strong></span> <span class='ocrx_word' id='word_1_602' title='bbox 2577 5249 2827 5314; x_wconf 90' lang='lat' dir='ltr'><strong>nomine,</strong></span> <span class='ocrx_word' id='word_1_603' title='bbox 2871 5255 2936 5303; x_wconf 89' lang='lat' dir='ltr'><strong>ut</strong></span> <span class='ocrx_word' id='word_1_604' title='bbox 2989 5246 3146 5320; x_wconf 78' lang='lat' dir='ltr'><strong>Cato,</strong></span> <span class='ocrx_word' id='word_1_605' title='bbox 3180 5246 3405 5320; x_wconf 63' lang='lat' dir='ltr'><strong>Cicero,</strong></span> <span class='ocrx_word' id='word_1_606' title='bbox 3456 5246 3630 5320; x_wconf 74' lang='lat' dir='ltr'><strong>Maro,</strong></span> 
     </span>
    </p>
   </div>
   <div class='ocr_carea' id='block_1_73' title="bbox 1942 5317 3636 5389">
    <p class='ocr_par' dir='ltr' id='par_1_73' title="bbox 1942 5317 3636 5389">
     <span class='ocr_line' id='line_1_73' title="bbox 1942 5317 3636 5389; baseline -0.002 -16"><span class='ocrx_word' id='word_1_607' title='bbox 1942 5319 2109 5389; x_wconf 88' lang='lat' dir='ltr'><strong>Nero,</strong></span> <span class='ocrx_word' id='word_1_608' title='bbox 2159 5317 2493 5385; x_wconf 50' lang='lat' dir='ltr'><strong>Tubero,_et</strong></span> <span class='ocrx_word' id='word_1_609' title='bbox 2533 5329 2740 5376; x_wconf 60' lang='lat' dir='ltr'><strong>caetera</strong></span> <span class='ocrx_word' id='word_1_610' title='bbox 2776 5320 2930 5375; x_wconf 88' lang='lat' dir='ltr'><strong>talia.</strong></span> <span class='ocrx_word' id='word_1_611' title='bbox 2971 5321 3017 5372; x_wconf 83' lang='lat' dir='ltr'><strong>A</strong></span> <span class='ocrx_word' id='word_1_612' title='bbox 3059 5317 3334 5389; x_wconf 82' lang='lat' dir='ltr'><strong>feminino</strong></span> <span class='ocrx_word' id='word_1_613' title='bbox 3379 5317 3636 5389; x_wconf 50' lang='lat' dir='ltr'><strong>appella-7</strong></span> 
     </span>
    </p>
   </div>
   <div class='ocr_carea' id='block_1_74' title="bbox 1941 5387 3636 5516">
    <p class='ocr_par' dir='ltr' id='par_1_74' title="bbox 1941 5387 3636 5516">
     <span class='ocr_line' id='line_1_74' title="bbox 1941 5387 3636 5516; baseline -0.001 -73"><span class='ocrx_word' id='word_1_614' title='bbox 1941 5387 2451 5516; x_wconf 33' lang='lat' dir='ltr'><strong>pivoi&#39;uttvertigo,</strong></span> <span class='ocrx_word' id='word_1_615' title='bbox 2503 5391 2734 5465; x_wconf 85' lang='lat' dir='ltr'><strong>indago,</strong></span> <span class='ocrx_word' id='word_1_616' title='bbox 2785 5392 3030 5460; x_wconf 78' lang='lat' dir='ltr'><strong>ferrugo,</strong></span> <span class='ocrx_word' id='word_1_617' title='bbox 3067 5389 3231 5459; x_wconf 88' lang='lat' dir='ltr'><strong>siligo</strong></span> <span class='ocrx_word' id='word_1_618' title='bbox 3261 5387 3346 5458; x_wconf 88' lang='lat' dir='ltr'><strong>(in</strong></span> <span class='ocrx_word' id='word_1_619' title='bbox 3377 5388 3636 5443; x_wconf 85' lang='lat' dir='ltr'><strong>Juvenali</strong></span> 
     </span>
     <span class='ocr_line' id='line_1_75' title="bbox 1965 5478 2295 5516; baseline 0.003 -1"><span class='ocrx_word' id='word_1_620' title='bbox 1965 5478 2054 5516; x_wconf 80' lang='lat' dir='ltr'><strong>em</strong></span> <span class='ocrx_word' id='word_1_621' title='bbox 2085 5478 2154 5515; x_wconf 92' lang='lat' dir='ltr'><strong>ur</strong></span> <span class='ocrx_word' id='word_1_622' title='bbox 2180 5479 2198 5516; x_wconf 84' lang='lat'>1</span> <span class='ocrx_word' id='word_1_623' title='bbox 2228 5479 2295 5516; x_wconf 86' lang='lat' dir='ltr'><strong>a:</strong></span> 
     </span>
    </p>
   </div>
   <div class='ocr_carea' id='block_1_75' title="bbox 1965 5462 2295 5533">
    <p class='ocr_par' dir='ltr' id='par_1_75' title="bbox 1965 5462 2295 5533">
     <span class='ocr_line' id='line_1_76' title="bbox 1965 5462 2295 5533; baseline 0.009 -18"><span class='ocrx_word' id='word_1_624' title='bbox 1965 5462 2154 5533; x_wconf 89' lang='lat' dir='ltr'><strong>egitur</strong></span> <span class='ocrx_word' id='word_1_625' title='bbox 2180 5462 2295 5518; x_wconf 88' lang='lat' dir='ltr'><strong>ita:</strong></span> 
     </span>
    </p>
   </div>
   <div class='ocr_carea' id='block_1_76' title="bbox 2003 5569 3640 5644">
    <p class='ocr_par' dir='ltr' id='par_1_76' title="bbox 2003 5569 3640 5644">
     <span class='ocr_line' id='line_1_77' title="bbox 2003 5569 3640 5644; baseline -0.003 -20"><span class='ocrx_word' id='word_1_626' title='bbox 2003 5575 2076 5639; x_wconf 92' lang='lat' dir='ltr'><strong>(a)</strong></span> <span class='ocrx_word' id='word_1_627' title='bbox 2106 5574 2482 5644; x_wconf 77' lang='lat' dir='ltr'><strong>Indeclinabile</strong></span> <span class='ocrx_word' id='word_1_628' title='bbox 2529 5575 2724 5644; x_wconf 82' lang='lat' dir='ltr'><strong>diceret</strong></span> <span class='ocrx_word' id='word_1_629' title='bbox 2750 5570 3093 5644; x_wconf 76' lang='lat' dir='ltr'><strong>Augustinus,</strong></span> <span class='ocrx_word' id='word_1_630' title='bbox 3125 5569 3215 5632; x_wconf 90' lang='lat' dir='ltr'><strong>qui</strong></span> <span class='ocrx_word' id='word_1_631' title='bbox 3249 5569 3502 5644; x_wconf 44' lang='lat' dir='ltr'><strong>inulatino</strong></span> <span class='ocrx_word' id='word_1_632' title='bbox 3529 5584 3640 5644; x_wconf 63' lang='lat' dir='ltr'><strong>ser-</strong></span> 
     </span>
    </p>
   </div>
   <div class='ocr_carea' id='block_1_77' title="bbox 1947 5631 3642 5710">
    <p class='ocr_par' dir='ltr' id='par_1_77' title="bbox 1947 5631 3642 5710">
     <span class='ocr_line' id='line_1_78' title="bbox 1947 5631 3642 5710; baseline -0.002 -22"><span class='ocrx_word' id='word_1_633' title='bbox 1947 5631 2300 5710; x_wconf 49' lang='lat' dir='ltr'><strong>monegrasca</strong></span> <span class='ocrx_word' id='word_1_634' title='bbox 2324 5637 2583 5710; x_wconf 62' lang='lat' dir='ltr'><strong>vocabula</strong></span> <span class='ocrx_word' id='word_1_635' title='bbox 2607 5631 2958 5710; x_wconf 43' lang='lat' dir='ltr'><strong>nonnusurpat</strong></span> <span class='ocrx_word' id='word_1_636' title='bbox 2979 5633 3092 5681; x_wconf 86' lang='lat' dir='ltr'><strong>sine</strong></span> <span class='ocrx_word' id='word_1_637' title='bbox 3111 5631 3443 5695; x_wconf 83' lang='lat' dir='ltr'><strong>necessitate,</strong></span> <span class='ocrx_word' id='word_1_638' title='bbox 3463 5646 3525 5683; x_wconf 87' lang='lat' dir='ltr'><strong>ex</strong></span> <span class='ocrx_word' id='word_1_639' title='bbox 3548 5631 3642 5684; x_wconf 90' lang='lat' dir='ltr'><strong>lib.</strong></span> 
     </span>
    </p>
   </div>
   <div class='ocr_carea' id='block_1_78' title="bbox 1988 5699 2763 5765">
    <p class='ocr_par' dir='ltr' id='par_1_78' title="bbox 1988 5699 2763 5765">
     <span class='ocr_line' id='line_1_79' title="bbox 1988 5699 2763 5765; baseline -0.003 -18"><span class='ocrx_word' id='word_1_640' title='bbox 1988 5702 2008 5748; x_wconf 88' lang='grc'><strong>1</strong></span> <span class='ocrx_word' id='word_1_641' title='bbox 2039 5699 2323 5760; x_wconf 79' lang='lat' dir='ltr'><strong>deMusica,</strong></span> <span class='ocrx_word' id='word_1_642' title='bbox 2353 5714 2467 5765; x_wconf 86' lang='lat' dir='ltr'><strong>cap.</strong></span> <span class='ocrx_word' id='word_1_643' title='bbox 2500 5701 2576 5759; x_wconf 77' lang='lat' dir='ltr'><strong>l2,</strong></span> <span class='ocrx_word' id='word_1_644' title='bbox 2604 5712 2657 5748; x_wconf 92' lang='lat' dir='ltr'><strong>n.</strong></span> <span class='ocrx_word' id='word_1_645' title='bbox 2684 5699 2763 5747; x_wconf 84' lang='lat'><strong>23.</strong></span> 
     </span>
    </p>
   </div>
   <div class='ocr_carea' id='block_1_79' title="bbox 2639 5779 3332 5868">
    <p class='ocr_par' dir='ltr' id='par_1_79' title="bbox 2639 5779 3332 5868">
     <span class='ocr_line' id='line_1_80' title="bbox 2639 5779 3332 5868; baseline 0.001 -24"><span class='ocrx_word' id='word_1_646' title='bbox 2639 5779 3332 5868; x_wconf 81' lang='lat' dir='ltr'><strong>(Quarante-quatre.)</strong></span> 
     </span>
    </p>
   </div>
  </div>
