4056 6394
443 395 575 451 1395

436 519 599 592 quasi
625 524 874 592 possunt
887 534 956 573 ex
983 523 1142 589 parte
1159 517 1362 592 aliqua
1392 516 1631 572 deﬁnire
1661 531 1989 588 personam,
2013 512 2121 568 mi-

437 589 546 645 nus
575 589 748 660 quam
777 589 940 643 ﬁnita
965 589 1214 643 vocanda
1247 593 1397 642 sunt.

349 656 367 674 '
441 656 667 716 CAPUT
705 663 766 716 X.
803 690 873 701 —
927 661 1009 714 De
1048 661 1400 715 declinatione
1451 660 1830 730 pronominum
1883 675 1921 724 1,
1981 676 2018 711 11
2073 660 2123 709 et

1117 748 1175 784 III
1198 746 1454 785 110150118³.

1117 748 1175 784 111
1239 747 1454 785 θνεοηω.

515 802 703 858 Prima
732 817 975 872 persona
1011 747 1234 855 dicitur?
1255 817 1390 872 ego:
1435 805 1553 854 tam
1597 799 1660 872 in
1685 798 1980 872 rsingularﬁi
2021 813 2126 872 nu:

445 890 604 928 mero
635 870 808 943 quam
847 872 906 925 in
936 872 1144 941 plurali
1174 870 1312 926 cum“
1335 872 1597 935 dicimus,
1649 871 1778 939 Nos,
1812 887 1926 923 non
1957 870 2130 923 habet

444 943 762 998 vocativum
791 958 1016 996 casum:
1051 943 1186 1012 quia
1217 959 1386 996 nemo
1418 947 1581 996 vocat
1608 957 1687 1007 se,
1715 958 1747 994 o
1779 957 1905 1010 ego,
1935 957 1967 994 o
2002 955 2125 993 nos.

445 1017 590 1085 Ergo
633 1015 711 1068 sic
752 1013 1068 1085 declinatur
1115 1013 1391 1083 singulari
1440 1028 1706 1085 numero:
1737 1027 1818 1085 ΔΝ.
1879 1026 2003 1080 ego,
2065 1027 2121 1064 0.

446 1081 580 1150 mei,
613 1102 664 1139 D.
713 1084 876 1148 mihi,
909 1101 962 1137 A.
999 1099 1109 1149 me,
1147 1081 1279 1138 aia
1312 1099 1441 1137 me:
1475 1088 1530 1137 et
1569 1081 1884 1153 pluraliter,
1918 1098 1987 1153 Ν.
2005 1096 2126 1144 1105,

445 1173 499 1210 G.
529 1159 807 1221 nostrum,
858 1171 909 1208 n.
945 1154 1127 1221 nobis,
1173 1171 1225 1207 A.
1271 1170 1392 1217 nos,
1438 1170 1489 1207 Α.
1525 1151 1772 1206 8⁷110015.
1805 1151 2132 1205 Vocativum

446 1226 622 1292 enim,
669 1231 732 1279 ut
784 1225 918 1291 dixi,
965 1241 1082 1277 non
1133 1225 1322 1291 habet,
1367 1228 1483 1277 tam
1529 1223 1591 1276 in
1636 1222 1913 1291 singulari
1958 1237 2132 1292 quam

446 1297 507 1351 in
539 1295 764 1367 plurali.
813 1295 1174 1367 Nominativo
1204 1300 1286 1360 tu,
1327 1312 1378 1348 c.
1411 1294 1514 1359 tui,
1551 1311 1606 1348 1).
1653 1293 1778 1361 tibi,
1811 1311 1864 1347 A.
1902 1298 1973 1359 te,
2006 1308 2076 1367 vi
2098 1307 2131 1346 0

447 1361 612 1435 111,Ἀ.
645 1370 788 1419 8101
820 1370 877 1419 et
905 1365 1217 1435 pluraliter,
1250 1381 1306 1419 N.
1334 1381 1450 1433 vos,
1483 1380 1535 1419 G.
1579 1369 1828 1417 vestrum
1863 1379 1916 1417 o.
1952 1361 2131 1430 vobis,

445 1454 497 1492 Α.
533 1452 653 1505 vos,
683 1452 736 1490 v.
785 1452 818 1488 o
850 1452 962 1502 vos,
1003 1452 1054 1489 Α.
1101 1453 1134 1489 8
1162 1436 1334 1490 vobis.
1367 1436 1513 1490 Sane
1561 1435 1747 1504 prima
1791 1449 2032 1504 persona
2077 1436 2135 1486 et

448 1507 712 1573 secunda,
755 1505 814 1560 id
843 1511 946 1571 est,
982 1522 1086 1575 ego
1109 1512 1260 1573 ettu,
1294 1505 1517 1576 generis
1550 1505 1736 1576 omnis
1769 1510 1883 1558 est:
1921 1507 2137 1576 namiet

446 1577 532 1630 vir
560 1577 696 1631 dicit
725 1591 854 1645 ego,
886 1581 943 1630 et
983 1573 1197 1630 femina
1225 1573 1353 1646 ego,
1396 1581 1453 1630 et
1479 1575 1827 1646 mancipium
1867 1591 1990 1646 ego.
2045 1573 2133 1646 Sic

450 1653 512 1701 tu
540 1663 553 1700 :
595 1652 652 1700 et
689 1644 809 1700 viro
844 1645 1086 1700 dicimus
1115 1657 1197 1712 tu,
1247 1644 1302 1700 et
1334 1646 1584 1712 feminae,
1617 1644 1686 1700 et
1709 1645 2022 1714 mancipio:
2056 1644 2134 1697 sic

449 1718 508 1771 in
544 1716 752 1787 plurali
797 1717 1023 1785 generis
1072 1717 1255 1770 omnis
1287 1721 1388 1784 est,
1440 1723 1503 1770 ut
1534 1733 1656 1784 nos,
1701 1733 1813 1770 vos.
1853 1718 1926 1769 Ex
1969 1716 2135 1768 tertia

448 1803 733 1858 personna
755 1788 985 1858 11810051
1004 1787 1300 1858 declinatio
1329 1788 1640 1858 masculino
1667 1802 1876 1856 genere
1893 1801 2133 1858 numero

449 1857 760 1926 Singulari:
785 1873 840 1910 Ν.
869 1857 972 1921 illi,
997 1873 1048 1910 G.
1073 1857 1243 1910 illius.
1271 1875 1319 1910 1).
1354 1858 1472 1922 1110,
1501 1857 1757 1923 1111111111,
1782 1873 1832 1910 v.
1866 1873 1898 1910 0
1930 1857 2046 1920 1110,
2076 1872 2127 1909 Α.

449 1929 664 1996 abillo:
700 1927 1082 1997 etpluraliter,
1107 1944 1161 1980 Ν.
1193 1927 1362 1993 illi,o.
1392 1928 1644 1990 illorum,
1669 1945 1720 1981 1).
1745 1927 1876 1995 illis,
1910 1944 1961 1980 Α.
1983 1927 2131 1990 11105,

447 2016 498 2052 v.
528 1997 680 2062 oilli,
703 2015 756 2051 Α.
781 1999 850 2051 81)
868 1998 1000 2050 illis.
1019 1999 1234 2052 Genere
1258 1998 1553 2060 feminino,
1582 2015 1635 2052 N.
1662 1998 1779 2062 illa,
1805 2014 1857 2053 o.
1880 1997 2052 2061 illius,
2079 2013 2130 2052 n.

446 2068 550 2133 illi,
583 2085 633 2122 Α.
669 2068 847 2134 illam,
879 2085 932 2139 v.
964 2069 1080 2130 illa,
1111 2085 1162 2122 Α.
1200 2071 1269 2124 81)
1294 2070 1424 2123 11181
1478 2075 1534 2123 01
1562 2069 1880 2139 pluraliter,
1915 2085 1968 2121 N.
1996 2067 2134 2130 illae,

450 2155 501 2193 0.
526 2139 776 2202 illarum,
797 2155 850 2192 1).
882 2138 1080 2193 illis.A.
1107 2139 1252 2206 illas,
1284 2157 1335 2194 v.
1367 2156 1400 2192 o
1421 2139 1551 2204 illae,
1571 2138 1637 2194 VA.
1661 2141 1732 2192 ab
1752 2139 1885 2193 illis.
1919 2139 2134 2192 Genere

447 2208 935 2280 neutrolnumero
965 2210 1259 2280 singulari,
1293 2227 1347 2264 N.
1380 2210 1543 2264 illud.
1577 2227 1627 2265 c.
1654 2210 1824 2263 illius.
1859 2226 1910 2263 n.
1933 2209 2046 2280 illi,
2078 2225 2126 2262 A.

447 2280 612 2344 illud,
644 2296 696 2334 v.
730 2296 763 2332 o
789 2279 961 2351 illud,
1002 2278 1081 2351 Αξ
1110 2281 1179 2334 81)
1223 2281 1358 2335 11101
1393 2285 1448 2336 et
1479 2281 1796 2351 pluraliter,
1831 2296 1882 2334 Ν.
1927 2278 2045 2351 1118,
2079 2295 2130 2351 0.

447 2351 700 2412 illorum,
725 2366 777 2403 1).
802 2349 931 2416 illis,
955 2367 1006 2404 Α.
1033 2350 1150 2417 1118,
1179 2368 1230 2405 v.
1268 2368 1301 2405 o
1340 2351 1456 2417 illa,
1480 2348 1539 2405 λ.
1565 2352 1634 2405 81)
1661 2351 1790 2404 illis.
1820 2352 1950 2418 Iste,
1976 2348 2134 2402 simi-

445 2421 576 2474 liter
606 2426 664 2474 et
693 2420 834 2490 ipse,
869 2421 938 2474 ad
966 2420 1212 2493 formam
1248 2423 1600 2493 superiorem
1638 2420 1976 2493 declinabis,
2017 2426 2136 2476 tam

447 2493 518 2544 ad
551 2507 761 2562 genera
785 2507 958 2561 quam
989 2492 1161 2546 etiam
1185 2493 1255 2546 ad
1283 2491 1568 2546 numeros.
1601 2493 1746 2547 Sane
1779 2491 2135 2562 quaestioest

449 2562 511 2615 in
539 2561 648 2615 hoc
691 2561 1031 2634 pronomine
1066 2563 1208 2631 ipse,
1243 2579 1420 2634 quare
1459 2579 1587 2617 cum
1625 2562 1777 2616 istud
1799 2561 1866 2616 et
1890 2561 2044 2634 illud
2074 2561 2134 2634 in

449 2648 659 2700 genere
690 2637 891 2686 neutro
921 2631 1182 2698 dicimus,
1227 2631 1480 2688 dicamus
1507 2635 1715 2703 ipsum,
1751 2637 1816 2686 ut
1849 2632 1928 2685 ait
1953 2631 2135 2700 Virgi-

448 2703 579 2756 lius.
611 2705 792 2771 Atque
808 2705 986 2771 ipsum
1011 2718 1202 2772 corpus
1224 2707 1387 2758 amici
1409 2704 1646 2772 (/Eneid.
1681 2704 1776 2756 lib.
1816 2706 1863 2769 1,
1895 2718 1948 2757 υ.
1974 2704 2132 2760 49Ο)1

449 2789 578 2852 non.
597 2774 758 2852 dixit,
788 2772 976 2852 ipsud.
1005 2773 1113 2852 Sed
1139 2774 1259 2852 11ωο
1288 2776 1527 2852 quaestio
1560 2775 1795 2852 solvitur
1812 2774 1916 2826 hoc
1931 2773 2134 2852 modo:

447 2843 891 2914 Antiquieuim
949 2845 1130 2913 magis
1167 2843 1326 2914 ipsus
1368 2846 1632 2900 dicebant
1680 2845 1741 2898 111
1789 2843 2138 2914 nominativo

447 2913 722 2987 singulari
749 2914 974 2984 generis
1007 2913 1305 2987 masculini
1338 2932 1512 2987 quam
1542 2916 1682 2987 ipse.
1714 2916 1866 2968 Hanc
1886 2913 2136 2984 antiqui-

449 2985 584 3038 tatis
614 2984 896 3056 rationem
919 2986 1278 3040 attendentes
1304 2984 1440 3040 artis
1472 2985 1792 3056 scriptores,
1822 2999 2140 3056 pronomen

447 3056 556 3109 hoc
592 3055 664 3108 ad
696 3055 940 3109 formam
987 3057 1238 3110 nominis
1280 3054 1729 3111 transtulerunt:
1764 3059 1821 3109 ut
1852 3054 2139 3125 quomodo

450 3126 511 3179 in
541 3125 773 3197 nomine
793 3125 1002 3196 justus,
1030 3127 1205 3197 justa,
1228 3127 1452 3197 justum
1481 3127 1758 3197 dicimus,
1777 3131 1832 3197 et
1849 3126 2140 3197 perfectus

447 3196 716 3268 perfecta,
749 3197 1093 3268 perfectum;
1127 3199 1207 3252 sic
1235 3196 1299 3253 et
1345 3200 1451 3252 hoc
1494 3196 1959 3268 pronuntiabitur
1999 3211 2140 3268 pro:

449 3282 681 3390 nprnleni
698 3265 876 3336 ipsus,
907 3267 1052 3338 ipsa,
1073 3269 1262 3340 ipsum
1293 3285 1306 3323 :
1335 3285 1450 3323 non
1473 3265 1659 3340 ipsud,
1678 3265 1963 3338 quomodo
1994 3265 2142 3320 istud

453 3352 484 3389 e
538 3353 558 3389 1
605 3353 640 3390 11
690 3377 703 3390 .

453 3341 509 3390 01
538 3337 703 3390 illud.

619 3408 844 3479 CAPUT
893 3409 980 3462 XI.
1021 3439 1093 3451 -—
1123 3413 1198 3464 De
1226 3410 1581 3464 declinatione
1607 3407 1967 3479 inﬁnitorum.

528 3478 882 3550 Nominativo
923 3479 1071 3550 quis,
1121 3498 1173 3534 c.
1217 3482 1396 3549 cujus,
1449 3497 1500 3535 1).
1541 3478 1744 3546 0111,⁷Α.
1792 3493 1986 3548 quem,
2021 3493 2070 3530 v.
2098 3493 2140 3550 _o

456 3548 577 3619 qui,
608 3565 716 3620 A.a
743 3565 888 3620 quo:
923 3546 978 3604 et
1007 3546 1317 3620 pluraliter.
1345 3567 1396 3604 Ν.
1420 3550 1541 3620 qui,
1565 3565 1616 3603 o.
1642 3546 1908 3619 quorum,
1940 3564 1991 3620 1).
2013 3546 2141 3620 quis

454 3617 796 3699 vel'quibus
828 3619 908 3690 (ut
941 3617 1228 3699 Virgilius,
1277 3617 1564 3699 Quis__ante
1583 3617 1686 3699 ora
1722 3625 1943 3699 patrum
1976 3617 2138 3688 (Ibid.

455 3689 564 3760 99),
593 3689 645 3745 Ᾱ.
677 3707 841 3761 quos,
865 3707 927 3763 Av.
959 3708 992 3744 0
1023 3689 1142 3762 qui,
1176 3689 1226 3746 Α.
1257 3709 1290 3745 8
1319 3691 1544 3763 quibus.
1581 3689 1876 3745 Feminino
1907 3704 2136 3759 genere,

455 3777 508 3813 Ν.
531 3777 678 3833 quae,
703 3777 756 3833 oi.
789 3761 967 3830 cujus,
995 3761 1057 3815 n.’
1081 3763 1193 3832 cui,
1222 3779 1276 3816 Α.
1313 3761 1506 3833 quam,
1542 3778 1592 3815 v.
1625 3777 1657 3814 0
1688 3777 1838 3831 quae,
1866 3777 1918 3813 A.
1941 3776 1973 3813 a
1995 3774 2136 3829 qua:

454 3835 511 3885 et
538 3831 856 3900 pluraliter,
889 3848 940 3903 Ν.
983 3849 1130 3902 quae.
1156 3850 1208 3888 o.
1241 3831 1506 3903 quarum,
1537 3849 1588 3886 1).
1617 3833 1764 3902 quis,
1802 3848 1858 3903 is.
1892 3847 2052 3903 quas,
2085 3846 2137 3883 ν.

454 3917 488 3955 0
518 3918 668 3972 quas,
693 3920 746 3956 Α.
782 3919 816 3955 8
843 3901 1070 3972 quibus.
1091 3901 1304 3958 Genere
1334 3909 1556 3967 neutro,
1587 3901 1650 3956 Νζ
1668 3902 1840 3972 quod,
1874 3917 1939 3972 a._
1958 3901 2136 3970 cujus,

453 3989 503 4026 D.
535 3970 657 4037 cui,
696 3989 751 4027 Α.
795 3970 970 4042 quod,
1003 3990 1035 4026 0
1078 3975 1252 4045 quod,
1284 3991 1336 4028 A.
1387 3991 1420 4027 a
1466 3989 1600 4044 quo,
1658 3970 1714 4026 et
1740 3970 2050 4045 pluraliter,
2083 3987 2137 4023 Ν.

452 4058 604 4114 quae,
639 4059 689 4097 G.
713 4114 716 4115 ν
740 4059 1006 4115 quorum,
1057 4042 1113 4098 οἱ
1143 4046 1270 4114 quis
1299 4045 1416 4115 (sed
1456 4042 1577 4114 jam
1615 4042 1928 4115 secundum
1973 4057 2142 4095 usum

453 4114 662 4195 quibus
693 4114 978 4194 dicimus),
1011 4130 1064 4168 Α.
1101 4113 1250 4185 quae,
1290 4113 1340 4194 v‘,
1375 4113 1588 4195 aquae,
1639 4131 1692 4195 11.
1741 4113 1982 4195 quibus.‘
2020 4115 2139 4195 ‘An-

452 4182 599 4256 tiqui
643 4185 771 4256 quis
803 4201 1012 4256 genere
1055 4182 1345 4239 communi
1393 4182 1679 4248 diserunt,
1713 4182 1777 4237 Νῖ
1806 4184 1897 4237 1110
1935 4187 1992 4237 et
2019 4182 2140 4236 haec

453 4255 600 4325 quis,
631 4255 686 4326 GI.
707 4256 882 4324 hujus
901 4255 1049 4325 quis.
1073 4272 1124 4308 1).
1151 4257 1281 4309 huic
1298 4256 1417 4326 qui,
1449 4272 1500 4308 A.
1531 4256 1682 4326 hunc
1707 4259 1764 4308 et
1780 4259 1923 4326 118110
1944 4269 2134 4326 quem,

453 4342 503 4378 v.
526 4341 566 4396 o
587 4325 733 4396 quis,
766 4341 819 4379 Α.
852 4327 923 4379 ab
954 4328 1064 4379 hoc
1084 4331 1140 4379 et
1168 4327 1238 4380 ab
1269 4327 1371 4379 hac
1398 4326 1516 4396 qui.
1539 4325 1673 4379 Inde
1696 4327 1845 4378 venit
1865 4325 2139 4396 ablativus

451 4395 642 4466 exiens
687 4395 747 4448 in
796 4396 919 4450 bus.
966 4399 1012 4449 A
1056 4396 1182 4466 quis
1229 4395 1431 4451 autem,
1472 4395 1747 4450 ablativus
1789 4395 2024 4466 pluralis
2067 4396 2138 4449 ab

452 4465 694 4538 ablativo
745 4465 905 4520 venit
950 4465 1218 4536 quierit
1264 4467 1324 4521 in
1369 4483 1423 4532 o,
1490 4465 1802 4538 quomodo’
1830 4466 1888 4519 in
1937 4466 2136 4538 regula

451 4536 726 4590 ablativus
761 4553 892 4590 cum
921 4538 1124 4591 exierit
1151 4539 1210 4591 in
1254 4555 1306 4601 o,
1357 4536 1608 4591 dativum
1655 4538 1934 4606 pluralem
1982 4537 2044 4590 in
2091 4537 2137 4590 is

449 4607 646 4678 mittit,
679 4613 742 4662 ut
768 4624 800 4660 a
816 4609 972 4676 justo
997 4608 1181 4678 justis,
1211 4626 1242 4662 a
1262 4609 1426 4663 docto
1456 4608 1654 4672 doctis,
1688 4625 1721 4662 a
1741 4607 1992 4677 perfecto
2010 4623 2136 4678 per-

448 4677 624 4749 fectis,
657 4696 690 4732 a
720 4677 1011 4732 fortunato
1047 4679 1366 4734 fortunatis.
1411 4681 1553 4749 Ergo
1595 4684 1659 4732 ut
1707 4679 1967 4748 superius
1998 4677 2133 4749 dixi,

449 4748 772 4820 antiquihic
796 4749 1122 4820 ethaecquis
1149 4751 1432 4816 dixerunt,
1449 4748 1506 4804 et
1536 4749 1825 4820 quomodo
1855 4749 1917 4820 in
1949 4748 2135 4820 nomi-

449 4818 614 4890 nibus
643 4820 734 4873 hic
765 4825 820 4873 et
847 4821 968 4874 haec
999 4818 1221 4889 similis,
1242 4821 1334 4875 hic
1362 4825 1418 4874 et
1447 4818 1571 4875 haec
1593 4820 1777 4890 agilis,
1808 4819 1900 4872 hic
1931 4824 1987 4890 et
2014 4819 2135 4872 haec

445 4889 625 4943 facilis
644 4909 661 4944 :
700 4891 778 4944 sic
805 4891 868 4943 in
898 4892 1348 4961 pronominibus,
1383 4891 1471 4945 1115
1511 4897 1568 4945 01
1599 4889 1718 4944 haec
1749 4890 1904 4961 quis,
1931 4889 1999 4944 ab
2026 4891 2134 4944 hoc

446 4967 503 5032 et
531 4962 601 5014 ab
632 4962 736 5016 hac
772 4960 913 5032 qui.’
936 4962 1070 5015 [nde
1115 4963 1382 5032 Virgilius
1419 4979 1549 5016 cum
1591 4962 1659 5032 de
1690 4961 1841 5032 socia
1879 4960 2133 5014 Camillae

446 5031 676 5097 diceret,
733 5031 848 5086 ait:
910 5033 1134 5098 Quicum
1168 5031 1376 5102 parti-ri
1409 5047 1567 5087 curas
1611 5031 1844 5100 (Eneid.
1897 5031 1991 5085 lib.
2043 5035 2126 5094 ll,

443 5118 513 5174 υ.
541 5103 696 5172 822):
734 5103 798 5174 id
829 5107 929 5170 est,
992 5120 1122 5157 cum
1171 5121 1286 5174 qua
1333 5103 1532 5172 partiri
1573 5118 1756 5174 curas.
1803 5102 1976 5174 Item”
2002 5107 2134 5174 sunt

445 5172 554 5245 alia
581 5173 805 5227 inﬁnita
833 5190 960 5245 quae
989 5172 1418 5245 interrogativa,
1437 5179 1493 5227 et
1508 5172 1862 5226 declinantur
1887 5188 1899 5224 :
1936 5172 2128 5226 Nomi-

442 5242 655 5310 nativo,
687 5242 918 5310 11101⁸[0.
952 5245 1153 5310 utrius,
1189 5242 1238 5297 οἱ
1290 5245 1426 5303 utri,
1475 5261 1526 5297 Α.
1564 5248 1780 5308 utrum,
1814 5259 1862 5294 ν.
1893 5258 1925 5296 0
1979 5248 2124 5298 uter.

441 5329 493 5366 Α.
525 5315 596 5367 81)
627 5319 753 5368 utro
779 5331 790 5368 :
820 5321 877 5369 et
903 5315 1221 5385 pluraliter,
1254 5330 1309 5367 Ν.
1343 5313 1474 5378 utri,
1510 5329 1564 5368 G.
1600 5317 1876 5385 utrorum.
1912 5329 1962 5366 n.
1989 5315 2130 5367 utris

439 5401 491 5437 A.
526 5389 701 5452 utros,
730 5401 782 5438 v.
819 5402 852 5437 0
891 5383 1026 5450 utri,
1052 5403 1105 5438 Α.
1141 5385 1209 5437 81)
1233 5384 1390 5437 utris.
1417 5385 1551 5437 Inde
1582 5383 1772 5436 addita
1804 5386 1863 5436 in
1891 5399 2128 5453 compo-

441 5453 644 5506 sitione
661 5471 772 5524 que
794 5457 1025 5523 syllaba,
1058 5455 1191 5508 facit
1210 5460 1473 5524 uterque,
1496 5459 1552 5506 et
1583 5453 1865 5516 signiﬁcat
1891 5456 2121 5509 ambos:

439 5527 496 5576 et
523 5523 715 5577 tamen
747 5525 1022 5594 singulari
1055 5542 1194 5578 sono
1239 5529 1340 5590 est,
1365 5523 1468 5577 Sed
1495 5523 1906 5594 signiﬁcatione
1947 5525 2120 5579 duali.

441 5595 582 5647 Nam
613 5610 742 5647 cum
773 5596 915 5648 dixit
942 5596 1228 5664 Virgilius,

570 5673 814 5723 Constitit
840 5675 895 5722 in
918 5674 1110 5735 digitos
1133 5675 1390 5739 extemplo
1420 5675 1662 5739 arrectus
1693 5679 1939 5738 uterque;

1362 5736 1461 5802 (Id.
1487 5737 1576 5788 ub.
1672 5753 1721 5790 υ.
1747 5736 1876 5799 425.)

437 5804 550 5860 duo
577 5805 880 5877 signiﬁcati
898 5811 1053 5875 sunt,
1076 5823 1204 5864 cum
1235 5808 1440 5865 dixerit
1466 5815 1723 5881 uterque:
1757 5825 1889 5864 cum
1934 5811 2124 5864 autem

1743 392 1837 448 DE
1875 391 2353 450 GBAMMATICA
2392 393 2626 450 LIBER.

3814 395 3941 446 1396

2231 520 2490 583 arrectus,
2523 515 2708 570 noluit
2745 513 3058 584 exspectari
3097 511 3510 584 pluralitatem,
3547 516 3612 567 ut
3633 512 3706 567 sit
3734 512 3800 567 in
3820 515 3942 584 plu-

2233 587 2339 640 rali
2369 588 2614 658 utrique.
2647 585 2754 640 Sed
2783 587 2889 639 hoc
2909 585 3182 658 interest,
3215 584 3349 655 quia
3373 589 3617 658 uterque
3648 584 3792 638 licet
3831 585 3940 658 duo

2235 655 2535 727 signiticet,
2595 661 2787 710 tamen
2845 655 3029 709 solum
3085 656 3238 709 duo:
3297 655 3528 727 utrique
3585 655 3939 727 autemiduo

2236 726 2535 798 signiﬁcat,
2576 727 2674 780 sed
2705 728 2784 780 sic
2815 728 2964 780 utin
3009 727 3246 798 singulis
3287 726 3453 798 multi
3484 726 3638 798 sint:
3685 726 3736 798 si
3790 726 3940 780 dicas

2241 797 2466 869 utrique
2521 798 2976 869 exercitus,iquo
3021 797 3302 867 signiﬁco,
3335 797 3433 869 sed
3474 798 3554 869 sic
3581 797 3645 850 in
3694 797 3938 869 singulis

2238 867 2467 923 turbam
2494 869 2738 938 intelligi
2765 867 2911 922 volo.
2947 869 3072 922 Haec
3103 870 3334 939 quidem
3362 867 3630 922 distincta
3655 876 3821 939 sunt,
3845 868 3940 922 sed

2239 940 2374 993 item
2406 940 2738 993 auctoritate
2768 939 3000 992 confusa
3025 938 3175 992 sunt.
3207 940 3346 992 Nam
3369 954 3498 991 cum
3529 939 3609 992 ait
3642 938 3937 1008 Virgilius,

2238 1011 2416 1079 Super
2459 1015 2689 1078 utraque
2723 1015 2945 1078 quassat
2985 1015 3222 1078 tempora
3251 1010 3436 1078 (Ibid.,
3463 1025 3516 1063 υ.
3561 1011 3711 1077 855),
3749 1010 3943 1076 confu-

2240 1082 2356 1136 dit:
2397 1081 2586 1134 dicere
2636 1081 2790 1133 enim
2835 1080 3050 1139 debuit.
3095 1095 3266 1151 super
3307 1085 3614 1150 utrumque
3664 1085 3940 1150 tempus:

2240 1153 2579 1222 loquebatur
2615 1151 2768 1204 enim
2806 1151 2874 1205 de
2911 1151 3134 1222 duobus
3166 1150 3518 1220 temporibus
3564 1155 3824 1216 tantum,
3857 1150 3945 1204 cui

2242 1221 2548 1293 utrumque
2578 1227 2802 1292 tempus
2839 1221 3156 1275 sufﬁciebat
3185 1222 3573 1293 accusativus;
3607 1227 3669 1293 ut
3705 1222 3940 1287 diceret,

2241 1291 2550 1364 utrumque
2585 1291 2813 1363 quassat
2847 1297 3105 1364 tempus.
3124 1293 3267 1364 Ergo
3290 1291 3804 1364 ut_declinavimus
3828 1308 3943 1345 ma-

2241 1362 2523 1417 sculinu'm
2535 1362 2872 1433 pronomen,
2887 1363 2964 1416 sic
2976 1363 3321 1416 femininum
3349 1362 3794 1424 declinabimus,
3816 1370 3944 1417 utra

2244 1435 2469 1500 mulier,
2486 1435 2668 1487 utrius
2690 1434 2967 1497 mulieris,
2993 1433 3107 1486 utri
3131 1433 3380 1499 mulieri,
3398 1439 3586 1486 utram
3606 1434 3940 1499 mulierem,

2243 1522 2274 1559 o
2308 1511 2434 1559 utra
2462 1505 2685 1570 mulier,
2719 1505 2789 1558 ab
2839 1506 2945 1558 hac
2975 1509 3102 1557 utra
3131 1504 3398 1556 muliere:
3432 1509 3490 1557 et
3526 1504 3856 1574 pluraliter.
3891 1522 3939 1558 Ν.

2240 1581 2384 1630 utrae
2412 1575 2698 1640 mulieres,
2741 1592 2791 1628 0.
2825 1582 3086 1628 ulrarum
3114 1575 3443 1638 mulierum,
3476 1591 3528 1627 n.
3561 1575 3709 1628 utris
3736 1575 3940 1629 mulie-

2240 1647 2419 1712 ribus,
2469 1663 2522 1701 A.
2555 1651 2711 1699 utras
2761 1646 3048 1710 mulieres,
3092 1662 3146 1698 ν.
3187 1662 3219 1698 0
3259 1651 3400 1698 utrse
3435 1645 3734 1710 mulieres,
3787 1663 3842 1699 A.
3877 1646 3941 1699 ab

2241 1717 2330 1771 his
2374 1717 2515 1770 utris
2549 1717 2903 1786 mulieribus.
2947 1716 3035 1770 Sic
3075 1720 3277 1769 neutro
3317 1719 3509 1768 utrum
3555 1717 3938 1786 mancipium,

2241 1788 2426 1841 utrius
2455 1787 2749 1855 mancipii,
2787 1785 2902 1840 utri
2930 1787 3233 1856 mancipio,
3267 1791 3459 1839 utrum
3492 1785 3878 1857 mancipium,
3910 1804 3939 1840 o

2243 1862 2434 1912 utrum
2464 1857 2832 1928 mancipium,
2863 1857 2931 1910 ab
2964 1858 3068 1911 hoc
3098 1863 3223 1910 utro
3265 1857 3586 1928 mancipio:
3637 1863 3697 1910 et
3747 1859 3938 1928 plura-

2240 1929 2390 1994 liter,
2424 1945 2478 1982 N.
2512 1933 2638 1982 utra
2663 1927 2973 1997 mancipia,
3017 1933 3274 1981 utrorum
3317 1927 3769 1998 mancipiorum,
3802 1929 3938 1982 utris

2243 1999 2560 2069 mancipiis,
2591 2004 2718 2052 utra
2765 1998 3068 2068 mancipia,
3119 2015 3150 2051 0
3207 2005 3334 2069 utra
3383 1998 3693 2068 mancipia,
3740 2000 3815 2052 ab
3858 1999 3940 2052 1115

2246 2070 2387 2123 utris
2435 2067 2750 2139 mancipiis.
2807 2069 2892 2123 Sic
2949 2067 3358 2122 declinabimus
3411 2070 3533 2136 ejus
3574 2067 3939 2122 contrarium

2244 2141 2395 2211 quod
2428 2145 2512 2194 est
2550 2147 2771 2194 neuter.
2803 2140 3108 2194 Masculino
3141 2145 3361 2211 neuter.
3397 2139 3676 2211 feminino
3707 2145 3938 2211 neutra,

2243 2210 2447 2265 neutro
2475 2227 2684 2280 genere
2727 2211 2833 2264 hoc
2864 2217 3131 2264 neutrum
3175 2210 3543 2278 mancipium.
3593 2210 3761 2264 Unde
3809 2227 3939 2264 usus

2237 2283 2361 2352 jam
2407 2281 2648 2351 arripuit
2676 2285 2739 2334 ut
2758 2281 3021 2352 dicamus
3067 2281 3291 2352 generis
3315 2281 3540 2352 neutri,
3568 2297 3709 2352 cum
3755 2281 3942 2335 dicere

2245 2350 2552 2406 debeamus
2583 2351 2861 2418 neutrius,
2899 2351 3188 2421 quomodo
3216 2350 3420 2404 utrius.
3457 2350 3668 2405 Addita
3700 2353 3941 2422 conjun-

2244 2423 2428 2476 ctione
2474 2439 2585 2493 qu_e
2631 2423 2865 2492 syllaba,
2911 2423 3225 2476 declinatur
3265 2437 3599 2493 pronomen
3645 2423 3841 2491 ipsum
3875 2423 3941 2476 ad

2243 2492 2508 2562 regulam
2541 2493 2941 2563 supradictam.
2976 2494 3036 2546 In
3070 2492 3413 2559 masculinis,
3448 2498 3723 2562 uterque;
3766 2493 3829 2546 in
3862 2493 3942 2546 fe-

2245 2563 2502 2642 mininis,
2526 2569 2793 2642 utraque;
2821 2564 2878 2642 in
2896 2563 3110 2642 neutris
3136 2569 3463 2642 utrumque.
3493 2563 3582 2618 Sic
3609 2564 3936 2642 pluraliter:

2245 2635 2306 2688 in
2359 2634 2706 2700 masculinis,
2756 2633 3034 2704 utrique,
3067 2633 3127 2686 in
3183 2633 3472 2686 femininis
3533 2639 3830 2704 utraeque;
3885 2634 3942 2687 in

2244 2704 2460 2760 neutris
2505 2711 2744 2774 utraque
2792 2703 3095 2772 mancipia.
3151 2705 3246 2757 Est
3288 2710 3346 2757 et
3391 2704 3544 2757 aliud
3589 2703 3935 2774 pronomen,

2247 2777 2418 2839 ullus,
2462 2774 2654 2841 ullius,
2688 2775 2808 2840 ulli,
2842 2775 3042 2838 ullum,
3075 2791 3107 2827 o
3150 2775 3314 2845 ullus,
3331 2775 3409 2845 ab
3437 2775 3593 2828 ullo:
3643 2775 3943 2845 pluraliter

2249 2847 2369 2906 ulli,
2403 2845 2672 2913 ullorum,
2703 2845 2854 2913 ullis,
2880 2847 3042 2911 ullos,
3081 2861 3112 2898 0
3145 2844 3268 2910 11111,
3291 2844 3360 2898 81)
3388 2845 3536 2898 111115.
3571 2844 3938 2900 Femininum

2251 2918 2382 2982 ulla,
2429 2917 2620 2981 ullius,
2674 2916 2792 2980 ulli,
2842 2917 3033 2978 ullam,
3079 2931 3111 2968 0
3150 2917 3284 2986 11118,
3327 2915 3396 2969 81)
3445 2917 3594 2969 111181
3643 2917 3943 2986 pluraliter

2247 2987 2398 3047 111110.
2423 2988 2688 3053 ullarum,
2719 2987 2866 3052 ullis,
2893 2988 3053 3049 ullas,
3077 3002 3109 3039 o
3150 2985 3302 3051 ullae,
3339 2986 3408 3039 ab
3457 2986 3608 3040 ullis.
3646 2985 3940 3041 Neutrum

2249 3058 2451 3122 ullum,
2482 3057 2676 3122 ullius,
2709 3058 2830 3121 ulli,
2867 3058 3061 3117 ullum,
3095 3073 3128 3109 o
3160 3057 3363 3124 ullum,
3394 3057 3465 3128 ab
3501 3058 3658 3128 ullo:
3695 3059 3780 3110 sic
3819 3061 3941 3128 plu-

2249 3128 2446 3181 raliter
2471 3129 2608 3192 ulla,
2639 3128 2904 3188 ullorum,
2943 3128 3095 3195 ullis,
3139 3128 3273 3192 ulla,
3323 3144 3355 3180 o
3389 3127 3522 3192 ulla,
3560 3127 3630 3180 ab
3681 3127 3838 3182 ullis.
3867 3129 3943 3182 Ad

2249 3199 2394 3252 hanc
2421 3199 2662 3252 formam
2694 3198 3000 3252 declinabis
3033 3203 3090 3250 et
3118 3198 3326 3261 nullus,
3361 3198 3538 3263 nulla,
3572 3199 3808 3253 nullum
3835 3216 3847 3252 :
3873 3199 3944 3252 sic

2251 3270 2416 3334 alius,
2448 3270 2618 3338 hujus
2663 3270 2828 3335 alius,
2860 3270 2991 3322 huic
3020 3268 3152 3321 alii:
3187 3269 3265 3321 sic
3291 3269 3454 3333 alter,
3483 3269 3656 3338 hujus
3688 3270 3942 3335 alterius,

2248 3340 2382 3393 huic
2415 3340 2610 3394 alteri:
2659 3339 2739 3392 sic
2785 3345 2956 3404 totus,
3006 3339 3176 3407 hujus
3233 3339 3424 3406 totius,
3477 3339 3614 3392 huic
3668 3341 3819 3394 toti:
3870 3341 3942 3393 sic

2251 3412 2422 3475 solus,
2451 3411 2622 3480 hujus
2649 3410 2844 3481 solius,
2887 3409 3020 3463 huic
3046 3409 3184 3463 soli:
3237 3409 3313 3462 sic
3343 3425 3508 3476 unus,
3544 3410 3721 3481 hujus
3759 3411 3944 3478 unius,

2250 3481 2383 3535 huic
2417 3481 2514 3534 uni
2543 3497 2556 3534 :
2588 3480 2739 3534 unde
2771 3481 3056 3550 Virgilius,

2434 3559 2672 3608 Forsitan
2697 3559 2820 3607 huic
2841 3560 2934 3610 uni
2961 3558 3106 3622 potui
3126 3558 3475 3622 succumbere
3505 3557 3698 3622 culpae.

2993 3619 3094 3682 (Id.
3121 3620 3209 3669 lib.
3234 3621 3282 3675 4,
3302 3634 3348 3668 υ.
3372 3621 3467 3682 19.)

2494 3692 2718 3748 CAPUT
2763 3692 2877 3745 XII.
2915 3720 2981 3729 —
3022 3693 3348 3745 Pronomina
3383 3692 3695 3760 qualitatis.

2321 3761 2464 3834 Sunt
2512 3767 2569 3815 et
2596 3761 2900 3834 qualitatis
2943 3762 3305 3834 pronomina,
3347 3763 3436 3814 hic
3485 3767 3540 3815 et
3577 3763 3705 3816 haec
3737 3763 3941 3834 qualis,

2247 3831 2418 3899 hujus
2477 3831 2680 3902 qualis,
2743 3848 2952 3903 genere
2992 3832 3352 3886 communia:
3405 3849 3438 3885 a
3488 3849 3702 3902 genere
3754 3831 3942 3888 autem

2248 3908 2471 3975 neutro,
2503 3904 2610 3957 hoc
2634 3905 2822 3975 quale,
2855 3904 3023 3970 hujus
3055 3903 3270 3974 qualis:
3307 3903 3601 3975 pluraliter
3634 3905 3766 3959 haec
3811 3922 3941 3975 qua-
4002 3930 4006 3937 ·

2250 3972 2343 4039 118,
2376 3974 2581 4027 horum
2613 3972 2888 4046 qualium.
2924 3972 3088 4046 Sunt'
3106 3978 3160 4027 et
3191 3972 3544 4045 quantitatis,
3574 3979 3638 4028 ut
3670 3972 3940 4046 quan—tus,

2247 4047 2472 4116 tantus;
2531 4044 2749 4114 quanti,
2795 4045 2976 4099 tanti:
3027 4044 3385 4098 declinantur
3413 4050 3474 4097 ut
3496 4044 3709 4113 justus‘
3717 4048 3878 4116 justi.
3903 4051 3943 4100 Α

2248 4113 2563 4178 feminino,
2590 4120 2651 4168 ut
2707 4119 2937 4185 quanta,
2981 4119 3157 4179 tanta,
3207 4115 3568 4169 declinantur
3601 4122 3666 4169 ut
3705 4113 3944 4186 justa.A

2247 4190 2472 4251 neutro,
2499 4190 2797 4255 quantum,
2817 4191 3062 4253 tantum,
3088 4186 3446 4240 declinantur
3466 4187 3792 4256 ntjustum.
3813 4190 3944 4242 Item

2247 4271 2564 4326 pronomen
2614 4273 2647 4310 a
2698 4256 3036 4324 masculino,
3093 4262 3300 4328 quotus
3350 4261 3537 4310 totus:
3591 4273 3624 4309 a
3663 4257 3944 4312 feminino
4014 4285 4015 4328 ς

2248 4331 2620 4399 quotatota:
2671 4343 2704 4381 a
2745 4332 2971 4399 neutro,
3013 4325 3282 4399 quotum,
3323 4332 3526 4381 totum.
3577 4328 3892 4384 Pluraliter
3917 4346 3944 4382 a

2247 4397 2583 4462 masculino,
2616 4398 2794 4468 quoti,
2827 4398 2967 4452 toti:
3013 4397 3049 4452 a
3089 4398 3390 4461 feminino,
3441 4403 3650 4468 quotae,
3707 4405 3881 4456 totae:
3916 4417 3943 4453 a
4012 4397 4015 4433 τ

2245 4471 2472 4540 neutro.
2505 4476 2680 4540 quota
2701 4469 2928 4539 jugera,
2957 4475 3262 4540 quotorum
3289 4468 3581 4537 jugerum.
3621 4472 3942 4526 5111111018-
4007 4470 4015 4540 β

2244 4538 2357 4591 tiva
2386 4537 2617 4611 quaa’ad
2652 4537 3100 4611 interrogantem
3148 4540 3494 4602 referuntur,
3546 4543 3608 4589 ut
3638 4542 3778 4610 quis
3817 4541 3936 4596 est?
4007 4537 4016 4576 Ἰ

2244 4609 2642 4679 respondetur,
2673 4610 2721 4664 is
2753 4616 2838 4664 est
2861 4609 2964 4665 {et
3010 4611 3367 4680 declinantur
3410 4624 3441 4660 a
3469 4609 3835 4680 masculino,
3877 4615 3936 4677 is,
4013 4613 4015 4638 ⁵

2244 4677 2386 4748 ejus,
2416 4681 2490 4752 ei,
2521 4697 2672 4748 eum,
2706 4699 2738 4735 o
2787 4682 2853 4743 is,
2887 4681 2956 4735 ab
2986 4698 3087 4735 eo:
3119 4678 3414 4752 pluraliter
3463 4677 3524 4745 ii,
3547 4677 3937 4752 _eorum,'eis.

2244 4767 2358 4821 eos,
2391 4768 2423 4804 o
2444 4751 2518 4817 ei,
2550 4752 2620 4805 ab
2651 4752 2750 4806 eis.
2774 4753 2858 4806 Ab
2885 4749 3183 4821 feminino,
3216 4766 3300 4821 ea.
3331 4749 3474 4821 ejus,
3494 4749 3581 4821 ﬁci,
3611 4767 3768 4821 eam,
3792 4749 3826 4809 o
3858 4771 3936 4817 ea,
4006 4785 4008 4787 >

2243 4820 2311 4874 81)
2357 4838 2442 4895 ea.
2485 4825 2782 4895 A_neutro,
2815 4823 2892 4895 id,
2930 4823 3068 4890 ejus,
3115 4820 3184 4883 ei,
3212 4819 3331 4895 _i_d,
3369 4835 3400 4872 o
3450 4820 3529 4895 id,
3571 4819 3765 4895 abeo.
3803 4827 3936 4895 Ergo
4009 4833 4015 4868 'I

2242 4906 2371 4945 cum
2403 4892 2695 4962 loquimur
2723 4894 2791 4947 de
2817 4889 3038 4962 itinere,
3072 4906 3174 4960 per
3207 4889 3267 4943 id
3295 4889 3425 4962 iter,
3460 4891 3776 4950 dicendum
3819 4889 3933 4958 est;
4001 4897 4016 4936 ἴε

2241 4978 2377 5027 11011,
2411 4961 2514 5032 per
2553 4979 2684 5017 eum
2722 4963 2866 5016 iter:
2911 4961 3044 5030 quia
3096 4977 3247 5023 eum,
3301 4961 3366 5032 in
3411 4965 3732 5019 accusativo
3782 4982 3932 5031 casu,
4005 4973 4015 5008 ".

2242 5031 2541 5087 masculini
2571 5033 2794 5103 generis
2825 5037 2942 5103 est:
2986 5032 3212 5100 plurali,
3257 5048 3324 5085 ea
3355 5031 3581 5103 itinera,
3617 5035 3687 5087 ab
3729 5036 3812 5090 eis
3844 5037 3932 5090 iti-
4003 5049 4015 5083 Ξ

2239 5104 2491 5160 neribus.
2517 5102 2658 5158 Item
2688 5119 2792 5172 per
2819 5102 2877 5156 id
2919 5109 3196 5177 nostrum,
3239 5119 3340 5172 per
3366 5102 3424 5156 id
3455 5109 3691 5177 tectum,
3745 5124 3848 5177 per
3881 5107 3930 5160 id
3996 5109 4004 5147 ἐ

2239 5180 2408 5244 caput
2429 5191 2442 5228 :
2467 5191 2584 5228 non
2598 5190 2701 5244 per
2721 5189 2875 5232 eum.
2895 5173 3006 5226 nisi
3027 5174 3087 5227 iu
3108 5190 3318 5245 genere
3349 5175 3662 5230 masculino
3684 5173 3924 5232 tantum.
3999 5185 4015 5220 ἓξ

2667 5245 2889 5298 CAPUT
2929 5246 3069 5298 XIII.
3112 5277 3180 5284 —
3217 5248 3288 5299 De
3328 5246 3504 5301 verbo.

2309 5314 2488 5368 Verba
2518 5318 2762 5384 quatuor
2782 5315 2963 5369 modis
2996 5316 3339 5384 accipimus:
3376 5318 3560 5384 primo
3593 5317 3783 5385 modo,
3805 5334 3929 5373 cum
4001 5335 4010 5342 ‘

2235 5385 2407 5457 verba
2455 5401 2561 5457 pro
2602 5385 2837 5457 fallaciis
2889 5387 3216 5457 accipimus,
3267 5403 3397 5439 cum
3449 5386 3712 5453 dicimus,
3765 5390 3925 5443 verba
4007 5408 4015 5415 ··

2236 5455 2320 5509 1111
2367 5455 2542 5520 dedit,
2593 5455 2791 5510 fefellit
2829 5455 3200 5511 eumziunde
3267 5457 3562 5511 Terentius
3612 5459 3774 5527 dixit,
3833 5461 3926 5516 Cui

2235 5527 2398 5579 verba
2445 5527 2576 5580 dare
2606 5527 2835 5595 difﬁcile
2882 5534 2960 5583 est
3002 5529 3164 5595 (And.
3197 5534 3303 5582 act.
3341 5531 3387 5594 l,
3439 5544 3576 5582 scen.
3631 5533 3682 5595 3,
3740 5547 3792 5585 υ.
3856 5531 3918 5597 6).
4013 5555 4015 5588 ;

2236 5597 2494 5651 Secundo
2543 5599 2733 5659 modo,
2777 5601 2946 5653 verba
2997 5616 3099 5668 pro
3145 5599 3401 5652 oratione
3447 5599 3709 5667 dicimus,
3762 5601 3921 5654 verba
4005 5626 4015 5661 3

2236 5668 2431 5722 fecisse
2463 5668 2791 5725 Ciceronem
2825 5671 2884 5725 in
2907 5670 3081 5724 curia.
3113 5669 3304 5724 Tertio
3352 5669 3541 5735 modo,
3591 5673 3762 5726 verba
3792 5671 3919 5726 dici-
4001 5693 4009 5728 :

2236 5755 2364 5813 mus
2383 5757 2486 5809 pro
2507 5741 2836 5813 vulgaribus
2863 5741 3157 5798 sententiis
3178 5757 3307 5813 quas
3317 5741 3618 5812 proverbia
3639 5743 3915 5808 dicuntur,
3991 5752 4016 5807 1-.

2233 5814 2298 5865 ut
2315 5811 2611 5867 Terentius
2633 5812 2776 5868 dixit
2797 5829 2810 5867 :
