4056 6446
80 371 105 421 1
125 368 255 421 397

279 490 481 557 Verum
508 489 642 539 illud
674 491 902 557 verbum,
925 491 1086 557 vulgo
1116 496 1195 541 est
1221 493 1363 557 quod
1393 493 1497 543 dici
1526 494 1673 545 solet.

378 552 626 615 (Terent.,
652 554 787 603 And.
819 556 921 605 act.
956 556 1004 612 2,
1027 552 1167 604 scen.
1187 552 1253 611 5,‘
1274 570 1321 606 υ.
1360 558 1457 621 l5).

77 634 345 699 Quarto
389 633 582 707 modo,
631 634 803 687 verba
851 634 1092 689 dicimus
1133 636 1255 690 hinc
1295 653 1424 707 (λειω
1474 637 1828 693 decurrimus

75 720 245 758 cum
281 704 649 774 temporibus
680 711 736 757 et
772 708 1049 775 personis,
1098 714 1161 759 ut
1195 704 1397 775 clamo,
1444 710 1674 767 clamas.
1720 712 1828 763 cla-

75 781 275 847 mat:
313 776 415 828 Hic
442 782 496 847 et
523 791 779 844 personae
806 784 937 829 sunt
967 782 1097 839 tres,
1131 782 1193 831 ut
1228 779 1411 832 clamo
1450 796 1579 847 ego,
1616 782 1826 834 clamas

72 850 183 922 _t_u,
224 846 453 922 clamat
480 846 611 914 ille;
641 851 697 900 et
718 851 945 916 tempus
974 853 1055 922 est
1084 865 1353 919 praesens.
1392 851 1601 904 Deinde
1630 853 1824 922 plura-

74 917 263 982 liter,
303 918 623 971 clamamus
651 934 773 983 nos,
812 919 1068 972 clamatis
1088 917 1218 983 ‘vos,
1247 923 1494 975 clamant
1521 917 1825 976 illifTem-

73 1004 249 1059 pore
284 988 973 1062 praeteritoimperfecto,
1019 991 1335 1046 clamabam
1374 1009 1501 1062 ego,
1538 993 1822 1048 clamabas

72 1064 176 1133 tu,
243 1059 544 1133 clamabat
597 1060 732 1133 ille;
793 1062 1211 1133 et‘pluraliter,
1260 1059 1646 1117 clamabamus
1693 1081 1819 1133 nos,

72 1130 456 1204 clarpabatis
506 1146 626 1198 vos,
674 1130 996 1204 clamabam
1044 1132 1146 1187 illi.
1205 1135 1482 1204 Tempore
1530 1130 1819 1204 praeterito

71 1201 393 1271 perfecto,
438 1217 680 1255 numero
720 1202 1015 1272 singulari,
1057 1204 1294 1257 clamavi
1335 1201 1460 1269 ego,
1508 1201 1819 1261 clamavisti

71 1276 173 1347 tu,
209 1272 496 1347 clamavit
534 1272 649 1347 ille.
692 1274 970 1344 Tempore
1017 1274 1302 1344 praeterito
1345 1279 1651 1346 plusquam
1694 1294 1819 1347 per-

73 1342 277 1417 fecto,
304 1344 420 1417 Aubi
449 1342 847 1417 signiﬁcamus
862 1360 976 1417 non
1008 1342 1191 1399 solum
1222 1342 1574 1417 nou—aliquid
1597 1342 1813 1415 feci-sse,

74 1414 189 1467 sed
229 1414 416 1468 etiam
450 1414 687 1489 dudum,
730 1419 784 1468 et
814 1415 1055 1469 dicimus
1094 1432 1336 1470 numero
1365 1414 1662 1489 singulari,
1703 1421 1816 1473 cla-

74 1501 407 1538 maveram
464 1501 592 1553 ego,
643 1486 987 1539 clamaveras
1039 1492 1124 1553 tu,
1172 1486 1513 1543 clamaverat
1560 1490 1655 1543 ille
1701 1506 1713 1543 :
1761 1495 1818 1544 et

74 1556 439 1625 pluraliter,
470 1558 915 1610 clamavcramus
948 1574 1071 1622 nos,
1115 1559 1505 1613 clamaveratis
1538 1577 1656 1625 vos,
1699 1561 1813 1614 cla-

73 1631 412 1680 maverant
434 1627 537 1680 illi.
573 1629 853 1696 Tempore
882 1628 1074 1681 futuro
1105 1646 1344 1683 numero
1374 1631 1673 1697 singulari,
1708 1634 1815 1685 cla-

76 1697 274 1750 mabo
339 1713 467 1767 ego,
524 1698 793 1751 clamabis
836 1704 917 1759 tu,
962 1700 1230 1753 clamabit
1277 1701 1813 1755 illezclamabimns

74 1784 220 1841 nos,
259 1768 584 1841 clamabitis
615 1786 736 1834 vos,
776 1769 1105 1824 clamabunt
1151 1771 1252 1823 illi.
1288 1773 1591 1841 [lucusque
1641 1774 1810 1826 modo

80 1838 424 1911 indicativo
478 1845 662 1911 totum
714 1841 822 1893 hoc
875 1843 1026 1911 quod
1057 1841 1301 1895 diximus
1347 1838 1648 1895 indicantis
1704 1850 1806 1900 est.

78 1910 230 1983 [deo
246 1910 871 1983 diciturimperativus,
896 1910 1031 1981 quia
1049 1928 1252 1965 sonum
1276 1914 1446 1966 habet
1468 1914 1805 1983 imperandi.

80 1980 201 2033 Sed
254 1980 372 2055 iste
399 1982 605 2055 modus
653 1998 768 2034 non
816 1980 987 2055 liabet
1026 1984 1274 2051 primam
1311 1980 1636 2052 personam,
1672 1985 1808 2055 quia

80 2067 272 2105 nemo
308 2052 418 2105 sibi
449 2051 841 2126 im_perat,ised
874 2055 941 2107 ad
978 2056 1287 2126 secundam
1318 2051 1575 2124 loquitur
1612 2051 1810 2126 perso-

83 2138 231 2174 nam
300 2128 361 2176 et
406 2124 657 2194 tertiam.
717 2125 964 2178 Numero
1022 2125 1318 2194 singulari,
1367 2127 1438 2179 ad
1502 2124 1808 2182 secundam

82 2194 309 2266 clama,
339 2196 396 2245 et
425 2193 494 2246 ad
525 2194 753 2266 tertiam
784 2196 989 2249 clamet
1018 2211 1031 2249 :
1065 2193 1462 2266 etpluraliter,
1504 2198 1573 2250 ad
1606 2214 1807 2252 secun-

84 2264 227 2338 dam
257 2265 527 2338 clamate,
560 2264 631 2338 ad
672 2266 901 2320 tertiam
947 2264 1214 2322 clament.
1262 2269 1470 2321 Futuro
1524 2273 1805 2338 tempore,

85 2335 160 2387 ad
200 2335 522 2388 secundam
555 2337 816 2403 clamato,
856 2338 923 2390 ad
974 2339 1197 2391 tertiam
1246 2338 1510 2391 similiter
1539 2335 1801 2394 clamato.

85 2405 200 2459 Sed
233 2421 421 2475 quare
450 2406 717 2459 similiter
747 2407 882 2462 facit
911 2408 970 2461 in
1015 2410 1257 2463 secunda
1287 2415 1343 2463 et
1382 2410 1568 2474 tertia,
1607 2417 1692 2464 est
1716 2427 1805 2464 ra-

90 2476 171 2528 tio
207 2492 221 2529 :
257 2477 357 2531 sed
391 2493 542 2529 nunc
563 2480 1051 2547 praetermittenda
1078 2486 1183 2532 est.
1204 2479 1292 2533 'Et
1320 2497 1390 2533 ne
1423 2481 1493 2533 ad
1524 2480 1635 2534 alia
1655 2487 1808 2534 tran-

89 2563 321 2613 camus,
355 2549 656 2602 redeamus
713 2550 779 2603 ad
830 2566 953 2603 rem
1002 2551 1305 2619 pluralem.
1361 2552 1443 2604 Ad
1498 2552 1805 2606 secundam

91 2634 409 2687 personam
441 2620 760 2679 clamatote.
794 2621 865 2674 ad
920 2621 1147 2674 tertiam
1179 2623 1446 2675 clamant.
1482 2622 1572 2675 Sic
1613 2632 1806 2677 anlem

92 2688 424 2763 optativum
477 2690 739 2756 dicimus,
795 2690 933 2761 quia
978 2693 1229 2760 optantis
1273 2692 1443 2745 modo
1502 2694 1801 2763 loquitur:

93 2760 288 2832 prima
320 2776 564 2829 persona
608 2760 866 2832 tempore
894 2763 1180 2832 praasenti,
1216 2764 1436 2816 utinam
1475 2760 1802 2831 clamarem,

95 2830 165 2883 ad
206 2832 519 2884 secundum
573 2830 790 2885 utinam
842 2830 1137 2900 Clamares,
1188 2834 1256 2887 ad
1312 2834 1541 2888 tertiam
1581 2830 1804 2890 utinam

92 2902 410 2974 clamaret:
435 2906 491 2955 et
520 2903 817 2972 pluraliter
836 2905 904 2957 ad
927 2905 1172 2973 primam
1204 2920 1527 2974 personam,
1579 2907 1803 2961 utinam

95 2972 502 3044 clamaremus,
535 2974 603 3027 ad
633 2972 941 3028 secundam
971 2972 1566 3044 utinam‘clatnaretis,
1588 2977 1658 3030 ad
1689 2982 1802 3030 ter-

97 3043 235 3096 tiam
264 3044 492 3097 utinam
530 3044 860 3117 clamarent.
905 3046 1198 3100 Praeterito
1244 3052 1523 3117 tempore,
1566 3047 1637 3101 ad
1683 3048 1801 3117 pri-

96 3129 251 3168 mam
282 3131 611 3183 personam,
656 3116 871 3170 utiuam
905 3118 1235 3170 clamassem
1257 3116 1383 3184 ego,
1412 3118 1478 3171 ad
1494 3116 1802 3173 secundam

98 3185 322 3238 utinam
370 3186 668 3239 clamasses
714 3192 799 3251 tu,
851 3188 917 3240 ad
979 3190 1203 3242 tertiam
1252 3189 1472 3242 utinam
1503 3190 1801 3244 clamasset

100 3255 230 3310 ille:
284 3261 340 3310 et
386 3257 701 3326 pluraliter,
737 3257 960 3312 utinam
991 3260 1394 3313 clamassemns
1422 3276 1547 3324 nos,
1580 3260 1801 3315 utinam

101 3327 452 3381 clamassetis
485 3345 603 3392 vos,
638 3328 857 3383 utinam
900 3331 1235 3383 clamassent
1266 3330 1368 3383 illi.
1414 3331 1625 3384 Futuro
1652 3336 1799 3385 tem-

104 3414 260 3468 pore,
310 3399 497 3468 prima
543 3415 807 3468 persona,
864 3400 1081 3453 utinam
1130 3404 1369 3454 clamem
1401 3417 1531 3469 ego,
1577 3401 1801 3456 utinam

106 3470 313 3542 clames
344 3474 426 3534 tu,
460 3469 687 3542 utinam,
712 3472 916 3525 clamet
962 3471 1057 3525 ille
1090 3488 1102 3525 :
1136 3477 1192 3525 et
1220 3472 1538 3542 pluraliter,
1578 3474 1798 3527 utinam

106 3540 435 3605 clamemns,
465 3540 743 3605 clametis,
771 3544 1037 3596 clament.
1076 3540 1235 3596 ldeo'
1261 3550 1451 3596 autem
1482 3544 1799 3611 subjuncti-

106 3627 205 3663 vus
228 3611 593 3680 dicitur,quia
622 3617 750 3679 eget
776 3613 968 3683 aliqua
987 3629 1069 3675 re,
1102 3618 1167 3667 ut
1190 3613 1427 3683 impleat
1457 3615 1800 3669 sententiam

108 3698 287 3755 suam.
319 3687 379 3735 ut
402 3688 714 3755 putacum
745 3685 1008 3751 clamem,
1039 3685 1267 3747 clames,
1314 3686 1553 3747 clamet;
1587 3686 1801 3755 pendet

108 3752 195 3825 hic
225 3769 441 3819 sensus,
476 3754 811 3825 indigetqne
857 3755 1047 3825 aliqua
1087 3771 1166 3819 re,
1209 3760 1273 3808 ut
1318 3752 1601 3809 sententia
1639 3772 1796 3810 com-

112 3823 331 3896 pleatur
360 3840 377 3896 ς
405 3840 469 3877 ac
499 3823 545 3877 si
575 3823 784 3891 dicam,
817 3823 1233 3890 cum—clamem,
1264 3842 1438 3896 quare
1477 3842 1567 3879 me
1609 3831 1798 3881 tacere

113 3894 245 3974 dicis
263 3894 1036 3977 Tldeoﬂergo.conjunctivus
1068 3894 1488 3977 modusldictus
1519 3900 1623 3977 est,
1662 3898 1799 3977 quia

110 3964 159 4037 ei
187 3965 549 4037 conjungitur
593 3964 831 4036 aliquid,
863 3972 927 4021 ut
970 3968 1252 4021 sententia
1297 3967 1598 4021 locutionis
1627 3964 1800 4037 plena

111 4035 197 4107 sit.
230 4037 370 4105 Ergo
400 4035 749 4091 declinemus
779 4038 930 4091 hunc
959 4039 1192 4092 modum
1224 4045 1287 4092 ut
1316 4035 1659 4107 superiores.
1698 4041 1799 4094 De-

112 4106 582 4179 clinatnr‘autem
638 4124 740 4177 per
789 4125 1062 4178 personas
1113 4115 1271 4163 tres:
1315 4106 1502 4178 prima
1550 4126 1800 4179 persona

114 4176 406 4250 praesentis
447 4176 723 4250 temporis
768 4176 898 4233 cum
955 4181 1214 4242 clamem,
1260 4176 1508 4232 secunda
1552 4176 1799 4250 persona

114 4263 232 4301 cum
264 4248 488 4309 clames.
526 4248 695 4303 tertia
740 4266 868 4303 cum
899 4250 1106 4304 clamet
1133 4267 1145 4304 :
1180 4255 1235 4304 et
1266 4248 1573 4319 pluraliter
1610 4253 1800 4321 prima

114 4334 343 4387 persona
367 4334 494 4372 cum
525 4321 856 4385 clamemns,
888 4322 1137 4375 secunda
1165 4338 1294 4375 cum
1323 4321 1597 4386 clametis,
1627 4323 1799 4377 tertia

115 4405 233 4443 cum
266 4391 527 4444 clament.
566 4391 874 4463 Praeterito
916 4397 1175 4462 tempore
1222 4392 1578 4462 imperfecto,
1610 4394 1799 4463 prima

115 4475 346 4530 persona
375 4476 503 4514 cum
532 4462 853 4524 clamarem,
882 4463 1131 4517 secunda
1154 4479 1283 4518 cum
1305 4462 1795 4527 clamares,’tertia

117 4548 237 4585 cum
265 4532 527 4585 clamaret
558 4548 572 4586 :
607 4538 661 4605 et
688 4534 984 4602 pluraliter
1016 4534 1203 4604 prima
1233 4550 1477 4605 persona
1522 4550 1652 4588 cum
1684 4536 1796 4589 cla:

121 4617 409 4667 maremus,
443 4603 690 4657 secunda
718 4620 846 4657 cum
878 4603 1216 4670 clamaretis,
1234 4603 1416 4659 tertia
1441 4621 1570 4658 cum
1593 4605 1797 4660 clama-

120 4679 254 4727 rent.
296 4675 585 4746 _Tempore
637 4675 925 4744 prseterito
980 4677 1248 4746 perfecto,
1306 4675 1493 4746 prima
1553 4693 1798 4745 persona

121 4760 236 4798 cum
268 4744 642 4809 clamaverim,
691 4762 819 4799 cum
850 4744 1205 4812 clamaveris,
1245 4744 1374 4800 cum
1424 4744 1793 4802 clamaverit:

121 4820 170 4868 et
193 4815 479 4887 pluraliter
515 4816 699 4886 prima
725 4833 970 4887 persona
999 4834 1128 4871 cum
1172 4818 1625 4880 clamaverimus,
1666 4835 1794 4873 cum

123 4886 501 4959 clamaveritis,
544 4903 670 4941 cum
724 4886 1109 4942 clamaverint.
1166 4890 1445 4958 Tempore
1492 4890 1796 4959 plusquam

123 4957 374 5025 perfecto,
405 4957 590 5027 prima
621 4974 860 5028 persona
890 4975 1019 5013 cum
1065 4957 1655 5023 clamavissem,'cum'
1682 4962 1794 5014 cla-

124 5029 385 5094 mavisses,
418 5044 547 5102 cum
579 5030 968 5102 clamavisset:
1012 5037 1069 5084 et
1108 5032 1423 5102 pluraliter,
1444 5029 1633 5102 prima
1665 5048 1795 5101 per-

127 5115 250 5152 sona
299 5114 421 5151 cum
476 5100 960 5168 clamavissemus,
1006 5100 1136 5155 cum
1193 5100 1615 5167 clamavissetis,
1663 5100 1793 5156 cum

125 5170 503 5243 clamavisseut.
554 5172 832 5240 Tempore
883 5173 1096 5237 futuro,
1142 5173 1324 5243 prima
1377 5188 1618 5241 persona
1664 5189 1795 5226 cum

127 5241 431 5314 clamavero.
464 5257 593 5295 cum
629 5244 977 5309 clamaveris,
1011 5241 1159 5296 cum'
1188 5243 1515 5296 clamaverit
1542 5259 1555 5296 :
1581 5247 1637 5297 et
1665 5245 1794 5314 plu-

127 5312 298 5365 raliter
321 5311 501 5379 prima
530 5328 773 5383 persona
812 5330 940 5367 cum
989 5315 1445 5381 clamaverimus,
1501 5330 1629 5367 cum
1667 5311 1792 5368 'cla-

131 5383 398 5443 maveritis.
455 5399 584 5437 cum
635 5384 1020 5438 clamaverint.
1069 5385 1391 5439 Inﬁnitivus
1450 5384 1657 5438 dicitur
1703 5386 1794 5439 hic

133 5454 322 5517 modus,
352 5454 483 5524 quia
519 5454 843 5526 superiores
868 5455 1151 5510 deﬁniunt
1204 5472 1494 5525 personas,
1546 5457 1790 5526 primam

134 5525 395 5579 secundam
427 5531 485 5578 et
514 5524 737 5579 tertiam
767 5542 780 5589 ;
812 5526 901 5579 hic
931 5532 1122 5580 autem
1156 5527 1359 5581 modus
1385 5527 1506 5579 sine
1537 5524 1794 5596 personis

134 5601 219 5668 est,
246 5597 466 5650 ethabet
486 5597 673 5649 solum
705 5602 930 5668 tempus
957 5599 1332 5667 prmﬁnitnm,
1352 5614 1627 5667 praesens,
1650 5616 1794 5667 prae-

135 5667 325 5722 teritum
354 5674 406 5722 et
436 5669 697 5721 futurum
732 5684 745 5721 :
782 5667 842 5721 ut
881 5674 1021 5736 puta
1066 5670 1333 5737 clamare,
1380 5685 1631 5738 prmsens
1663 5674 1747 5723 est
1778 5685 1790 5723 :

136 5737 406 5805 clamasses,
436 5738 802 5809 praeteritum
830 5756 841 5793 :
867 5741 1172 5793 clamatum
1212 5739 1317 5807 ire,
1347 5737 1623 5794 futurum.
1660 5742 1793 5794 Ecce

138 5808 259 5866 vides
283 5808 576 5882 designare
606 5813 834 5883 tantum
865 5815 1145 5883 tempora,
1176 5827 1292 5865 non
1331 5826 1624 5883 personas.
1672 5813 1795 5883 Cla-

140 5897 259 5939 mare
285 5881 447 5950 enim,
483 5884 544 5935 et
584 5881 882 5952 clamasse,
930 5881 1001 5936 et'
1027 5882 1336 5937 clamatum
1392 5881 1497 5951 ire,
1543 5882 1796 5937 nescitur

1695 372 2081 431 APPENDIX.

3508 394 3525 445 l
3539 391 3642 446 398

1940 514 2203 580 persona,
2235 503 2343 556 nisi
2373 503 2511 580 velis
2535 505 2778 580 jungere
2815 506 3126 580 etgdicere,
3178 507 3426 565 clamare
3472 510 3642 567 debet

1940 571 2036 653 ille
2070 587 2082 625 :
2116 576 2253 653 tunc
2281 573 2443 653 quasi
2461 571 2903 653 _fit'ﬁnitum.__Si
2928 584 3130 653 autem
3163 595 3282 653 non
3325 581 3639 653 subjuugas

1938 641 2035 694 ille
2065 643 2152 697 vel
2177 641 2411 713 ipse'vel
2456 646 2583 713 iste,
2614 647 2680 700 tit
2707 652 2771 701 ut
2795 648 3001 702 dicitur
3037 649 3351 707 inﬁnitivus
3382 641 3585 707 mvodu’s
3621 670 3635 708 :

1936 728 2070 789 nam
2084 720 2409 789 etunumero
2427 716 2701 785 singulari
2721 720 2805 772 vel
2834 720 3041 789 plurali
3072 720 3329 775 infinitus
3352 727 3453 776 est.
3490 725 3634 779 Cum

1935 783 2088 855 enim
2120 784 2265 853 dico,
2300 783 2563 851 clamare,
2606 783 2896 855 clamasse,
2939 807 3042 844 nec
3066 791 3295 845 ﬁnitum
3325 798 3410 847 est
3438 798 3632 848 utrum

1934 854 2004 908 de
2035 872 2149 909 uno
2188 872 2261 936 an
2292 858 2361 911 de
2388 858 2612 936 duobus
2640 860 2840 915 dicam.
2880 854 2975 916 Isti
3005 878 3141 934 ergo
3166 868 3302 919 sunt
3326 864 3492 920 "modi
3530 881 3633 936 per

1932 942 2077 997 quos
2105 926 2299 981 omnia
2326 929 2498 981 verba
2522 936 2836 986 cursantur.

2164 1016 2391 1071 CAPUT
2414 1017 2549 1071 XIV.
2581 1048 2648 1057 —
2678 1022 2753 1073 De
2788 1022 2969 1088 prima
3006 1021 3398 1091 conjugatione.

1998 1105 2121 1158 Jam
2151 1105 2222 1159 ad
2253 1105 2496 1159 formam
2525 1104 2694 1181 unius
2735 1106 2911 1181 verbi
2939 1108 3092 1181 quod
3145 1109 3449 1177 currimus,
3495 1126 3626 1181 per-

1928 1189 2223 1229 curramus
2253 1183 2458 1231 cmtera
2486 1177 2657 1230 verba
2691 1192 2704 1230 :
2743 1176 3004 1231 similiter
3035 1180 3215 1233 clamo
3264 1182 3474 1235 clamas
3495 1176 3627 1237 _cla-

1928 1250 2067 1312 mat,
2091 1263 2221 1322 amo
2252 1264 2407 1322 amas
2438 1253 2609 1322 amat,
2648 1253 2813 1322 cauto
2840 1252 3033 1302 cantas
3064 1254 3269 1317 cantat,
3307 1254 3469 1322 pulso
3498 1254 3625 1322 pul-

1926 1333 2013 1391 sas
2046 1319 2252 1391 pulsat,
2302 1318 2463 1372 freno
2511 1319 2700 1391 frenas
2737 1319 2944 1386 frenat,
2993 1335 3152 1373 armo
3200 1318 3385 1376 armas
3415 1318 3621 1391 armat,

1924 1386 2204 1459 impugno
2236 1389 2540 1460 impugnas
2583 1390 2908 1461 impugnat,
2956 1395 3120 1461 capto
3170 1398 3360 1461 captas
3411 1386 3624 1465 captat,

1923 1475 2063 1528 paro
2112 1476 2277 1530 paras
2323 1465 2504 1531 parat,
2570 1477 2771 1533 separo
2832 1467 3358 1533 separasiseparat,
3421 1480 3621 1519 accuso

1925 1544 2150 1583 accusas
2166 1536 2422 1605 accusat,
2445 1532 2654 1605 mando
2677 1532 2911 1585 mandas
2934 1532 3195 1597 mandat,
3220 1550 3392 1602 gravo
3425 1551 3624 1605 gravas

1923 1605 2139 1669 gravat,
2166 1601 2291 1654 lavo
2322 1602 2667 1674 lavaslavat,
2698 1618 2911 1672 genero
2942 1619 3182 1672 generas
3208 1601 3461 1674 generat,
3494 1621 3623 1660 creo

1922 1686 2078 1746 creas
2104 1676 2276 1735 creat,
2303 1672 2425 1746 ligo
2457 1672 2600 1743 ligas
2626 1673 2783 1746 ligat,
2818 1674 2987 1746 alligo
3015 1672 3460 1746 alligasalligat,
3493 1692 3623 1729 san-

1922 1742 2104 1795 ctitico
2135 1743 2450 1797 sanctilicas
2481 1742 2814 1810 sanctiﬁcat,
2848 1742 2958 1798 cito
3010 1742 3149 1798 citas
3196 1742 3622 1811 citatfvulnero

1918 1814 2183 1866 vulneras
2212 1815 2490 1879 vulnerat,
2535 1831 2760 1868 macero
2804 1831 3055 1868 maceras
3106 1820 3376 1882 macerat,
3437 1817 3623 1872 lacero

1919 1883 2129 1937 laceras
2160 1885 2389 1950 lacerat,
2422 1901 2521 1939 aro
2553 1902 2679 1938 aras
2720 1890 2862 1949 arat,
2897 1886 3050 1939 calco
3099 1887 3279 1940 calcas
3308 1888 3504 1949 calcat,
3546 1888 3626 1943 la-

1918 1954 2015 2007 nio
2050 1954 2230 2008 lanias
2265 1956 2461 2022 laniat,
2496 1972 2751 2011 memoro
2783 1973 3067 2010 memoras
3096 1962 3400 2025 memorat,
3431 1960 3621 2013 calceo

1917 2026 2130 2099 calceas
2153 2027 2379 2099 calcent,
2413 2026 2691 2096 investigo
2748 2027 3056 2097 investigas
3104 2028 3424 2099 investigat,
3471 2031 3618 2085 vallo

1915 2097 2091 2149 vallas
2119 2098 2312 2160 vallat,
2345 2097 2513 2151 domo
2562 2098 2762 2152 domas
2821 2099 3035 2165 domat,
3092 2097 3457 2154 circumvallo
3514 2100 3620 2154 cir-

1917 2168 2223 2221 cumvallas
2251 2168 2662 2237 circumvallat,
2714 2186 2884 2224 curvo
2914 2186 3111 2223 curvas
3150 2174 3365 2237 curvat,
3398 2171 3618 2225 medico

1915 2238 2162 2291 medicas
2192 2238 2455 2305 medicat,
2480 2240 2736 2293 consulto
2766 2241 3048 2294 consultas
3086 2242 3386 2307 consultat,
3412 2241 3616 2297 intimo

1916 2308 2146 2383 intimas
2177 2309 2425 2383 intimat,
2454 2310 2682 2364 insinuo
2710 2310 2965 2383 insinuas
2995 2311 3270 2374 insinuat,
3312 2312 3614 2383 frequento

1914 2379 2242 2451 frequentas
2272 2380 2617 2451 frequentat.
2652 2382 2872 2436 celebro
2925 2382 3178 2436 celebras
3206 2379 3468 2450 celebrat,
3499 2383 3614 2437 mi-

1914 2450 2093 2504 nistro
2124 2450 2415 2505 ministras
2437 2452 2749 2524 ministrat,
2777 2454 2947 2524 palpo
2977 2454 3176 2524 palpas
3206 2455 3423 2524 palpat,
3474 2470 3615 2509 sono

1915 2538 2080 2574 sonas
2118 2526 2302 2589 sonat,
2337 2522 2487 2575 socio
2538 2523 2715 2576 socias
2762 2523 2959 2592 sociat,
2979 2522 3159 2578 'muto
3189 2522 3376 2579 mut—as
3405 2529 3611 2592 mutat,

1913 2592 2141 2666 postulo
2190 2594 2441 2666 postulas
2488 2595 2760 2666 postulat,
2819 2610 3023 2666 quasso
3080 2611 3311 2666 quassas
3360 2600 3612 2666 quassat,

1914 2664 2161 2717 eviscero
2219 2664 2493 2717 evisceras
2551 2664 2855 2730 eviscerat,
2898 2664 3336 2720 denso—densas
3378 2664 3613 2733 'densat,

1914 2749 2122 2787 enervo
2149 2749 2384 2787 enervas
2425 2741 2678 2800 enervat,
2727 2735 2963 2807 verbero
3014 2737 3303 2807 verberas
3332 2736 3615 2807 verberat,

1912 2809 2097 2857 macto
2125 2809 2336 2858 mactas
2370 2810 2598 2871 mactat,
2641 2806 2778 2875 fugo
2808 2806 2970 2875 fugas
2997 2807 3180 2875 fugat,
3237 2806 3476 2861 elimino
3506 2806 3613 2861 eli-4

1910 2875 2094 2948 minas
2124 2874 2403 2948 eliminat,
2426 2874 2759 2948 caelocaelas
2780 2874 2964 2948 cmlat,
2998 2874 3163 2947 signo
3184 2877 3375 2948 signas
3402 2877 3610 2948 signat,

1910 2945 2122 2999 ventilo
2155 2946 2395 2999 ventilas
2424 2946 2682 3009 ventilat,
2724 2947 2998 3001 conti-isto
3044 2945 3344 3001 contristes
3394 2945 3613 3002 contri-

1912 3020 2039 3077 stat,
2074 3032 2274 3070 sereno
2306 3033 2531 3070 serenas
2580 3022 2821 3083 serenat,
2856 3022 2911 3071 et
2959 3018 3116 3071 talia.
3166 3018 3293 3072 Istis
3342 3018 3612 3074 omnibus

1912 3087 2177 3157 adjicitur
2212 3104 2242 3140 r
2263 3086 2471 3157 littera,
2496 3092 2551 3141 et
2579 3089 2727 3142 ﬁunt
2772 3088 3015 3158 passiva,
3047 3093 3112 3143 ut
3162 3090 3376 3143 clamor
3399 3090 3610 3143 clama-

1909 3158 1989 3211 ris
2018 3159 2321 3227 clamatur,
2353 3174 2517 3212 amor
2560 3158 2766 3213 amaris
2823 3164 3068 3223 amatur,
3120 3160 3316 3230 pulsor
3364 3160 3609 3230 pulsatis

1952 3230 2187 3297 ulsatur,
2219 3245 2377 3282 secor
2408 3230 2613 3283 secaris
2644 3236 2883 3295 secatur,
2918 3246 3084 3285 curor
3111 3230 3327 3284 curaris
3356 3235 3606 3284 curatur.

1952 3246 2187 3297 lllsatlll‘,
2219 3246 2377 3282 secor
2408 3246 2613 3283 secans
2644 3246 2883 3295 secatur,
2918 3246 3084 3285 curor
3111 3246 3327 3284 curaris
3356 3246 3606 3284 curatur.

1910 3246 2232 3382 ἕμῆοιιηιὶδί
2255 3299 2605 3382 percurreris
2646 3317 2749 3382 per
2776 3301 2903 3382 illos
2932 3302 3135 3355 modos
3170 3318 3315 3382 quos
3345 3301 3609 3371 superius

1907 3370 2171 3443 diximus,
2217 3369 2609 3443 indicativum,
2642 3369 3065 3443 imperativum,
3100 3369 3438 3442 optativum,
3472 3388 3609 3426 cou-

1902 3441 2246 3513 junctivum,
2278 3441 2645 3513 infinitivum.
2692 3441 2838 3497 sane
2891 3459 2957 3497 ex
2988 3443 3098 3497 hoc
3127 3441 3264 3497 sono
3296 3459 3409 3513 quo
3438 3443 3611 3497 verba

1911 3512 2091 3584 activa
2120 3512 2533 3581 ordinavimus,
2564 3512 2622 3584 id
2652 3518 2736 3567 est
2782 3530 2896 3584 quo
2934 3530 3035 3567 nos
3070 3529 3240 3583 agere
3288 3512 3503 3583 aliquid
3531 3514 3608 3567 si-

1909 3582 2326 3654 gniﬁcavimus,
2359 3588 2493 3654 sunt
2539 3583 2752 3637 similes
2783 3582 2928 3647 soni,
2979 3585 3075 3639 sed
3114 3582 3197 3638 uad
3231 3582 3401 3637 verba
3430 3584 3605 3654 perti-

1908 3658 2048 3707 nent
2077 3653 2377 3726 neutralia.
2410 3653 2511 3726 Sed
2547 3670 2614 3707 ne
2656 3659 2710 3708 te
2753 3659 3111 3726 commoveat
3135 3670 3310 3726 quare
3344 3653 3612 3726 dicuntur

1906 3724 2207 3789 neutralia,
2227 3724 2359 3796 haec
2397 3724 2545 3777 ratio
2594 3729 2697 3789 est,
2749 3725 2883 3795 quia
2929 3741 3130 3796 neque
3154 3724 3346 3796 agunt
3390 3725 3608 3793 aliquid

1906 3793 2448 3876 nequepatiuntur,
2488 3798 2549 3848 ut
2584 3798 2666 3876 est
2696 3793 2803 3861 sto,
2828 3793 3449 3876 jaceo,'cubo_,'__sedeo._
3476 3797 3605 3876 Haec

1904 3865 1963 3918 in
1995 3866 2149 3918 nulla
2168 3865 2410 3930 actione,
2435 3865 2494 3918 in
2512 3866 2670 3918 nulla
2694 3865 2955 3934 passione
2982 3870 3130 3919 sunt.
3175 3865 3302 3919 Alia
3318 3866 3605 3920 neutralia

1906 3936 2083 3989 abusu
2119 3935 2287 4002 dicta,
2344 3952 2473 4006 qua:
2503 3936 2717 3989 habent
2764 3936 3069 4001 actionem,
3128 3936 3229 3990 sed
3273 3935 3604 4005 passionem

1906 4008 2122 4060 nullam
2159 4023 2171 4061 :
2205 4010 2268 4061 ut
2296 4012 2474 4069 certo,
2507 4007 2678 4061 habet
2723 4007 3027 4072 actionem,
3067 4006 3165 4061 sed
3216 4022 3334 4060 non
3363 4006 3604 4061 dicimus

1906 4082 2108 4149 certor,
2144 4081 2206 4130 ut
2234 4093 2414 4138 curro,
2450 4079 2525 4132 Ex
2571 4094 2685 4149 quo
2707 4094 2850 4149 sono
2890 4079 3073 4149 multa
3128 4081 3440 4149 suntquae
3470 4092 3604 4131 cum

1906 4148 1965 4202 in
1988 4165 2021 4202 ο
2054 4153 2282 4215 exeunt,
2326 4164 2391 4202 or
2418 4164 2535 4202 non
2567 4147 2895 4212 admittunt,
2929 4153 2989 4202 ut
3025 4148 3147 4202 haec
3184 4147 3375 4211 verba,
3407 4163 3603 4218 pugno

1904 4236 2127 4290 pugnas
2151 4224 2393 4289 pugnat,
2416 4219 2566 4273 bello
2586 4220 2761 4273 bellas
2787 4220 2981 4285 bellat,
3004 4235 3163 4273 coeno
3184 4234 3373 4290 coenas
3393 4222 3598 4290 comat,

1906 4289 2037 4344 nato
2068 4296 2230 4344 natas
2254 4294 2432 4356 natat,
2495 4291 2723 4344 ambulo
2780 4291 3037 4344 ambulas
3085 4289 3360 4354 ambulat,
3395 4289 3601 4359 navigo

1906 4361 2140 4429 navigas
2169 4360 2419 4430 navigat,
2443 4377 2702 4415 commeo
2749 4377 3033 4415 commeas
3070 4364 3375 4426 commeat,
3422 4364 3601 4414 aestuo

1906 4436 2113 4503 testuas
2142 4437 2364 4503 aestuat,
2395 4447 2574 4501 regno
2604 4448 2808 4503 regnas
2837 4435 3059 4503 regnat,
3092 4433 3219 4503 gelo
3248 4431 3404 4503 gaias
3426 4431 3598 4501 gelat,

1904 4503 2029 4557 dico
2056 4502 2209 4557 dicas
2236 4502 2405 4567 dicat,
2440 4504 2636 4557 exsulo
2666 4502 2885 4558 exsules
2916 4502 3169 4570 exsulat,
3216 4502 3469 4555 sacriﬁco
3511 4517 3602 4555 sa-

1904 4573 2121 4627 crificas
2152 4572 2447 4640 sacriﬁcat,
2480 4574 2756 4628 cachinno
2785 4574 3091 4629 cachinnas
3123 4572 3441 4627 cachinnat.
3477 4573 3606 4627 Htec

1906 4644 2098 4698 omnia
2119 4643 2322 4713 prima:
2351 4644 2769 4714 conjugationis
2798 4649 2951 4710 sunt,
2977 4660 3107 4715 qum
3137 4643 3443 4715 secundam
3475 4658 3604 4715 per—

1905 4730 2106 4768 sonam
2135 4715 2342 4768 horum
2363 4713 2622 4768 omnium
2653 4715 2960 4768 verborum
2985 4713 3045 4768 in
3074 4730 3135 4767 as
3165 4714 3437 4784 syllabam
3467 4713 3603 4767 mit-

1906 4790 2055 4854 tunt,
2084 4790 2151 4839 ut
2179 4801 2307 4838 amo
2339 4800 2513 4850 amas,
2556 4790 2721 4839 canto
2752 4789 2964 4851 cantas,
2998 4785 3163 4855 pulso
3193 4785 3409 4856 pulsas,
3440 4784 3603 4838 freno

1903 4856 2112 4923 frenas,
2145 4871 2306 4909 armo
2328 4872 2534 4922 armas,
2554 4856 2832 4927 impugno
2862 4856 3193 4927 impugnas,
3215 4856 3377 4927 psalto
3407 4857 3599 4927 saltas,

1904 4943 2075 5008 curvo
2120 4942 2337 5008 curvas,
2370 4943 2567 5008 pugno
2602 4925 2855 5008 pugnas.
2917 4925 3063 5008 Ergo
3096 4925 3303 5008 audisti
3354 4926 3603 4997 primam

1904 4997 2547 5076 conjugati_on_em,scire
2586 4997 2758 5076 debes
2780 4997 3266 5076 secundamverbi
3295 5012 3600 5076 personam

1903 5086 2008 5139 per
2037 5086 2095 5122 as
2126 5069 2399 5138 syllabam
2431 5070 2602 5125 exire.
2637 5070 2779 5123 Nam
2809 5069 2943 5123 inde
2998 5069 3207 5124 dicitur
3252 5069 3599 5137 conjugatio,

1904 5139 2195 5217 quodsibi
2224 5140 2296 5217 ad
2325 5156 2507 5217 unum
2527 5140 2953 5217 sonummulta
2968 5139 3429 5217 gonjugat._lltec
3458 5153 3603 5217 cou-

1905 5208 2227 5280 iiigationes
2255 5211 2432 5265 Graeci
2464 5211 2683 5273 συξυγίας
2714 5211 2926 5267 dicunt.
2963 5211 3055 5267 Sic
3084 5208 3142 5266 et
3159 5208 3379 5264 similia
3407 5208 3603 5263 omnia

1894 5227 2227 5336 {11138110083
2255 5227 2432 5265 uraaci
2464 5227 2601 5273 συξυγ

1944 5298 2006 5336 ac
2033 5281 2266 5335 inventa
2294 5282 2601 5352 percurris.

2124 5370 2350 5425 CAPUT
2375 5372 2483 5426 XV.
2514 5401 2582 5411 —
2612 5374 2686 5426 De
2716 5370 2950 5426 secunda
2988 5369 3380 5439 coniugatione.

1972 5457 2230 5513 Secunda
2252 5462 2446 5513 autem
2477 5461 2803 5531 conjugatio
2826 5464 2910 5513 est
2938 5458 3141 5529 quaein
3162 5456 3410 5510 secunda
3439 5454 3602 5509 simi-

1903 5528 2037 5601 liter
2064 5546 2309 5601 persona
2360 5528 2676 5601 quieritur,
2712 5537 2769 5585 et
2798 5532 2913 5584 exit
2958 5528 3066 5601 per
3112 5532 3391 5601 es,_teueo
3422 5532 3602 5592 tenes,

1902 5598 2132 5668 prsebeo
2162 5598 2405 5670 praebes,
2447 5618 2655 5656 moneo
2700 5618 2921 5665 mones,
2966 5598 3132 5654 doleo
3180 5598 3356 5659 doles,
3408 5601 3605 5670 tergeo

1904 5675 2112 5744 terges,
2147 5668 2311 5744 arceo
2342 5689 2517 5737 arces,
2551 5689 2692 5744 egeo
2747 5688 2897 5741 eges,
2931 5675 3117 5724 terreo
3138 5674 3349 5744 terres,
3382 5668 3607 5744 mulceo

1903 5743 2139 5807 mulces,
2170 5741 2383 5813 impleo
2403 5740 2628 5814 imples,
2660 5740 2920 5813 compleo
2965 5742 3239 5812 comples,
3288 5740 3484 5814 repleo
3517 5755 3611 5792 re-

1903 5814 2048 5892 ples,
2081 5811 2319 5892 suppleo
2348 5811 2599 5892 s_u_pp_le_s_,
2618 5811 3414 5892 mordeo_mordes’,_sppnd_eo
3444 5826 3609 5892 spon-

1905 5885 2026 5953 des,
2053 5888 2109 5939 et
2152 5883 2307 5939 talia.
2362 5883 2434 5940 Et
2465 5883 2742 5953 adjicitur
2780 5902 2808 5939 r
2833 5885 3043 5955 littera,
3101 5888 3157 5939 et
3210 5883 3358 5939 ﬁunt
3386 5883 3614 5954 passiva
