4056 6358
419 330 553 387 I399

417 461 618 510 teneor
642 451 874 519 teneris,
894 449 1161 504 mordeor
1179 448 1470 512 morderis,
1497 445 1936 519 arceorarceris,
1967 447 2114 500 mul-

418 543 550 582 ceor
575 517 864 585 mulceris,
889 519 1429 591 impleorimpleris,
1463 517 1784 573 Declinabis
1816 519 1938 572 haec
1985 534 2111 587 pas-

421 597 538 652 siva
565 612 666 666 per
691 593 890 666 modos
921 590 988 666 et,
1002 597 1260 666 tempora
1296 594 1352 643 et
1375 606 1691 666 personas.
1743 591 1855 666 ξει-
1883 590 2105 654 modos,

421 673 488 722 ut
511 659 650 734 dixi,
708 663 1094 734 indicativum,
1121 659 1581 734 imperativum,
1601 659 1938 734 optativum,
1980 675 2113 734 con-

427 730 761 803 junctiv'um,
785 733 1154 799 infinitivum,
1185 730 1293 786 hoc
1322 736 1407 786 est
1436 731 1587 803 quod
1618 730 1735 784 dixi
1765 747 1866 803 per
1893 731 2110 803 modos.

449 757 761 803 uncuvum,
785 757 1154 799 luuuuivum,
1185 757 1293 786 uuc
1322 757 1407 786 es»
1436 757 1587 801 quuu
1618 757 1735 784 uui
1766 757 1866 802 per
1893 757 2110 784 iuuuus.

418 757 534 864 i’er
559 814 819 882 tempora
848 809 1056 882 autem,
1090 803 1146 857 id
1163 807 1246 882 est
1261 802 1569 882 praeterita,
1595 802 1899 882 praesentia
1919 802 2004 882 vel
2022 801 2120 882 fu:

425 885 571 934 tura.
609 872 887 932 Personas
934 880 1126 928 autem
1159 872 1298 941 dixi,
1328 873 1545 944 prima,
1577 873 1818 926 secunda
1847 876 1903 925 et
1931 872 2113 936 tertia,

428 955 494 1004 ut
516 955 716 1003 teneor
744 945 956 1000 teneris
981 949 1244 1011 tenetur;
1277 950 1333 998 et
1360 944 1657 1014 pluraliter
1682 947 1945 1014 tenemur
1963 947 2118 996 tene-

428 1019 574 1075 mini
603 1023 888 1072 tenentur.
922 1017 1052 1070 Haec
1083 1015 1228 1070 sicut
1255 1013 1389 1080 dixi,
1429 1013 1774 1069 observabis.
1821 1013 1930 1068 Sed
1977 1029 2118 1082 quo-

428 1090 597 1145 modo
627 1094 692 1143 ut
721 1087 984 1158 superius
1013 1085 1154 1158 dixi,
1186 1085 1374 1158 prima
1399 1084 1724 1158 conjugatio
1754 1098 1883 1155 quae
1915 1084 2030 1137 exit
2060 1083 2121 1136 in

431 1178 514 1229 as,
545 1164 610 1215 ut
636 1175 762 1214 amo
779 1155 954 1225 amas,
986 1156 1140 1229 capit
1161 1162 1217 1209 et
1237 1157 1408 1229 verba
1428 1155 1726 1229 neutralia,
1749 1160 1815 1229 ut
1829 1158 1980 1229 certo
2000 1170 2121 1208 cer-

430 1225 540 1300 tas,
569 1235 704 1286 nato
732 1234 916 1297 natas,
940 1231 1000 1281 in
1027 1225 1280 1298 q’uibusr
1305 1227 1620 1300 litteranoii
1642 1225 2124 1300 admittitur;_nec

434 1295 588 1357 enim
617 1300 858 1355 dicimus
883 1295 1087 1363 certor,
1139 1301 1342 1351 nator:
1382 1297 1460 1351 sic
1488 1295 1547 1350 in
1579 1298 1682 1350 liac
1721 1297 2125 1367 conjugatione

435 1372 706 1439 secunda,
737 1386 865 1441 quas
886 1369 999 1423 exit
1023 1369 1083 1423 in
1114 1384 1202 1431 eo,
1239 1385 1318 1434 es,
1349 1372 1413 1423 ut
1441 1383 1646 1441 moneo
1680 1383 1900 1441 mones,
1953 1367 2126 1441 doceo

437 1445 624 1510 doces,
655 1437 790 1495 sun—t
843 1441 1041 1506 multa,
1097 1455 1225 1510 quae
1253 1455 1369 1492 non
1397 1438 1711 1492 admittunt
1731 1455 1758 1492 r
1786 1438 2036 1492 litteram
2067 1437 2128 1491 in

436 1513 626 1585 prima
653 1528 916 1585 persona,
949 1515 1013 1585 ut
1035 1511 1195 1579 algeo
1227 1511 1401 1585 alges,
1458 1513 1642 1585 scateo
1681 1513 1858 1563 scates
1888 1525 1902 1576 ;
1938 1511 2130 1580 algeor

439 1580 594 1639 enim
641 1580 756 1637 non
788 1587 872 1636 est
901 1581 1142 1635 latinum
1177 1597 1190 1635 :
1223 1580 1302 1633 sic
1331 1581 1519 1634 ferveo
1551 1580 1753 1648 ferves,
1785 1585 1983 1649 torpeo
2014 1585 2129 1632 tor-

439 1672 563 1726 pes,
588 1653 811 1724 pendeo
859 1651 1091 1726 pendes,
1143 1650 1368 1726 invideo
1398 1651 1616 1726 invides
1642 1650 2131 1726 :‘quamvisﬂora:

441 1720 557 1779 tius
575 1720 744 1794 poeta
762 1720 1009 1776 invideor
1030 1721 1234 1794 dixerit
1259 1721 1343 1794 (In
1370 1722 1506 1775 Arte
1533 1720 1766 1794 Baetica,
1799 1738 1851 1775 υ.
1885 1723 2000 1794 56),
2033 1720 2133 1774 sed

441 1791 595 1850 nova
613 1793 982 1864 usurpatione
1015 1807 1028 1845 :
1057 1791 1135 1845 sic
1181 1792 1405 1864 emineo
1457 1791 1692 1864 emines,
1745 1807 1847 1845 nec
1893 1791 2133 1864 dicimus

443 1864 718 1920 emineor.
754 1862 856 1918 Hae
901 1863 1028 1917 duae
1066 1862 1496 1932 conjugationes
1535 1862 1725 1932 prima
1768 1867 1826 1916 et
1865 1862 2131 1928 secunda,

444 1953 585 2008 quas
612 1933 859 2008 diximus
891 1933 1042 1988 exire
1072 1933 1135 1986 in
1163 1949 1224 1986 as
1255 1938 1313 1986 et
1340 1932 1400 1986 in
1427 1949 1504 1994 es,
1540 1938 1602 1986 ut
1628 1949 1761 2008 a_mo_
1809 1949 1984 2008 amas,
2005 1949 2136 2008 _mo-

446 2004 554 2062 neo
583 2021 802 2072 mones,
834 2005 1093 2059 futurum
1138 2019 1366 2075 semper
1393 2008 1619 2074 tempus
1647 2004 1710 2058 in
1746 2004 1819 2058 bo
1859 2004 2136 2075 syllabam

445 2078 699 2141 mittunt,
727 2081 791 2129 ut
821 2075 1047 2142 amabo,
1079 2074 1352 2130 monebo.

534 2148 758 2202 CAPUT
788 2147 922 2201 XVI.
953 2176 1022 2184 —
1055 2146 1134 2200 De
1160 2147 1320 2200 tertia
1344 2149 1394 2198 et
1424 2149 1623 2214 quarta
1651 2144 2045 2214 conjugatione.

516 2218 606 2274 Sic
634 2217 880 2272 servabis
911 2215 1258 2287 ubicumque
1284 2216 1543 2270 futurum
1579 2219 1817 2287 tempus
1839 2215 1898 2269 in
1925 2215 1998 2270 bo
2021 2215 2134 2286 syl-

448 2291 635 2343 labam
665 2288 878 2356 mittas,
910 2287 1046 2358 quia
1075 2285 1209 2342 sunt
1227 2287 1355 2340 aliae
1378 2287 1504 2341 duae
1535 2285 1983 2358 conjugationes,
2012 2285 2141 2358 quae

447 2361 704 2415 futurum
734 2356 958 2428 tempus
988 2357 1048 2410 in
1073 2373 1166 2411 am
1213 2358 1488 2428 syllabam
1527 2356 1776 2422 mittant,
1811 2373 1923 2411 non
1953 2357 2014 2410 in
2039 2356 2137 2424 bo,

449 2437 505 2484 et
531 2434 802 2485 vocantur
821 2430 962 2501 ipsae
988 2428 1420 2501 conjugationes
1450 2428 1619 2482 tertia
1648 2432 1908 2501 correpta
1941 2432 1998 2501 et
2025 2431 2140 2481 ter-

449 2501 529 2556 tia
554 2499 861 2569 producta;
895 2499 1103 2554 Tertia
1125 2505 1383 2569 correpta
1412 2503 1515 2563 est,
1564 2515 1692 2568 quae
1739 2499 2140 2569 imperativum

450 2518 529 2556 ua
596 2518 846 2555 rouucta.
905 2518 1082 2554 ierua
1125 2518 1383 2569 correpta
1412 2518 1515 2563 88!,
1564 2518 1692 2568 quae
1739 2518 1816 2552 ΙΙΙ]
1863 2518 2139 2553 θτᾶιινιιω

450 2518 684 2627 magum
714 2571 773 2625 in
798 2588 828 2626 θ
858 2574 1177 2640 correptam
1209 2569 1402 2636 mittit,
1429 2575 1495 2623 ut
1532 2569 1730 2638 scribe,
1762 2518 1917 2634 toﬁe,
1952 2585 2139 2638 carpe,

451 2643 662 2709 occide,
694 2658 834 2709 sere,
855 2643 998 2712 lege.
1021 2639 1176 2712 Ergo
1199 2640 1386 2694 vidisti
1410 2639 1813 2710 imperativum
1846 2640 1925 2694 sic
1971 2640 2142 2694 exire.

449 2713 636 2769 Tertia
660 2713 852 2785 itaque
879 2711 1314 2785 conjugatioest
1340 2715 1620 2782 correpta,
1652 2727 2032 2785 quiesemper
2058 2712 2143 2785 ξιξ-

454 2789 648 2861 turum
676 2781 901 2861 tempus
1028 2797 1121 2836 am
1151 2782 1345 2850 mittit,
1375 2781 1755 2861 nunquamlin
1781 2781 1875 2849 bo,
1908 2781 1972 2835 ut
2010 2781 2146 2861 scri-

453 2855 605 2936 bam,
635 2852 844 2936 legam,
877 2854 1357 2936 tollam,‘carpam
1383 2868 1397 2906 :
1427 2852 1562 2936 quia
1591 2852 1837 2936 latinum
1895 2868 2010 2906 non
2041 2858 2144 2936 est,

453 2925 501 2980 si
545 2922 751 2981 dixerit
797 2925 946 2995 quis,
992 2922 1270 2995 scribebo,
1322 2922 1540 2995 legebo,
1597 2922 1829 2995 tollebo,
1881 2923 2146 2995 carpebo.

451 2996 639 3052 Tertia
673 2993 934 3050 similiter
962 2994 1287 3064 conjngatio
1331 2993 1607 3063 producta
1635 3009 1699 3046 ex
1729 2993 1927 3047 eodem
1960 2993 2150 3063 impe-

451 3067 634 3122 rativo
665 3067 835 3121 modo
865 3063 1172 3135 colligitur.
1197 3064 1339 3118 Cum
1364 3064 1519 3118 enim
1548 3063 1918 3135 imperativus
1950 3065 2152 3120 modus

453 3137 708 3218 exit.ini
748 3134 1022 3218 litteram,
1054 3135 1220 3215 tertia
1274 3134 1595 3259 coniugatio
1627 3135 2054 3216 productaest,‘
2090 3142 2156 3192 ut

454 3208 612 3259 audi.
643 3211 819 3259 nutri.
849 3211 1019 3259 senti.
1050 3221 1232 3259 muni.
1265 3221 1429 3259 sarci.
1481 3222 1594 3259 eni.
1615 3210 1671 3259 et
1699 3206 1853 3259 talia.
1876 3206 2152 3259 Similiter

454 3208 612 3275 audi,
643 3208 819 3270 nutri,
849 3206 1019 3274 senti,
1050 3204 1232 3273 muni,
1265 3205 1429 3272 sarci,
1457 3204 1594 3271 leni,
1615 3210 1671 3259 et
1699 3205 1853 3261 talia.
1876 3205 2152 3262 Similiter

454 3277 626 3332 etiam
647 3279 771 3332 haec
795 3277 1050 3331 futurum
1076 3281 1304 3345 tempus
1322 3275 1388 3347 in
1403 3292 1493 3330 am
1515 3276 1766 3347 mittunt,
1783 3281 1846 3331 ut
1863 3277 2144 3347 muniam,

453 3348 688 3413 leniam,
719 3347 994 3413 nutriam,
1029 3347 1278 3400 audiam.
1312 3346 1418 3400 Sed
1452 3346 1621 3401 tertia
1647 3351 1908 3417 correpta
1927 3347 1988 3401 in
2014 3346 2145 3402 inti?

454 3418 575 3472 nito
607 3419 774 3473 modo
804 3434 847 3489 e_
865 3421 1186 3489 correptam
1209 3417 1382 3489 habet
1409 3422 1541 3472 ante
1569 3417 1940 3489 novissimam
1970 3419 2145 3489 sylla-

453 3489 608 3556 bam,
636 3493 696 3542 ut
722 3487 989 3551 scribere,
1011 3488 1220 3556 legere,
1243 3488 1462 3556 tollere,
1485 3491 1541 3541 et
1567 3487 1706 3542 talia
1732 3504 1744 3542 :
1773 3489 1938 3543 tertia
1957 3487 2148 3545 autem

453 3558 932 3630 productaliabet
959 3559 1018 3613 in
1046 3558 1495 3630 antenovissima
1516 3558 1817 3630 syllabain
1850 3559 2075 3614 inﬁnito
2106 3561 2146 3622 i,

456 3628 598 3702 quae.
614 3628 968 3702 producitur,
991 3634 1079 3702 θυι*
1107 3629 1355 3702 munire,
1381 3628 1587 3702 lenire,
1628 3629 1867 3702 audire,
1919 3631 2144 3698 sarcire,

457 3700 687 3773 sentire,
708 3701 935 3773 venire.
963 3700 1119 3755 Unde
1147 3700 1208 3753 in
1237 3700 1514 3773 omnibus
1527 3700 1714 3754 verbis
1760 3701 1850 3773 hae
1878 3703 2148 3773 conjuga-

456 3771 639 3828 tiones
669 3772 1060 3837 observantur,
1098 3787 1226 3842 qua:
1265 3775 1474 3826 exeunt
1502 3770 1562 3842 in
1611 3787 1672 3825 as
1692 3775 1760 3842 et
1788 3772 1848 3825 in
1890 3788 1965 3838 es,
1985 3770 2149 3826 futu-

456 3859 587 3914 rum
616 3847 843 3914 tempus
859 3842 918 3914 in
940 3842 1012 3896 bo
1038 3841 1292 3908 mittunt,
1323 3846 1387 3896 ut
1410 3841 1619 3914 saepius
1647 3841 1782 3914 dixi.
1801 3843 1937 3907 Quae
1958 3847 2150 3897 autem

457 3913 517 3985 in
548 3914 596 3985 is
629 3912 858 3985 exeunt,
884 3913 1143 3985 futurum
1169 3912 1573 3983 tempusinam
1587 3912 1835 3978 mittunt,
1853 3930 2152 3985 nunquam

457 3984 519 4038 in
544 3984 640 4052 bo,
663 3984 773 4038 nisi
797 3984 1133 4038 auctoritate
1162 3988 1510 4054 praesumpta
1542 3999 1556 4037 :
1591 3999 1724 4054 nam
1755 3999 1844 4036 ars
1882 3984 2150 4054 lioc’pro-

457 4054 633 4110 hibet.
663 4055 770 4110 Sed
796 4053 1185 4126 aliquaverba
1212 4054 1482 4126 ponimus
1513 4053 1697 4126 tertias
1730 4053 2152 4126 coniugationis

458 4130 760 4196 correptae,
787 4142 856 4180 ex
885 4124 1092 4196 quibus
1121 4129 1176 4178 et
1204 4124 1316 4178 alia
1343 4124 1736 4194 consequaris.
1787 4125 1928 4196 Sunt
1958 4132 2152 4180 autem

459 4143 760 4196 correptae,
787 4143 856 4180 ex
927 4143 1092 4180 uinus
1121 4143 1176 4178 et
1204 4143 1316 4178 aiia
1343 4143 1736 4194 consequaris.
1787 4143 1928 4179 sunt
1958 4143 2148 4180 autem

459 4197 618 4251 haec:
646 4197 794 4267 lego,
823 4143 986 4262 toﬁo,
1009 4195 1193 4266 erigo,
1217 4211 1404 4267 carpo,
1430 4210 1729 4265 cognosco,
1757 4195 1939 4266 capio,
1971 4197 2148 4266 fugio,

459 4283 679 4336 mergo,
709 4265 860 4345 sero,
893 4265 1118 4345 arguo,
1145 4265 1382 4345 accipio,
1423 4282 1612 4345 pono,
1647 4265 1842 4333 sumo,
1875 4265 2148 4345 aceen’do,

460 4335 705 4408 expono,
736 4335 982 4408 incipio.
1014 4337 1142 4389 Haec
1167 4335 1453 4406 accipiunt
1477 4352 1505 4389 r
1534 4335 1798 4408 litteram,
1835 4341 1893 4391 et
1937 4338 2154 4393 faciunt

501 4406 681 4462 assiva
730 4407 902 4460 verba
943 4406 1127 4477 legor,
1175 4421 1399 4475 carpor,
1448 4407 1662 4476 capior,
1713 4411 1820 4461 etc.
1875 4407 1988 4463 Sub
2047 4410 2153 4464 hac

484 4481 651 4558 ’o_rma_
674 4482 806 4531 sunt
833 4476 1153 4558 neutralia,
1175 4493 1304 4558 quae
1342 4493 1458 4531 non
1478 4477 1798 4558 _accipiunt
1824 4493 1854 4532 r
1882 4479 2147 4548 litteram,

460 4553 526 4602 ut
542 4548 696 4621 cado
723 4564 750 4621 :_
771 4565 887 4602 non
916 4547 1071 4602 enim
1101 4547 1343 4621 dicimus
1397 4548 1758 4621 cador._Item
1789 4565 1934 4621 rruo,
1966 4547 2153 4621 neque

463 4618 618 4674 enim
646 4619 886 4674 dicimus
909 4635 1049 4690 ruor
1077 4635 1090 4673 :
1119 4619 1284 4688 facio,
1313 4635 1499 4690 neque
1519 4619 1673 4674 enim
1692 4619 1933 4674 dicimus
1953 4618 2150 4677 facior.

463 4691 605 4744 Item
653 4691 924 4763 fulgesco,
971 4689 1204 4756 nitesco,
1265 4689 1531 4763 fervesco,
1584 4691 1826 4763 algesco,
1872 4696 2149 4763 torpesco,

461 4776 787 4832 compesco,
813 4761 1092 4832 nigresco.
1126 4763 1256 4816 Haec
1306 4761 1500 4815 omnia
1528 4777 1557 4814 r
1586 4761 1834 4815 litteram
1889 4761 2008 4816 non
2052 4764 2152 4817 ha-

460 4831 618 4898 bent,
651 4837 709 4885 et
739 4831 1002 4886 dicuntur
1024 4832 1196 4886 verba
1224 4832 1506 4886 neutralia
1533 4847 1663 4902 quae
1696 4837 1908 4886 exeunt
1947 4833 2007 4887 in
2037 4850 2150 4890 sco.

462 4903 609 4972 Ergo
622 4903 904 4957 neutralia
915 4902 1247 4958 memineris
1266 4919 1511 4974 semper,
1531 4919 1829 4974 nunquam
1855 4903 2154 4960 admittere

461 4990 491 5027 r
519 4975 786 5028 litteram.

463 5045 689 5100 CAPUT
714 5044 874 5098 XVII.
920 5074 988 5084 —
1026 5045 1110 5098 De
1157 5045 1315 5099 verbo
1353 5045 1619 5099 communi
1650 5044 1790 5100 unde
1837 5045 2072 5114 dicatur,
2105 5051 2154 5102 et

922 5115 987 5168 dc
1022 5116 1396 5184 conjugatione
1436 5115 1693 5182 ejusdem.

533 5187 852 5241 Remanent
878 5185 991 5240 duo
1018 5186 1129 5240 alia
1155 5186 1326 5239 verba
1355 5201 1485 5256 quae
1514 5186 1840 5240 communia
1887 5187 2156 5243 dicuntur

462 5261 521 5311 et
558 5256 922 5330 deponentia‘.
981 5257 1088 5330 sed
1136 5257 1464 5330 communia
1509 5257 1637 5312 ideo
1684 5257 1968 5325 dicuntur,
2021 5259 2156 5330 quia

462 5328 840 5383 communiter
869 5327 1040 5382 simul
1071 5332 1267 5382 tenent
1320 5327 1422 5381 sub
1457 5345 1571 5383 uno
1619 5345 1756 5382 sono
1804 5327 2057 5384 activum
2099 5335 2157 5384 et

462 5399 768 5470 passivum.
815 5398 1111 5463 Quomodo
1160 5399 1225 5470 Vin
1258 5399 1588 5454 nominibus
1623 5415 1804 5470 genus
1851 5416 2154 5455 commune

463 5469 674 5523 dicitur
685 5470 838 5540 quod
850 5475 906 5523 et
934 5469 1312 5524 masculinum
1333 5475 1487 5524 tenet
1499 5476 1553 5525 et
1568 5469 1907 5524 femininum
1922 5473 2024 5526 sub
2037 5489 2151 5526 uno

463 5555 625 5606 sono,
667 5545 731 5594 ut
759 5541 1041 5608 sacerdos,
1095 5541 1290 5609 homo,
1316 5541 1407 5595 hic
1441 5547 1498 5596 et
1538 5542 1659 5595 haec
1703 5542 1960 5595 sacerdos
1999 5543 2151 5608 facit,

461 5609 556 5664 hic
583 5614 639 5665 et
666 5612 784 5666 haec
813 5611 986 5665 homo
1011 5629 1024 5678 ;
1058 5611 1136 5666 sic
1157 5618 1213 5666 et
1242 5613 1412 5667 verba
1431 5611 1757 5667 communia
1789 5613 2156 5669 dicuntur:et

464 5696 763 5754 nunquam
791 5682 1084 5754 deponunt
1111 5699 1141 5738 r
1171 5683 1440 5751 litteram,
1471 5700 1545 5738 ne
1575 5699 1689 5736 non
1719 5683 1832 5736 sint
1856 5684 2050 5739 latina.
2086 5686 2155 5739 Ut

465 5754 711 5831 osculor,
745 5754 989 5831 sitellas
1017 5771 1046 5808 r
1073 5755 1425 5831 litteram_et
1469 5755 1620 5810 dicas
1675 5754 1859 5831 oculo,
1915 5771 2026 5831 non
2071 5759 2154 5809 est

464 5820 726 5882 latinum.
751 5826 817 5882 Et
833 5824 1074 5882 dicimus
1101 5842 1234 5881 cum
1263 5826 1506 5897 agimus,
1539 5825 1765 5881 osculor
1786 5829 1840 5879 te
1861 5841 1874 5892 ;
1899 5826 2036 5881 dum
2059 5844 2150 5882 au-

1724 323 1818 378 DE
1855 320 2330 379 GRAMMATICA
2369 319 2599 376 LIBER.

3796 314 3920 367 1400

2219 450 2336 500 tem
2363 444 2618 516 patimur
2646 445 2702 496 et
2727 442 2797 499 ab
2827 441 3258 516 alioafficimur,
3279 439 3522 516 dicimus
3549 439 3784 516 osculor
3805 443 3920 516 ate:

2222 517 2301 571 sic
2329 509 2601 570 criminor
2629 518 2706 579 te,
2737 529 2853 566 non
2882 511 3146 580 crimine,
3195 528 3326 565 cum
3359 510 3643 565 actionem
3693 509 3917 580 signiﬁ-

2223 604 2436 654 camus,
2473 587 2528 640 id
2561 589 2643 638 est
2671 601 2799 638 cum
2821 584 3035 637 crimen
3065 582 3702 654 objicimus,criminor
3754 587 3812 654 te
3843 580 3924 635 di-

2224 651 2443 723 cimus;
2478 673 2605 710 cum
2631 662 2821 709 autem
2853 654 3070 708 crimen
3099 651 3265 716 nobis
3295 653 3583 724 objicitur,
3602 651 3928 719 criminora

2223 736 2278 784 te
2311 729 2571 796 dicimus,
2603 727 2659 780 id
2692 731 2774 779 est
2797 725 3014 779 crimen
3043 742 3076 779 a
3104 729 3159 778 te
3187 723 3399 796 audio,
3424 729 3480 777 et
3521 729 3606 778 est
3637 723 3929 796 significa-

2225 802 2304 855 tio
2324 794 2566 870 passiva.
2585 798 2948 852 Declinantur
2977 801 3167 850 autem
3191 796 3370 870 verba
3390 795 3512 849 hinc
3533 800 3599 848 ut
3631 794 3932 870 superiora

2227 863 2578 943 per-modos,
2607 875 2865 943 tempora
2915 872 3286 943 etpersonas.
3331 868 3615 943 Tempora
3657 863 3932 943 praesenti

2229 937 2593 1011 singulariter
2621 937 2892 1011 criminor
2917 937 3235 1011 criminaris
3266 937 3720 1011 criminatur,_et
3743 937 3936 1011 plura-

2228 1007 2360 1068 liter
2389 1011 2763 1064 criminamur
2792 1009 3176 1063 criminamini
3205 1008 3606 1062 criminantur.
3631 1007 3936 1061 Praeterito

2229 1083 2560 1154 imperfecto
2605 1081 2970 1154 singulariter
2999 1079 3343 1154 criminabar
3390 1078 3791 1154 criminabaris
3825 1077 3937 1154 cri-_

2232 1149 2575 1216 minabatur,
2599 1157 2654 1205 et
2675 1149 2974 1222 pluraliter
2989 1151 3438 1222 criminabamur
3465 1149 3938 1222 criminabamini

2232 1220 2699 1280 criminabantur:
2742 1222 3033 1276 Praaterito
3060 1222 3307 1292 perfecto
3336 1220 3708 1291 singulariter
3736 1220 3938 1292 crimi-

2234 1301 2402 1350 natus
2429 1310 2575 1360 sum,
2609 1293 2939 1347 criminatus
2970 1290 3411 1359 es,'criminatus
3442 1295 3558 1345 est:
3595 1296 3651 1343 et
3691 1290 3939 1361 plurali-

2235 1373 2322 1421 ter
2351 1365 2635 1419 criminati
2665 1380 2879 1428 sumus,
2913 1363 3202 1417 criminati
3226 1363 3403 1435 estis,‘
3441 1362 3756 1435 criminati
3780 1366 3936 1416 sunt.

2235 1437 2530 1492 Prazterito
2561 1436 2865 1507 plusquam
2892 1435 3142 1507 perfecto
3191 1432 3558 1507 singulariter
3593 1433 3942 1487 criminatus

2238 1524 2416 1575 eram,
2449 1504 2593 1570 eras,
2625 1504 2782 1560 erat:
2809 1510 2864 1558 et
2885 1506 3182 1575 pluraliter
3200 1504 3486 1558 criminati
3515 1519 3768 1575 eramus,
3789 1573 3796 1575 ξ
3814 1520 3940 1575 era-

2237 1579 2330 1644 tis,
2354 1573 2538 1632 erant.
2564 1579 2777 1631 Futuro
2792 1573 3158 1646 singulariter
3179 1575 3525 1646 criminabor
3537 1573 3944 1646 criminaberis

2239 1648 2633 1704 criminabitur
2666 1663 2678 1701 :
2712 1653 2768 1701 et
2797 1645 3095 1716 pluraliter
3122 1645 3560 1700 criminabimur
3598 1645 3946 1699 criminabi-

2239 1720 2382 1775 mini
2394 1719 2867 1773 criminabuntur.
2889 1719 2968 1772 Im
2977 1719 3263 1788 perativus
3277 1723 3468 1788 autem
3489 1716 3696 1788 modus
3712 1732 3949 1788 semper

2239 1793 2302 1846 in
2332 1791 2518 1844 verbis
2549 1790 2608 1843 in
2634 1805 2693 1842 re
2724 1789 2858 1856 exit,
2889 1795 2956 1842 ut
2983 1789 3136 1842 dicas
3161 1787 3464 1841 criminare
3506 1787 3696 1854 illum,
3751 1787 3814 1841 id
3865 1791 3952 1840 est

2243 1862 2459 1917 crimen
2487 1861 2571 1914 illi
2603 1861 2819 1930 ingere.
2852 1859 3112 1929 Optativo
3152 1859 3323 1912 modo
3364 1859 3461 1925 sic,
3495 1859 3719 1911 utinam
3749 1857 3950 1930 crimi-

2243 1949 2412 1987 narer
2439 1928 2820 1985 criminareris
2850 1928 3249 1983 criminaretur
3273 1946 3285 1983 :
3307 1934 3363 1982 et
3391 1930 3690 1998 pluraliter
3721 1928 3950 1982 utinam

2244 2003 2680 2058 criminaremur
2699 2000 3146 2055 criminaremini
3163 2000 3626 2054 criminarentur.
3644 1999 3950 2053 Pra'terito

2244 2075 2495 2146 perfecto
2523 2072 2889 2146 singulariter
2923 2072 3140 2124 utinam
3169 2071 3732 2146 criminatusessem,
3751 2070 3951 2146 cr_imi-_

2246 2141 2413 2200 natus
2445 2141 2983 2208 esses,’criminatus
3011 2149 3157 2196 esset
3190 2158 3202 2194 :
3233 2145 3288 2194 et
3318 2141 3616 2211 pluraliter
3654 2141 3954 2194 criminati

2248 2232 2518 2280 essemus,
2551 2213 2836 2268 criminati
2868 2213 3079 2276 essetis,
3137 2212 3424 2266 criminati
3454 2216 3658 2266 essent.
3725 2213 3950 2266 Futuro

2247 2285 2612 2358 singulariter
2633 2286 2864 2358 utinam
2894 2283 3165 2358 criminor
3191 2282 3957 2358 crimineriscriminetiirzet

2249 2354 2547 2430 pluraliter
2566 2356 2940 2430 criminemur
2964 2354 3347 2430 criminemini
3367 2354 3780 2430 criminentur._
3802 2355 3953 2430 Con-

2244 2424 2500 2500 junctivo
2547 2427 2720 2481 modo
2756 2426 3122 2500 singulariter
3140 2441 3280 2500 eum
3325 2425 3596 2500 criminer
3620 2424 3952 2500 criminaris

2251 2495 2603 2553 criminetur.
2633 2498 2927 2552 Prmterito
2944 2496 3276 2566 imperfecto
3293 2495 3660 2564 singulariter
3688 2511 3824 2548 cum
3847 2495 3952 2548 cri-

2253 2570 2501 2623 minarer
2529 2567 2910 2622 criminareris
2932 2567 3352 2621 criminaretur.
3377 2567 3672 2620 Praeterito
3693 2568 3954 2637 perfecto

2253 2637 2618 2710 singulariter
2641 2655 2770 2693 cum
2801 2638 3132 2710 criminatus
3159 2637 3292 2710 _sim,
3328 2638 3664 2710 criminatus
3705 2637 3819 2710 sis,_
3840 2637 3954 2710 crif

2253 2707 2505 2766 minatus
2532 2711 2605 2764 sit
2638 2727 2651 2764 :
2694 2715 2749 2764 et
2775 2708 3070 2778 pluraliter
3092 2708 3380 2762 criminati
3409 2709 3606 2773 simus,
3657 2707 3955 2761 criminati

2255 2782 2394 2847 sitis,
2428 2780 2713 2834 criminati
2743 2781 2873 2835 sint.
2900 2779 3192 2834 Praeterito
3223 2780 3526 2850 plusquam
3556 2779 3811 2850 perfecto
3847 2780 3964 2833 sin—

2257 2851 2533 2923 gulariter
2557 2868 2687 2905 cum
2726 2851 3060 2923 criminatus
3089 2850 3966 2923 esse_m,_criminatusesses,icri-

2257 2921 2507 2978 minatus
2536 2927 2715 2976 esset:
2749 2927 2806 2975 et
2834 2921 3132 2992 pluraliter
3151 2921 3440 2975 criminati
3462 2937 3740 2992 essemus,
3773 2921 3969 2974 crimi-

2262 2995 2380 3048 nati
2419 2993 2633 3060 essetis,
2666 2991 2952 3046 criminati
3005 2997 3183 3046 esent.
3231 2993 3512 3062 Tempore
3541 2991 3736 3045 futuro
3769 2991 3968 3061 singu-

2260 3065 2454 3119 lariter
2479 3080 2610 3118 cum
2663 3063 2994 3118 criminatus
3023 3079 3142 3129 ero,
3195 3063 3327 3122 eris,
3385 3063 3495 3116 erit
3528 3075 3540 3117 :
3572 3067 3631 3133 et
3655 3062 3968 3133 pluraliter

2261 3152 2390 3190 cum
2423 3134 2711 3188 criminati
2763 3135 3000 3200 erimus,
3027 3134 3206 3197 eritis,
3256 3137 3442 3186 erunt.
3490 3132 3674 3187 Modo’
3705 3133 3961 3198 inﬁnito,

2263 3223 2434 3277 quem
2465 3206 2712 3277 diximus
2731 3205 2900 3277 nulla
2922 3205 3242 3277 significare
3257 3219 3550 3277 personas,
3578 3204 3711 3257 facit
3731 3204 3792 3258 in
3820 3221 3968 3277 prae-

2261 3274 2426 3344 senti,
2453 3275 2779 3343 criminari;
2824 3277 2883 3330 in
2921 3276 3233 3346 praeterito,
3290 3274 3654 3328 criminatum
3677 3285 3680 3292 '
3704 3290 3872 3341 esse;
3907 3275 3966 3329 in

2257 3349 2466 3411 futuro,
2496 3346 2862 3400 criminatum
2906 3346 2998 3401 iri.
3051 3346 3133 3399 Ad
3167 3347 3312 3399 lianc
3350 3347 3594 3399 formam
3625 3346 3967 3400 communia

2256 3419 2426 3473 verba
2456 3417 2770 3472 declinabis
2800 3417 2915 3471 sic:
2939 3418 3159 3485 hortor,
3197 3417 3436 3487 jaculor,
3485 3417 3733 3487 osculor,
3763 3417 3968 3471 nidifi-

2257 3505 2372 3555 cor,
2406 3493 2581 3553 tutor,
2605 3488 2888 3556 consolor,
2919 3492 3156 3554 scrutor,
3205 3486 3426 3552 moror,
3483 3486 3710 3541 feneror
3739 3489 3966 3557 ample-

2258 3567 2401 3628 ctor,
2431 3563 2488 3613 et
2514 3559 2694 3624 furor,
2728 3558 2876 3612 unde
2905 3563 2990 3613 est
3017 3557 3394 3612 furorfuraris
3423 3558 3667 3626 furatur,
3686 3559 3963 3628 comiter,

2257 3631 2542 3692 recordor,
2578 3629 2932 3695 reminiscor,
2965 3633 3323 3700 percunctor,
3368 3628 3575 3694 minor,
3608 3635 3822 3699 gestor,
3870 3630 3964 3699 pi-

2259 3717 2404 3768 scor,
2437 3701 2668 3770 odoror,
2698 3716 2968 3772 aucupor,
3001 3716 3197 3768 venor,
3239 3700 3636 3772 comitemplor,
3667 3701 3963 3772 speculor,

2259 3777 2465 3840 sector,
2504 3787 2764 3836 veneror,
2795 3770 3021 3842 dignor,
3051 3787 3276 3841 precor,
3299 3771 3558 3839 miseror,
3581 3770 3780 3842 vador,
3795 3771 3859 3825 id
3881 3775 3969 3826 est

2259 3844 2521 3908 ﬁdedico,
2556 3841 2894 3914 calumnior,
2926 3848 2984 3896 et
3011 3841 3147 3896 talia
3169 3858 3298 3914 quae
3326 3857 3626 3914 nunquam
3657 3841 3968 3914 deponunt

2259 3930 2287 3967 r
2319 3915 2562 3985 litteram
2589 3929 2754 3985 :nain
2807 3913 2854 3985 si
2896 3913 3206 3985 deponunt,
3239 3913 3416 3967 latina
3445 3929 3572 3985 non
3616 3919 3770 3968 sunt.
3820 3913 3965 3985 Quis

2260 3985 2414 4039 enim
2444 3984 2593 4038 dicat
2617 3984 2940 4048 reminisco,
2968 3982 3074 4039 aut
3100 3985 3353 4050 recordo,
3403 3985 3490 4037 vel
3520 3982 3715 4052 digno,
3754 3984 3844 4038 vel
3876 4000 3962 4037 se-

2260 4061 2348 4109 cto
2368 4056 2395 4109 ?
2415 4056 2561 4127 Ergo
2591 4055 2922 4110 memineris
2950 4055 3073 4109 haec
3103 4071 3331 4127 semper
3355 4071 3485 4110 cum
3505 4070 3534 4108 r
3571 4053 3760 4109 littera
3774 4070 3965 4110 enun-

2259 4127 2425 4182 tiare.

2525 4197 2749 4252 CAPUT
2769 4197 2956 4252 XVIII.
2983 4225 3052 4237 —
3081 4197 3166 4252 De
3192 4197 3350 4251 verbo
3371 4196 3678 4266 deponenti.

2331 4269 2523 4323 Restat
2559 4268 2798 4339 verbum
2825 4267 3138 4339 deponens,
3183 4268 3336 4339 quod
3381 4268 3510 4339 ideo
3542 4266 3771 4339 dicitur,
3811 4266 3970 4339 quia

2260 4338 2495 4409 deponit
2525 4338 2743 4410 aliquid
2770 4338 2840 4392 de
2870 4337 3535 4410 qiuantitate'commnnis
3576 4337 3756 4392 verbi.
3808 4337 3959 4392 Nam

2261 4426 2388 4463 cum
2419 4409 2718 4480 participia
2763 4415 3009 4480 quatuor
3057 4410 3262 4464 habeat
3311 4409 3552 4480 verbum
3597 4424 3962 4463 commune:

2260 4479 2533 4550 priesens,
2566 4488 2630 4534 ut
2655 4479 2991 4546 criminans;
3025 4481 3300 4541 futurum,
3334 4479 3744 4550 criminaturus
3767 4499 3784 4546 ;
3811 4495 3965 4549 pra;-

2261 4547 2518 4619 teritum,
2544 4551 2906 4618 criminatus;
2931 4551 3209 4616 futurum,
3232 4547 3652 4619 criminandus:
3677 4563 3709 4600 a
3736 4547 3967 4619 passiva

2263 4618 2674 4694 significatione
2690 4622 3093 4694 criminandus,
3128 4623 3234 4675 hoc
3254 4636 3369 4674 non
3399 4618 3570 4694 liabet
3598 4618 3842 4694 verbum
3866 4621 3965 4675 de-

2263 4689 2594 4772 ponens..Et
2621 4694 2750 4772 ideo
2770 4693 2976 4772 dicitur
2997 4693 3316 4772 deponens,
3339 4689 3474 4760 quia
3499 4689 3737 4768 deponit
3775 4707 3965 4772 unum

2261 4760 2626 4835 participium
2654 4765 2832 4818 futuri
2851 4760 3181 4835 temporisa
3205 4760 3376 4835 verbo
3401 4763 3644 4835 passivo,
3668 4762 3824 4835 quod
3846 4764 3966 4817 exit

2263 4831 2322 4912 iii
2350 4836 2454 4889 dus
2468 4831 2861 4912 syllabamtut
2889 4831 3027 4912 puta
3042 4831 3250 4912 opinor
3277 4832 3362 4884 vel
3394 4831 3586 4912 minor
3615 4832 3964 4912 verba-sunt

2263 4902 2626 4976 deponentia.
2661 4902 2826 4959 Venit
2847 4902 3208 4974 a’participio
3233 4902 3534 4976 praesentis
3562 4903 3865 4972 temporis,
3901 4911 3960 4958 et

2263 4973 2397 5031 facit
2423 4977 2669 5041 minans,
2702 4973 3197 5042 futuro’tenipore
3228 4973 3362 5027 facit
3410 4973 3750 5039 niinaturus,
3806 4991 3962 5044 prea-

2263 5048 2430 5102 terito
2454 5047 2586 5102 facit
2614 5046 2882 5100 minatus.
2900 5045 3155 5098 Futuroa
3177 5044 3590 5114 signiﬁcatione
3620 5045 3830 5114 passivi
3844 5062 3964 5099 non

2263 5119 2395 5172 facit
2435 5118 2738 5172 minandus
2762 5132 2775 5169 :
2799 5115 2878 5168 sic
2908 5115 3148 5184 opinans
3177 5117 3511 5186 opinaturus
3531 5115 3798 5184 opinatus
3828 5116 3961 5186 opi-

2262 5189 2486 5242 iiandns
2508 5204 2622 5241 non
2651 5186 2815 5240 facit:
2839 5186 2925 5239 vel
2955 5186 3001 5239 si
3024 5186 3175 5240 dicas
3197 5188 3448 5242 moriens
3470 5186 3781 5240 moriturus
3805 5203 3958 5241 mor-

2263 5264 2412 5326 tuus,
2442 5275 2558 5312 non
2579 5259 2712 5312 facit
2740 5257 3090 5324 moriendus,
3116 5259 3248 5329 quia
3272 5275 3386 5311 non
3414 5263 3498 5312 est
3521 5257 3788 5329 latinum.
3812 5259 3958 5328 Ergo

2264 5335 2321 5385 et
2350 5331 2457 5384 hoc
2486 5330 2778 5398 deponens
2801 5329 3039 5382 verbum
3091 5328 3169 5384 sic
3198 5329 3481 5401 percurrit
3525 5343 3630 5397 per
3658 5328 3866 5382 modos
3906 5335 3960 5382 et

2262 5405 2522 5472 tempora
2541 5405 2898 5472 etpersonas.
2924 5400 3218 5464 Quomodo
3239 5416 3410 5471 supra
3428 5400 3648 5472 dictum
3679 5404 3786 5464 est,
3809 5417 3962 5472 com-

2265 5471 2436 5526 mune
2464 5471 2700 5525 verbum
2726 5487 2840 5525 non
2871 5472 3127 5543 deposita
3158 5488 3185 5525 r
3211 5472 3400 5525 littera
3427 5471 3669 5543 latinum
3715 5475 3820 5534 est,
3863 5471 3958 5526 de-

2263 5544 2447 5614 posita
2478 5547 2665 5596 autem
2705 5541 2958 5596 latinum
2979 5559 3094 5596 non
3119 5546 3238 5608 est;
3269 5543 3346 5596 sic
3393 5541 3564 5596 etiam
3613 5541 3958 5614 deppnentia

2264 5612 2391 5669 cum
2423 5613 2778 5685 perdiderint
2808 5631 2836 5668 r
2860 5615 3129 5681 litteram,
3162 5613 3337 5668 latina
3366 5629 3479 5667 non
3511 5616 3660 5665 sunt.
3708 5612 3956 5681 Subjicio

2263 5687 2454 5757 itaque
2483 5701 2635 5757 nunc
2658 5701 2838 5757 pauca
2863 5687 3035 5740 verba
3055 5685 3643 5757 deponentia,czetera
3671 5697 3813 5737 usus
3832 5685 3954 5738 lati-

2263 5755 2378 5811 nus
2392 5756 2634 5812 docebit.
2661 5755 2810 5812 Sunt
2839 5763 3029 5812 autem
3052 5773 3066 5810 :
3099 5755 3319 5828 opinor,
3353 5755 3562 5828 minor,
3585 5759 3804 5828 grator,
3830 5771 3952 5828 gra-

2263 5829 2435 5898 tulor,
2469 5829 2730 5900 arbitror,
2753 5829 3062 5900 gratiticor,
3093 5827 3376 5900 auspicor,
3400 5827 3700 5894 misereor,
3744 5827 3953 5882 lenoci-
