4056 6400
167 327 315 380 1401

157 463 327 519 nor,
346 447 610 515 meditor,
641 447 843 519 luctor,
875 462 1072 514 conor,
1102 447 1402 519 suﬁ‘ragor,
1448 465 1664 516 vescor,
1697 451 1879 511 laetor,

161 518 422 586 morior,
451 517 796 593 stomachor,
827 517 1303 593 hariolor,_lezor;
1332 519 1388 574 id
1410 523 1494 593 est
1542 522 1729 575 colore
1758 522 1882 593 pin-

160 605 312 659 gor,
345 595 601 662 argutor,
640 589 906 662 paciscor,
940 591 1305 660 complector,
1362 591 1645 659 adversor,
1681 589 1880 662 angor,

163 677 414 732 queror,
447 677 478 714 a
508 661 1222 732 signiﬁcationequerelaa,
1279 663 1512 726 macior,
1551 661 1882 732 ratiocinor,

164 731 575 805 argumentor,
609 731 888 794 blandior,
921 731 1164 805 fabulor,
1198 733 1371 798 nitor,
1403 734 1568 788 labor
1597 751 1630 787 a
1659 731 1884 805 siguili-L

165 804 405 857 catione
440 804 650 872 lapsus,
679 818 870 873 vagor,
903 803 1167 868 rusticor,
1206 804 1534 869 concionor,
1592 805 1651 860 id
1704 803 1789 860 est
1813 806 1884 859 ad

167 875 724 947 populumloquor,
759 890 1036 947 mercor,__
1061 875 1352 940 vociferor,
1386 876 1701 941 nanciscor,
1732 877 1881 947 quod

169 952 271 999 est
291 945 544 1017 invenio,
577 945 849 1017 suspicor,
881 949 936 998 et
967 945 1094 999 alia.
1129 946 1472 1012 Memineris,
1501 953 1566 1001 ut
1591 950 1710 1017 jam
1742 945 1879 1013 dixi,

172 1032 316 1070 cum
348 1032 376 1070 r
405 1016 593 1069 littera
623 1016 923 1069 enuntiare
949 1032 1114 1070 :nam
1139 1033 1308 1070 nemo
1339 1018 1473 1071 dicit
1501 1016 1753 1082 blandio,
1787 1023 1904 1086 aut,

172 1087 426 1157 pacisco.
459 1087 548 1141 Sic
581 1088 702 1140 haec
729 1087 923 1140 omnia
951 1087 1308 1141 declinantur
1339 1089 1406 1143 ad
1438 1089 1681 1143 formam
1709 1089 1881 1144 decli-

174 1158 435 1212 nationis
455 1158 776 1211 communis
803 1159 987 1210 verbis
1012 1159 1165 1229 quod
1194 1159 1310 1212 dixi
1340 1159 1629 1215 criminor.

177 1230 412 1284 CAPUT
441 1231 572 1285 XIX.
605 1259 674 1269 —
703 1231 787 1284 De
812 1233 1272 1298 neutro—passivis
1320 1235 1369 1284 et
1410 1231 1878 1300 impersonalibus.

252 1301 639 1372 Tractavimus
673 1316 810 1372 ergo
839 1300 1011 1354 verba
1041 1302 1237 1368 activa,
1282 1317 1410 1372 quae
1461 1302 1587 1356 ideo
1618 1303 1885 1356 dicuntur

179 1371 255 1426 ab
285 1371 548 1443 agendo:
583 1370 948 1443 tractavimus
979 1373 1279 1437 neutralia,
1298 1370 1442 1443 quae
1472 1373 1598 1426 ideo
1629 1374 1739 1426 tale
1779 1390 1882 1427 no-

179 1442 653 1515 menaccipiunt,
683 1442 834 1513 quod
858 1458 960 1495 nec
973 1448 1146 1515 agunt
1172 1442 1406 1514 aliquid,
1429 1461 1533 1498 nec
1563 1444 1878 1515 patiuntur;

179 1517 246 1567 ut
282 1513 550 1579 diximus,
583 1518 688 1579 sto,
714 1515 900 1582 jaceo,
934 1513 1121 1579 sedeo,
1152 1513 1319 1579 cubo,
1356 1519 1410 1568 et
1440 1513 1882 1569 aliafTractavi-

179 1601 314 1656 mus
343 1585 519 1638 etiam
540 1585 651 1638 alia
679 1584 982 1656 neutralia,
1015 1600 1143 1654 quas
1175 1590 1354 1655 agunt
1384 1586 1619 1656 aliquid,
1639 1588 1732 1639 sed
1765 1602 1884 1639 non

178 1655 502 1727 patiuntur,
535 1661 591 1708 et
610 1655 772 1726 quasi
802 1655 1228 1727 semineutralia
1271 1655 1538 1710 dicuntur
1569 1673 1583 1710 :
1632 1662 1694 1710 ut
1723 1662 1878 1722 nato,

178 1726 375 1780 eurro.
408 1727 534 1780 Alia
560 1743 688 1797 quas
709 1726 1020 1796 patiantur,
1049 1731 1104 1780 et
1142 1743 1258 1780 non
1285 1733 1460 1796 agant
1487 1744 1500 1781 :
1540 1731 1604 1782 ut
1651 1729 1880 1797 vapulo,

180 1798 429 1869 pendeo,
446 1797 608 1864 sudo,
626 1799 808 1867 algeo,
825 1803 1022 1861 aestuo,
1055 1798 1264 1867 ferveo,
1277 1799 1479 1864 febrio,
1501 1799 1746 1861 somnio,
1763 1815 1882 1852 me-

178 1869 351 1934 ridio,
366 1869 548 1935 rigeo,
565 1869 763 1936 frigeo,
779 1874 994 1928 tumeo.
1009 1869 1278 1939 langueo,
1303 1870 1651 1936 oleo,rubeo,
1667 1870 1880 1939 fulgeo,

179 1945 404 2010 stupeo,
419 1940 1085 1994 etalia.Ha3comniatam
1099 1942 1157 1994 in
1171 1940 1394 2011 iis,qum
1410 1957 1771 2011 nequaquam
1785 1941 1884 1994 ali-

179 2011 322 2082 quid
347 2016 548 2080 agunt,
564 2027 667 2064 nec
679 2011 997 2080 patiuntur,
1014 2027 1185 2081 quam
1201 2013 1374 2065 etiam
1389 2013 1448 2064 in
1462 2012 1529 2064 iis
1543 2028 1669 2081 quae
1685 2015 1882 2081 agunt,

181 2097 290 2136 nec
301 2083 986 2152 patiuntur.quamquein
999 2083 1069 2135 iis
1083 2099 1210 2152 quae
1229 2084 1526 2152 patiuntur
1537 2083 1749 2152 aliquid
1760 2098 1884 2150 ,nec

183 2158 378 2208 tamen
393 2158 588 2223 agunt,
605 2169 898 2222 nunquam
913 2152 1177 2220 adjicitur
1197 2153 1255 2206 in
1271 2154 1358 2208 his
1371 2153 1556 2206 littera
1575 2170 1620 2220 r,
1639 2170 1770 2206 nam
1795 2155 1882 2206 in-

180 2225 408 2295 cipiunt
435 2240 547 2277 non
578 2240 697 2277 esse
729 2224 924 2277 latina.
958 2224 1342 2277 Tractavimus
1368 2224 1506 2278 item
1527 2225 1874 2286 communia,

181 2295 556 2366 exposuimus
584 2295 737 2349 unde
768 2295 1096 2347 communia
1121 2295 1410 2366 dicuntur,
1445 2295 1580 2366 quia
1600 2295 1883 2348 actionem

182 2365 341 2420 in’se
373 2371 592 2436 tenent,
616 2372 671 2419 et
685 2365 1426 2436 passionem.Tractavimus
1455 2365 1884 2436 deponentia,et

183 2437 556 2507 exposuimus
579 2453 756 2507 quare
779 2437 1039 2490 dicantur
1053 2437 1416 2507 deponentia,
1433 2437 1567 2507 quia
1589 2438 1885 2508 deponunt

182 2508 368 2562 futuri
394 2509 670 2577 temporis
706 2508 1073 2578 participium
1126 2526 1159 2561 a
1183 2509 1600 2577 signiﬁcatione
1636 2509 1879 2578 passiva,

183 2579 458 2651 quodexit
475 2580 545 2651 in
575 2580 842 2651 dus,quia
863 2579 1212 2651 moriendus,
1231 2580 1582 2649 gloriandus,
1599 2580 1886 2633 blandien-

186 2650 311 2711 dus,
326 2656 382 2704 et
412 2650 521 2703 alia
545 2666 674 2721 quas
696 2650 928 2703 veniunt
950 2667 981 2702 a
1002 2650 1421 2720 deponentibus
1442 2651 1648 2718 verbis,
1664 2667 1780 2703 non
1811 2651 1885 2703 di-

184 2721 392 2775 cimus.
425 2721 572 2776 Sane
602 2721 813 2775 artium
845 2721 1145 2790 scriptores
1179 2722 1510 2790 adjecerunt
1530 2722 1700 2775 aliam
1729 2723 1879 2775 verbi

181 2792 454 2863 speciem,
488 2808 662 2862 quam
689 2798 1030 2846 vocaverunt
1079 2798 1283 2846 neutro
1313 2793 1614 2861 passivam,
1648 2792 1746 2846 sed
1780 2793 1884 2846 hoc

182 2863 478 2917 novellum
510 2879 689 2933 genus
735 2863 891 2917 verbi
922 2863 1208 2932 euphonia
1241 2863 1478 2929 invenit,
1512 2870 1567 2916 et
1598 2865 1657 2917 in
1689 2864 1884 2932 paucis

182 2940 273 2988 est
302 2933 506 2998 verbis,
532 2939 596 2987 ut
624 2934 863 3004 gaudeo.
897 2933 1179 2998 Quoniam
1201 2934 1411 2988 durum
1445 2939 1565 2988 erat
1591 2941 1654 2988 ut
1671 2934 1884 2987 dicere-

180 3022 313 3059 mus
345 3005 630 3074 prmterito
663 3011 918 3075 tempore
937 3004 1136 3075 gavisi,
1162 3011 1529 3058 mutaverunt
1555 3005 1639 3058 illi
1674 3021 1877 3059 sonum

182 3077 256 3130 de
289 3075 578 3147 praeterito
625 3081 883 3146 tempore
928 3075 1134 3145 passivi
1165 3076 1342 3140 verbi,
1376 3076 1597 3145 gaudeo
1656 3076 1880 3145 gavisus

181 3146 334 3213 sum,
369 3146 446 3200 sic
475 3147 656 3200 audeo
687 3163 857 3200 ausus
887 3164 1033 3210 sum,
1059 3147 1212 3201 soleo
1243 3147 1443 3200 solitus
1473 3163 1620 3212 sum,
1654 3148 1732 3200 sic
1766 3147 1879 3201 ﬁdo

181 3219 323 3272 ﬁsus
353 3234 499 3272 sum.
533 3218 638 3272 Sed
679 3219 850 3288 hujus
902 3219 1031 3272 novi
1061 3218 1287 3287 generis
1317 3234 1620 3288 perpauca.
1654 3219 1796 3272 Sunt
1825 3222 1883 3272 et

181 3290 298 3343 alia
323 3291 584 3360 quendam
601 3305 778 3358 pauca
799 3289 987 3352 verba,
1013 3305 1142 3360 quae
1170 3289 1576 3358 impersonalia
1592 3288 1879 3354 dicuntur,

181 3367 243 3414 et
273 3365 482 3414 exeunt
514 3376 614 3430 per
657 3360 920 3429 syllabas,
969 3366 1025 3414 et
1058 3365 1184 3414 tur:
1221 3360 1422 3418 Pudet.
1474 3360 1665 3426 taidet,
1699 3361 1880 3425 decet,

182 3432 343 3496 libet,
377 3431 636 3502 paenitet,
679 3436 852 3499 patet,
885 3432 1062 3501 piget,
1097 3430 1346 3496 miseret,
1398 3433 1614 3502 liquet:
1668 3437 1724 3484 et
1753 3431 1885 3484 inde

183 3503 455 3557 dicuntur
480 3501 901 3572 impersonalia,
947 3503 1083 3572 quia
1131 3508 1326 3556 carent
1355 3501 1611 3572 personis
1641 3502 1882 3570 duabus,

183 3573 372 3644 prima
401 3577 458 3626 et
481 3573 748 3639 secunda,
769 3578 825 3626 et
845 3573 1024 3627 solam
1056 3575 1269 3628 habent
1297 3573 1526 3627 tertiam
1555 3589 1880 3643 personam.

185 3645 330 3698 Nam
360 3659 462 3697 nec
491 3644 679 3713 pudeo
710 3644 889 3714 pudes
910 3644 1173 3712 dicimus,
1214 3660 1318 3697 nec
1350 3644 1521 3698 deceo
1565 3645 1749 3711 deces,
1781 3660 1886 3697 nec

185 3715 337 3770 libeo
366 3715 532 3782 libes,
559 3731 662 3786 nec
687 3715 854 3786 pigeo
888 3715 1070 3785 piges,
1097 3731 1202 3769 nec
1232 3715 1474 3769 misereo
1503 3715 1759 3782 miseres,
1783 3730 1886 3768 nec

184 3786 437 3856 poeniteo
490 3785 752 3854 paenites,
782 3803 885 3839 nec
912 3792 1078 3855 pateo
1122 3791 1302 3856 pates,
1330 3802 1434 3839 nec
1464 3785 1655 3856 liqueo
1679 3786 1881 3854 liques.

184 3855 339 3912 Scias
363 3859 739 3927 autemgpatet
780 3862 836 3910 et
863 3856 1044 3927 liquet
1090 3855 1198 3910 hoc
1229 3855 1568 3926 signiﬁcare,
1602 3857 1756 3926 quod
1798 3855 1883 3910 di-

184 3928 388 3993 cimus,
417 3925 785 3981 manifestum
816 3925 1026 3983 estht
1051 3928 1098 3981 si
1130 3925 1304 3990 dicas,
1340 3929 1404 3981 Et
1434 3927 1481 3981 si
1511 3925 1668 3998 patet
1699 3931 1755 3980 te
1780 3927 1886 3980 hoc

185 3999 416 4066 dixisse,
443 3998 714 4070 injuriam
747 3998 960 4070 fecisti:
1009 4000 1116 4053 hoc
1171 3998 1457 4070 signiﬁcat
1497 4004 1553 4052 et
1590 3998 1792 4070 liquet,
1825 3998 1885 4070 id

183 4075 271 4124 est
299 4069 664 4123 manifestum
687 4075 789 4123 est.
823 4069 1014 4123 Taedet
1044 4068 1246 4124 autem
1284 4069 1519 4123 taedium
1554 4085 1672 4122 esse
1704 4068 1884 4134 signi-

184 4141 338 4210 ﬁcat,
367 4141 654 4221 quomodo
681 4141 856 4221 piget,
886 4141 1371 4221 quasipigritiam
1402 4139 1702 4221 signiﬁcat.
1741 4141 1900 4210 Nam,

183 4228 315 4266 cum
346 4211 607 4278 dicimus,
639 4211 796 4282 piget
824 4220 916 4265 me
963 4211 1195 4278 fecisse;
1232 4212 1338 4266 hoc
1367 4217 1452 4265 est
1505 4212 1712 4276 dicere,
1769 4227 1883 4264 non

184 4282 372 4352 surgit
407 4298 569 4336 meus
610 4281 837 4336 animus
887 4283 1127 4351 probare
1178 4283 1334 4352 quod
1365 4281 1494 4337 feci.
1536 4284 1662 4336 Haac
1693 4286 1884 4336 autem

185 4353 384 4407 omnia
411 4354 580 4407 verba
607 4354 688 4406 sic
739 4352 1125 4408 declinantur:
1178 4355 1358 4408 Pudet
1387 4370 1499 4414 me,
1561 4353 1880 4424 pigetﬂme,

185 4425 420 4478 miseret
445 4441 560 4490 me,
595 4425 834 4495 poenitet
863 4440 972 4478 me.
1006 4426 1220 4478 Prmter
1247 4425 1387 4487 haec,
1448 4424 1588 4478 libet
1617 4430 1673 4478 et
1728 4423 1879 4492 licet,

184 4501 339 4565 patet
369 4499 424 4549 et
453 4496 650 4566 liquet.
688 4497 782 4550 His
798 4495 953 4548 enim
983 4495 1235 4548 dativum
1259 4496 1560 4566 jungimus
1581 4511 1796 4559 casum,
1819 4499 1886 4549 ut

184 4567 324 4621 libet
345 4566 484 4620 mihi
507 4568 604 4635 (α),
620 4565 752 4620 licet
771 4567 934 4632 mihi,
951 4571 1107 4637 patet
1128 4567 1293 4633 mihi,
1315 4565 1493 4637 liquet
1517 4566 1675 4620 mihi.
1692 4566 1884 4619 Altera

185 4653 316 4692 vero
347 4637 561 4708 species
591 4655 720 4708 quas
749 4638 808 4691 in
840 4642 934 4691 tur
961 4637 1093 4702 exit,
1149 4642 1207 4692 et
1254 4637 1372 4706 ipsa
1406 4637 1882 4708 impersonalium

185 4709 492 4762 verborum
523 4714 628 4772 est,
661 4714 726 4762 ut
756 4709 895 4776 itur,
923 4709 1191 4776 curritur,
1223 4713 1494 4774 certatur,
1551 4712 1842 4778 pugnatur
1868 4724 1879 4760 :

185 4780 429 4851 primam
453 4783 508 4832 et
537 4779 844 4833 secundam
877 4795 1183 4851 personam
1213 4795 1330 4832 non
1355 4779 1602 4832 habent:
1626 4795 1758 4832 nam
1780 4794 1884 4851 nec

184 4849 285 4906 eor
315 4851 436 4915 iris,
477 4865 580 4904 nec
611 4866 810 4904 curror
857 4850 1122 4918 curreris,
1171 4866 1274 4903 nec
1319 4866 1548 4920 pugnor
1584 4849 1881 4920 pugnaris,

184 4939 296 4976 nec-
318 4927 504 4976 certor
532 4921 765 4975 certaris
786 4921 1014 4975 dicitur.
1064 4922 1127 4974 Et
1151 4920 1508 4974 declinantur
1537 4921 1659 4974 haac
1688 4920 1880 4985 verba,

184 4995 302 5047 itur
333 5011 364 5047 a
389 5008 502 5058 me,
537 5008 569 5046 a
597 4998 673 5056 te,
710 4993 780 5046 ab
809 4992 942 5047 illo:
978 4997 1269 5062 pugnatur
1297 5008 1328 5045 a
1353 5007 1462 5057 me,
1492 5008 1524 5044 a
1551 4997 1626 5056 te,
1661 4991 1730 5044 ab
1760 4991 1876 5044 illo.

183 5065 271 5120 Sic
302 5064 360 5118 in
389 5063 677 5134 praeterito
707 5063 1042 5133 imperfecto
1070 5063 1260 5117 ibatur
1289 5079 1318 5115 a
1349 5079 1460 5130 me,
1487 5078 1520 5116 a
1549 5067 1622 5126 te,
1651 5063 1721 5116 ab
1749 5062 1879 5115 illo:

184 5137 610 5207 pugnabatur_a
635 5151 748 5207 me,
793 5139 932 5201 ate,
975 5134 1050 5207 _ab
1082 5134 1179 5188 illo
1198 5150 1219 5207 7:
1268 5134 1591 5207 certabatur
1631 5152 1664 5187 a
1705 5149 1818 5201 me,
1850 5150 1884 5186 a

185 5205 364 5273 te,'ab
395 5207 513 5260 illo.
548 5205 638 5260 Sic
669 5206 731 5259 in
757 5205 1048 5275 praaterito
1080 5205 1514 5276 perfecto.itum
1545 5208 1627 5258 est
1657 5221 1691 5258 a
1718 5220 1884 5270 me,a

185 5281 260 5342 te,
295 5279 365 5331 ab
390 5278 527 5331 illo:
559 5293 790 5330 cursum
819 5280 902 5329 est
929 5292 962 5330 a
991 5291 1102 5341 me,
1133 5293 1166 5330 θ.
1193 5281 1268 5337 te,
1303 5277 1373 5330 ab
1401 5276 1534 5330 illo:
1559 5282 1883 5346 pugnatum

183 5353 268 5403 est
297 5367 330 5402 a
362 5365 475 5414 me,
508 5352 646 5413 ate,
680 5347 750 5401 ab
790 5347 923 5401 illo:
980 5351 1260 5402 certatum
1293 5352 1375 5401 est
1407 5364 1440 5400 a
1471 5363 1584 5414 me,
1617 5365 1647 5400 a
1691 5351 1768 5412 te,
1809 5347 1880 5400 ab

183 5420 302 5475 illo.
332 5420 420 5474 Sic
448 5419 507 5472 in
537 5418 829 5489 praeterito
858 5419 1164 5488 plusquam
1195 5419 1446 5489 perfecto
1481 5420 1624 5472 itum
1682 5421 1804 5471 erat
1850 5433 1883 5470 a

183 5507 292 5554 me,
328 5508 361 5544 a
390 5495 466 5556 te,
501 5491 569 5544 ab
615 5489 752 5543 illo:
804 5505 1032 5544 cursum
1083 5495 1205 5543 erat
1248 5507 1278 5543 a
1309 5506 1419 5557 me,
1454 5507 1487 5543 a
1532 5494 1609 5554 te,
1644 5489 1714 5542 ab
1745 5489 1878 5542 illo:

182 5566 504 5634 pugnatum
525 5566 652 5634 erat
675 5578 708 5615 a
742 5577 920 5634 me,_a
947 5565 1025 5634 te,
1065 5561 1135 5614 ab
1162 5561 1301 5614 illo:
1356 5565 1634 5634 certatum
1682 5564 1804 5613 erat
1849 5575 1882 5612 a

183 5631 292 5701 ine,
326 5650 356 5687 a
387 5637 461 5694 te,
490 5633 559 5687 ab
584 5632 700 5686 illo.
737 5632 826 5686 Sic
854 5632 914 5685 in
944 5632 1136 5685 futuro
1168 5636 1424 5702 tempore
1454 5631 1629 5685 ibitur
1683 5647 1717 5684 a
1765 5647 1877 5702 me,

181 5725 214 5761 a
242 5711 320 5774 te,
353 5704 424 5760 ab
455 5703 586 5758 illo:
638 5709 900 5757 curretur
929 5719 961 5757 a
990 5718 1102 5768 me,
1139 5719 1172 5755 a
1200 5701 1381 5772 te,’ab
1439 5703 1557 5757 illo:
1592 5701 1878 5775 pugnabi-

245 5788 320 5848 πα)
347 5786 414 5836 At
438 5785 765 5845 Augustinus
792 5784 984 5848 passim
999 5783 1180 5846 jungit
1204 5784 1580 5834 accusativum.

1738 321 2107 384 APPENDIX
2121 369 2134 382 .

3556 332 3571 383 l
3585 330 3689 384 402

1993 455 2087 505 tur
2116 469 2148 505 a
2179 467 2290 516 me,
2326 455 2452 518 ate,
2486 450 2557 506 ab
2583 450 2712 505 illo:
2748 449 3062 504 certabitur
3090 467 3124 505 a
3151 466 3264 518 me,
3297 469 3330 506 a
3359 457 3433 519 te,
3466 452 3534 507 ab
3555 453 3682 509 illo:

1995 523 2073 576 sic
2097 522 2314 592 plurale
2345 539 2376 575 a
2402 523 2585 590 nobis,
2620 540 2652 576 a
2675 522 2854 590 vobis,
2877 520 3093 593 abillis.
3121 523 3461 593 Imperativo
3494 526 3680 590 modo,

1994 600 2157 647 eatur
2185 610 2219 646 a
2271 609 2383 656 me,
2415 611 2444 648 a
2485 600 2559 660 te,
2588 595 2656 647 ab
2685 593 2781 647 illo
2813 613 2828 659 ;
2860 610 2892 645 a
2923 592 3106 659 nobis,
3156 610 3187 646 a
3217 592 3394 659 vobis,
3450 594 3518 648 ab
3551 596 3680 650 illis.

1994 665 2156 719 Modo
2192 664 2459 735 optativo,
2494 665 2712 718 utinam
2753 664 2932 717 iretur
2961 681 2994 716 a
3023 680 3132 727 me,
3161 681 3193 717 a
3239 669 3314 731 te,
3374 665 3444 718 ab
3485 665 3621 731 illo;
3654 684 3684 720 a

1991 736 2177 799 nobis,
2202 752 2237 789 a
2263 735 2440 800 vobis,
2467 736 2535 788 ab
2567 737 2699 789 illis.
2735 735 3026 790 Praeterito
3045 735 3296 804 perfecto
3320 737 3688 806 etplusquam

1991 808 2259 877 perfecto,
2299 807 2517 859 utinam
2566 806 2709 860 itum
2763 812 2907 859 esset
2937 823 2970 860 a
3003 822 3111 873 me,
3147 823 3180 858 a
3210 812 3285 870 te,
3340 808 3409 860 ab
3444 807 3541 860 illo
3576 823 3590 861 :
3631 813 3688 862 et

1991 877 2292 948 pluraliter
2322 894 2354 930 a
2385 877 2565 940 nobis,
2602 894 2634 930 a
2663 877 2840 940 vobis,
2873 877 2941 929 ab
2995 877 3121 930 illis.
3163 878 3373 931 Futuro
3404 882 3684 948 tempore,

1995 949 2213 1002 utinam
2245 953 2450 1001 eatura
2471 963 2583 1013 me,
2616 953 2747 1012 ate,
2785 948 2852 1001 ab
2885 948 3022 1001 illo:
3061 948 3360 1018 pluraliter
3390 965 3422 1001 a
3455 949 3686 1015 nobis,a

1992 1021 2168 1081 vobis,
2203 1019 2271 1072 ab
2303 1019 2432 1072 illis.
2473 1018 2636 1072 Modo
2667 1019 3020 1088 conjunctivo
3078 1024 3334 1089 tempore
3393 1020 3679 1088 praesenti,

1992 1108 2121 1145 cum
2150 1095 2412 1144 curratur
2439 1106 2471 1143 a
2509 1106 2620 1156 me,
2654 1106 2686 1142 a
2719 1094 2788 1148 te,
2831 1090 2900 1142 ab
2932 1089 3028 1159 illo
3055 1105 3068 1143 :
3103 1096 3158 1143 et
3190 1089 3490 1159 pluraliter
3518 1107 3549 1143 a
3588 1108 3684 1144 no-

1992 1162 2100 1230 bis,
2128 1179 2160 1215 a
2188 1161 2369 1226 vobis,
2394 1161 2464 1214 ab
2482 1161 2618 1214 illis.
2649 1159 2940 1214 Prmterito
2971 1158 3321 1228 imperfecto,
3346 1178 3473 1214 cum
3497 1178 3683 1216 curre—

1956 1275 1969 1284 .
1990 1238 2148 1287 retur
2179 1249 2211 1286 a
2241 1248 2350 1294 me,
2385 1248 2417 1284 a
2464 1237 2538 1296 te,
2573 1232 2643 1285 ab
2674 1231 2772 1284 illo
2799 1247 2811 1284 :
2845 1230 3138 1300 pluraliter
3159 1247 3191 1283 a
3223 1232 3402 1295 nobis,
3441 1248 3472 1284 a
3496 1233 3673 1296 vobis,

1993 1304 2061 1358 ab
2092 1303 2219 1357 illis.
2256 1303 2546 1357 Praeterito
2573 1304 2841 1372 perfecto,
2872 1317 3001 1354 cum
3026 1317 3254 1354 cursum
3273 1303 3393 1356 sita
3416 1319 3521 1363 me,
3548 1321 3580 1356 a
3603 1308 3680 1369 te,

1993 1376 2062 1429 ab
2093 1376 2217 1429 illo:
2252 1374 2548 1444 pluraliter
2576 1391 2609 1428 a
2638 1373 2826 1438 nobis,
2859 1389 2891 1425 a
2913 1372 3089 1433 vobis,
3122 1373 3192 1425 ab
3220 1373 3349 1426 illis.
3387 1374 3680 1427 Prazterito

1991 1446 2298 1516 plusquam
2327 1446 2602 1514 perfecto,
2635 1461 2766 1498 cum
2792 1459 3021 1516 cursum
3051 1448 3200 1516 esset
3230 1459 3402 1516 aume,
3437 1461 3470 1497 a
3501 1449 3576 1510 te,
3612 1445 3682 1498 ab

1991 1513 2089 1570 illo
2123 1513 2469 1586 {pluraliter
2516 1532 2548 1569 a
2603 1516 2786 1582 nobis,
2836 1514 3072 1586 avobis,
3134 1513 3400 1586 abillis.
3453 1516 3684 1583 Futuro,

1992 1605 2122 1642 cum
2148 1584 2378 1641 cursum
2407 1586 2515 1639 erit
2542 1603 2572 1638 a
2599 1602 2711 1653 me,
2770 1601 2802 1638 a
2829 1590 2903 1650 te,
2928 1586 2998 1639 ab
3029 1585 3125 1638 illo
3152 1601 3164 1649 ;
3199 1584 3495 1654 pluraliter
3529 1602 3562 1638 a
3589 1601 3686 1638 no-

1992 1659 2098 1724 bis,
2133 1676 2166 1712 a
2201 1659 2381 1718 vobis,
2407 1658 2478 1711 ab
2499 1657 2629 1711 illis.
2661 1657 2825 1711 Modo
2851 1656 3098 1724 inﬁnito,
3129 1656 3282 1709 curri
3305 1656 3474 1709 debet
3504 1673 3538 1709 a
3570 1671 3683 1725 me,

1993 1747 2022 1783 a
2050 1736 2124 1795 te,
2157 1730 2227 1783 ab
2258 1730 2385 1783 illo:
2419 1735 2475 1782 et
2504 1728 2802 1798 pluraliter
2830 1744 2862 1780 a
2894 1728 3077 1798 nobis,
3126 1744 3159 1780 a
3185 1726 3385 1798 vobis,
3429 1727 3498 1780 ab
3550 1726 3683 1798 illis.

1993 1801 2282 1855 Prmterito
2311 1797 2590 1869 tempore,
2621 1815 2850 1852 cursum
2879 1814 3000 1869 esse
3028 1797 3296 1869 debuita
3315 1813 3425 1860 me,
3461 1801 3585 1862 ate,
3617 1797 3686 1851 ab

1992 1872 2090 1925 illo
2123 1889 2134 1925 :
2170 1876 2224 1925 et
2249 1867 2548 1940 pluraliter
2576 1867 2607 1922 a
2640 1869 2820 1933 nobis,
2855 1885 2886 1921 a
2915 1868 3087 1933 vobis,
3119 1868 3188 1921 ab
3219 1867 3370 1940 illisi
3398 1869 3685 1940 Tempore

1990 1944 2209 2010 futuro,
2239 1938 2468 1995 cursum
2514 1940 2584 1994 iri
2617 1941 2786 1994 debet
2815 1957 2846 1993 a
2878 1955 2990 2004 me,
3020 1955 3054 1991 a
3092 1943 3169 2007 te,
3221 1939 3290 1993 ab
3315 1938 3446 1992 illo:
3483 1944 3539 1993 et
3567 1939 3690 2010 plu-

1991 2014 2188 2067 raliter
2213 2030 2246 2066 a
2272 2013 2457 2077 nobis,
2487 2029 2520 2064 a
2551 2011 2731 2072 vobis,
2767 2011 2834 2063 ab
2867 2010 2997 2063 illis.

1993 2085 2217 2140 CAPUT
2262 2085 2367 2138 ΧΧ.
2409 2112 2478 2123 -
2509 2084 2592 2137 De
2619 2083 2965 2146 inchoativis,
2998 2081 3441 2150 frequentativis,
3466 2085 3516 2135 ct
3545 2081 3684 2136 desi-

2627 2153 2886 2206 derati'vis
2907 2153 3082 2206 verbis

2062 2227 2204 2281 Sunt
2233 2224 2342 2279 alia
2370 2224 2560 2290 verba,
2585 2241 2714 2295 quae
2740 2224 3064 2277 inchoativa
3086 2221 3372 2295 dicuntur,
3406 2225 3462 2295 et
3474 2238 3549 2295 _ex
3584 2239 3684 2275 su-

1991 2297 2110 2352 bita
2159 2296 2456 2351 affectione
2495 2293 2822 2360 nascuntur,
2857 2299 2913 2349 et
2942 2298 3150 2348 exeunt
3175 2293 3238 2346 in
3267 2309 3357 2346 sco
3387 2293 3686 2362 syllabam,

1992 2374 2056 2422 ut
2087 2368 2258 2422 ardeo
2285 2368 2538 2431 ardesco,
2563 2367 2716 2420 caleo
2732 2368 2964 2432 calesco,
2990 2365 3202 2418 candeo
3225 2365 3525 2432 candesco,
3555 2363 3686 2418 labo

1995 2441 2239 2504 labasco,
2271 2443 2434 2509 tepeo
2466 2442 2709 2508 tepesco,
2734 2438 2921 2492 ferveo
2982 2436 3421 2509 fervesco,vireio
3456 2434 3689 2509 viresco,

1993 2512 2155 2580 algeo
2183 2507 2428 2581 alges—co,
2445 2507 2667 2562 dormio
2683 2509 2985 2572 dormisco,
3014 2512 3070 2562 et
3090 2507 3338 2581 reliqua.
3355 2508 3482 2581 Haec
3502 2507 3694 2581 omnia

2034 2577 2347 2635 rieterit'um
2380 2597 2496 2634 non
2548 2581 2803 2635 habent:
2856 2595 2988 2632 nam
3044 2583 3232 2649 potest
3255 2577 3407 2649 calui
3447 2581 3516 2649 et;
3551 2577 3692 2631 fervi

2017 2658 2195 2720 acere,
2227 2657 2281 2705 et
2307 2668 2424 2705 non
2464 2651 2677 2705 calesco
2723 2651 2810 2704 vel
2841 2647 3090 2705 fervesc'o
3121 2648 3402 2720 caluifecit
3436 2647 3520 2700 vel
3555 2649 3690 2701 feri-

1992 2724 2212 2777 vifecit:
2240 2723 2334 2775 sed
2361 2739 2393 2775 a
2421 2722 2609 2775 ferveo
2640 2722 2800 2787 fervi,
2835 2738 2867 2774 a
2897 2723 3050 2775 caleo
3072 2719 3242 2786 calui,
3261 2735 3395 2772 nam
3429 2720 3691 2788 calescui,

1993 2792 2269 2848 fervescui
2301 2797 2356 2845 et
2384 2792 2621 2845 virescui
2654 2792 2830 2845 latina
2873 2808 2989 2844 non
3044 2796 3196 2844 sunt.
3244 2791 3306 2843 Et
3338 2791 3466 2844 ideo
3495 2790 3690 2844 dicun-

1993 2871 2085 2920 tur
2110 2863 2430 2918 inchoativa
2458 2864 2816 2933 praeteritum
2857 2867 3084 2931 tempus
3116 2877 3228 2914 non
3259 2861 3467 2914 habere
3502 2878 3514 2914 :
3559 2861 3694 2933 quia

1995 2953 2123 3006 quae
2153 2931 2510 3006 inchoamus,
2548 2935 2734 2986 adhuc
2774 2933 3020 3003 perfecta
3051 2947 3170 2985 non
3199 2937 3349 2985 sunt.
3387 2933 3452 3006 Et
3500 2931 3694 2985 omnia

1987 3002 2110 3063 Haec
2156 3023 2284 3077 quas
2329 3005 2443 3059 dixi
2482 3005 2542 3058 in
2581 3022 2672 3058 sco
2707 3002 3158 3077 exire,_semper
3210 3002 3492 3077 neutralia
3537 3007 3687 3068 sunt,

1988 3096 2092 3133 nec
2124 3073 2410 3147 accipiunt
2431 3092 2460 3129 r
2489 3077 2753 3136 litteram,
2782 3080 2841 3147 et
2865 3074 2991 3128 ideo
3023 3073 3297 3147 admonui
3319 3089 3438 3126 esse
3470 3077 3695 3147 neutra-

1990 3150 2088 3204 lia.
2117 3143 2295 3202 Necte
2318 3148 2659 3200 conturbent
2681 3146 2945 3216 quaedam
2975 3147 3145 3198 verba
3171 3143 3230 3196 in
3252 3160 3380 3196 scor
3399 3143 3685 3216 exeuntia,

1993 3227 2051 3275 et
2080 3225 2275 3273 tamen
2302 3219 2600 3272 admittere
2631 3214 2984 3288 praeteritum
3009 3223 3254 3288 tempus,
3277 3219 3360 3288 _ut
3389 3214 3694 3288 obliviscor

1995 3292 2205 3346 oblitus
2234 3306 2382 3355 sum,
2417 3285 2670 3359 paciscor
2711 3295 2908 3359 pactus
2956 3304 3100 3354 sum,
3136 3285 3429 3359 adipiscor‘
3451 3285 3690 3359 adeptus

1995 3379 2121 3416 sum
2152 3379 2164 3415 :
2195 3362 2365 3414 etiam
2405 3356 2527 3414 hac
2557 3361 2695 3414 dum
2714 3356 3009 3413 neutralia
3030 3362 3184 3422 sunt,
3223 3357 3284 3409 in
3315 3356 3522 3426 quibus
3552 3356 3692 3410 dixi-

1993 3450 2122 3486 mus
2154 3432 2443 3502 prmterita
2474 3438 2732 3499 tempora
2775 3431 3347 3502 cessare.ﬂPrz_e_te_rea
3400 3427 3512 3502 alia
3563 3445 3690 3502 quae

1994 3498 2409 3574 frequentativa
2431 3498 2715 3569 dicuntur,
2752 3499 3203 3574 quibusgaliquid
3231 3498 3587 3574 frequentius
3619 3500 3693 3552 fa-

1994 3570 2149 3644 ctum
2178 3574 2550 3644 signiﬁcatur,
2585 3577 2648 3626 ut
2677 3591 2708 3626 a
2741 3570 2889 3628 dicto
2921 3571 3136 3644 dictito,
3184 3587 3222 3644 ‘a
3251 3571 3379 3644 lego
3416 3570 3620 3644 lectito,
3656 3586 3690 3644 _a

1995 3635 2179 3700 scribo
2211 3635 2490 3714 scriptito,
2521 3635 2551 3697 a
2581 3645 2764 3697 clamo
2804 3643 3051 3714 clamito,
3086 3659 3119 3695 a
3149 3641 3234 3694 cio
3278 3635 3409 3714 cito,
3444 3641 3593 3711 quod
3625 3641 3693 3694 si-

1993 3717 2235 3787 gniﬁcat
2254 3711 2585 3787 frequenter
2618 3713 3032 3787 >vocito,_unde
3088 3728 3257 3787 nunc,
3295 3711 3518 3787 aliquos
3558 3727 3692 3765 voce

1992 3783 2272 3858 praeconis
2300 3783 2500 3858 citatos
2521 3785 2782 3849 dicimus,
2813 3784 2870 3838 id
2898 3789 2982 3838 est
3002 3783 3332 3858 frequenter
3358 3786 3614 3858 vocatos,
3639 3787 3694 3836 et

1994 3853 2124 3912 alia.
2155 3857 2297 3910 Sunt
2331 3862 2388 3911 et
2429 3857 2540 3910 alia
2581 3872 2883 3926 perpauca,
2931 3871 3059 3926 quae
3091 3853 3464 3926 desiderativa
3503 3853 3692 3906 dican-

1991 3934 2105 3995 tur,
2136 3934 2199 3982 ut
2224 3929 2433 3992 esurio,
2467 3927 2522 3980 id
2556 3924 2638 3980 est
2667 3924 2834 3980 edere
2865 3924 3158 3990 desidero;
3184 3924 3464 3994 parturio,
3487 3940 3686 3993 parere

1994 4000 2291 4065 desidero;
2323 4004 2377 4053 et
2406 4002 2471 4052 ut
2496 3998 2710 4052 dictum
2740 4003 2824 4052 est
2849 4014 2880 4050 a
2913 3997 3180 4052 Cicerone
3211 3995 3279 4048 de
3311 3995 3689 4064 philosophis.

1992 4071 2390 4135 morituriunt,
2413 4070 2561 4123 mori
2588 4070 2930 4124 desiderant.
2965 4067 3072 4122 Sed
3095 4068 3237 4130 haec,
3261 4072 3321 4119 ut
3349 4066 3483 4132 dixi,
3507 4082 3690 4136 pauca

1993 4147 2148 4212 sunt,
2182 4159 2310 4213 quae
2344 4141 2405 4195 in
2435 4157 2637 4213 sonum
2671 4139 2968 4213 latinitatis
2995 4139 3317 4213 introducta
3345 4142 3498 4191 sunt.

2417 4212 2641 4266 CAPUT
2666 4213 2795 4266 XXI.
2813 4241 2881 4250 —
2903 4211 2983 4264 De
2995 4210 3269 4264 adverbio.

2062 4281 2409 4337 Adverbium
2439 4282 2570 4336 ideo
2616 4283 2829 4337 dictum
2870 4286 2974 4346 est,
3017 4281 3152 4351 quia
3181 4280 3432 4351 adhazret
3473 4277 3642 4332 verbo
3676 4295 3688 4332 :

1993 4370 2095 4408 nec
2117 4358 2299 4424 potest
2326 4353 2483 4407 verbi
2511 4354 2595 4407 vis
2608 4353 3017 4425 signiﬁcantius
3037 4350 3255 4425 sonare,
3285 4350 3394 4425 nisi
3415 4350 3693 4425 jungatur

1992 4420 2324 4479 adverbium
2352 4439 2364 4479 :
2409 4430 2472 4478 ut
2504 4429 2642 4495 puta
2662 4420 2910 4479 verbum
2949 4429 3032 4478 est
3061 4423 3205 4488 dico,
3240 4421 3460 4495 navigo,
3509 4420 3690 4486 valeo,

1992 4511 2177 4562 curro,
2211 4502 2268 4550 et
2297 4495 2408 4549 alia
2436 4511 2448 4549 :
2475 4493 2597 4550 haec
2648 4513 2767 4550 non
2818 4498 3004 4566 plenae
3053 4493 3488 4566 signiﬁcationis
3535 4497 3690 4566 sunt,

1991 4566 2101 4620 nisi
2131 4567 2475 4636 adjiciantur
2506 4567 2789 4632 adverbia,
2818 4563 2894 4620 _ut
2921 4567 3082 4626 bene.
3110 4563 3286 4629 male,
3321 4564 3500 4630 docte,
3555 4563 3692 4636 feli-

1992 4637 2164 4690 citer:
2198 4633 2262 4690 iit
2291 4637 2434 4690 bene
2455 4637 2604 4700 dicit,
2647 4638 2912 4707 imperite
2956 4637 3112 4702 dicit,
3140 4651 3408 4707 prospere
3439 4633 3689 4704 navigat,

1991 4707 2296 4762 infeliciter
2379 4708 2628 4777 navigat,
2695 4706 2915 4778 integre
2982 4709 3151 4771 valet,
3208 4706 3472 4778 debiliter
3522 4708 3690 4770 valet,

1992 4779 2218 4848 agiliter
2247 4777 2442 4844 currit,
2472 4779 2688 4832 tardius
2716 4777 2914 4832 currit.
2940 4779 3106 4832 Vides
3138 4779 3274 4848 quia
3292 4777 3466 4846 plena
3491 4778 3686 4848 verbo-

1992 4847 2120 4904 rum
2147 4849 2484 4918 signiﬁcatio
2517 4866 2637 4903 esse
2667 4866 2778 4902 non
2811 4854 3018 4919 potest,
3046 4847 3169 4902 nisi,
3184 4848 3397 4902 fuerint
3426 4847 3692 4902 adverbia

1991 4922 2314 4991 conjuncta.
2343 4920 2430 4975 Sic
2487 4920 2598 4973 alia
2653 4921 2914 4974 adverbia
2960 4921 3288 4991 junguntur
3337 4919 3402 4972 ad
3458 4919 3689 4991 explen-

1992 4989 2122 5047 dam
2149 4993 2307 5045 verbi
2343 4991 2840 5062 signiﬁcationem,
2886 4989 3127 5046 ut’sunt
3183 4992 3440 5062 locorum
3472 4989 3688 5062 _adver-

1992 5064 2104 5130 bia,
2134 5060 2463 5134 temporum
2491 5063 2791 5119 adverbia:
2827 5068 2892 5118 ut
2924 5063 3015 5116 hic
3037 5062 3182 5129 dico,
3224 5062 3331 5134 hic
3354 5060 3688 5134 habito,_in-

1991 5139 2078 5188 tro
2109 5151 2197 5201 eo,
2226 5131 2380 5188 intus
2415 5151 2561 5200 sum,
2593 5134 2745 5188 foras
2774 5151 2860 5201 eo,
2893 5135 3030 5190 foris
3076 5151 3221 5195 sum,
3276 5131 3410 5186 hinc
3459 5131 3686 5200 navigo.

1991 5206 2082 5260 Sic
2114 5208 2182 5260 de
2213 5212 2509 5275 tempore:
2544 5222 2664 5259 cras
2696 5207 2921 5275 navigo,
2954 5205 3124 5260 hodie
3164 5203 3402 5275 navigo;
3438 5205 3493 5255 et
3558 5202 3689 5268 alia,

1991 5293 2120 5347 qua:
2151 5277 2276 5331 aliis
2306 5273 2522 5331 artibus
2552 5277 2702 5332 dicta
2731 5273 2882 5343 sunt,
2906 5273 2983 5331 'et
3022 5273 3687 5347 intellectuiplanasunt,

1989 5344 2258 5420 ideohic
2314 5365 2528 5419 ponere
2584 5348 2766 5414 nolui,
2820 5349 2954 5420 quia
2993 5344 3685 5420 ad_dicen_di_fastid_ium,

1989 5418 2234 5472 brevitas
2265 5415 2591 5489 opportuna
2622 5425 2722 5474 est.
2756 5415 2898 5476 Sane
2923 5419 2983 5472 in
3030 5415 3312 5470 adverbiis
3345 5416 3466 5489 ham
3494 5417 3690 5489 obser-

1989 5506 2120 5542 vare
2173 5486 2464 5560 debemus,
2490 5492 2718 5561 quando
2767 5493 3139 5561 ineexeunt,
3200 5487 3428 5561 quando
3488 5486 3547 5540 in
3603 5491 3691 5561 ter

1989 5561 2283 5685 sillabam,
2316 5563 2448 5644 hoc.
2476 5559 2758 5616 ablativus
2819 5577 2994 5642 ocasus
3026 5560 3210 5639 docet.
3263 5559 3404 5639 _Nam
3459 5559 3686 5628 quando

1989 5649 2021 5685 a
2065 5633 2266 5685 lativus
2293 5639 2405 5685 exit
2433 5651 2493 5685 in
2519 5651 2570 5685 ο.
2605 5633 2934 5685 adverbium
2965 5648 3026 5685 1n
3074 5647 3103 5683 e
3131 5634 3302 5684 mittit
3333 5634 3396 5683 ut
3442 5646 3475 5682 a
3523 5629 3686 5682 docto

1989 5629 2266 5686 ablativus
2293 5633 2405 5688 exit
2433 5633 2493 5688 in
2519 5651 2570 5695 ο,
2605 5631 2934 5687 adverbium
2965 5632 3026 5685 in
3074 5647 3103 5683 e
3131 5630 3302 5684 mittit
3333 5634 3396 5683 ut
3442 5646 3475 5682 a
3523 5629 3688 5682 docto

1989 5703 2168 5776 docte,
2195 5721 2226 5756 a
2256 5703 2414 5776 justo
2435 5705 2609 5775 juste,
2633 5721 2665 5758 a
2691 5705 2939 5776 perfecto
2986 5703 3255 5774 perfecte,
3310 5717 3343 5754 a
3373 5699 3466 5772 pio
3506 5701 3620 5770 pie,
3655 5718 3688 5755 a

1988 5774 2175 5829 valido
2208 5774 2461 5841 valide,a
2489 5774 2776 5831 fortunato
2807 5775 3116 5843 fortunate,
3153 5791 3183 5828 a
3213 5789 3422 5843 magno
3453 5788 3685 5844 magne,
