4056 6376
375 327 509 382 1403

354 449 442 503 ab
464 446 653 519 amplo
671 445 882 519 ample,
903 441 1461 519 aminimominime,
1483 445 1540 495 et
1554 440 1687 519 alia,
1702 440 1950 519 Quando
1962 456 2063 519 au-

369 523 489 574 tem
521 510 581 572 in
595 510 970 588 tersyl'labam
999 515 1114 588 exit
1139 512 1801 588 adverbium,similiter,
1834 510 2059 588 uthdixi,

371 582 821 644 ablativusdecet
843 587 941 642 :ab
971 585 1108 656 agili
1131 586 1372 653 agiliter.
1402 586 1472 638 ab
1501 584 1705 656 humili
1746 582 2059 656 humiliter,

370 662 443 716 ab
466 660 582 714 acri
612 660 836 720 acriter,
871 675 902 710 a
932 651 1063 711 forti
1092 651 1334 720 fortiter,
1368 672 1402 708 a
1430 656 1539 709 levi
1570 655 1787 723 leviter,
1817 670 1851 707 a
1901 651 2061 724 gravi

369 731 636 803 graviter,
668 747 702 784 a
733 728 856 799 jugi
881 728 1122 803 jugiter.
1159 728 1267 782 Sed
1306 731 1440 780 sunt
1468 726 1733 803 quaedam
1764 741 1893 796 qum
1931 740 2059 803 cum

371 796 570 873 aspere
599 796 899 865 samem;
918 796 1151 873 dimissa
1179 803 1330 873 sunt,
1358 813 1462 851 nec
1485 796 1764 873 fabuhanc
1800 797 2059 873 regulam

368 866 659 927 tractanda
690 875 840 934 sunt,
874 874 934 923 ut
962 886 993 923 a
1023 870 1149 922 miti
1176 868 1388 922 mititer
1407 883 1524 921 non
1560 866 1820 932 dicimus,
1852 882 1885 918 a
1914 866 2063 920 tristi

369 943 608 997 tristiter
655 958 766 995 non
801 940 1061 995 dicimus.
1096 940 1252 994 Talia
1281 956 1353 992 ne
1382 954 1580 1009 aspere
1611 944 1899 1009 sonarent,
1928 953 2058 1005 per-

369 1013 638 1068 diderunt
692 1011 957 1066 ultimam
987 1011 1282 1081 syllabam,
1315 1014 1380 1081 ut
1409 1007 1710 1079 a‘sapienti
1751 1007 2057 1081 sapienter,

369 1100 485 1138 non
498 1082 895 1154 sapientiter,a
915 1079 1184 1153 prudenti
1199 1080 1525 1151 prudenter,
1548 1096 1657 1154 non
1681 1079 2059 1154 prudentiter,

369 1148 720 1223 apraastanti
767 1148 1123 1224 praestanter,
1178 1148 1295 1224 non
1348 1150 1751 1224 praestantiter,
1785 1148 1873 1203 Sic
1922 1165 2059 1224 ergo

366 1219 752 1290 observemus,
765 1219 943 1277 utnec
956 1222 1302 1293 euphoniam
1324 1219 1672 1293 applicemus
1685 1219 2054 1293 adregulam,

368 1302 465 1374 aut
493 1289 844 1374 euphoniam
863 1289 1206 1374 rejiciamus.
1246 1289 1385 1347 Nam
1402 1289 1724 1374 euphonia,
1759 1289 1812 1343 id
1837 1296 1919 1343 est
1936 1307 2062 1344 sua-

368 1366 511 1420 vitas
530 1362 676 1420 bene
701 1362 944 1419 sonandi
970 1364 1215 1418 admissa
1247 1368 1329 1417 est
1358 1363 1425 1416 ad
1452 1362 1689 1416 latinum
1716 1377 2056 1429 sermonem,

363 1441 641 1507 utaspera
663 1440 971 1503 temperet:
994 1440 1052 1507 et
1078 1436 1146 1507 ab
1169 1440 1287 1507 arte
1309 1450 1373 1487 ex
1387 1440 1518 1507 arte
1539 1432 1761 1507 ratione
1774 1448 2059 1507 recessum

367 1511 471 1572 est,
503 1503 606 1561 ubi
635 1507 909 1576 asperitas
940 1505 1266 1559 offendebat
1294 1505 1572 1558 auditum.
1607 1503 1696 1558 Sic
1717 1503 1921 1576 _Cic_ero
1944 1503 2053 1557 ait:

366 1574 740 1647 Impetratum
775 1587 861 1630 est
889 1593 920 1629 a
949 1577 1187 1640 ratione,
1220 1580 1279 1629 ut
1308 1591 1541 1647 peccare
1574 1574 1864 1647 suavitatis
1892 1590 2061 1627 causa

366 1644 582 1702 liceret.
616 1648 721 1703 Sed
752 1652 943 1701 tamen
981 1647 1043 1701 in
1095 1647 1290 1715 paucis
1308 1644 1565 1699 admissa
1617 1644 1906 1714 euphonia
1953 1648 2055 1699 est.

368 1719 511 1774 Nam
545 1718 688 1771 ratio
722 1718 974 1786 locuples
1004 1721 1087 1770 est
1116 1724 1171 1770 et
1190 1715 1718 1786 virislatinissimis.
1746 1716 1889 1769 Sane
1911 1715 2060 1769 circa

366 1790 471 1843 has
499 1790 723 1859 regulas
751 1785 1054 1859 auctoritas
1082 1803 1220 1859 ausa
1249 1792 1354 1859 est,
1387 1792 1443 1840 et
1472 1786 1530 1839 in
1560 1785 1754 1859 paucis
1785 1802 2060 1859 prensum-

367 1860 505 1930 psit,
525 1856 589 1912 ut
606 1859 817 1913 diceret
839 1857 1053 1930 Cicero,
1080 1858 1427 1921 humaniter,
1447 1873 1579 1910 cum
1601 1858 1673 1930 b_u
1685 1872 1848 1909 mane
1871 1856 2058 1930 dicere

368 1928 605 1984 debuit:
638 1934 694 1982 et
718 1928 1034 1991 Terentius,
1076 1930 1255 1983 Vitam
1284 1944 1444 1996 parce
1498 1944 1559 1981 ac
1607 1928 1818 1981 duriter
1866 1928 2061 1993 agebat

370 2002 454 2069 (In
482 2000 718 2061 Andria,
749 2005 854 2054 act.
884 2003 927 2065 ι,
951 2014 1092 2052 scen.
1126 2002 1173 2065 1,
1208 2015 1258 2052 v.
1292 2001 1405 2066 47),
1425 2013 1532 2068 pro
1551 1998 1840 2069 dureSed
1864 2002 2058 2051 tamen

367 2068 477 2141 ipsi
508 2076 765 2124 auctores
796 2069 1107 2123 modestius
1127 2075 1333 2123 etcum
1354 2069 1598 2140 quodam
1620 2068 1847 2141 pudore;
1862 2073 2061 2122 contra

366 2138 627 2211 regulam
656 2157 838 2211 pauca
868 2156 1285 2210 praisumpseru
1298 2138 1542 2211 ntCNam
1569 2140 1774 2193 etfalso
1796 2138 2062 2211 dixerunt

367 2209 472 2282 pro
503 2209 672 2278 false,
695 2216 751 2265 et
780 2209 1098 2265 necessario
1127 2209 1234 2280 pro
1266 2209 1598 2275 necessarie,
1631 2215 1710 2282 et_
1730 2209 1925 2263 sedulo
1955 2225 2059 2279 pro

369 2280 581 2344 sedule,
615 2287 670 2336 et
699 2299 826 2335 raro
856 2298 959 2351 pro
980 2297 1126 2347 rare,
1158 2286 1214 2334 et
1241 2282 1438 2334 crebro
1469 2297 1573 2351 pro
1603 2280 1820 2343 crebre,
1851 2286 1907 2334 et
1935 2285 2059 2351 tuto

367 2369 471 2424 pro
497 2357 655 2406 tute:
687 2352 767 2406 sic
795 2350 1012 2417 et'alia,
1042 2357 1232 2405 tamen
1263 2368 1461 2420 pauca,
1480 2350 1627 2424 'non_
1656 2352 1909 2424 licenter,
1962 2350 2060 2404 sed

366 2421 681 2477 verecunde
724 2428 854 2477 sunt
896 2428 1182 2493 usurpata.
1216 2424 1359 2476 Sane
1399 2428 1533 2475 sunt
1564 2421 1831 2475 adverbia
1872 2425 1927 2475 et
1960 2437 2063 2493 per

368 2494 506 2547 alias
537 2495 778 2563 syllabas
807 2492 1091 2557 exeuntia,
1135 2499 1201 2547 ut
1247 2511 1279 2547 a
1321 2493 1496 2547 fundo
1550 2492 1892 2563 fundituria
1920 2492 2060 2545 coelo

368 2562 605 2628 caelitus,
637 2580 671 2617 a
700 2564 887 2618 radice
918 2564 1204 2628 radicitus,
1259 2581 1291 2617 a
1319 2563 1704 2634 penetralibus
1734 2562 1869 2634 locis
1898 2562 2060 2634 peni-

369 2640 481 2699 tus,
515 2651 548 2687 a
589 2634 762 2703 stirpe
794 2635 1024 2702 stirpus.
1059 2635 1199 2688 Item
1254 2633 1330 2688 in
1359 2634 1459 2697 im,
1489 2639 1554 2687 ut
1584 2650 1614 2686 a
1644 2633 1764 2686 vico
1812 2633 2060 2697 vicatim,

368 2707 439 2760 ab
478 2704 623 2759 ostio
656 2705 925 2771 ostiatim,
948 2721 978 2758 a
1008 2705 1143 2757 viris
1168 2705 1403 2758 viritim.
1437 2707 1577 2759 Item
1606 2720 1638 2757 a
1664 2703 1840 2756 nimio
1859 2704 2057 2769 nimis;

369 2781 456 2844 ut,
492 2777 568 2829 Ne
599 2776 735 2845 quid
764 2776 958 2829 nimis.
1014 2777 1230 2829 Ercunt
1270 2778 1329 2828 in
1376 2792 1495 2841 ens,
1536 2781 1601 2828 ut
1642 2791 1859 2839 recens,
1893 2775 1949 2827 id
1980 2780 2064 2828 est

369 2846 584 2901 recenti
615 2852 895 2915 tempore,
928 2846 1254 2916 Virgillius;
1288 2847 1405 2901 Sole
1447 2861 1624 2899 recens
1682 2850 1797 2899 orto
1846 2846 2058 2914 (Georg.

369 2918 464 2971 lib.
499 2921 549 2984 3,
585 2934 637 2970 v.
678 2921 833 2984 156):
888 2917 942 2971 id
996 2922 1081 2970 est
1138 2917 1352 2970 recenti
1397 2922 1674 2986 tempore.
1738 2918 1882 2984 Ergo
1924 2916 2064 2986 haec

372 2987 568 3041 omnia
598 2987 866 3041 adverbia
897 2993 1027 3041 sunt
1054 2987 1177 3041 sine
1206 2985 1541 3041 differentia.
1576 2988 1714 3041 Item
1744 2985 1893 3039 inter
1916 2985 2065 3039 intro

371 3063 427 3112 et
452 3059 605 3112 intus
621 3059 726 3112 hoc
757 3058 1013 3123 interest,
1047 3058 1199 3111 intro
1227 3058 1289 3111 in
1318 3063 1478 3111 motu
1514 3062 1616 3120 est,
1645 3058 1800 3110 intus
1831 3057 1893 3109 in
1922 3056 2064 3110 situ:

369 3129 602 3183 utintro
633 3146 717 3190 eo,
751 3128 905 3183 intus
934 3145 1080 3182 sum.
1118 3130 1213 3182 Est
1250 3130 1403 3181 enim
1432 3134 1643 3195 motus,
1673 3144 1739 3180 eo
1765 3144 1777 3181 :
1808 3143 1958 3193 sum,
1990 3128 2065 3180 si-

368 3203 461 3253 tus
490 3204 593 3253 est.
630 3202 722 3253 Est
750 3200 920 3253 etiam
948 3200 1211 3269 quaedam
1239 3199 1553 3252 obscuritas
1583 3199 1644 3252 in
1665 3198 1965 3259 abverbiis,
1993 3198 2063 3252 de

372 3270 638 3338 secundo,
674 3270 861 3332 tertio,
905 3275 1131 3340 quarto,
1164 3269 1383 3339 quinto,
1416 3275 1599 3323 sexto:
1666 3275 1721 3322 et
1751 3269 2064 3323 secundum

371 3341 627 3407 tertium,
656 3346 944 3409 quartum,
972 3341 1259 3409 quintum,
1284 3346 1506 3394 sextum
1533 3357 1545 3394 :
1578 3344 1643 3394 ut
1660 3340 2063 3410 putasecundo

369 3412 549 3464 factus
580 3415 663 3463 est
690 3411 907 3473 consul,
969 3415 1025 3462 et
1082 3411 1395 3463 secundum
1450 3410 1630 3464 factus
1686 3410 1792 3463 fuit
1843 3410 2059 3464 consul.

371 3481 630 3536 Secundo
676 3486 868 3534 autem
915 3480 1163 3549 pertinet
1201 3481 1271 3533 ad
1305 3480 1587 3542 ordinem,
1640 3480 1953 3533 secundum
1996 3480 2065 3534 ad

371 3567 727 3605 numerum:
777 3556 841 3605 ut
891 3558 1032 3621 puta
1076 3567 1206 3604 cum
1253 3551 1399 3613 dico,
1446 3551 1703 3606 Secundo
1752 3551 1929 3604 factus
1984 3555 2067 3605 est

371 3623 604 3688 consul;
637 3622 902 3692 pertinet,
933 3627 999 3676 ut
1040 3622 1175 3686 dixi,
1209 3622 1281 3675 ad
1336 3621 1616 3687 ordinem,
1672 3622 1825 3691 quod
1879 3621 2063 3691 primo

373 3694 516 3746 alter
543 3693 722 3746 factus
744 3693 834 3758 sit,
888 3698 946 3747 et
986 3692 1065 3746 sic
1094 3694 1238 3747 alter
1265 3693 1527 3746 secundo.
1561 3694 1701 3748 Cum
1731 3697 1923 3746 autem
1974 3692 2065 3747 di-

370 3764 552 3817 cimus
583 3764 891 3817 secundum
937 3764 1153 3829 consul,
1187 3764 1274 3817 vel
1328 3764 1581 3829 tertium,
1639 3764 1727 3817 vel
1768 3767 2064 3835 quartum,

369 3836 456 3888 vel
472 3834 773 3914 quintum,
804 3836 891 3888 vel
922 3842 1163 3914 sextum,
1196 3835 1268 3914 ad
1299 3851 1606 3914 numerum
1637 3834 2065 3914 pertinetqupd

370 3904 551 3959 sexies
580 3906 751 3959 fuerit
778 3906 995 3959 consul.
1026 3906 1161 3959 Inde
1193 3906 1386 3960 Cicero
1418 3906 1487 3959 de
1520 3904 1693 3959 Mario
1720 3904 1799 3957 sic
1827 3904 1942 3958 ait:
1974 3905 2067 3958 Se-

370 3981 527 4030 xtum
556 3976 769 4043 consul,
802 3975 861 4031 id
888 3981 973 4029 cst
1003 3976 1102 4047 qui
1134 3991 1229 4029 sex
1261 3977 1590 4029 consulatus
1610 3975 1838 4042 meruit,
1888 3979 1946 4029 et
1972 3990 2065 4047 se—
2094 4020 2097 4031 .

371 4047 618 4119 ptimum
639 4048 995 4119 consuliquod
1013 4046 1118 4119 est,
1134 4063 1191 4119 se
1201 4046 1440 4119 ptimum
1458 4047 1819 4119 consulatum
1833 4046 2061 4100 meruit.

373 4117 487 4172 Hoc
518 4119 689 4171 Varro
721 4117 981 4171 distinxit
1011 4117 1073 4171 in
1101 4117 1262 4170 libris
1300 4118 1702 4171 Numerorum.
1758 4118 1820 4170 Et
1865 4121 2067 4170 cratera

367 4188 688 4269 jam_pla_na
702 4192 852 4269 sunt
879 4188 939 4242 in
992 4186 1293 4253 adverbiis,
1347 4192 1403 4241 et
1431 4204 1498 4241 ex
1530 4186 1823 4257 quibusvis
1851 4187 2067 4241 artibus

373 4257 668 4313 intellectu
695 4257 902 4311 facilia.

704 4328 929 4382 CAPUT
949 4326 1105 4381 XXII.
1130 4357 1198 4366 —
1225 4329 1356 4382 Item
1375 4326 1440 4380 de
1468 4326 1746 4381 adverbio.

446 4397 793 4453 Adverbium
839 4402 923 4451 est
967 4412 1101 4467 pars
1142 4397 1434 4461 orationis,
1467 4397 1844 4468 quae’adjecta
1893 4397 2064 4451 verbo

375 4468 850 4539 signiﬁcationem
877 4470 1000 4537 ejus
1029 4469 1295 4537 explanat
1321 4473 1491 4539 atque
1525 4468 1755 4538 implet:
1790 4472 1855 4522 ut
1884 4468 2065 4522 scribo

372 4541 541 4605 bene,
587 4540 713 4607 lego
761 4540 992 4609 optime,
1048 4539 1327 4593 Adverbio
1384 4539 1648 4593 accidunt
1705 4539 2062 4609 signiﬁcatio,

374 4610 578 4679 ﬁgura,
606 4611 841 4680 gradus.
889 4610 1169 4664 Adverbia
1198 4615 1297 4664 aut
1324 4626 1357 4664 a
1377 4627 1435 4665 se
1463 4615 1792 4677 nascuntur,
1823 4616 1886 4664 ut
1913 4610 2061 4675 heri,

374 4697 590 4751 nuper;
617 4687 714 4735 aut
751 4682 821 4735 ab
851 4681 979 4735 aliis
1009 4686 1325 4747 transeunt,
1354 4686 1419 4734 ut
1446 4682 1630 4747 docte,
1661 4682 2067 4752 sapienter,iab

374 4769 443 4807 eo
475 4752 629 4822 quod
662 4758 744 4806 est
772 4753 970 4806 doctus
1002 4758 1059 4806 et
1107 4752 1350 4823 sapiens.
1392 4752 1807 4806 Adverbiorum
1847 4751 2066 4815 signiﬁ-

375 4822 629 4877 cationes
655 4828 788 4877 sunt
814 4823 1028 4877 multae.
1058 4822 1200 4878 Sunt
1221 4822 1372 4876 enim
1406 4828 1504 4876 aut
1525 4824 1820 4893 temporis,
1845 4823 2061 4885 utheri,

374 4909 594 4965 nuper;
624 4900 723 4965 aut
753 4910 1031 4963 persona),
1059 4900 1123 4947 ut
1150 4910 1393 4957 mecum,
1425 4898 1611 4948 tecum
1642 4911 1655 4959 ;
1687 4900 1786 4947 aut
1823 4893 1951 4957 loci,
1990 4896 2069 4965 _ut

373 4963 483 5029 hic,
527 4964 711 5018 isthic.
748 4966 812 5019 Et
834 4965 1094 5019 adverbia
1118 4965 1315 5020 localia
1343 4964 1774 5035 interrogativa,
1807 4970 1871 5035 ut
1890 4963 2064 5035 unde,

373 5036 491 5096 ubi,
521 5052 651 5107 qua.
690 5036 1059 5105 Responsiva,
1092 5036 1265 5099 illinc,
1299 5035 1452 5099 hinc,
1484 5033 1602 5107 illo.
1635 5036 1800 5107 Sunt_
1825 5033 2068 5107 duplicis

373 5105 594 5168 formae,
626 5112 687 5160 ut
716 5107 871 5161 intus
897 5108 1065 5174 intra,
1098 5107 1233 5160 foris
1260 5107 1428 5161 foras.
1465 5106 1718 5170 Quorum
1752 5105 2067 5158 observatio

372 5177 628 5243 talisest,
654 5178 787 5231 foris
813 5182 869 5231 et
892 5176 1046 5232 intus
1076 5178 1135 5232 in
1166 5178 1310 5243 loco,
1342 5182 1407 5230 ut
1433 5177 1587 5229 intus
1622 5181 1725 5242 est,
1753 5175 1907 5228 intus
1936 5175 2064 5242 fuit,

371 5248 599 5301 futurus
623 5253 738 5312 est;
760 5249 914 5302 intus
943 5254 1086 5315 erat,
1116 5248 1344 5302 futurus
1370 5252 1491 5300 erat
1513 5263 1527 5309 ;
1546 5246 1684 5300 foris
1704 5251 1843 5310 erat,
1860 5246 2064 5313 fuerat,

373 5318 600 5372 futurus
630 5325 767 5373 erat.
803 5321 882 5374 De
909 5320 1054 5381 loco,
1088 5319 1243 5372 intus
1272 5317 1458 5383 venio,
1497 5317 1633 5371 foris
1661 5316 1847 5369 venio.
1897 5317 2068 5371 Foras

373 5394 566 5443 autem
598 5395 655 5443 et
684 5390 833 5444 intro
853 5391 921 5445 ad
953 5392 1140 5444 locum
1171 5387 1516 5459 significant,
1553 5392 1615 5439 ut
1635 5387 1785 5459 foras
1805 5401 1891 5459 eo,
1919 5388 2069 5441 foras

377 5460 580 5527 venio;
611 5460 761 5514 intro
792 5478 879 5526 eo,
899 5461 1048 5514 intro
1071 5457 1240 5513 venio
1266 5477 1279 5525 ;
1308 5459 1458 5512 foras
1478 5457 1676 5521 ieram,
1699 5458 1848 5511 intro
1867 5457 2062 5512 ieram.

377 5532 507 5585 Haec
537 5538 783 5600 quatuor
810 5532 997 5586 modis
1028 5531 1371 5601 ﬁgurantur,
1406 5545 1511 5597 per
1529 5528 1739 5601 locum,
1761 5529 1828 5581 ad
1859 5530 2065 5596 locum,

373 5601 433 5655 in
466 5601 613 5667 loco,
647 5603 844 5656 eloco.
879 5604 986 5656 Per
1015 5600 1230 5667 laeum,
1264 5606 1345 5666 ut,
1404 5602 1518 5655 Hac
1541 5602 1643 5653 iter
1674 5600 1921 5667 Elysium
1966 5616 2067 5654 no-

377 5671 461 5727 bis
493 5673 721 5734 (zEneid.
754 5674 850 5727 lib.
906 5676 959 5737 6,
990 5688 1042 5726 υ.
1086 5675 1226 5738 542).
1274 5672 1356 5726 Ad
1410 5672 1600 5725 locum
1652 5675 1734 5735 ut,
1774 5672 1888 5725 Huc
1916 5671 2064 5737 ades,

378 5757 407 5795 ο
439 5741 666 5797 Galatea
694 5744 893 5812 (Eclog.
925 5746 975 5809 9,
1018 5759 1072 5797 υ.
1106 5745 1211 5806 39).
1245 5743 1307 5797 In
1348 5743 1490 5810 loco,
1523 5744 1607 5807 ut,

1681 318 1774 373 DE
1812 313 2291 374 GRAMMATICA
2327 312 2559 370 LIBER.

3739 308 3878 362 1404

2356 454 2451 505 Hic
2478 452 2748 517 etNarycii
2775 452 3068 517 posuerunt
3094 448 3487 517 mmniagbocri.

2724 512 2948 578 (inciti.
2979 513 3070 565 ub.
3100 512 3153 571 3,
3191 527 3240 563 υ.
3267 512 3397 573 399.)

2171 581 2212 634 E
2236 580 2385 645 loco,
2416 581 2502 645 ut,

2356 658 2488 706 Hinc
2517 669 2600 705 me
2625 655 2919 720 digressum
2950 655 3140 717 vestris
3161 654 3293 720 deus
3316 652 3675 720 appulit_oris.

3193 715 3366 780 (ιδίας
3381 715 3431 765 ῡ.
3452 715 3592 778 715.)

2168 790 2309 846 Sunt
2337 806 2465 861 quas
2504 788 2719 860 pariter
2769 788 2830 861 in
2875 788 3001 861 loco
3041 786 3366 861 signiﬁcant
3420 790 3476 840 et
3521 787 3599 861 de_
3624 786 3771 861 lo_co,
3811 789 3878 839 ut

2166 862 2320 916 intus
2350 856 2677 926 sum,'intus
2706 859 2893 913 venio.
2926 859 3069 913 Suut
3096 856 3227 929 qua:
3250 857 3309 929 in
3340 858 3463 911 loco
3497 863 3555 910 et
3583 856 3872 929 inilocum

2168 937 2225 987 et
2252 949 2282 985 e
2327 932 2466 988 loco.
2499 936 2562 984 ut
2590 930 2819 1001 penitus
2848 945 2998 1001 sum,
3028 927 3147 1001 eo,__
3167 928 3355 983 venio.
3407 928 3549 1001 Sunt
3596 927 3876 1001 adverbia

2168 998 2643 1074 signiﬁcationem
2673 1002 2900 1055 numeri
2920 999 3323 1074 habentiatpt
3367 998 3563 1074 semel,
3613 998 3726 1074 bis,
3758 1003 3872 1074 ter.

2170 1068 2697 1138 Damonstrationis,
2754 1076 2817 1129 ut
2845 1088 2938 1129 en.
2970 1086 3115 1125 ecce.
3167 1068 3600 1136 Afﬁrmationis,
3639 1073 3705 1121 ut
3735 1069 3871 1138 qui-

2167 1145 2319 1209 dem,
2352 1144 2583 1214 quippe.
2624 1142 2994 1214 Hortationis,
3026 1146 3089 1196 ut
3118 1140 3226 1214 eia.
3275 1139 3771 1214 Interrogationis,
3793 1144 3875 1214 _ut

2118 1247 2127 1257 -
2168 1231 2288 1280 cur,
2317 1210 2512 1285 quare:
2546 1213 2968 1285 Similitudinis,
3018 1218 3085 1285 ut
3113 1212 3210 1276 sic,
3244 1210 3876 1285 quasi._Comparatioe

2166 1286 2256 1340 nis
2285 1280 2373 1338 vel
2422 1284 2794 1355 praelationis,
2841 1289 2902 1337 ut
2933 1283 3135 1354 magis,
3165 1281 3407 1355 potius._
3429 1280 3767 1355 _Dubit_andi,
3807 1284 3876 1333 ut

2168 1351 2781 1423 fortassefAnnuendi,
2825 1359 2889 1408 ut
2943 1351 3130 1423 plane,
3169 1351 3341 1407 sane.
3380 1351 3769 1416 Discretionis,
3804 1354 3876 1423 ut

2167 1443 2442 1494 seorsum,
2475 1420 2855 1496 segregatim.
2878 1420 3142 1493 optandi,
3182 1428 3262 1496 fut
3317 1422 3556 1496 utinam.
3592 1420 3872 1486 Vocandi,

2168 1503 2230 1551 ut
2255 1499 2412 1551 heus.
2459 1493 2881 1566 Respondendi,
2926 1501 2988 1548 ut
3032 1496 3140 1566 he.
3178 1493 3519 1566 Derogandi,
3552 1497 3613 1546 ut
3642 1508 3874 1566 nequa-

2167 1584 2361 1640 quam,
2395 1562 2622 1621 frustra.
2659 1566 2916 1640 .lurandi,
2950 1568 3011 1619 ut
3048 1565 3301 1640 Edepol,
3336 1566 3606 1640 {Ecaston
3660 1562 3873 1640 ΡΨὴὶ-

2165 1634 2359 1704 bendi,
2408 1644 2471 1691 ut
2503 1654 2572 1692 ne
2627 1637 2904 1707 Negandi,
2937 1644 3004 1690 nt
3032 1652 3166 1701 non,
3190 1634 3380 1707 haud,
3420 1634 3680 1707 minime.
3715 1634 3875 1707 _Con-

2166 1708 2536 1780 gregandi,ut
2548 1725 2680 1773 una,
2696 1704 2884 1761 simul.
2919 1707 3252 1780 Ordinandi,
3279 1710 3338 1758 ut
3353 1704 3873 1780 deinde,_denique.

2167 1775 2522 1845 mirandiput
2568 1796 2752 1849 papae.
2790 1777 3107 1840 Laudandi,
3167 1782 3229 1830 ut
3264 1792 3439 1849 geuge.
3478 1775 3871 1849 Esclamandi,

2167 1856 2231 1904 ut
2257 1852 2424 1920 proh.
2477 1845 2734 1914 Doleudi,
2787 1854 2849 1902 ut
2879 1849 3008 1920 heu.
3046 1847 3323 1920 Eligendi.
3357 1845 3418 1900 ut
3450 1846 3581 1920 vah.
3612 1845 3873 1920 Ingemi-

2168 1918 2460 1986 scendi,ut
2474 1920 2583 1975 hei.
2610 1921 2716 1974 Sed
2735 1921 2855 1973 haec
2877 1919 3012 1989 quia
3033 1918 3209 1972 animi
3230 1918 3492 1989 affectum
3515 1918 3872 1989 signiﬁcant,

2167 2008 2199 2044 a
2235 1992 2428 2045 multis
2460 1987 3196 2061 lnterjectiones'dicuntur,
3223 1988 3376 2058 quod
3399 1987 3875 2061 interjectionem

2168 2068 2487 2132 separatam
2518 2062 2588 2115 ab
2608 2056 2912 2126 vadverbio,
2956 2056 3263 2132 etiparteni
3302 2056 3576 2112 orationis
3606 2057 3871 2132 aliquam

2168 2128 2375 2187 ideirco
2407 2133 2622 2197 volunt,
2639 2132 2774 2203 quia
2787 2128 3366 2203 adverbii'proprium
3388 2133 3492 2193 est,
3516 2128 3673 2203 quod
3697 2128 3875 2203 verbo

2168 2203 2404 2273 adjungi
2431 2208 2637 2273 potest.
2657 2199 2847 2257 Graeci
2868 2199 3074 2255 autem,
3091 2199 3872 2273 interjectionemabadver-

2168 2265 2263 2328 bio
2291 2265 2406 2327 nun
2431 2265 2704 2343 separant
2732 2290 2744 2327 :
2781 2278 3091 2343 propterea
3110 2265 3257 2343 quiai
3269 2275 3456 2324 motus
3477 2265 3659 2323 animi
3678 2269 3873 2343 quali-

2169 2345 2272 2398 tati
2304 2340 2614 2413 assignant,
2665 2350 2721 2398 et
2767 2340 2905 2397 haec
2940 2340 3141 2396 omnia
3177 2342 3281 2395 sub
3338 2357 3546 2413 genere
3577 2340 3878 2413 qualitatis

2168 2420 2373 2485 putant
2407 2411 2696 2468 adverbia.
2732 2414 2874 2468 Sunt
2898 2413 3161 2467 adverbia
3191 2411 3543 2485 quantitatis,
3580 2416 3644 2464 ut
3675 2412 3876 2485 longe,

2168 2482 2305 2541 late.
2356 2486 2669 2549 Qualitatis,
2712 2490 2775 2538 ut
2808 2486 2970 2550 bene,
3003 2486 3170 2538 male.
3210 2482 3490 2537 Adverbia
3536 2498 3653 2535 non
3684 2483 3881 2535 solum

2170 2557 2239 2611 ad
2296 2556 3127 2626 appellationibustranseunt,
3188 2554 3292 2608 hoc
3330 2558 3484 2626 est_a
3535 2552 3882 2626 nominibus

2168 2623 2545 2696 appellativis,
2579 2633 2643 2679 ut
2673 2643 2707 2679 a
2744 2626 3004 2696 pulchro,
3029 2626 3263 2696 pulchre
3288 2640 3301 2677 :
3335 2624 3433 2696 sed
3458 2640 3491 2676 a
3510 2623 3788 2693 propriis,
3813 2627 3883 2678 ut

2170 2694 2402 2758 Tullius,
2434 2697 2711 2751 Tulliane.
2742 2694 2789 2750 Ἀ
2819 2695 3254 2766 pronominibus
3281 2694 3474 2757 etiam,
3502 2711 3532 2747 a
3564 2710 3712 2755 meo,
3749 2698 3878 2766 tuo,

2170 2768 2423 2830 meatim,
2455 2767 2693 2821 tuatim:
2723 2784 2756 2820 a
2777 2764 2960 2820 verbis
2983 2782 3230 2836 quoque,
3263 2769 3326 2817 ut
3354 2781 3386 2818 a
3415 2780 3583 2818 curro
3632 2764 3876 2836 cursim.

2172 2839 2689 2909 Deprehenduntur
2717 2835 3074 2909 exntroque,
3097 2835 3161 2890 ut
3184 2836 3538 2909 pedetentim
3570 2852 3604 2889 a
3629 2835 3785 2909 pede
3820 2838 3883 2909 et

2170 2906 2353 2970 tento,
2386 2909 2445 2962 id
2477 2915 2562 2963 est
2584 2925 2617 2961 a
2645 2908 2879 2961 nomine
2910 2906 3077 2962 simul
3106 2913 3162 2961 et
3186 2907 3373 2961 verbo.
3400 2908 3540 2960 Sunt
3565 2906 3740 2959 etiam
3772 2906 3881 2959 ad-

2173 2981 2384 3044 verbia,
2417 2996 2546 3050 qua:
2578 2983 2768 3033 utrum
2813 2995 2846 3031 a
2875 2978 3107 3032 nomine
3155 2981 3464 3041 transeant,
3483 2993 3570 3050 an
3614 2978 3646 3030 a
3697 2975 3881 3050 verbo

2174 3047 2457 3105 incertum
2504 3055 2607 3116 est,
2648 3056 2710 3103 ut
2730 3050 2951 3105 furtim.
2986 3051 3269 3103 Incertum
3301 3054 3385 3101 est
3404 3047 3558 3101 enim
3578 3062 3652 3100 an
3674 3047 3874 3112 afure,

2174 3122 2328 3192 quod
2367 3136 2580 3174 nomen
2626 3125 2711 3192 est
2737 3125 3008 3187 transeat,
3043 3137 3114 3174 an
3146 3135 3179 3172 a
3230 3118 3399 3192 verbo
3431 3119 3610 3192 furor,
3640 3117 3877 3173 furaris.

2172 3189 2219 3247 Ᾰ
2249 3192 2567 3262 participiis
2616 3191 2851 3262 quidam
2879 3192 3117 3256 nolunt;
3164 3190 3264 3245 sed
3320 3189 3715 3251 inveniuntur,
3747 3193 3817 3243 ut
3846 3205 3883 3243 a

2172 3264 2402 3318 decente
2431 3264 2711 3317 decentcr.

2173 3342 2395 3396 CAPUT
2448 3341 2633 3395 XXIII.
2675 3370 2743 3380 —
2785 3336 3151 3396 Adverbia’a
3205 3338 3513 3393 nominibus
3565 3342 3746 3393 tracta
3779 3354 3882 3394 sea:

2412 3413 2609 3465 habent
2632 3414 3052 3466 terminationes.
3088 3411 3295 3478 Regula
3320 3411 3631 3464 communis.

2244 3484 2289 3536 A
2315 3481 2643 3536 nominibus
2674 3487 2852 3536 tracta
2904 3482 3170 3536 adverbia
3201 3499 3292 3535 sex
3330 3480 3513 3533 modis
3548 3480 3879 3535 terminan-

2172 3556 2303 3606 tur:
2345 3558 2444 3606 aut
2474 3553 2533 3605 in
2584 3569 2635 3618 e,
2684 3557 2749 3623 ut
2786 3554 2944 3607 docte
2981 3553 3238 3623 pulchre,
3286 3552 3557 3623 honeste;
3601 3551 3794 3606 autin
3827 3569 3884 3621 r,

2173 3627 2237 3678 ut
2265 3623 2533 3677 velociter
2554 3629 2652 3676 aut
2680 3622 2740 3676 in
2770 3623 2868 3685 im,
2902 3628 2967 3677 ut
2984 3621 3264 3690 _ubertim,
3291 3621 3660 3692 singillatim;
3686 3628 3790 3676 aut
3818 3623 3886 3678 in

2174 3710 2260 3759 us,
2291 3700 2356 3748 ut
2383 3693 2672 3759 radicitus,
2725 3694 3045 3759 mordicus;
3081 3699 3179 3748 aut
3225 3694 3283 3746 in
3313 3709 3368 3751 ιι,
3402 3698 3463 3745 ut
3502 3696 3698 3757 noctu,
3732 3693 3835 3746 diu
3864 3714 3882 3760 ;

2176 3770 2274 3819 aut
2303 3764 2362 3817 in
2393 3764 2433 3831 i,
2482 3769 2543 3817 ut
2577 3764 2752 3827 domi,
2780 3765 2961 3831 humi,
2992 3764 3233 3831 vesperi.
3279 3763 3558 3817 Adverbia
3587 3763 3887 3833 qualitatis

2173 3835 2232 3889 in
2264 3851 2293 3889 e
2325 3836 2572 3888 litteram
2621 3836 2885 3889 exeuntia
2938 3835 3179 3904 produci
3209 3835 3437 3888 debent.
3499 3834 3627 3886 Hinc
3680 3838 3887 3889 tamen

2174 3906 2655 3976 dissentiuntquae
2678 3906 2850 3960 autin
2875 3906 3283 3977 comparativo,
3317 3905 3493 3959 autin
3521 3906 3887 3977 superlativo

2175 3977 2356 4045 gradu
2384 3977 2669 4042 vacillant,
2702 3981 2765 4030 ut
2796 3978 2963 4046 bene,
2995 3976 3143 4030 male
3172 3993 3186 4043 ;
3216 3980 3314 4029 aut
3344 3991 3471 4045 quae
3519 3976 3589 4029 ab
3621 3977 3887 4045 appella-

2174 4048 2329 4101 tione
2360 4063 2478 4101 non
2523 4052 2842 4113 transeunt,
2883 4052 2947 4101 ut
2976 4048 3233 4118 impune,
3279 4062 3447 4115 saepe.
3480 4046 3769 4118 Caeterum
3802 4047 3887 4101 fa-

2174 4118 2277 4172 cile
2309 4124 2364 4171 et
2394 4118 2644 4183 difﬁcile,
2677 4134 2805 4188 quae
2830 4117 3093 4173 adverbia
3122 4117 3883 4189 ponuntur,rnominasunt,

2175 4204 2239 4242 ex
2274 4189 2481 4260 quibus
2513 4189 2632 4242 haec
2660 4187 2973 4243 nascuntur
3003 4187 3289 4257 adverbia,
3335 4188 3604 4260 faciliter,
3626 4187 3888 4242 difﬁcili-

2173 4264 2261 4314 ter
2284 4258 2308 4314 ἶ
2328 4260 2424 4313 sed
2457 4276 2590 4313 usus
2614 4260 2907 4330 haacquasi
2929 4260 3192 4314 adverbia
3218 4258 3541 4313 vindicavit.
3570 4258 3887 4330 Quaecum-

2175 4346 2286 4401 que
2310 4330 2544 4383 nomina
2572 4329 2863 4400 qualitatis
2895 4336 2994 4384 aut
3017 4330 3371 4401 quantitatis,
3397 4345 3525 4401 casu
3550 4329 3739 4401 dativo
3764 4330 3888 4383 sin-

2175 4400 2381 4472 gulari,
2416 4418 2447 4454 ο
2475 4402 2665 4455 littera
2689 4400 3090 4468 terminantur,
3115 4400 3381 4472 adverbia
3402 4400 3462 4453 in
3485 4400 3879 4472 eproductam

2177 4469 2447 4526 mittunt:
2487 4475 2552 4525 ut
2582 4487 2615 4525 θ,
2657 4471 2832 4542 justo.
2864 4472 3039 4542 juste.
3081 4471 3189 4525 Sed
3238 4472 3606 4542 hiecveteres
3636 4469 3884 4525 indiffe—

2174 4548 2367 4596 renter
2396 4540 2735 4612 posuerunt.
2796 4540 3229 4606 utthumaniter,
3265 4540 3498 4595 duriter.
3528 4540 3887 4612 aneautem

2176 4610 2541 4693 in.i_litér_a.m'
2564 4613 2968 4693 terminantur}
3101 4610 3750 4693 ter'syllabamCm‘ittunt
3773 4617 3891 4693 :‘ut

2175 4683 2331 4751 agili,
2368 4684 2562 4744 nobili,
2585 4684 2805 4750 audaci,
2835 4684 3086 4752 difﬁcili;
3114 4681 3361 4753 agiliter,
3381 4681 3669 4741 nobiliter,
3705 4684 3889 4736 auda-

2175 4755 2333 4819 citer,
2363 4754 2694 4809 difﬁciliter.
2739 4755 2845 4809 Sed
2893 4772 2958 4809 ex
2991 4755 3060 4808 iis
3107 4753 3370 4823 quaedam
3402 4768 3517 4823 per
3563 4768 3885 4823 syncopem

2175 4824 2480 4895 euphonia:
2508 4842 2678 4879 causa
2705 4825 2963 4886 dicimus,
2996 4830 3060 4878 ut
3088 4822 3374 4895 audacter,
3408 4822 3761 4895 dil'ﬁculter,’
3789 4842 3885 4878 sa-

2174 4893 2397 4967 pienter
2417 4901 2471 4949 et
2493 4901 2837 4967 constanter.
2894 4896 3038 4949 Sunt
3067 4893 3337 4967 adverbia
3384 4893 3718 4967 communia
3742 4910 3885 4949 cum

2176 4964 2301 5020 aliis
2326 4968 2583 5037 partibus
2597 4966 2870 5020 orationis
2916 4964 3249 5037 Nominibus
3270 4969 3402 5017 sunt
3430 4965 3784 5028 communia,
3817 4971 3891 5019 ut

2176 5038 2257 5092 ait
2283 5035 2580 5091 sallustius
2605 5054 2616 5091 :
2648 5038 2800 5091 Falso
2822 5038 3070 5104 queritur
3095 5035 3159 5088 de
3188 5041 3390 5089 natura
3438 5051 3538 5090 sua
3568 5052 3734 5103 genus
3771 5036 3881 5089 hu-

2176 5123 2405 5163 manum
2438 5110 2529 5173 (In
2556 5107 2701 5162 Bello
2750 5106 3076 5173 Jugurth.):
3108 5123 3213 5176 pro
3266 5106 3423 5160 false.
3484 5106 3775 5175 Virgilius,
3807 5110 3888 5162 Et

2172 5180 2309 5249 pede
2348 5185 2548 5233 terram
2579 5178 2762 5231 crebro
2789 5181 2920 5244 ferit
2948 5176 3158 5246 (Georg.
3192 5177 3286 5231 lib.
3321 5180 3371 5241 3,
3398 5193 3450 5231 υ.
3483 5180 3610 5246 500)
3642 5193 3654 5230 :
3690 5181 3766 5239 et,

2331 5256 2493 5305 Multa
2523 5256 2705 5304 Jovem
2731 5255 2978 5303 manibus
3008 5256 3229 5317 supplex
3260 5269 3437 5304 orasse
3458 5255 3683 5313 supinis.

2982 5316 3212 5379 (mnam.
3241 5318 3328 5366 1w.
3353 5320 3400 5377 4,
3421 5331 3474 5368 υ.
3501 5316 3631 5377 205)

2177 5387 2573 5460 Conjunctioni
2604 5390 2691 5460 ut,
2721 5387 2949 5458 quando
2979 5390 3313 5443 adverbium
3343 5405 3535 5443 secum
3571 5392 3675 5455 est,
3706 5389 3885 5460 plura

2177 5458 2475 5530 significat.
2515 5458 2957 5513 Similitudinem
2990 5460 3089 5527 sic,

2334 5539 2395 5587 Ut
2418 5537 2685 5602 quondam
2718 5538 2869 5588 Creta
2892 5539 3057 5589 fertur
3090 5540 3444 5604 Labyrinthus
3470 5539 3538 5604 in!
3559 5538 3684 5604 alta.

3110 5599 3214 5663 (Id:
3236 5603 3329 5651 lib.
3361 5605 3408 5661 ὅ,
3435 5599 3622 5661 υ.588.)

2177 5673 2425 5813 Τθιὲιᾶιιῗ
2471 5671 2569 5798 sic.
2640 5674 2706 5727 Ut
2759 5688 2937 5742 regem
3006 5688 3295 5741 :equaevum
3378 5673 3566 5741 (Idem,
3647 5671 3748 5725 lib.
3824 5676 3879 5733 2,

2184 5760 2231 5798 v.
2377 5785 2388 5797 .
2421 5783 2434 5812 ,
2466 5760 2495 5798 θ
2523 5759 2571 5799 c.

2184 5760 2231 5798 v.
2268 5747 2434 5812 561.),
2466 5747 2571 5799 etc.
