4056 6422
119 374 137 425 I
154 372 275 426 405

264 492 338 541 Ut
367 490 494 552 vidi,
526 494 586 540 ut
611 491 775 555 perii;
805 493 864 540 ut
892 502 974 540 me
998 490 1172 555 malus
1200 490 1415 541 abstulit
1443 504 1607 541 error.

1056 552 1247 615 (Eclog.
1281 556 1329 614 8,
1357 568 1405 604 v.
1440 556 1540 616 41.)

116 616 498 682 Qualitatem
518 632 532 670 :
564 620 649 683 ut,

258 696 526 760 Trojanas
555 700 615 745 ut
638 708 764 759 opes
791 697 844 760 et
859 693 1207 760 lamentabile
1230 707 1475 760 regnum.

803 756 1030 820 (ιΕηεὶἀ.
1058 758 1150 806 lib.
1177 760 1223 815 2,
1248 756 1388 818 v.74.)

117 820 539 887 Quantitatem
563 836 578 874 :
605 822 688 888 ut,

895 889 1096 947 Quibus
1126 891 1317 939 Hector
1340 890 1405 939 ab
1434 890 1541 941 oris

218 954 549 1016 Exspectate
572 952 759 1002 venis?
786 954 844 1001 ut
869 955 918 1000 te
946 955 1065 1015 post
1088 953 1255 1001 multa
1283 955 1497 1002 tuorum

224 1017 482 1066 Funera..
494 1050 526 1065 ..

913 1075 1067 1139 (Ibid,
1098 1090 1180 1127 vv.
1207 1078 1317 1136 282,
1349 1074 1479 1140 283.)

118 1158 627 1232 Conjunctionem
656 1160 849 1212 autem
877 1156 1158 1229 signiﬁcat
1186 1157 1287 1224 sic,

489 1238 554 1286 Ut
580 1236 764 1300 faciem
795 1241 1028 1287 mutatus
1056 1245 1109 1287 et
1136 1251 1229 1286 ora
1254 1235 1476 1300 Cupido,

264 1302 373 1351 Pro
403 1299 545 1350 dulci
569 1299 813 1348 Ascanio.

625 1362 748 1425 (Id,
782 1360 870 1412 lib.
901 1364 945 1421 1,
972 1374 1061 1412 vv.
1093 1363 1202 1420 662,
1234 1360 1365 1425 663.)

126 1441 579 1515 Praepositioni,
603 1446 668 1495 ut
690 1457 813 1511 pro.
848 1441 958 1515 sed
986 1441 1171 1509 ﬁgura
1190 1440 1251 1495 in
1279 1440 1560 1515 adverbiis
1591 1444 1689 1496 aut
1720 1440 1851 1515 sim-

123 1512 289 1585 plex—
306 1519 412 1580 est,
459 1518 525 1567 ut
550 1513 733 1585 docte,
774 1512 1269 1585 prudenter;_aut
1300 1512 1633 1585 composita,
1663 1517 1728 1567 ut
1757 1512 1847 1566 in-

130 1583 333 1649 docte,
372 1584 786 1654 imprudenter.
828 1583 1047 1655 Gradus
1084 1583 1366 1637 adverbiis
1405 1583 1668 1637 accidunt
1705 1600 1849 1655 quo-

129 1657 249 1711 ties
296 1655 710 1727 appellationes
757 1654 909 1727 unde
956 1658 1254 1727 transeunt
1308 1660 1735 1727 comparantur,
1766 1658 1851 1727 ut

129 1723 350 1793 docte;
375 1723 618 1791 doctius,
667 1725 1009 1779 doctissime.
1063 1723 1365 1795 Recipiunt
1410 1723 1464 1779 et
1509 1725 1848 1779 diminutio-

134 1815 305 1864 nem,
338 1803 405 1852 ut
433 1796 784 1850 meliuscule.
825 1796 1161 1867 Quanquam
1192 1795 1677 1866 comparationem
1707 1795 1848 1849 reci-

135 1869 317 1940 piunt
345 1872 402 1923 et
430 1867 897 1940 diminutionem,
927 1873 985 1940 _e_t
1014 1883 1142 1937 qua:
1163 1884 1194 1940 a
1215 1882 1274 1920 se
1299 1873 1629 1940 nascuntur,
1656 1872 1717 1920 ut
1740 1882 1849 1921 nu-

136 1937 269 2012 per,
300 1939 657 2012 nuperrime.
697 1937 991 2012 Adverbiis
1020 1937 1286 2012 omnibus
1316 1938 1648 2012 praepositio
1680 1955 1849 2012 sepa-

136 2008 316 2065 ratim
346 2008 512 2079 adjici
540 2025 659 2063 non
681 2009 869 2078 debet,
891 2024 1223 2080 quanquam
1244 2009 1454 2063 lectum
1475 2008 1568 2075 sit,
1590 2009 1661 2064 ab
1688 2008 1845 2074 hinc,

138 2082 301 2154 apud
330 2080 684 2142 Terentium,

268 2170 480 2218 Interea
505 2166 695 2216 mulier
719 2166 963 2230 quaedam
984 2167 1050 2216 ab
1079 2166 1204 2216 hinc
1233 2167 1522 2216 triennium

332 2232 422 2293 (In
451 2230 672 2288 Andria,
696 2232 804 2281 act.
830 2232 876 2285 1,
904 2242 1041 2278 scen.
1070 2233 1117 2289 1,
1151 2245 1199 2280 v.
1228 2231 1328 2292 4ο.)

143 2312 212 2366 Ει
241 2311 394 2383 apud
440 2310 759 2383 Virgilium,
807 2308 1021 2363 Eminde
1057 2324 1155 2376 per
1193 2310 1683 2383 altum_mittimur
1716 2309 1851 2375 Ely-

141 2380 300 2437 simn—
344 2380 573 2451 (Eneid.
624 2381 719 2434 lib.
756 2382 823 2451 _6,
872 2396 959 2433 vv.
1008 2383 1135 2444 743,
1183 2381 1328 2445 744).
1375 2381 1438 2434 Ει
1477 2380 1716 2451 dehinc:
1768 2384 1849 2444 ut,

145 2449 358 2508 Dehinc
379 2454 517 2508 talia
560 2454 719 2519 fatur
746 2449 851 2521 (Id.
904 2451 998 2505 lib.
1036 2454 1083 2515 1,
1122 2466 1175 2503 υ.
1207 2451 1371 2520 256):
1406 2454 1482 2517 et,
1529 2450 1729 2505 Deinde
1765 2451 1854 2515 fe-

143 2540 299 2579 races
329 2526 534 2593 plantz
579 2524 956 2593 immittuntur
987 2522 1198 2589 (Georg.
1235 2522 1334 2593 lib.
1360 2523 1427 2593 r2,
1458 2538 1545 2576 vv.
1585 2525 1689 2593 79,
1719 2522 1803 2593 89)
1837 2537 1849 2574 :

148 2611 281 2666 quae
319 2591 535 2666 omnia,
575 2598 633 2647 et
667 2592 715 2646 si
744 2608 858 2666 qua
888 2591 1000 2645 alia
1036 2599 1171 2645 sunt
1200 2592 1430 2666 similia,
1475 2596 1541 2666 ut
1569 2591 1845 2662 proinde;

149 2662 368 2737 placuit
406 2670 606 2737 contra
645 2664 906 2737 regulam
949 2668 1242 2737 accentum
1279 2662 1660 2737 proferripne
1690 2678 1851 2733 sepa-

150 2733 324 2791 ratim
356 2736 563 2790 additm
592 2734 1026 2805 praepositiones
1058 2734 1359 2787 videantur
1383 2733 1682 2787 adverbiis.

249 2825 476 2880 CAPUT
515 2824 691 2879 XXIV.
735 2826 807 2877 De
831 2821 1164 2891 participiis.
1213 2824 1415 2890 Regula
1445 2824 1754 2877 communis.

225 2897 357 2951 Haec
387 2911 517 2966 pars
547 2892 840 2966 orationis,
874 2898 930 2947 et
959 2894 1197 2966 a_verbo
1230 2894 1703 2966 accipitpartem,
1737 2897 1793 2947 et
1825 2910 1856 2947 a

155 2963 427 3021 nomine:
448 2981 702 3036 namque,
720 2964 850 3036 inde
873 2963 1242 3036 participium
1263 2965 1488 3036 dicitur.
1522 2963 1645 3018 Exit
1664 2969 1855 3036 autem

154 3039 275 3093 haec
299 3053 434 3108 pars
464 3034 739 3091 orationis
776 3034 837 3088 in
861 3034 1132 3104 praesenti
1180 3040 1439 3105 tempore
1472 3035 1531 3089 in
1570 3051 1669 3088 ens
1712 3040 1767 3088 et
1796 3034 1856 3108 in

154 3125 256 3162 ans
286 3105 553 3179 syllabas,
591 3111 657 3161 ut
684 3107 883 3177 legens
910 3111 966 3159 et
995 3122 1211 3160 amans.
1254 3105 1855 3179 Futuroitemporein

156 3196 271 3246 rus,
303 3176 369 3233 ut
396 3179 593 3250 legens
610 3179 880 3243 lecturus,
914 3192 1112 3250 amans
1139 3182 1446 3250 amaturus.
1479 3178 1541 3250 In
1564 3176 1855 3250 praeterito

158 3252 353 3317 lectus,
413 3248 655 3304 amatus.
720 3250 931 3303 Futuro
992 3248 1284 3317 legendus,
1336 3249 1633 3301 amandus.
1689 3248 1856 3301 Vides

156 3322 302 3376 hanc
331 3326 550 3391 partem
581 3318 854 3374 orationis
890 3334 1008 3371 esse
1038 3334 1142 3389 per
1181 3324 1472 3391 tempora:
1507 3317 1702 3372 omnia
1732 3319 1855 3372 haec

156 3409 189 3446 a
217 3389 392 3445 verbo
432 3396 747 3445 mutuatur.
793 3391 934 3443 Nam
967 3390 1139 3443 verbo
1179 3389 1525 3443 conveniunt
1571 3395 1849 3460 tempora.

155 3463 314 3528 Quod
344 3469 536 3517 autem
580 3462 898 3516 declinatur
921 3476 1024 3531 per
1050 3476 1231 3525 casus,
1264 3461 1369 3515 hoc
1398 3477 1431 3514 a
1460 3461 1694 3514 nomine
1726 3476 1853 3514 mu-

158 3538 369 3588 tuatur.
402 3535 543 3587 Nam
565 3532 867 3587 declinatio
889 3531 1130 3585 casualis
1160 3532 1227 3585 ad
1261 3548 1473 3585 nomen
1493 3532 1760 3601 pertinet,
1791 3536 1857 3586 ut

157 3605 250 3659 hic
286 3607 500 3676 legens,
539 3605 710 3676 hujus
746 3602 1013 3676 legentis,
1047 3602 1444 3676 huiclegenti,
1483 3604 1637 3676 nunc
1667 3604 1857 3672 legen-

157 3682 295 3741 tem,
326 3673 366 3728 6
390 3673 711 3745 Ιθεθιιείεὼ
748 3674 854 3728 hoc
897 3673 1143 3745 legente.
1185 3674 1329 3743 Ergo
1368 3673 1523 3744 quod
1565 3673 1684 3745 haec
1725 3688 1855 3743 pars

159 3743 471 3812 orationis;
490 3747 576 3800 vel
605 3761 709 3815 per
746 3750 1028 3813 tempora,
1055 3743 1143 3796 vel
1174 3760 1276 3815 per
1305 3743 1465 3815 casus
1495 3743 1690 3815 currit,
1722 3760 1855 3814 par-

160 3817 421 3887 ticipium
461 3814 714 3884 vocatur,
749 3815 900 3886 quod
949 3814 1391 3885 partem’capiat
1428 3814 1681 3887 nominis
1717 3830 1856 3887 par:-

160 3884 389 3958 temque
428 3884 1079 3958 verbi.7Non_laboriosa
1122 3902 1254 3958 pars
1294 3890 1379 3939 est
1425 3885 1715 3958 orationis,
1757 3884 1856 3939 sed

162 3956 451 4012 intellectu
480 3957 678 4013 facilis.
714 3959 856 4012 Nam
895 3957 1193 4026 praesentis
1221 3956 1493 4026 temporis
1522 3956 1639 4010 exit
1666 3956 1725 4009 in
1755 3972 1856 4009 ans

163 4035 217 4084 et
246 4030 305 4083 in
334 4045 453 4096 ens,
486 4034 548 4084 ut
589 4045 807 4096 amans,
841 4029 1050 4099 legens.
1088 4028 1300 4081 Futuro
1329 4027 1537 4099 agendi
1569 4027 1854 4099 signiﬁca-

161 4100 315 4154 tione
344 4100 405 4154 in
434 4117 549 4163 rus,
585 4105 649 4153 ut
679 4103 993 4164 amaturus,
1026 4100 1292 4153 lecturus.
1324 4102 1369 4152 A
1399 4098 1653 4168 patiendi
1678 4098 1854 4167 signi-

163 4170 419 4225 ﬁcatione
448 4170 509 4225 in
537 4175 627 4224 tus
659 4174 715 4224 et
742 4171 804 4224 in
836 4171 958 4233 dus,
1002 4174 1067 4223 ut
1095 4175 1337 4230 amatus,
1384 4169 1675 4239 legendus.
1712 4170 1854 4223 Sane

164 4242 346 4312 ipsum
372 4244 731 4312 praeteritum
761 4246 988 4310 tempus
1018 4240 1200 4312 tribus
1225 4240 1454 4311 syllabis
1478 4239 1845 4312 terminatur.

162 4310 227 4367 In
256 4310 470 4379 tus,_ut
502 4314 702 4381 lectus,
733 4312 1005 4381 scriptus;
1037 4311 1096 4364 in
1136 4310 1263 4378 sus,
1285 4316 1347 4364 ut
1389 4311 1625 4375 occisus,
1665 4310 1852 4378 visus;

162 4383 219 4437 in
249 4399 370 4449 xus,
400 4390 460 4438 ut
489 4383 669 4451 ﬁxus;
701 4384 828 4454 plus
858 4382 1280 4454 noniinvenies.
1315 4383 1460 4453 Ergo
1492 4387 1556 4435 ut
1585 4381 1852 4454 diximus,

164 4470 406 4535 praesens
432 4455 492 4535 in
523 4470 624 4508 ens
653 4452 717 4509 et
738 4454 797 4508 in
821 4469 941 4534 ans,
977 4453 1234 4535 futurum
1253 4453 1325 4535 ‘in
1351 4452 1466 4533 rus.
1496 4452 1857 4533 praeteritum

165 4523 223 4579 in
250 4529 355 4588 tus,
380 4525 637 4604 futurum
657 4541 883 4596 semper
905 4524 963 4578 in
981 4524 1105 4604 dus.
1128 4525 1270 4604 Sunt
1290 4528 1425 4578 sane
1446 4523 1703 4604 nomine,
1728 4540 1856 4604 qua:

164 4612 297 4667 sono
330 4596 628 4667 participia
660 4595 957 4666 putantur,
990 4595 1086 4667 sed
1114 4595 1352 4667 nomina
1379 4601 1531 4648 sunt.
1553 4595 1856 4664 Participia

166 4666 311 4721 enim
331 4665 438 4721 illa
466 4665 620 4732 sunt,
654 4665 782 4738 qua:
810 4683 841 4738 a
861 4665 1045 4719 verbis
1064 4665 1320 4738 veniunt,
1344 4671 1408 4720 ut
1426 4683 1458 4718 a
1489 4667 1633 4736 lego,
1662 4666 1855 4736 legens

168 4739 403 4791 lecturus
435 4738 610 4792 lectus
640 4736 932 4808 legendus.
955 4736 1267 4808 iTunicatus
1292 4741 1349 4789 et
1377 4737 1634 4808 galeatus
1661 4742 1717 4790 et
1741 4738 1854 4807 cly-

167 4812 358 4879 peatus
386 4814 443 4862 et
461 4807 788 4879 tropaeatus,
812 4807 1043 4862 nomina
1068 4812 1220 4874 sunt,
1244 4823 1359 4879 non
1380 4807 1697 4879 participia,
1723 4808 1857 4879 quia

167 4877 279 4933 non
310 4896 338 4932 a
366 4880 539 4933 verbo
553 4877 826 4933 'veniunt.
866 4881 957 4933 Est
976 4894 1156 4931 unum
1180 4878 1541 4948 participium
1575 4877 1855 4947 praeteriti

167 4951 430 5021 temporis
460 4950 519 5004 in
547 4966 677 5016 uus,
710 4950 863 5021 quod
896 4949 1050 5003 exire
1082 4948 1280 5021 debuit
1310 4964 1410 5019 per
1437 4964 1617 5021 unum
1648 4965 1706 5014 ιι,
1737 4962 1857 5003 non

169 5037 266 5092 per
282 5018 423 5077 'duo.
460 5023 600 5076 Nam
630 5018 1040 5092 ubi'geminata
1069 5036 1108 5074 u
1133 5018 1327 5092 littera
1342 5018 1725 5092 nominativus
1747 5024 1852 5086 est,

168 5090 367 5146 nomen
392 5096 497 5159 est,
532 5108 648 5146 non
677 5090 1070 5163 participium,
1101 5095 1163 5144 ut
1189 5090 1407 5163 fatuus,
1431 5090 1737 5163 ingenuus,
1771 5107 1857 5145 ar-

167 5162 322 5227 duus,
372 5164 636 5233 carduus,
679 5160 938 5233 exiguus,
980 5163 1225 5227 belluus,
1250 5167 1313 5233 ut
1354 5161 1546 5233 Cicero
1587 5160 1750 5215 dixit.
1790 5163 1855 5216 In

167 5249 258 5314 us,
280 5237 341 5314 ut
369 5233 570 5288 talium
595 5232 795 5314 contra
819 5234 1082 5314 regulam
1108 5232 1561 5314 participiorum.
1593 5238 1855 5286 mortuus

167 5308 390 5376 putatur
419 5320 541 5359 esse
569 5304 955 5376 participium,
986 5304 1084 5359 sed
1113 5304 1175 5359 in
1202 5304 1318 5358 vim
1347 5304 1721 5375 regulamque
1750 5320 1852 5359 no-

168 5375 328 5429 minis
354 5375 692 5430 conversum
721 5380 824 5430 est.

491 5463 716 5518 CAPUT
742 5463 892 5518 XXV.
920 5490 990 5502 -—
1017 5463 1092 5516 De
1115 5462 1511 5532 conjunctione.

234 5533 561 5604 Conjunctio
593 5539 677 5588 est
714 5551 843 5605 pars
882 5531 1156 5605 orationis
1196 5530 1430 5588 nectens
1468 5530 1854 5605 ordinansque

168 5602 511 5677 sententiam.
559 5602 959 5677 Conjunctioni
999 5603 1279 5677 accidunt,
1311 5605 1515 5677 ﬁgura,
1550 5602 1853 5677 ordo,'poj

166 5679 341 5748 testas.
383 5675 590 5748 Figura
628 5674 732 5745 est,
769 5693 899 5748 quae.
943 5679 1180 5745 apparet
1214 5674 1396 5745 ﬁgura
1436 5675 1699 5748 simplex.
1747 5674 1853 5729 Sed

170 5746 593 5828 equidembrdo
626 5746 856 5820 quoque
887 5750 1142 5828 apparet,
1178 5762 1306 5828 quae
1335 5746 1597 5819 praeponi
1626 5750 1853 5828 tantum

169 5816 352 5891 possit,
385 5822 449 5883 ut
478 5835 610 5874 nam
636 5816 663 5875 ἴ
686 5816 813 5891 quae
845 5816 1132 5891 subiungi,
1166 5816 1232 5873 ut
1253 5816 1401 5889 que:
1431 5816 1561 5891 qua:
1589 5816 1852 5899 przeponi

1714 368 2104 427 APPENDIX.

3531 376 3549 427 1
3561 374 3664 429 406

1961 499 2016 548 et
2038 493 2324 567 subjungi,
2352 498 2412 567 ut
2431 492 2628 567 igitur.
2653 495 2906 567 Potestas
2927 493 3397 567 conjunctionum
3418 495 3477 550 in
3500 496 3662 567 quin-

1959 581 2073 637 que
2100 565 2313 634 species
2344 565 2634 619 dividitur.
2680 566 2825 637 Sunt
2854 565 3011 618 enim
3050 566 3409 636 copulativa,
3441 565 3656 637 etque,

1960 636 2066 700 ast,
2098 642 2176 703 at,
2219 641 2408 705 atque.
2441 636 2823 707 Disjunctivm,
2865 641 2981 701 aut,
3012 637 3128 707 vel,
3164 653 3249 705 ve,
3284 654 3404 700 nec,
3450 636 3656 707 neque,

1960 723 2121 773 neve,
2162 723 2254 767 an.
2296 714 2513 769 utrum,
2542 706 2884 777 'Expletivae,
2924 706 3179 778 quidem,
3223 708 3511 778 equidem,
3544 706 3659 761 fau-

1961 783 2096 847 tem,
2145 783 2354 858 tamen.
2405 794 2594 858 porro,
2625 778 2922 858 videlicet,
2944 777 3222 858 proinde,
3258 777 3536 858 denique,
3569 782 3661 832 ut-

1961 865 2094 920 que.
2148 850 2429 914 Causales,
2474 849 2539 913 si,
2587 850 2709 913 etsi,
2754 848 3002 916 tametsi,
3049 848 3295 914 etiamsi,
3347 849 3653 919 siquidem,

1960 920 2211 991 quando,
2266 920 2764 1000 equidemhquin,
2815 920 3155 990 quinetiam,
3204 921 3311 998 sin.
3372 920 3655 985 sinetiam,

1960 1008 2312 1062 quanquam,
2365 992 2643 1061 quamvis,
2692 992 2991 1062 sinautem,
3039 1007 3159 1058 seu,
3204 992 3340 1056 sive,
3385 1006 3659 1062 namque,

1959 1062 2091 1125 nisi,
2120 1061 2233 1115 nisi
2261 1062 2330 1129 si,
2363 1062 2539 1126 enim,
2571 1061 2803 1119 etenim.
2829 1062 2948 1127 sed,
2974 1066 3051 1122 ut,
3083 1067 3383 1131 praeterea,
3416 1061 3655 1129 interea,

1959 1133 2356 1204 quamobrem,
2389 1149 2587 1201 quare,
2620 1132 2961 1204 praesertim,
2993 1131 3152 1204 item,
3186 1133 3460 1202 itemque,
3491 1136 3660 1204 caete-

1960 1202 2111 1271 rum,
2153 1204 2427 1274 alioquin.
2472 1203 2815 1270 Rationales,
2857 1202 3211 1274 ita,_itaque,
3255 1203 3430 1268 enim,
3474 1203 3658 1256 enim-

1959 1291 2114 1341 vero,
2147 1272 2517 1345 quapropter,
2543 1274 2780 1344 quippe,
2802 1272 3658 1345 quoniam,quoniamquidem,

1960 1362 2119 1418 ergo,
2150 1343 2346 1418 igitur,
2377 1343 2531 1409 ideo,
2561 1343 3075 1418 iidcirco,_’scilicet,
3108 1351 3404 1413 praeterea.
3440 1343 3655 1418 Exbis,

1959 1414 2052 1480 et:
2068 1417 2388 1487 copulativa
2413 1418 2593 1470 multa
2625 1414 2927 1487 signiﬁcat;
2958 1414 3118 1487 Saepe
3145 1420 3335 1467 autem
3363 1414 3567 1487 transit
3599 1414 3660 1467 in

1959 1485 2190 1542 alterius
2230 1487 2479 1557 speciem
2517 1486 2836 1556 potestatis.
2885 1485 3048 1539 Modo
3093 1485 3151 1538 in
3192 1485 3548 1555 expletivam,
3596 1488 3660 1538 ut

2081 1567 2145 1616 Et
2167 1580 2285 1630 quas
2316 1570 2464 1616 tanta
2490 1565 2590 1614 fuit
2616 1563 2964 1630 Romam_ti_bi
2993 1578 3153 1612 causa
3177 1564 3425 1630 videndi?

2804 1625 3002 1688 (Eclog.
3034 1630 3078 1685 I,
3109 1642 3159 1676 v.
3190 1626 3291 1687 27.)

1956 1711 2066 1764 Pro
2098 1707 2409 1780 qualitatis,
2431 1712 2493 1780 et
2513 1706 2868 1780 quantitatis,
2890 1710 2990 1780 ut,_
3007 1709 3181 1761 Timeo
3199 1710 3421 1780 Danaos
3447 1710 3497 1780 et
3517 1704 3662 1780 dona

1955 1776 2186 1847 ferentes
2226 1779 2461 1849 (Eneid,
2495 1780 2589 1832 lib.
2630 1780 2683 1844 2,
2714 1794 2765 1832 v.
2807 1779 2915 1841 49).
2952 1777 3035 1843 Ει,
3080 1778 3250 1832 modo
3290 1793 3395 1847 pro
3436 1776 3659 1846 disjun-

1957 1852 2124 1905 ctiva.
2156 1856 2220 1905 ut

2110 1892 2124 1917 ’
2226 1891 2241 1917 ’
2297 1921 2360 1969 Ει
2391 1919 2668 1982 quisquam
2700 1932 2901 1982 numen
2924 1917 3149 1982 Junonis
3178 1916 3361 1965 adoret

2051 1984 2328 2043 Praeterea,
2358 1980 2450 2031 aut
2478 1980 2702 2044 supplex
2729 1981 2832 2044 aris
2860 1981 3098 2042 imponat
3117 1980 3412 2044 honorem?

2620 2042 2720 2106 (Id.
2751 2043 2837 2092 lib.
2860 2046 2904 2102 ι,
2936 2041 3020 2093 vv.
3045 2044 3123 2101 52,
3154 2041 3255 2102 53.)

1959 2126 2122 2181 Modo
2147 2141 2253 2196 pro
2282 2123 2495 2179 causali
2522 2123 2776 2195 ponitur,
2805 2126 2885 2189 ut,

2250 2232 2255 2235 ι
2781 2201 3016 2264 Quorum
3046 2200 3266 2264 Iphytus
3295 2212 3410 2264 aevo

2080 2267 2197 2315 Jam
2223 2266 2446 2330 gravior,
2478 2263 2661 2330 Pelias
2674 2266 2726 2330 et
2744 2263 2967 2330 vulnere
2995 2262 3176 2330 tardus
3197 2262 3372 2330 lily/ssi
3397 2276 3411 2321 ;

2610 2327 2711 2388 (Id.
2739 2325 2827 2376 lib.
2857 2328 2905 2381 2.
2935 2339 3016 2375 vv.
3049 2326 3161 2381 435,
3188 2314 3321 2386 436‘.)

1957 2425 2084 2480 pro,
2117 2408 2293 2463 etiam
2324 2406 2796 2480 vulneretardus.
2833 2406 2993 2480 Modo
3022 2421 3125 2480 pro
3157 2403 3424 2480 adverbio
3455 2402 3661 2480 accipi:

1957 2476 2053 2535 tur
2081 2479 2407 2545 ordinandi,
2436 2484 2517 2544 ut,
2545 2479 2855 2547 Corpusque
2879 2479 3064 2531 lavant
3093 2477 3349 2542 frigentis
3378 2478 3427 2528 et
3451 2476 3661 2539 ungunt

1960 2552 2061 2621 (Id.
2095 2552 2191 2605 lib.
2226 2554 2279 2616 6,
2322 2567 2373 2612 v,
2408 2553 2564 2616 219):
2599 2565 2721 2620 pro,
2767 2549 2993 2621 deinde;
3018 2552 3270 2621 ungunt.
3328 2547 3491 2621 Item,
3540 2547 3661 2621 aut,

1959 2614 2287 2692 conjunctio
2318 2614 2841 2692 multaisignilicat.
2875 2619 3037 2675 Modo
3068 2614 3224 2672 enim
3255 2632 3359 2688 pro
3392 2614 3662 2671 adverbio

1962 2691 2318 2748 discretionis
2349 2691 2647 2760 accipitur,
2675 2697 2758 2757 ut,

2083 2770 2217 2819 Ante
2243 2770 2425 2817 urbem
2455 2768 2600 2831 pueri
2627 2772 2679 2816 et
2706 2769 2958 2831 primaevo
2987 2768 3113 2831 ﬂore
3132 2766 3386 2831 juventus

2083 2832 2408 2881 Exercentur
2431 2830 2598 2892 equis,
2630 2830 2993 2891 domitantque
3016 2830 3072 2877 in
3103 2830 3320 2892 pulvere
3345 2840 3551 2886 currus,

2084 2894 2189 2943 Aut
2213 2907 2356 2941 acres
2386 2891 2612 2941 tendunt
2640 2906 2807 2949 arcus,
2842 2896 2933 2940 aut
2962 2892 3105 2940 lenta
3133 2891 3354 2939 lacertas

2089 2955 2302 3019 Spicula
2324 2959 2694 3019 contorquent,

2636 3015 2735 3077 (Id.
2768 3014 2862 3063 lib.
2884 3019 2932 3082 7,
2963 3027 3043 3064 vv.
3069 3013 3323 3074 463-165.)

1966 3098 2124 3154 Modo
2154 3113 2259 3168 pro
2289 3100 2546 3167 tempore
2577 3094 2877 3165 signiﬁcat,
2909 3100 2993 3162 ut,

2088 3187 2192 3236 Aut
2219 3189 2339 3234 ante
2362 3198 2453 3233 ora
2479 3185 2637 3234 deum
2660 3183 2884 3246 pingues
2909 3182 3165 3246 spatiatur
3189 3179 3254 3229 ad
3275 3193 3411 3238 aras,

2089 3250 2349 3297 Instaurat
2380 3247 2535 3296 donis
2562 3247 2743 3310 epulas
2762 3260 2773 3293 :

2774 3306 2872 3369 (Id.
2903 3306 2991 3356 lib.
3021 3308 3066 3363 4,
3088 3319 3172 3356 υυ.
3201 3306 3281 3363 62,
3305 3303 3416 3363 63.)

1964 3393 2023 3448 id
2053 3396 2154 3460 est,
2183 3407 2338 3446 nunc
2365 3394 2495 3446 ante
2546 3406 2647 3444 ora
2672 3390 2845 3445 deum
2888 3386 3167 3458 spatiatur
3216 3385 3285 3439 ad
3318 3400 3463 3453 aras,
3498 3385 3661 3450 Item,

2866 3476 2969 3526 Aut
2990 3474 3201 3538 agmina
3221 3486 3386 3538 curru

2059 3542 2299 3601 Proterit,
2325 3543 2417 3591 aut
2444 3544 2619 3605 raptas
2638 3539 2973 3605 fugientibus
3003 3535 3417 3605 ingerit_l_ias_tas.

2627 3594 2737 3664 (Id?
2753 3602 2844 3651 lib.
2871 3603 2918 3661 9,
2950 3613 3032 3650 vv.
3056 3594 3166 3657 7‘62,
3196 3597 3329 3659 τω.)

1966 3685 2188 3755 Figurae
2218 3682 2689 3754 conjunctionum
2732 3682 2860 3755 dua;
2891 3684 3024 3733 sunt
3044 3696 3074 3755 :_
3100 3678 3363 3755 simplex,
3395 3678 3663 3755 ut'nam;

1965 3746 2301 3825 composita,
2325 3746 2405 3807 ⁷ιιι
2434 3769 2701 3825 namque.
2751 3752 2900 3806 Ordo
2948 3749 3433 3825 conjunctionum
3468 3746 3670 3825 inboc

1965 3832 2066 3892 est,
2097 3819 2237 3897 quia
2274 3829 2376 3904 aut
2402 3819 2780 3904 praepositivae
2837 3819 3268 3904 conjunctiones
3307 3822 3462 3883 sunt,
3495 3821 3559 3904 ult
3586 3820 3664 3904 at,

1965 3891 2085 3953 ast:
2116 3891 2213 3950 aut
2256 3891 2648 3965 subjunctivae,
2684 3898 2908 3965 utque:
2952 3895 3069 3965 aut
3095 3903 3448 3965 communes,
3486 3891 3550 3965 ut
3587 3891 3664 3953 et,

1962 3968 2159 4039 igitur.
2194 3966 2338 4039 Sunt
2357 3960 2543 4019 'etiam
2562 3960 2861 4039 dictiones,
2885 3979 3028 4039 quas
3056 3960 3339 4014 incertum
3361 3965 3446 4012 est
3467 3962 3663 4039 utrum
3731 4009 3734 4013 .

1962 4034 2517 4110 p'raapositiones__an
2559 4034 3254 4110 adverbiaunominemus,
3300 4045 3430 4110 qum
3469 4034 3663 4083 tamen

1964 4100 2160 4165 omnes
2190 4108 2352 4162 facile
2391 4108 2787 4161 dinoscuntur.
2825 4106 2965 4159 Nam
3004 4109 3061 4157 et
3088 4100 3519 4171 conjunctiones
3558 4115 3663 4169 pro

1965 4181 2088 4235 aliis
2142 4178 2639 4250 conjunctionibus
2689 4175 2890 4248 positae
2943 4174 3331 4239 inveniuntur,
3386 4175 3663 4241 potestate

1965 4257 2203 4306 mutata.
3144 4284 3147 4285 ν

1965 4323 2188 4380 CAPUT
2256 4320 2433 4376 XXVI.
2494 4348 2566 4359 ——
2630 4321 2702 4373 De
2773 4316 3174 4388 prwpositione.
3257 4313 3665 4383 Prwpositiones

2283 4393 2629 4458 accusativae,
2658 4390 2931 4454 ablativa,
2964 4392 3014 4442 et
3040 4388 3343 4458 utriusque.

2035 4466 2245 4520 Omnes
2273 4453 2719 4534 praepositiones
2744 4460 3011 4534 dicuntur
3041 4457 3405 4534 generaliter.
3440 4453 3664 4534 Species

1965 4541 2156 4591 autem
2187 4525 2297 4601 hae,
2329 4525 2457 4588 ali-ae
2482 4532 2833 4597 accusativm,
2857 4530 2984 4584 alia:
3007 4525 3290 4601 ablativae,
3312 4526 3440 4580 alite
3456 4525 3668 4601 utrius-

1965 4624 2093 4679 que.
2108 4596 2490 4679 ‘Accusativai,
2512 4618 2614 4675 per
2635 4618 2827 4679 casum
2863 4600 3241 4679 accusativum
3262 4596 3664 4678 enuntiantur,

1965 4668 2027 4733 ιῖι
2055 4677 2145 4745 ad,
2180 4676 2351 4747 apud,
2395 4668 2548 4742 ante,
2588 4674 2874 4747 adversus,
2912 4672 3006 4747 cis,
3038 4670 3197 4735 citra,
3226 4669 3462 4747 circum,
3495 4668 3664 4734 circa,

1964 4740 2183 4815 contra,
2215 4740 2370 4817 erga,
2398 4740 2571 4807 extra,
2592 4743 2760 4809 intra,
2780 4742 2949 4806 infra,
2975 4742 3159 4811 juxta,
3194 4740 3510 4817 ob,_penes,
3543 4754 3663 4809 per,

1962 4811 2176 4890 prope,
2198 4811 2450 4889 propter,
2471 4820 2699 4890 praeter,
2724 4818 2882 4890 pos_t,_
2905 4828 3078 4890 pone,
3107 4811 3442 4890 secundum,
3471 4825 3664 4879 supra,

1965 4883 2341 4958 meum.
2374 4890 2436 4942 In
2470 4883 2558 4940 bis
2594 4883 3100 4958 praepositionibus
3140 4883 3418 4958 servanda
3454 4896 3665 4951 genera

1963 4954 2288 5027 nominum,
2320 4959 2378 5013 id
2397 4964 2500 5019 est,
2524 4954 2927 5019 masculinum,
2955 4954 3345 5027 feminimum,
3370 4958 3661 5027 neutrum,

1963 5022 2286 5087 commune;
2315 5029 2585 5086 Servandi
2615 5027 2785 5081 etiam
2812 5026 3060 5090 numeri,
3093 5031 3155 5079 ut
3180 5029 3319 5095 puta
3350 5022 3662 5095 masculino

1964 5101 2585 5176 singulari,_ad_a_grum
2610 5114 2624 5153 :
2649 5098 2879 5176 plurali,
2902 5097 2972 5151 ad
3000 5092 3197 5176 agrosf
3216 5092 3520 5176 Feminino.
3551 5093 3664 5176 sin:

1964 5163 2169 5247 gulari,
2219 5163 2291 5247 ad
2326 5163 2538 5247 villam,
2578 5163 2667 5247 vel
2713 5169 2785 5223 ad
2825 5163 3287 5247 possessionem.
3313 5163 3548 5247 Plui'ali,
3590 5163 3662 5247 ad

1961 5234 2263 5308 villas,'vel
2293 5243 2365 5297 ad
2396 5234 2800 5312 possessiones.
2825 5234 2920 5295 Sic
2950 5244 3219 5312 neutrum
3246 5234 3662 5312 singulare,nad

1962 5305 2266 5385 templum,
2295 5314 2363 5369 ad
2397 5305 2741 5385 Capitolium
2770 5328 2782 5366 :
2815 5311 3069 5385 plu_rale,_
3088 5308 3159 5385 ad
3187 5307 3420 5375 templa,
3451 5305 3522 5360 ad
3538 5306 3660 5385 _Ca-

1963 5375 2302 5459 pitolia._Sic
2327 5375 2619 5459 communi
2650 5375 2858 5459 genere
2887 5378 3161 5459 singulari
3193 5393 3454 5459 numero,
3487 5376 3557 5457 ad
3582 5375 3661 5430 ci-

1961 5447 2111 5522 vem,
2140 5457 2213 5511 ad
2266 5458 2509 5520 hostem,
2543 5456 2612 5510 ad
2651 5447 3045 5509 sacerdotem:
3098 5448 3324 5519 plurali,
3379 5448 3466 5522 ad_
3489 5447 3658 5522 cives,

1962 5531 2031 5585 ad
2055 5516 2257 5595 hostes,
2280 5528 2349 5583 ad
2380 5516 2720 5582 sacerdotes.
2746 5524 2987 5595 Sicergo
3007 5516 3204 5595 omnes
3226 5516 3662 5595 praepositiones

1962 5589 2305 5661 observabis,
2344 5598 2593 5663 servatis,
2636 5601 2698 5649 ut
2742 5593 2877 5657 dixi,
2917 5589 3247 5663 generibus,
3276 5589 3509 5643 servatis
3553 5605 3660 5663 nu-

1963 5672 2135 5727 meris
2163 5659 2439 5742 singulari
2468 5675 2524 5724 et
2547 5659 2775 5738 plurali.
2808 5659 3053 5742 Servatis
3083 5662 3348 5742 similiter
3366 5659 3659 5742 pronomi-

1960 5744 2131 5799 nibus
2153 5731 2467 5798 secundum
2490 5731 2737 5811 genera:
2761 5735 3096 5811 masculino,
3118 5735 3195 5811 a_d_
3214 5731 3401 5811 hunc}
3426 5731 3658 5811 plurali,

1961 5816 2031 5871 ad
2062 5817 2167 5871 hos
2188 5831 2199 5868 :
2219 5801 2522 5881 feminino,
2545 5809 2614 5865 ad
2636 5809 2783 5863 hanc
2798 5823 2811 5862 :
2827 5805 3060 5879 plurali,
3085 5801 3159 5861 ad
3180 5806 3297 5861 has.
3335 5801 3566 5871 Neutra,
3591 5801 3659 5859 ad
