4056 6360
347 301 477 355 1407

343 423 450 477 hoc
478 422 758 494 templum
791 422 974 494 vado:
999 422 1228 494 plurali,
1262 423 1331 477 ad
1361 423 1482 478 huic
1509 426 1739 494 templa.
1772 425 1860 480 Sic
1888 442 2038 480 com-

344 492 510 568 muni
553 492 782 568 genere,
815 493 888 546 ad
910 492 1068 568 hunc
1107 501 1160 547 et
1201 495 1270 548 ad
1287 495 1446 568 hanc
1493 492 1880 568 sacerdotem:
1910 499 2037 568 plu-

346 564 470 626 rali,
503 565 571 617 ad
618 565 722 617 hos
764 568 820 617 et
858 564 926 617 ad
973 565 1072 617 has
1114 567 1468 620 sacerdotes:
1519 567 1596 620 sic
1633 567 1702 620 ad
1748 567 1851 621 hos
1880 564 1937 622 et
1965 568 2036 622 ad

343 635 445 708 has
471 635 695 708 hostes.
716 635 781 688 In
810 635 899 708 his
925 635 1230 708 ablativum
1274 637 1574 690 attendunt
1602 643 1718 691 tam
1748 639 1807 692 in
1839 637 2035 708 singu-

343 705 451 759 lari
480 721 653 775 quam
683 705 751 780 in_
774 705 1000 780 plurali,
1027 708 1261 760 servatis
1290 709 1597 777 generibus
1625 705 1993 780 numerisque
2020 725 2032 763 :

344 780 409 828 ut
435 781 604 850 puta,_
623 793 674 841 a,
703 776 801 850 ab,
823 777 942 840 abs,
969 793 1128 850 cum,
1151 776 1363 844 coram,
1392 781 1558 844 clam,
1589 781 1678 845 de,
1711 797 1763 844 e,
1785 797 1874 847 ex,
1900 776 2034 850 pro,

343 862 484 916 prae,
515 847 725 914 palam,
760 846 1167 917 sine,absque,
1191 854 1374 902 tenus.
1407 851 1710 904 Masculino
1738 846 2035 917 singulari,

345 921 407 969 ut
436 934 466 970 a
495 917 689 990 fratre,
721 916 928 986 plurali
958 935 993 990 a7
1018 919 1307 974 fratribus.
1336 920 1632 974 Feminino
1677 916 1970 990 singulari,
2005 939 2036 974 a

344 1003 557 1051 sorore,
605 988 689 1040 vel
738 1004 770 1040 a
800 988 1108 1054 sororibus,
1142 991 1227 1043 vel
1278 1007 1310 1043 a
1338 991 1582 1054 civitate,
1617 1008 1651 1044 a
1689 988 2031 1046 civitatibus.

344 1058 427 1131 Ab
458 1057 732 1131 singulari
757 1060 1092 1131 masculino,
1139 1061 1210 1113 ab
1241 1061 1442 1125 amico,
1475 1063 1682 1131 plurali
1716 1063 1784 1116 ab
1815 1062 2033 1124 amicis,

345 1128 414 1203 ab
444 1144 597 1203 agro.
625 1130 695 1181 ab
718 1129 890 1203 agris.
921 1130 1216 1203 Feminino
1238 1128 1514 1203 singulari
1544 1133 1613 1185 ab
1636 1133 1795 1194 urbe,
1829 1133 2038 1203 plurali

344 1199 413 1252 ab
445 1199 698 1273 urbibus.
749 1201 960 1253 Neutro
989 1201 1290 1273 _singulari
1317 1199 1404 1273 (ab
1451 1204 1686 1273 templo,
1726 1199 1934 1273 plurali
1966 1205 2036 1259 ab

345 1270 669 1343 templi_s._A
713 1270 1004 1343 communi
1054 1271 1326 1343 singulari
1353 1289 1383 1325 a
1422 1270 1586 1338 cive;
1605 1270 1811 1343 plur—ali
1839 1291 1872 1327 a
1901 1275 2036 1328 civi-

345 1340 473 1408 bus,
505 1341 574 1394 ab
606 1341 789 1405 hoste,
823 1341 892 1394 ab
925 1341 1196 1396 hostibus.
1233 1345 1384 1396 Hanc
1412 1340 1843 1398 declinationem
1877 1362 2038 1398 serva

345 1410 405 1464 in
432 1411 700 1464 omnibus
738 1411 826 1464 his
874 1412 1130 1466 ablativis
1173 1414 1671 1484 praepositionibus
1721 1417 2037 1470 secundum

346 1497 556 1557 genera
592 1486 648 1534 et
685 1497 1008 1557 numerum.
1057 1485 1333 1557 Remanet
1366 1486 1535 1539 tertia
1565 1487 1777 1556 species
1813 1503 2036 1557 praepo-

346 1551 639 1628 sitionum,
662 1568 791 1622 quas
812 1553 1080 1628 dicuutur
1101 1555 1414 1625 utriusque,
1438 1573 1566 1628 qua:
1584 1551 1639 1611 et
1654 1551 2036 1612 accusativum

344 1626 543 1675 tenent
567 1639 756 1676 casum
788 1629 844 1677 et
871 1625 1200 1679 ablativum.

348 1711 571 1766 CAPUT
608 1712 808 1765 XXVII.
851 1742 934 1786 —__
967 1715 1177 1781 Duplea:
1221 1729 1389 1779 genus
1428 1717 1873 1784 prapositionum
1919 1733 2038 1786 qua:

875 1783 1129 1836 dicuntur
1169 1788 1468 1853 utriusque.

420 1861 524 1916 Sed
549 1861 849 1936 plerosque
870 1862 1014 1936 ratio
1035 1863 1239 1936 harum
1261 1864 1733 1934 praepositionum
1763 1867 2035 1936 praeterit,

348 1948 413 2006 ex
437 1947 550 2001 qua
576 1933 935 2006 distinctiogne
957 1933 1330 2006 intelligatur,
1356 1933 1551 2006 utnon
1577 1933 1846 2006 appareat
1869 1953 2037 2006 expo-

347 2001 520 2056 situm
572 2004 712 2072 ejus.
768 2003 1093 2056 Differentia
1136 2001 1257 2058 hzrc
1296 2001 1379 2058 est
1421 2005 1480 2058 in
1529 2001 1684 2059 motu
1727 2012 1782 2060 et
1811 2007 1868 2060 in
1904 2001 2032 2062 situ.

345 2073 453 2128 Sed
483 2077 701 2126 motum
738 2079 1084 2143 putaverunt
1121 2075 1352 2145 quidam
1397 2078 1775 2131 accusativum
1813 2083 2036 2132 tantum

346 2147 574 2198 tenere:
624 2149 779 2197 tenet
826 2149 1018 2198 autem
1062 2151 1392 2214 utrumque,
1451 2149 1547 2201 sed
1597 2153 1746 2202 certa
1797 2150 2033 2204 ratione.

348 2216 488 2268 Nam
521 2218 706 2268 motus
726 2219 860 2268 tunc
884 2220 1040 2269 tenet
1065 2218 1443 2271 accusativum
1465 2235 1654 2272 casum
1678 2235 1805 2272 cum
1838 2236 1870 2272 a
1899 2221 2037 2273 locis

344 2284 403 2338 in
419 2286 542 2357 alia
565 2286 683 2338 loca
705 2302 810 2338 nos
830 2287 1464 2357 moverisigniticamus,
1485 2294 1548 2342 ut
1566 2306 1729 2343 curro
1753 2291 1808 2344 in
1827 2292 2032 2355 forum,

346 2356 435 2408 vel
466 2356 524 2408 in
564 2373 849 2425 campum.
887 2359 951 2410 Et
979 2358 1024 2410 si
1067 2356 1139 2411 ex
1173 2361 1283 2411 alio
1317 2361 1438 2413 loco
1486 2360 1726 2414 dicimus
1780 2378 1882 2414 nos
1911 2379 2038 2414 cur-

345 2442 469 2480 rere
509 2426 567 2478 in
604 2427 791 2498 forum
843 2429 923 2480 vel
966 2428 1024 2482 in
1073 2445 1359 2498 campum,
1415 2432 1794 2485 accusativum
1843 2449 2035 2486 casum

347 2501 637 2571 tenemus.‘
659 2497 714 2552 Si
737 2503 938 2571 autem
962 2499 1020 2552 in
1052 2516 1166 2571 uno
1190 2501 1506 2571 eodemque
1529 2503 1671 2566 loco,
1698 2504 2034 2557 ablativum:

345 2573 411 2622 ut
431 2567 682 2641 curroin
714 2568 868 2641 _foro,
897 2585 1062 2622 curro
1096 2570 1154 2623 in
1179 2587 1377 2641 campo
1401 2567 1524 2626 {sic
1555 2573 1784 2626 ambulo
1812 2575 1870 2627 in
1892 2575 2034 2640 foro,

350 2642 406 2710 et
436 2638 664 2690 ambulo
710 2638 768 2691 in
817 2656 1038 2710 campo.
1069 2640 1123 2694 Si
1167 2641 1236 2694 de
1279 2638 1388 2696 alio
1419 2643 1540 2696 loco
1591 2645 1948 2698 ambulamus
1979 2638 2038 2698 in

347 2708 556 2772 forum,
587 2708 965 2763 accusativum
989 2716 1268 2765 tenemus.
1301 2714 1356 2768 Si
1388 2713 1447 2766 in
1475 2714 1673 2767 eodem
1694 2716 1813 2769 loco
1845 2717 2039 2769 ambu—

349 2779 554 2854 lamus,
604 2780 911 2854 ablativum
963 2787 1245 2854 tenemus,
1295 2789 1359 2836 ut
1399 2785 1631 2838 ambulo
1660 2786 1718 2840 in
1743 2787 1902 2840 foro:
1937 2787 2034 2854 sic,

349 2849 496 2904 cadit
525 2850 584 2902 in
615 2851 823 2919 forum,
855 2856 910 2905 et
939 2853 1088 2906 cadit
1117 2853 1176 2906 in
1206 2853 1352 2908 foro.
1387 2855 1690 2925 Virgilius:

471 2937 869 3001 Ingrediturque
898 2939 1029 2999 solo,
1057 2944 1108 2989 et
1135 2945 1291 2999 caput
1319 2942 1455 2990 inter
1482 2943 1660 2993 nubila
1691 2945 1887 2994 condit.

1131 3003 1360 3064 (Aineid.
1389 3004 1478 3054 lib.
1507 3009 1549 3062 4,
1586 3020 1632 3054 v.
1668 3007 1794 3069 I77.)

349 3081 418 3155 Ut
461 3083 564 3155 est,
611 3083 671 3155 In
719 3083 867 3135 arvis
899 3084 1063 3155 altius
1099 3085 1407 3151 ingreditur
1457 3085 1666 3155 (Georg.
1715 3087 1807 3140 lib.
1857 3089 1906 3153 3,
1951 3103 2035 3140 vv.

343 3153 434 3224 76,
470 3151 581 3224 76),
615 3151 670 3205 id
700 3157 784 3224 est
811 3154 1104 3208 ambulat:
1148 3155 1305 3208 vides
1336 3151 1558 3210 motum
1590 3151 1732 3224 esse,
1766 3161 1822 3212 et
1850 3151 2042 3211 tamen

347 3220 653 3294 ablativum
685 3222 791 3275 sibi
831 3224 1108 3290 vidicare;
1139 3226 1235 3278 sed
1276 3225 1335 3278 in
1375 3227 1514 3290 loco,
1555 3233 1620 3281 ut
1649 3220 1786 3294 diti,
1820 3245 1937 3282 non
1969 3229 2039 3283 de

347 3292 468 3368 loco
499 3291 556 3344 in
607 3293 824 3368 locum,
867 3295 1224 3368 Siculapsum
1262 3296 1331 3368 in
1381 3298 1677 3368 piscinam,
1723 3291 1781 3353 et
1817 3301 2040 3368 lapsum

349 3362 588 3437 dicimus
609 3363 666 3416 in
689 3363 1006 3437 piscina._Si
1034 3365 1103 3418 de
1129 3366 1238 3437 alio
1260 3362 1464 3420 loco-in
1488 3362 1765 3437 piscinam
1792 3362 2037 3437 labatur,

350 3434 696 3510 accusativus
734 3439 865 3510 est:
906 3434 956 3510 si
998 3451 1129 3487 vero
1174 3436 1233 3488 in
1280 3434 1755 3493 eadem—labatur
1802 3434 2038 3510 piscina,

349 3503 627 3578 ablativus
665 3508 768 3558 est.
819 3504 997 3578 _Venio
1046 3511 1236 3560 autem
1283 3523 1506 3578 semper
1544 3503 1891 3565 accusativus
1935 3503 2040 3578 est,

348 3573 483 3644 quia
513 3574 582 3652 de
614 3575 734 3652 loco
769 3575 839 3628 ad
867 3575 1056 3629 locum
1089 3577 1215 3645 quis
1244 3573 1422 3652 venit:
1455 3581 1514 3633 In
1553 3582 1673 3634 loco
1705 3587 1895 3636 autem
1919 3573 2040 3652 jam

347 3660 474 3698 cum
511 3645 582 3698 sit
611 3646 870 3716 quisque,
903 3653 1082 3701 cessat
1105 3653 1310 3703 motus.
1347 3651 1485 3704 Item
1515 3657 1702 3708 motus
1732 3653 1801 3708 de
1827 3645 1951 3708 loco
1981 3653 2041 3707 in

349 3716 557 3782 locum,
591 3719 754 3771 volvo
783 3717 868 3770 vel
900 3719 1122 3772 evolvo:

533 3803 775 3866 Reperire
809 3803 1080 3871 fiamque.
1105 3806 1344 3858 evolvere
1365 3813 1541 3871 posset

476 3866 533 3913 ln
559 3879 702 3914 mare
733 3879 787 3914 se
821 3866 1093 3915 Xanthus:

628 3928 850 3990 (/Eneid.
883 3929 970 3977 lib.
1002 3932 1048 3987 5,
1079 3943 1161 3980 vv.
1193 3933 1300 3991 807,
1329 3933 1458 3994 sos.)

351 4006 563 4082 scilicet
597 4007 666 4061 ab
698 4009 855 4062 alveo
886 4007 967 4082 in_
985 4024 1160 4082 mare.
1204 4011 1264 4064 In
1296 4011 1418 4082 ipso
1449 4015 1640 4066 autem
1673 4014 1841 4080 volvi,
1887 4015 2042 4068 abla-

351 4077 750 4153 tivumteuet:
799 4085 881 4153 ut,
915 4079 1108 4153 Fundo
1139 4077 1442 4153 (volvuntur
1470 4086 1527 4138 in
1558 4086 1662 4139 imo
1710 4077 1938 4153 (Idflib.
1988 4090 2040 4148 6,

349 4165 400 4202 v.
438 4151 584 4210 581).
618 4149 725 4213 Sic,
758 4151 884 4214 sub,
919 4165 950 4202 e
983 4150 1102 4203 loco
1133 4151 1192 4204 in
1228 4154 1411 4206 locum
1443 4160 1632 4207 motus
1664 4149 2043 4210 accusativum

350 4223 525 4295 tenet:
579 4221 652 4273 De
693 4221 1172 4295 hastavirgilius
1206 4223 1298 4295 _sic
1344 4223 1442 4289 ait,
1487 4226 1595 4280 Sub
1642 4232 1846 4295 pectus,
1892 4229 2045 4282 illam

350 4305 480 4343 rem.
504 4290 641 4354 Item
655 4292 769 4365 sub
791 4289 1056 4365 ablativo,
1087 4293 1258 4360 Troja:
1276 4295 1374 4348 sub
1394 4289 1658 4352 manibus
1677 4299 1805 4352 aliis
1824 4289 2046 4365 contigit

353 4361 748 4440 oppetere_(lcl.
801 4361 893 4440 lib.
953 4363 1002 4440 _,
1047 4378 1142 4440 vv._
1174 4367 1259 4430 99,
1309 4368 1452 4440 I60),
1500 4366 1569 4440 id
1599 4373 1684 4421 est
1721 4369 1931 4440 cadere
1957 4361 2046 4424 vel

346 4430 785 4555 ἓὲοῗτὲὰένοάεε,
818 4430 1024 4502 inquit,
1056 4433 1153 4487 sub
1182 4430 1447 4491 manibus,
1469 4439 1616 4494 aliis.
1651 4440 1790 4493 Item
1825 4441 1893 4495 de
1923 4439 2045 4495 loco

463 4518 494 4555 o
636 4543 651 4555 .

463 4518 651 4570 ocum,

382 4601 384 4603 '
476 4589 593 4639 Sive
623 4591 722 4641 sub
747 4591 973 4642 incertas
999 4593 1241 4658 zephyris
1264 4596 1595 4646 mutantibus
1619 4598 1850 4648 umbras.

1322 4658 1514 4722 (Eclog.
1545 4663 1590 4719 5,
1618 4673 1664 4709 υ.
1697 4661 1769 4724 5.)

357 4733 422 4804 Et
468 4731 779 4804 subjunxit,
827 4737 1180 4804 succedimus,
1229 4737 1327 4791 ubi
1375 4744 1459 4794 est
1504 4746 1692 4794 motus
1737 4741 1805 4796 de
1833 4742 1958 4794 loco
1988 4741 2049 4795 in

354 4803 778 4881 lucum._Super
806 4813 991 4881 motus
1019 4825 1033 4862 :
1065 4803 1237 4878 Super
1264 4809 1632 4866 Garamantas
1657 4818 1706 4865 et
1733 4813 1890 4866 Indos
1915 4829 2048 4881 pro-

354 4876 514 4949 feriei
561 4878 844 4949 imperium
891 4876 1259 4948 (dineidflib.
1295 4885 1345 4935 6.
1379 4898 1466 4936 vv.
1497 4885 1624 4949 ⁸794,
1673 4887 1818 4949 795),
1861 4876 2050 4936 mutus

355 4945 704 5022 est.Al_n_Ioc_o
733 4945 923 5022 autem
947 4966 958 5003 :
987 4953 1216 5007 Gemina:
1239 4967 1399 5020 super
1426 4945 1619 5006 arbore
1644 4945 1831 5008 sidunt
1863 4954 2048 5022 αἰτία..

353 5018 602 5090 v,-203).
652 5018 789 5071 Item
829 5020 1042 5087 subter,
1076 5022 1144 5076 de
1186 5018 1318 5076 loco
1340 5023 1397 5077 in
1429 5025 1650 5078 locum:
1695 5029 1774 5083 ut.
1813 5018 2053 5090 Augusti

354 5086 535 5165 subter
555 5091 958 5165 fastigia_tecti
986 5086 1248 5161 ingentem
1281 5097 1502 5149 Eneam
1539 5096 1701 5149 dumit
1731 5095 1834 5165 (Id.
1868 5086 1961 5149 lib.
1996 5098 2052 5164 8,

355 5173 440 5212 vv.
471 5161 597 5226 366,
628 5163 770 5227 367).
803 5162 864 5215 In
891 5163 1013 5218 loco
1046 5169 1272 5218 autem:

479 5297 632 5347 Ferre
661 5299 791 5350 libet
819 5303 1001 5352 subter
1029 5304 1192 5353 densa
1216 5243 1680 5355 ἱρείηόἰιὲξωοῗιὲῗιε.

887 5365 987 5426 (Id.
1017 5365 1104 5414 lib.
1127 5370 1174 5424 9,
1204 5380 1287 5415 vv.
1319 5369 1427 5425 513,
1460 5369 1588 5428 514.)

357 5437 448 5493 Sic
478 5440 603 5502 sub,
639 5441 685 5495 si
723 5443 790 5496 de
821 5444 944 5498 loco
976 5446 1043 5499 ad
1074 5447 1260 5500 locum
1293 5445 1391 5500 ﬁat
1431 5452 1640 5514 motus,
1673 5446 2053 5501 accusativum

359 5515 549 5589 tenet:
585 5515 666 5589 ut,
699 5515 804 5568 sub
836 5517 1164 5584 speluncam
1194 5534 1378 5589 curro.
1414 5517 1471 5571 Si
1498 5522 1686 5570 autem
1712 5518 1927 5587 positus
1949 5519 2051 5573 sub

360 5583 485 5658 _ipsa
517 5583 797 5658 spelunca
813 5583 1038 5658 scurras,
1082 5588 1390 5642 ablativum
1434 5591 1627 5640 tenet:
1668 5583 1752 5652 ut,
1787 5591 1888 5640 sub
1924 5606 2052 5658 spe-

359 5650 529 5704 lunca
551 5650 744 5731 curro.
771 5657 859 5710 Sic
887 5650 1077 5726 super,
1101 5659 1147 5711 si
1178 5659 1246 5712 de
1268 5659 1388 5713 loco
1416 5658 1692 5731 adlocum
1719 5650 1818 5712 ﬁat
1839 5650 2048 5725 motus,

363 5727 745 5779 accusativum
775 5731 948 5791 tenet,
985 5744 1155 5798 super
1182 5734 1392 5785 tectum
1417 5745 1600 5784 curro.
1637 5728 1690 5782 Si
1725 5735 1915 5783 autem
1948 5747 2052 5799 po—

1441 303 1534 356 DE
1573 299 2055 358 GRAMMATICA
2093 298 2327 358 LIBER.
2371 299 2764 356 APPENDIX.

3721 299 3853 353 1408

2146 425 2287 479 situs
2311 423 2439 496 quis
2468 439 2639 496 super
2658 424 2870 496 tectum
2887 423 3098 496 currat,
3122 418 3434 474 ablativum
3451 423 3614 496 tenet
3635 435 3860 496 :__super

2143 500 2289 550 tecto
2328 491 2513 550 curro.
2538 491 2667 559 'Sic,
2716 493 2910 547 subter
2947 491 3153 545 ﬂuctus
3194 507 3410 561 mergo,
3451 491 3498 545 si
3538 508 3605 546 ex
3659 491 3858 545 littore

2144 572 2334 620 motus
2366 566 2464 620 ﬁat
2497 565 2558 618 in
2587 564 2964 629 demersione,
3007 563 3357 616 accusativus
3396 567 3500 628 est,
3543 567 3608 616 ut
3652 578 3856 632 mergo

2145 639 2338 691 subter
2378 639 2612 699 fluctus;
2668 635 2714 688 si
2760 638 2951 688 autem
3000 634 3127 703 quis
3173 633 3246 686 sit
3276 633 3398 702 jam
3446 633 3506 687 in
3555 633 3856 701 fluctibus,

2144 710 2339 762 subter
2377 708 2640 761 ﬂuctibus
2679 705 2976 774 mergitur.
3029 705 3133 758 Sed
3174 706 3421 757 multum
3456 705 3664 772 juvant
3703 705 3859 758 hanc

2145 779 2490 833 locutionem
2522 784 2578 831 et
2613 776 3065 830 observationem
3109 776 3221 827 duo
3257 775 3524 828 adverbia
3566 776 3854 837 locorum,

2145 867 2260 920 quo
2312 855 2366 902 et
2397 849 2515 902 ubi.
2567 848 2711 913 Quo,
2743 848 2802 900 in
2833 848 3019 920 locum
3066 851 3256 920 motus
3305 850 3420 911 est;
3467 845 3688 920 ubi,‘i_n
3729 846 3856 920 loco

2146 916 2284 974 situs
2312 925 2425 974 est:
2459 924 2542 986 ut,
2573 935 2687 990 quo
2718 918 2871 971 venit
2891 918 3109 990 telum?
3139 916 3194 990 in
3218 917 3475 990 hostem:
3509 916 3857 990 abibiesit?

2145 991 2205 1046 in
2235 992 2415 1044 hoste.
2452 991 2572 1054 Quo
2590 987 2790 1042 'voluit
2827 987 3066 1042 Catilina
3095 987 3270 1039 telum
3303 987 3591 1056 dirigere?
3622 987 3683 1040 in
3714 1003 3854 1040 con-

2147 1063 2282 1115 sulls
2325 1077 2564 1132 corpus;
2596 1059 2915 1132 ubivoluit
2951 1058 3161 1127 deligi?
3192 1058 3250 1110 in
3291 1057 3540 1132 consulis
3583 1073 3849 1132 corpore.

2143 1133 2232 1187 Sic
2261 1129 2443 1186 enim—
2466 1132 2541 1185 ait
2577 1131 2646 1184 de
2689 1130 2831 1184 sica:
2873 1131 2940 1183 Ut
2978 1145 3103 1182 eam
3133 1133 3298 1198 putes
3334 1129 3392 1181 in
3433 1129 3684 1182 consulis
3724 1144 3853 1182 cor-

2145 1220 2283 1274 pore
2314 1203 2579 1274 detigere.
2613 1200 2702 1274 Sic
2732 1217 2860 1274 cum
2883 1200 3144 1274 dicimus,
3170 1215 3284 1269 quo
3311 1199 3604 1274 fugimus?
3633 1199 3857 1274 scilicet

2145 1270 2204 1328 in
2235 1270 2452 1327 locum:
2477 1273 2580 1327 Ubi
2611 1272 2786 1327 latet?
2817 1271 2874 1324 in
2904 1271 3047 1324 loco.
3083 1272 3251 1340 Ergo,
3281 1275 3347 1323 ut
3377 1270 3648 1334 diximus,
3683 1270 3856 1340 adju-

2144 1350 2280 1398 vant
2310 1344 2574 1398 adverbia
2602 1343 2723 1396 haec
2753 1343 2886 1404 duo,
2923 1342 2987 1394 ad
3030 1339 3421 1394 confusionem
3454 1339 3856 1410 distinguendi

2143 1415 2575 1486 prazpositiones
2615 1414 2914 1486 utriusque
2957 1428 3137 1466 casus.
3191 1412 3593 1486 δίο-’11³1119119
3625 1413 3709 1486 de
3744 1412 3858 1486 hac

2146 1481 2544 1540 adverbiorum
2581 1481 2837 1538 ratione'
2860 1488 3140 1553 purgatur
3178 1487 3233 1535 et
3276 1482 3415 1535 illud
3453 1481 3512 1534 in
3552 1483 3853 1536 Verrinis:

2147 1557 2301 1622 Quod
2333 1557 2425 1610 ille
2451 1556 2509 1609 in
2547 1560 2718 1624 caput
2746 1555 2815 1608 ab
2853 1553 3276 1624 hostiumduce
3307 1557 3629 1621 acceperat.
3668 1556 3855 1607 Acce-

2144 1633 2309 1698 perat
2352 1643 2488 1696 ergo
2531 1623 3073 1698 vulnusrdirectum
3115 1623 3172 1677 in
3217 1628 3752 1698 caput,_acceptum
3790 1624 3857 1698 in

2146 1694 2346 1769 capite.
2394 1694 2704 1769 Numquid,
2739 1697 2874 1769 Quo
2901 1694 3113 1769 acgipis
3147 1695 3370 1769 vulnus,
3411 1694 3698 1769 dicimus?
3729 1695 3856 1769 Ami-

2144 1765 2332 1824 nime:
2386 1769 2501 1830 sed,
2557 1765 2659 1821 Ubi
2701 1767 2923 1836 accipis.
2961 1767 3024 1820 Et
3058 1765 3343 1833 Virgilius,
3395 1766 3504 1830 Quo
3545 1767 3623 1818 ire
3642 1765 3856 1834 j-ubes?

2146 1841 2203 1893 in
2241 1842 2427 1894 locum
2465 1838 2766 1908 signiﬁcat.
2810 1841 2868 1890 In
2912 1838 3033 1890 loco
3083 1842 3293 1899 autem,
3328 1836 3423 1908 ubi
3469 1851 3662 1908 ponere
3700 1838 3858 1892 sedes

2147 1912 2380 1979 (Eneid.
2432 1906 2538 1963 lib:
2579 1913 2629 1971 3,
2679 1925 2730 1962 v.
2783 1908 3108 1979 88")?Situs
3155 1923 3286 1979 vero
3331 1906 3641 1960 ablavitum
3690 1912 3860 1979 tenet

2147 1977 2284 2053 quia
2311 1980 2625 2053 contrarius
2657 1985 2740 2053 est
2772 1978 2967 2053 motui.
2994 1977 3337 2047 Namipsum
3360 1993 3589 2053 nomen,
3624 1993 3713 2030 ses
3745 1978 3859 2031 sio-

2145 2047 2278 2106 nem
2304 2052 2608 2122 quamdam
2630 2051 2942 2122 (signiticet,
2979 2053 3041 2101 ut
3070 2053 3232 2122 puta,
3259 2064 3384 2122 sum
3423 2047 3480 2100 in
3503 2049 3664 2122 _foro,_
3689 2064 3856 2122 eram

2146 2124 2204 2176 in
2232 2119 2374 2187 foro,
2409 2122 2489 2176 fui
2518 2122 2579 2175 in
2617 2119 2759 2187 foro,
2797 2121 3023 2174 futurus
3063 2135 3188 2172 sum
3221 2120 3277 2171 in
3311 2119 3457 2172 foro.
3497 2119 3585 2173 Sic
3625 2120 3854 2189 simpli-

2145 2194 2284 2247 citer
2313 2194 2499 2259 sedeo,
2529 2193 2709 2262 jaceo,
2754 2191 2918 2253 cubo,
2952 2189 3358 2262 sto,iconsisto_,
3392 2190 3601 2262 haereo.
3640 2190 3854 2262 Omnia

2145 2265 2267 2319 huic
2296 2266 2363 2318 ad
2398 2259 2570 2316 situm
2611 2262 2920 2332 pertinent.
2967 2261 3285 2314 Meditanda
3328 2259 3507 2332 igitur
3539 2265 3673 2314 sunt
3701 2266 3759 2314 et
3791 2261 3853 2315 in

2147 2352 2309 2389 usum
2353 2331 2632 2396 ducenda,
2665 2339 2728 2386 ut
2751 2333 2871 2399 jam
2902 2331 2962 2384 in
2992 2333 3095 2385 hac
3124 2331 3601 2400 przeposnionum
3633 2332 3851 2401 forma,

2147 2411 2202 2460 et
2231 2411 2381 2459 recte
2413 2410 2466 2458 et
2495 2406 2654 2458 nulla
2689 2403 3045 2457 haesitatione
3080 2402 3377 2472 loquentes
3416 2402 3702 2457 studuisse
3744 2419 3856 2456 nos

2146 2476 2473 2548 diligentius
2506 2476 2841 2529 indicemus.
3805 2475 3812 2482 ’

2443 2574 2667 2628 CAPUT
2696 2571 2927 2627 XXVIII.
2962 2600 3024 2610 —
3056 2573 3128 2625 De
3151 2570 3536 2640 interjectione.

2217 2661 2558 2731 Interjectio,
2620 2677 2734 2714 non
2787 2675 2918 2729 pars
2969 2659 3249 2731 orationis
3297 2661 3402 2725 est,
3456 2658 3553 2712 sed
3587 2657 3844 2731 _signum

2147 2728 2457 2787 affectionis
2494 2728 2844 2801 erumpentis
2885 2729 3065 2782 animi
3103 2729 3161 2801 in
3196 2745 3426 2782 vocem:
3461 2735 3516 2781 et
3538 2728 3853 2801 significat

2146 2808 2244 2858 aut
2276 2803 2553 2868 laetitiam,
2584 2800 2841 2866 utevax;
2865 2805 2964 2854 aut
2983 2800 3420 2853 amaritudinem
3448 2804 3512 2853 ut
3537 2800 3671 2862 heu,
3700 2802 3861 2869 apud

2145 2876 2386 2942 Graecos,
2425 2884 2532 2944 φεῦ.
2569 2875 2713 2943 Ergo
2753 2875 2893 2943 quot
2918 2875 3050 2924 sunt
3075 2870 3392 2944 perturbati
3428 2871 3606 2944 animi
3635 2878 3858 2944 motus,

2149 2951 2232 2999 tot
2276 2941 2442 2998 voces
2481 2941 2728 2997 reddunt
2754 2941 2854 2996 {et
2887 2947 3162 2995 vocantur
3205 2941 3651 3012 interjectiones,
3701 2942 3862 3013 quod

2149 3017 2569 3085 interrumpant
2599 3014 2935 3076 orationem,
2976 3018 3039 3066 ut
3064 3017 3147 3065 est
3174 3013 3334 3078 illud,

2305 3105 2398 3152 Hic
2432 3104 2570 3152 inter
2600 3103 2790 3152 densas
2820 3101 3029 3166 corylos
3059 3102 3218 3150 modo
3243 3114 3474 3164 namque
3505 3101 3763 3165 gemellos

2306 3167 2459 3230 Spem
2489 3166 2680 3228 gregis,

2147 3263 2283 3301 mox
2314 3246 2632 3318 interjectio
2664 3261 2767 3316 per
2794 3243 3044 3299 litteram
3074 3260 3121 3306 a,

2596 3333 2690 3382 ah!
2727 3333 2869 3382 silice
2901 3333 2955 3382 in
2985 3331 3129 3381 nuda
3151 3332 3378 3381 connixa
3401 3331 3631 3394 reliquit.

3077 3394 3268 3456 (Eclog.
3291 3397 3335 3454 1,
3368 3407 3449 3445 υυ.
3483 3397 3562 3453 tl,
3596 3397 3695 3454 15.)

2149 3479 2212 3532 111
2239 3475 2494 3530 medium
2525 3474 2800 3530 orationis
2827 3474 3119 3544 interjecta
3147 3480 3233 3530 est
3263 3492 3294 3528 a
3319 3474 3524 3529 littera.

2150 3583 2374 3638 CAPUT
2431 3583 2606 3636 XXIX.
2665 3611 2734 3621 —
2795 3582 3070 3649 Epilogus.
3131 3583 3203 3637 Ei
3257 3581 3323 3635 de
3376 3581 3686 3636 nominibus
3744 3599 3857 3636 nu-

2851 3668 3136 3706 mororum.

2221 3751 2430 3806 Omnes
2468 3753 2657 3819 partes
2686 3749 2960 3803 orationis
2999 3750 3250 3804 decursa:
3281 3766 3312 3802 a
3337 3748 3500 3803 nobis
3531 3752 3684 3815 sunt,
3721 3767 3856 3820 quae

2151 3823 2219 3876 ad
2249 3820 2653 3890 compendium
2701 3821 3028 3892 sufﬁciant,
3054 3825 3152 3874 aut
3185 3820 3492 3892 occupatis,
3532 3825 3630 3873 aut
3665 3821 3854 3892 negli-

2151 3893 2434 3962 gentibus.
2490 3892 2637 3946 Sane
2691 3907 2818 3961 quaa
2871 3891 3188 3954 omisimus,
3235 3891 3294 3945 in
3327 3896 3567 3944 tractatu
3597 3891 3858 3946 nominis

2151 3964 2460 4017 reddimus.
2509 3962 2661 4017 Scire
2699 3962 2850 4020 enim
2887 3962 3162 4016 debemus
3199 3962 3432 4016 nomina
3473 3979 3856 4019 numerorum

2150 4051 2182 4087 a
2217 4040 2454 4104 quatuor
2500 4049 2680 4103 usque
2725 4033 2794 4086 ad
2838 4038 3067 4104 centum
3106 4033 3304 4080 ἅπτωτα
3341 4049 3482 4097 esse,
3528 4038 3584 4088 et
3623 4035 3858 4103 generis

2153 4103 2376 4159 omnis:
2424 4107 2489 4158 ut
2532 4109 2778 4174 quatuor
2817 4103 2945 4168 viri,
3001 4109 3247 4174 quatuor
3297 4104 3548 4170 feminae,
3604 4109 3858 4174 quatuor

2154 4175 2456 4244 mancipia.
2490 4173 2580 4228 Sic
2618 4190 2720 4245 per
2748 4191 2946 4228 omnes
2975 4173 3158 4244 casus,
3197 4179 3444 4245 quatuor
3476 4173 3753 4229 dicimus:
3788 4180 3861 4230 ut

2151 4253 2291 4318 puta
2317 4247 2570 4299 virorum
2599 4249 2866 4318 quatuor,
2899 4246 3207 4318 mulierum
3235 4251 3502 4318 quatuor,
3537 4245 3858 4315 mancipio-

2153 4315 2280 4372 rum
2302 4321 2566 4388 quatuor.
2590 4316 2679 4370 Sic
2698 4315 2886 4388 dativo
2905 4316 3040 4370 viris
3053 4315 3317 4388 quatuor,
3339 4317 3566 4370 feminis
3579 4321 3858 4388 quatuor,

2155 4387 2454 4457 mancipiis
2482 4391 2746 4457 quatuor.
2776 4387 2867 4442 Sic
2891 4387 3206 4442 accusativo
3228 4387 3377 4441 viros
3404 4391 3668 4456 quatuor,
3693 4387 3862 4441 femi-

2154 4475 2256 4514 nas
2296 4463 2562 4530 quatuor,
2610 4457 2896 4530 mancipia
2941 4464 3207 4530 quatuor.
3255 4458 3342 4530 Sic
3371 4457 3639 4530 vocativo
3681 4474 3714 4510 ο
3746 4458 3863 4530 viri

2155 4527 2421 4601 quatuor,
2453 4545 2485 4582 ο
2506 4529 2743 4601 _feminzn
2774 4527 3042 4599 quatuor,
3075 4546 3108 4583 o
3138 4527 3420 4601 mancipia
3458 4532 3735 4601 quatuorx
3765 4528 3864 4601 Sic

2156 4597 2398 4654 ablativo
2417 4615 2450 4652 a
2465 4599 2599 4652 viris
2627 4597 2892 4670 quatuor,
2913 4617 2942 4653 a
2964 4600 3192 4654 feminis
3214 4597 3475 4670 quatuor,
3496 4614 3526 4650 a
3549 4597 3862 4668 mancipiis

2155 4677 2423 4741 quatuor.
2464 4670 2574 4724 Sed
2611 4669 2750 4742 ideo,
2775 4669 2912 4734 dixi,
2940 4688 2974 4724 a
3001 4669 3247 4742 quatuor
3272 4671 3469 4742 ἅῖπωτα
3509 4685 3632 4742 esse
3669 4686 3860 4742 usque

2157 4739 2224 4796 ad
2256 4747 2508 4808 centum,
2551 4741 2698 4812 quia
2723 4741 2834 4794 duo
2874 4739 3250 4806 declihantur,
3297 4740 3563 4812 duorum,
3604 4739 3859 4809 duobus,

2156 4813 2296 4867 duos
2327 4813 2411 4864 Vt‘l
2442 4809 2586 4878 duo,
2609 4829 2641 4865 ο
2673 4811 2806 4880 duo,
2836 4813 2904 4866 ab
2935 4813 3021 4866 his
3043 4813 3261 4866 duobus
3284 4809 3393 4864 .Sic
3418 4810 3777 4864 declinantur
3799 4817 3863 4866 et

2157 4887 2392 4937 currunt
2414 4899 2517 4952 per
2535 4899 2694 4936 casus
2721 4900 2733 4936 :
2764 4899 2820 4938 iv.
2843 4883 2902 4936 111
2925 4888 2980 4935 et
3001 4883 3088 4936 ha:
3109 4887 3244 4945 tres,
3267 4898 3318 4934 c.
3339 4882 3544 4936 horum
3569 4887 3625 4936 et
3645 4881 3860 4937 harum

2158 4955 2355 5018 trium,
2403 4970 2454 5006 n.
2501 4953 2588 5007 his
2631 4954 2831 5017 tribus,
2871 4970 2923 5006 Α.
2971 4954 3073 5007 hos
3108 4957 3165 5006 et
3207 4953 3308 5006 has
3354 4958 3488 5015 tres,
3533 4968 3586 5006 v.
3633 4969 3665 5005 o
3714 4956 3858 5019 tres,

2158 5043 2210 5079 A.
2243 5024 2427 5078 abhis
2479 5025 2680 5078 tribus.
2712 5027 2757 5078 Α
2784 5039 2992 5094 genere
3040 5027 3266 5088 neutro,
3314 5023 3453 5094 hinc
3477 5023 3599 5083 tria,
3645 5023 3858 5078 horum

2159 5096 2356 5162 trium,
2388 5095 2475 5148 his
2505 5096 2702 5157 tribus,
2737 5093 2857 5148 haec
2888 5093 3017 5159 tria,
3061 5111 3094 5148 o
3131 5095 3260 5160 tria,
3293 5095 3363 5148 ab
3403 5093 3490 5148 his
3521 5094 3728 5148 tribus.
3780 5096 3864 5150 Ex

2161 5167 2265 5221 hac
2303 5183 2439 5234 ergo
2480 5168 2665 5220 forma
2712 5165 3085 5234 intelligimus
3134 5166 3420 5236 quomodo
3463 5165 3862 5236 declinemus:

2161 5237 2252 5291 hic
2282 5237 2568 5303 duumvir,
2613 5236 2773 5307 quasi
2813 5237 3056 5291 duorum
3096 5237 3396 5290 hominum
3435 5252 3585 5307 unus
3623 5235 3731 5290 vir.
3771 5237 3866 5290 Sic

2162 5307 2443 5373 triumvir,
2473 5305 2647 5360 trium
2678 5307 2974 5361 hominum
3016 5325 3164 5361 unus
3193 5309 3297 5361 vir.
3334 5309 3476 5375 Ergo
3517 5305 3606 5360 hic
3633 5307 3868 5361 admisit

2161 5379 2495 5449 genitivum.
2518 5380 2640 5432 .Iam
2664 5384 2910 5448 quatuor
2925 5379 3023 5432 ubi
3046 5379 3444 5449 indeclinabile
3468 5383 3572 5443 est,
3592 5384 3868 5449 quatuor-

2162 5448 2266 5502 viri
2296 5449 2554 5514 dicimus,
2584 5450 2667 5500 vel
2701 5449 3085 5518 quinqueviri,
3117 5451 3202 5502 vel
3236 5448 3457 5502 sexviri.
3493 5448 3652 5502 Unde
3685 5449 3869 5502 Luca-

2163 5537 2287 5584 nus,
2313 5521 2713 5588 Septemvirque
2741 5521 2914 5588 epulis
2936 5539 2952 5573 :
2978 5537 3082 5590 pro
3107 5521 3352 5588 genitivo
3375 5519 3581 5588 posuit,
3616 5525 3863 5589 septem.

2162 5593 2207 5645 A
2251 5591 2508 5644 ducentis
2556 5606 2737 5660 usque
2786 5591 2856 5644 ad
2888 5598 3205 5658 nongentos
3228 5591 3584 5644 declinantur
3621 5591 3868 5645 nomina

2163 5677 2556 5727 numerorum,
2601 5667 2660 5714 ut
2698 5660 2758 5714 hi
2797 5661 3044 5720 ducenti,
3085 5661 3176 5714 htB
3213 5662 3492 5724 ducentae,
3525 5666 3728 5714 neutro
3755 5663 3866 5715 du-

2163 5737 2324 5787 centa
2355 5751 2369 5786 :
2403 5732 2580 5799 mille,
2613 5732 2945 5786 declinabile
2975 5736 3074 5785 est.
