  <div class='ocr_page' id='page_1' title='image "/cluster/home/n/w/nwhite01/storage/ocr_20150623/32/umn.31951002477326y/716.png"; bbox 0 0 4056 6342; ppageno 0'>
   <div class='ocr_carea' id='block_1_1' title="bbox 159 300 280 354">
    <p class='ocr_par' dir='ltr' id='par_1_1' title="bbox 159 300 280 354">
     <span class='ocr_line' id='line_1_1' title="bbox 159 300 280 354; baseline -0.033 0"><span class='ocrx_word' id='word_1_1' title='bbox 159 300 280 354; x_wconf 68' lang='grc'>1409</span> 
     </span>
    </p>
   </div>
   <div class='ocr_carea' id='block_1_2' title="bbox 1265 294 2571 354">
    <p class='ocr_par' dir='ltr' id='par_1_2' title="bbox 1265 294 2571 354">
     <span class='ocr_line' id='line_1_2' title="bbox 1265 294 2571 354; baseline 0 -2"><span class='ocrx_word' id='word_1_2' title='bbox 1265 294 1626 352; x_wconf 86' lang='lat' dir='ltr'>PRINCIPIA</span> <span class='ocrx_word' id='word_1_3' title='bbox 1665 295 2137 354; x_wconf 65' lang='lat' dir='ltr'>DIALECTICIE.</span> <span class='ocrx_word' id='word_1_4' title='bbox 2180 297 2571 354; x_wconf 80' lang='lat' dir='ltr'>APPENDIX.</span> 
     </span>
    </p>
   </div>
   <div class='ocr_carea' id='block_1_3' title="bbox 3535 302 3671 357">
    <p class='ocr_par' dir='ltr' id='par_1_3' title="bbox 3535 302 3671 357">
     <span class='ocr_line' id='line_1_3' title="bbox 3535 302 3671 357; baseline 0.007 -1"><span class='ocrx_word' id='word_1_5' title='bbox 3535 302 3671 357; x_wconf 76' lang='grc'><strong>1410</strong></span> 
     </span>
    </p>
   </div>
   <div class='ocr_carea' id='block_1_4' title="bbox 766 497 3062 673">
    <p class='ocr_par' dir='ltr' id='par_1_4' title="bbox 766 497 3062 673">
     <span class='ocr_line' id='line_1_4' title="bbox 766 497 3062 673; baseline 0.003 -6"><span class='ocrx_word' id='word_1_6' title='bbox 766 543 1702 670; x_wconf 84' lang='lat' dir='ltr'>PBINCIPIA</span> <span class='ocrx_word' id='word_1_7' title='bbox 1794 545 3062 673; x_wconf 70' lang='lat' dir='ltr'>DIALECTICAE</span> 
     </span>
    </p>
   </div>
   <div class='ocr_carea' id='block_1_5' title="bbox 311 769 1685 838">
    <p class='ocr_par' dir='ltr' id='par_1_5' title="bbox 311 769 1685 838">
     <span class='ocr_line' id='line_1_5' title="bbox 311 769 1685 838; baseline 0 -14"><span class='ocrx_word' id='word_1_8' title='bbox 311 770 548 824; x_wconf 82' lang='lat' dir='ltr'>CAPUT</span> <span class='ocrx_word' id='word_1_9' title='bbox 583 769 874 824; x_wconf 80' lang='lat' dir='ltr'>PRIMUM.</span> <span class='ocrx_word' id='word_1_10' title='bbox 909 797 977 809; x_wconf 94' lang='lat'><strong><em>—</em></strong></span> <span class='ocrx_word' id='word_1_11' title='bbox 1007 769 1089 823; x_wconf 87' lang='lat' dir='ltr'>De</span> <span class='ocrx_word' id='word_1_12' title='bbox 1118 769 1454 838; x_wconf 77' lang='lat' dir='ltr'>simplicibus</span> <span class='ocrx_word' id='word_1_13' title='bbox 1488 770 1685 824; x_wconf 75' lang='lat' dir='ltr'>verbis.</span> 
     </span>
    </p>
   </div>
   <div class='ocr_carea' id='block_1_6' title="bbox 220 839 1857 910">
    <p class='ocr_par' dir='ltr' id='par_1_6' title="bbox 220 839 1857 910">
     <span class='ocr_line' id='line_1_6' title="bbox 220 839 1857 910; baseline -0.001 -16"><span class='ocrx_word' id='word_1_14' title='bbox 220 840 533 895; x_wconf 87' lang='lat' dir='ltr'>Dialectica</span> <span class='ocrx_word' id='word_1_15' title='bbox 559 846 646 895; x_wconf 89' lang='lat' dir='ltr'>est</span> <span class='ocrx_word' id='word_1_16' title='bbox 671 842 815 894; x_wconf 85' lang='lat' dir='ltr'><strong>bene</strong></span> <span class='ocrx_word' id='word_1_17' title='bbox 849 839 1173 910; x_wconf 81' lang='lat' dir='ltr'>disputandi</span> <span class='ocrx_word' id='word_1_18' title='bbox 1204 841 1454 894; x_wconf 87' lang='lat' dir='ltr'>scientia.</span> <span class='ocrx_word' id='word_1_19' title='bbox 1491 841 1857 910; x_wconf 88' lang='lat' dir='ltr'>Disputamus</span> 
     </span>
    </p>
   </div>
   <div class='ocr_carea' id='block_1_7' title="bbox 155 912 1860 981">
    <p class='ocr_par' dir='ltr' id='par_1_7' title="bbox 155 912 1860 981">
     <span class='ocr_line' id='line_1_7' title="bbox 155 912 1860 981; baseline -0.002 -14"><span class='ocrx_word' id='word_1_20' title='bbox 155 917 337 967; x_wconf 89' lang='lat' dir='ltr'>autem</span> <span class='ocrx_word' id='word_1_21' title='bbox 373 913 593 968; x_wconf 82' lang='lat' dir='ltr'>verbis.</span> <span class='ocrx_word' id='word_1_22' title='bbox 645 913 828 965; x_wconf 87' lang='lat' dir='ltr'>Verba</span> <span class='ocrx_word' id='word_1_23' title='bbox 873 912 1050 980; x_wconf 81' lang='lat' dir='ltr'>igitur</span> <span class='ocrx_word' id='word_1_24' title='bbox 1097 915 1195 965; x_wconf 89' lang='lat' dir='ltr'>aut</span> <span class='ocrx_word' id='word_1_25' title='bbox 1245 912 1526 981; x_wconf 87' lang='lat' dir='ltr'>simplicia</span> <span class='ocrx_word' id='word_1_26' title='bbox 1568 918 1720 976; x_wconf 90' lang='lat' dir='ltr'>sunt,</span> <span class='ocrx_word' id='word_1_27' title='bbox 1762 915 1860 964; x_wconf 91' lang='lat' dir='ltr'>aut</span> 
     </span>
    </p>
   </div>
   <div class='ocr_carea' id='block_1_8' title="bbox 154 983 1860 1053">
    <p class='ocr_par' dir='ltr' id='par_1_8' title="bbox 154 983 1860 1053">
     <span class='ocr_line' id='line_1_8' title="bbox 154 983 1860 1053; baseline -0.002 -16"><span class='ocrx_word' id='word_1_28' title='bbox 154 987 475 1053; x_wconf 84' lang='lat' dir='ltr'>conjuncta.</span> <span class='ocrx_word' id='word_1_29' title='bbox 512 983 809 1052; x_wconf 89' lang='lat' dir='ltr'>Simplicia</span> <span class='ocrx_word' id='word_1_30' title='bbox 840 990 990 1046; x_wconf 89' lang='lat' dir='ltr'>sunt,</span> <span class='ocrx_word' id='word_1_31' title='bbox 1025 999 1152 1052; x_wconf 66' lang='lat' dir='ltr'>quae</span> <span class='ocrx_word' id='word_1_32' title='bbox 1180 999 1360 1036; x_wconf 91' lang='lat' dir='ltr'>unum</span> <span class='ocrx_word' id='word_1_33' title='bbox 1391 983 1660 1053; x_wconf 86' lang='lat' dir='ltr'>quiddam</span> <span class='ocrx_word' id='word_1_34' title='bbox 1688 983 1860 1052; x_wconf 91' lang='lat' dir='ltr'>signi-</span> 
     </span>
    </p>
   </div>
   <div class='ocr_carea' id='block_1_9' title="bbox 152 1053 1853 1124">
    <p class='ocr_par' dir='ltr' id='par_1_9' title="bbox 152 1053 1853 1124">
     <span class='ocr_line' id='line_1_9' title="bbox 152 1053 1853 1124; baseline -0.002 -14"><span class='ocrx_word' id='word_1_35' title='bbox 152 1055 350 1110; x_wconf 89' lang='lat' dir='ltr'>ﬁcant:</span> <span class='ocrx_word' id='word_1_36' title='bbox 384 1061 449 1108; x_wconf 88' lang='lat' dir='ltr'>ut</span> <span class='ocrx_word' id='word_1_37' title='bbox 480 1070 617 1107; x_wconf 90' lang='lat' dir='ltr'>cum</span> <span class='ocrx_word' id='word_1_38' title='bbox 645 1053 885 1108; x_wconf 87' lang='lat' dir='ltr'>dicimus</span> <span class='ocrx_word' id='word_1_39' title='bbox 906 1054 1099 1119; x_wconf 89' lang='lat' dir='ltr'>homo,</span> <span class='ocrx_word' id='word_1_40' title='bbox 1129 1070 1330 1124; x_wconf 90' lang='lat' dir='ltr'>equus,</span> <span class='ocrx_word' id='word_1_41' title='bbox 1359 1054 1629 1124; x_wconf 78' lang='lat' dir='ltr'>disputat,</span> <span class='ocrx_word' id='word_1_42' title='bbox 1656 1053 1853 1106; x_wconf 86' lang='lat' dir='ltr'>currit.</span> 
     </span>
    </p>
   </div>
   <div class='ocr_carea' id='block_1_10' title="bbox 156 1125 1861 1196">
    <p class='ocr_par' dir='ltr' id='par_1_10' title="bbox 156 1125 1861 1196">
     <span class='ocr_line' id='line_1_10' title="bbox 156 1125 1861 1196; baseline -0.001 -17"><span class='ocrx_word' id='word_1_43' title='bbox 156 1128 261 1180; x_wconf 85' lang='lat' dir='ltr'>Nec</span> <span class='ocrx_word' id='word_1_44' title='bbox 294 1125 524 1179; x_wconf 85' lang='lat' dir='ltr'>mireris</span> <span class='ocrx_word' id='word_1_45' title='bbox 558 1126 733 1196; x_wconf 88' lang='lat' dir='ltr'>quod,</span> <span class='ocrx_word' id='word_1_46' title='bbox 769 1126 1038 1194; x_wconf 86' lang='lat' dir='ltr'>disputat,</span> <span class='ocrx_word' id='word_1_47' title='bbox 1071 1125 1330 1194; x_wconf 84' lang='lat' dir='ltr'>quamvis</span> <span class='ocrx_word' id='word_1_48' title='bbox 1361 1143 1426 1179; x_wconf 85' lang='lat' dir='ltr'>ex</span> <span class='ocrx_word' id='word_1_49' title='bbox 1461 1126 1682 1178; x_wconf 90' lang='lat' dir='ltr'>duobus</span> <span class='ocrx_word' id='word_1_50' title='bbox 1712 1139 1861 1178; x_wconf 91' lang='lat' dir='ltr'>com-</span> 
     </span>
    </p>
   </div>
   <div class='ocr_carea' id='block_1_11' title="bbox 191 1196 1858 1266">
    <p class='ocr_par' dir='ltr' id='par_1_11' title="bbox 191 1196 1858 1266">
     <span class='ocr_line' id='line_1_11' title="bbox 191 1196 1858 1266; baseline -0.001 -16"><span class='ocrx_word' id='word_1_51' title='bbox 191 1197 398 1250; x_wconf 89' lang='lat' dir='ltr'>ositum</span> <span class='ocrx_word' id='word_1_52' title='bbox 443 1198 540 1261; x_wconf 86' lang='lat' dir='ltr'>sit,</span> <span class='ocrx_word' id='word_1_53' title='bbox 587 1203 780 1249; x_wconf 90' lang='lat' dir='ltr'>tamen</span> <span class='ocrx_word' id='word_1_54' title='bbox 828 1196 977 1248; x_wconf 91' lang='lat' dir='ltr'>inter</span> <span class='ocrx_word' id='word_1_55' title='bbox 1018 1196 1298 1266; x_wconf 84' lang='lat' dir='ltr'>simplicia</span> <span class='ocrx_word' id='word_1_56' title='bbox 1349 1202 1713 1249; x_wconf 85' lang='lat' dir='ltr'>numeratum</span> <span class='ocrx_word' id='word_1_57' title='bbox 1754 1200 1858 1266; x_wconf 80' lang='lat' dir='ltr'>est.</span> 
     </span>
    </p>
   </div>
   <div class='ocr_carea' id='block_1_12' title="bbox 155 1214 1861 1322">
    <p class='ocr_par' dir='ltr' id='par_1_12' title="bbox 155 1214 1861 1322">
     <span class='ocr_line' id='line_1_12' title="bbox 191 1214 1858 1266; baseline -0.001 -16"><span class='ocrx_word' id='word_1_58' title='bbox 191 1214 398 1250; x_wconf 80' lang='lat' dir='ltr'>osuum</span> <span class='ocrx_word' id='word_1_59' title='bbox 443 1214 540 1261; x_wconf 81' lang='lat' dir='ltr'>sit,</span> <span class='ocrx_word' id='word_1_60' title='bbox 587 1214 780 1249; x_wconf 75' lang='lat' dir='ltr'>tamen</span> <span class='ocrx_word' id='word_1_61' title='bbox 828 1214 977 1248; x_wconf 82' lang='lat' dir='ltr'>inter</span> <span class='ocrx_word' id='word_1_62' title='bbox 1018 1214 1298 1266; x_wconf 76' lang='lat' dir='ltr'>Simplicia</span> <span class='ocrx_word' id='word_1_63' title='bbox 1349 1214 1713 1249; x_wconf 76' lang='lat' dir='ltr'>numeratum</span> <span class='ocrx_word' id='word_1_64' title='bbox 1754 1214 1858 1248; x_wconf 69' lang='lat' dir='ltr'>esr.</span> 
     </span>
     <span class='ocr_line' id='line_1_13' title="bbox 155 1214 1861 1322; baseline -0.001 0"><span class='ocrx_word' id='word_1_65' title='bbox 155 1214 290 1322; x_wconf 50' lang='lat' dir='ltr'>gain</span> <span class='ocrx_word' id='word_1_66' title='bbox 317 1285 410 1322; x_wconf 89' lang='lat' dir='ltr'>res</span> <span class='ocrx_word' id='word_1_67' title='bbox 443 1267 788 1321; x_wconf 92' lang='lat' dir='ltr'>deﬁnitione</span> <span class='ocrx_word' id='word_1_68' title='bbox 819 1267 1159 1321; x_wconf 78' lang='lat' dir='ltr'>illustratur.</span> <span class='ocrx_word' id='word_1_69' title='bbox 1216 1266 1436 1320; x_wconf 87' lang='lat' dir='ltr'>Dictum</span> <span class='ocrx_word' id='word_1_70' title='bbox 1467 1273 1550 1320; x_wconf 82' lang='lat' dir='ltr'>est</span> <span class='ocrx_word' id='word_1_71' title='bbox 1580 1273 1768 1320; x_wconf 90' lang='lat' dir='ltr'>autem</span> <span class='ocrx_word' id='word_1_72' title='bbox 1801 1265 1861 1320; x_wconf 92' lang='lat' dir='ltr'>id</span> 
     </span>
    </p>
   </div>
   <div class='ocr_carea' id='block_1_13' title="bbox 157 1338 1860 1409">
    <p class='ocr_par' dir='ltr' id='par_1_13' title="bbox 157 1338 1860 1409">
     <span class='ocr_line' id='line_1_14' title="bbox 157 1338 1860 1409; baseline -0.001 -17"><span class='ocrx_word' id='word_1_73' title='bbox 157 1356 268 1392; x_wconf 88' lang='lat' dir='ltr'>esse</span> <span class='ocrx_word' id='word_1_74' title='bbox 305 1342 581 1408; x_wconf 78' lang='lat' dir='ltr'>Simplex,</span> <span class='ocrx_word' id='word_1_75' title='bbox 615 1338 769 1409; x_wconf 88' lang='lat' dir='ltr'>quod</span> <span class='ocrx_word' id='word_1_76' title='bbox 805 1354 986 1392; x_wconf 89' lang='lat' dir='ltr'>unum</span> <span class='ocrx_word' id='word_1_77' title='bbox 1024 1338 1292 1407; x_wconf 84' lang='lat' dir='ltr'>quiddam</span> <span class='ocrx_word' id='word_1_78' title='bbox 1327 1338 1629 1409; x_wconf 89' lang='lat' dir='ltr'>signiﬁcet.</span> <span class='ocrx_word' id='word_1_79' title='bbox 1665 1339 1860 1407; x_wconf 85' lang='lat' dir='ltr'>Itaque</span> 
     </span>
    </p>
   </div>
   <div class='ocr_carea' id='block_1_14' title="bbox 155 1408 1863 1479">
    <p class='ocr_par' dir='ltr' id='par_1_14' title="bbox 155 1408 1863 1479">
     <span class='ocr_line' id='line_1_15' title="bbox 155 1408 1863 1479; baseline -0.002 -16"><span class='ocrx_word' id='word_1_80' title='bbox 155 1410 256 1463; x_wconf 91' lang='lat' dir='ltr'>hoc</span> <span class='ocrx_word' id='word_1_81' title='bbox 285 1408 648 1464; x_wconf 84' lang='lat' dir='ltr'>includimus</span> <span class='ocrx_word' id='word_1_82' title='bbox 675 1411 778 1462; x_wconf 90' lang='lat' dir='ltr'>hac</span> <span class='ocrx_word' id='word_1_83' title='bbox 805 1409 1159 1472; x_wconf 87' lang='lat' dir='ltr'>deﬁnitione,</span> <span class='ocrx_word' id='word_1_84' title='bbox 1193 1408 1346 1479; x_wconf 90' lang='lat' dir='ltr'>quod</span> <span class='ocrx_word' id='word_1_85' title='bbox 1375 1426 1488 1462; x_wconf 88' lang='lat' dir='ltr'>non</span> <span class='ocrx_word' id='word_1_86' title='bbox 1515 1409 1863 1461; x_wconf 90' lang='lat' dir='ltr'>includimus</span> 
     </span>
    </p>
   </div>
   <div class='ocr_carea' id='block_1_15' title="bbox 159 1480 1859 1550">
    <p class='ocr_par' dir='ltr' id='par_1_15' title="bbox 159 1480 1859 1550">
     <span class='ocr_line' id='line_1_16' title="bbox 159 1480 1859 1550; baseline -0.002 -15"><span class='ocrx_word' id='word_1_87' title='bbox 159 1497 280 1536; x_wconf 89' lang='lat' dir='ltr'>cum</span> <span class='ocrx_word' id='word_1_88' title='bbox 310 1482 584 1548; x_wconf 88' lang='lat' dir='ltr'>dicimus,</span> <span class='ocrx_word' id='word_1_89' title='bbox 642 1481 866 1550; x_wconf 91' lang='lat' dir='ltr'>loquor.</span> <span class='ocrx_word' id='word_1_90' title='bbox 910 1480 1176 1543; x_wconf 87' lang='lat' dir='ltr'>Quamvis</span> <span class='ocrx_word' id='word_1_91' title='bbox 1216 1481 1370 1533; x_wconf 85' lang='lat' dir='ltr'>enim</span> <span class='ocrx_word' id='word_1_92' title='bbox 1410 1496 1594 1532; x_wconf 88' lang='lat' dir='ltr'>unum</span> <span class='ocrx_word' id='word_1_93' title='bbox 1624 1480 1859 1531; x_wconf 87' lang='lat' dir='ltr'>verbum</span> 
     </span>
    </p>
   </div>
   <div class='ocr_carea' id='block_1_16' title="bbox 159 1550 1866 1621">
    <p class='ocr_par' dir='ltr' id='par_1_16' title="bbox 159 1550 1866 1621">
     <span class='ocr_line' id='line_1_17' title="bbox 159 1550 1866 1621; baseline -0.003 -15"><span class='ocrx_word' id='word_1_94' title='bbox 159 1553 247 1621; x_wconf 89' lang='lat' dir='ltr'>sit,</span> <span class='ocrx_word' id='word_1_95' title='bbox 272 1569 385 1606; x_wconf 90' lang='lat' dir='ltr'>non</span> <span class='ocrx_word' id='word_1_96' title='bbox 411 1554 593 1606; x_wconf 82' lang='lat' dir='ltr'>habet</span> <span class='ocrx_word' id='word_1_97' title='bbox 608 1556 803 1605; x_wconf 85' lang='lat' dir='ltr'>tamen</span> <span class='ocrx_word' id='word_1_98' title='bbox 824 1550 1142 1620; x_wconf 88' lang='lat' dir='ltr'>simplicem</span> <span class='ocrx_word' id='word_1_99' title='bbox 1167 1551 1668 1620; x_wconf 90' lang='lat' dir='ltr'>signiﬁcationem,</span> <span class='ocrx_word' id='word_1_100' title='bbox 1691 1550 1866 1619; x_wconf 87' lang='lat' dir='ltr'>siqui-</span> 
     </span>
    </p>
   </div>
   <div class='ocr_carea' id='block_1_17' title="bbox 159 1622 1862 1695">
    <p class='ocr_par' dir='ltr' id='par_1_17' title="bbox 159 1622 1862 1695">
     <span class='ocr_line' id='line_1_18' title="bbox 159 1622 1862 1695; baseline -0.004 -17"><span class='ocrx_word' id='word_1_101' title='bbox 159 1624 282 1678; x_wconf 87' lang='lat' dir='ltr'>dem</span> <span class='ocrx_word' id='word_1_102' title='bbox 325 1623 622 1695; x_wconf 88' lang='lat' dir='ltr'>signiﬁcat</span> <span class='ocrx_word' id='word_1_103' title='bbox 665 1622 1192 1695; x_wconf 80' lang='lat' dir='ltr'>etiampersonam</span> <span class='ocrx_word' id='word_1_104' title='bbox 1237 1637 1365 1695; x_wconf 64' lang='lat' dir='ltr'>quae</span> <span class='ocrx_word' id='word_1_105' title='bbox 1410 1623 1684 1691; x_wconf 82' lang='lat' dir='ltr'>loquitur.</span> <span class='ocrx_word' id='word_1_106' title='bbox 1728 1622 1862 1695; x_wconf 83' lang='lat' dir='ltr'>Ideo</span> 
     </span>
    </p>
   </div>
   <div class='ocr_carea' id='block_1_18' title="bbox 155 1691 1864 1765">
    <p class='ocr_par' dir='ltr' id='par_1_18' title="bbox 155 1691 1864 1765">
     <span class='ocr_line' id='line_1_19' title="bbox 155 1691 1864 1765; baseline -0.003 -17"><span class='ocrx_word' id='word_1_107' title='bbox 155 1695 264 1765; x_wconf 90' lang='lat' dir='ltr'>jam</span> <span class='ocrx_word' id='word_1_108' title='bbox 295 1691 621 1748; x_wconf 72' lang='lat' dir='ltr'>obnoxium</span> <span class='ocrx_word' id='word_1_109' title='bbox 644 1699 728 1747; x_wconf 90' lang='lat' dir='ltr'>est</span> <span class='ocrx_word' id='word_1_110' title='bbox 748 1693 978 1765; x_wconf 79' lang='lat' dir='ltr'>veritati</span> <span class='ocrx_word' id='word_1_111' title='bbox 999 1697 1096 1765; x_wconf 91' lang='lat' dir='ltr'>aut</span> <span class='ocrx_word' id='word_1_112' title='bbox 1124 1693 1386 1758; x_wconf 84' lang='lat' dir='ltr'>falsitati;</span> <span class='ocrx_word' id='word_1_113' title='bbox 1421 1709 1556 1745; x_wconf 90' lang='lat' dir='ltr'>nam</span> <span class='ocrx_word' id='word_1_114' title='bbox 1581 1698 1637 1745; x_wconf 89' lang='lat' dir='ltr'>et</span> <span class='ocrx_word' id='word_1_115' title='bbox 1665 1691 1864 1765; x_wconf 85' lang='lat' dir='ltr'>negari</span> 
     </span>
    </p>
   </div>
   <div class='ocr_carea' id='block_1_19' title="bbox 160 1763 1865 1836">
    <p class='ocr_par' dir='ltr' id='par_1_19' title="bbox 160 1763 1865 1836">
     <span class='ocr_line' id='line_1_20' title="bbox 160 1763 1865 1836; baseline -0.004 -16"><span class='ocrx_word' id='word_1_116' title='bbox 160 1763 210 1820; x_wconf 81' lang='lat' dir='ltr'>et</span> <span class='ocrx_word' id='word_1_117' title='bbox 237 1765 520 1820; x_wconf 82' lang='lat' dir='ltr'>afﬁrmari</span> <span class='ocrx_word' id='word_1_118' title='bbox 565 1769 770 1836; x_wconf 88' lang='lat' dir='ltr'>potest.</span> <span class='ocrx_word' id='word_1_119' title='bbox 817 1764 1013 1817; x_wconf 90' lang='lat' dir='ltr'>Omnis</span> <span class='ocrx_word' id='word_1_120' title='bbox 1045 1764 1238 1836; x_wconf 90' lang='lat' dir='ltr'>itaque</span> <span class='ocrx_word' id='word_1_121' title='bbox 1286 1765 1483 1836; x_wconf 81' lang='lat' dir='ltr'>prima</span> <span class='ocrx_word' id='word_1_122' title='bbox 1519 1769 1576 1817; x_wconf 90' lang='lat' dir='ltr'>et</span> <span class='ocrx_word' id='word_1_123' title='bbox 1617 1763 1865 1816; x_wconf 91' lang='lat' dir='ltr'>secunda</span> 
     </span>
    </p>
   </div>
   <div class='ocr_carea' id='block_1_20' title="bbox 159 1834 1863 1918">
    <p class='ocr_par' dir='ltr' id='par_1_20' title="bbox 159 1834 1863 1918">
     <span class='ocr_line' id='line_1_21' title="bbox 159 1834 1863 1918; baseline -0.004 -27"><span class='ocrx_word' id='word_1_124' title='bbox 159 1854 396 1918; x_wconf 81' lang='lat' dir='ltr'>persona</span> <span class='ocrx_word' id='word_1_125' title='bbox 435 1834 602 1917; x_wconf 79' lang='lat' dir='ltr'>verbi</span> <span class='ocrx_word' id='word_1_126' title='bbox 633 1836 892 1918; x_wconf 74' lang='lat' dir='ltr'>quamvis</span> <span class='ocrx_word' id='word_1_127' title='bbox 924 1835 1260 1918; x_wconf 70' lang='lat' dir='ltr'>singillatim</span> <span class='ocrx_word' id='word_1_128' title='bbox 1289 1834 1642 1914; x_wconf 82' lang='lat' dir='ltr'>enuntietur,</span> <span class='ocrx_word' id='word_1_129' title='bbox 1671 1840 1863 1918; x_wconf 70' lang='lat' dir='ltr'>tamen</span> 
     </span>
    </p>
   </div>
   <div class='ocr_carea' id='block_1_21' title="bbox 162 1904 1865 1978">
    <p class='ocr_par' dir='ltr' id='par_1_21' title="bbox 162 1904 1865 1978">
     <span class='ocr_line' id='line_1_22' title="bbox 162 1904 1865 1978; baseline -0.003 -16"><span class='ocrx_word' id='word_1_130' title='bbox 162 1904 305 1962; x_wconf 88' lang='lat' dir='ltr'>inter</span> <span class='ocrx_word' id='word_1_131' title='bbox 351 1904 669 1978; x_wconf 75' lang='lat' dir='ltr'>conjuncta</span> <span class='ocrx_word' id='word_1_132' title='bbox 710 1907 880 1978; x_wconf 87' lang='lat' dir='ltr'>verba</span> <span class='ocrx_word' id='word_1_133' title='bbox 920 1904 1336 1978; x_wconf 80' lang='lat' dir='ltr'>numerabitur,</span> <span class='ocrx_word' id='word_1_134' title='bbox 1379 1921 1507 1978; x_wconf 83' lang='lat' dir='ltr'>quae</span> <span class='ocrx_word' id='word_1_135' title='bbox 1546 1904 1865 1978; x_wconf 80' lang='lat' dir='ltr'>simplicem</span> 
     </span>
    </p>
   </div>
   <div class='ocr_carea' id='block_1_22' title="bbox 162 1976 1862 2048">
    <p class='ocr_par' dir='ltr' id='par_1_22' title="bbox 162 1976 1862 2048">
     <span class='ocr_line' id='line_1_23' title="bbox 162 1976 1862 2048; baseline -0.004 -15"><span class='ocrx_word' id='word_1_136' title='bbox 162 1995 271 2033; x_wconf 90' lang='lat' dir='ltr'>non</span> <span class='ocrx_word' id='word_1_137' title='bbox 301 1976 524 2033; x_wconf 85' lang='lat' dir='ltr'>habent</span> <span class='ocrx_word' id='word_1_138' title='bbox 550 1977 1049 2048; x_wconf 86' lang='lat' dir='ltr'>signiﬁcationem.</span> <span class='ocrx_word' id='word_1_139' title='bbox 1068 1977 1378 2048; x_wconf 86' lang='lat' dir='ltr'>Siquidem</span> <span class='ocrx_word' id='word_1_140' title='bbox 1409 1976 1862 2048; x_wconf 10' lang='lat' dir='ltr'>quisquisidicat,</span> 
     </span>
    </p>
   </div>
   <div class='ocr_carea' id='block_1_23' title="bbox 167 2046 1867 2117">
    <p class='ocr_par' dir='ltr' id='par_1_23' title="bbox 167 2046 1867 2117">
     <span class='ocr_line' id='line_1_24' title="bbox 167 2046 1867 2117; baseline -0.004 -12"><span class='ocrx_word' id='word_1_141' title='bbox 167 2052 427 2115; x_wconf 90' lang='lat' dir='ltr'>ambulo;</span> <span class='ocrx_word' id='word_1_142' title='bbox 467 2055 520 2103; x_wconf 87' lang='lat' dir='ltr'>et</span> <span class='ocrx_word' id='word_1_143' title='bbox 558 2046 1010 2102; x_wconf 83' lang='lat' dir='ltr'>ambulationem</span> <span class='ocrx_word' id='word_1_144' title='bbox 1054 2047 1189 2100; x_wconf 90' lang='lat' dir='ltr'>facit</span> <span class='ocrx_word' id='word_1_145' title='bbox 1225 2047 1489 2117; x_wconf 86' lang='lat' dir='ltr'>intelligi,</span> <span class='ocrx_word' id='word_1_146' title='bbox 1524 2053 1579 2098; x_wconf 90' lang='lat' dir='ltr'>et</span> <span class='ocrx_word' id='word_1_147' title='bbox 1614 2046 1867 2115; x_wconf 88' lang='lat' dir='ltr'>seipsum</span> 
     </span>
    </p>
   </div>
   <div class='ocr_carea' id='block_1_24' title="bbox 167 2117 1865 2192">
    <p class='ocr_par' dir='ltr' id='par_1_24' title="bbox 167 2117 1865 2192">
     <span class='ocr_line' id='line_1_25' title="bbox 167 2117 1865 2192; baseline -0.003 -17"><span class='ocrx_word' id='word_1_148' title='bbox 167 2122 260 2192; x_wconf 89' lang='lat' dir='ltr'>qui</span> <span class='ocrx_word' id='word_1_149' title='bbox 289 2121 571 2175; x_wconf 89' lang='lat' dir='ltr'>ambulat.</span> <span class='ocrx_word' id='word_1_150' title='bbox 609 2122 674 2174; x_wconf 90' lang='lat' dir='ltr'>Et</span> <span class='ocrx_word' id='word_1_151' title='bbox 702 2118 961 2192; x_wconf 80' lang='lat' dir='ltr'>quisquis</span> <span class='ocrx_word' id='word_1_152' title='bbox 989 2118 1145 2192; x_wconf 80' lang='lat' dir='ltr'>dicit,</span> <span class='ocrx_word' id='word_1_153' title='bbox 1179 2117 1436 2192; x_wconf 81' lang='lat' dir='ltr'>ambulas</span> <span class='ocrx_word' id='word_1_154' title='bbox 1466 2134 1479 2183; x_wconf 91' lang='lat'>;</span> <span class='ocrx_word' id='word_1_155' title='bbox 1515 2117 1781 2192; x_wconf 86' lang='lat' dir='ltr'>similiter</span> <span class='ocrx_word' id='word_1_156' title='bbox 1809 2121 1865 2192; x_wconf 75' lang='lat' dir='ltr'>et</span> 
     </span>
    </p>
   </div>
   <div class='ocr_carea' id='block_1_25' title="bbox 167 2187 1868 2265">
    <p class='ocr_par' dir='ltr' id='par_1_25' title="bbox 167 2187 1868 2265">
     <span class='ocr_line' id='line_1_26' title="bbox 167 2187 1868 2265; baseline -0.004 -18"><span class='ocrx_word' id='word_1_157' title='bbox 167 2187 279 2265; x_wconf 60' lang='lat' dir='ltr'>rem</span> <span class='ocrx_word' id='word_1_158' title='bbox 304 2209 451 2265; x_wconf 12' lang='lat' dir='ltr'>gum!</span> <span class='ocrx_word' id='word_1_159' title='bbox 471 2192 558 2265; x_wconf 81' lang='lat' dir='ltr'>ﬁt,</span> <span class='ocrx_word' id='word_1_160' title='bbox 596 2195 651 2245; x_wconf 89' lang='lat' dir='ltr'>et</span> <span class='ocrx_word' id='word_1_161' title='bbox 687 2187 820 2265; x_wconf 70' lang='lat' dir='ltr'>eum</span> <span class='ocrx_word' id='word_1_162' title='bbox 851 2187 950 2265; x_wconf 81' lang='lat' dir='ltr'>qui</span> <span class='ocrx_word' id='word_1_163' title='bbox 981 2189 1132 2265; x_wconf 83' lang='lat' dir='ltr'>facit,</span> <span class='ocrx_word' id='word_1_164' title='bbox 1167 2188 1476 2265; x_wconf 88' lang='lat' dir='ltr'>signiﬁcat_</span> <span class='ocrx_word' id='word_1_165' title='bbox 1503 2191 1579 2265; x_wconf 81' lang='lat' dir='ltr'>At</span> <span class='ocrx_word' id='word_1_166' title='bbox 1595 2204 1736 2265; x_wconf 44' lang='lat' dir='ltr'>&quot;vero</span> <span class='ocrx_word' id='word_1_167' title='bbox 1769 2187 1868 2257; x_wconf 89' lang='lat' dir='ltr'>qui</span> 
     </span>
    </p>
   </div>
   <div class='ocr_carea' id='block_1_26' title="bbox 168 2259 1866 2330">
    <p class='ocr_par' dir='ltr' id='par_1_26' title="bbox 168 2259 1866 2330">
     <span class='ocr_line' id='line_1_27' title="bbox 168 2259 1866 2330; baseline -0.004 -14"><span class='ocrx_word' id='word_1_168' title='bbox 168 2259 645 2326; x_wconf 52' lang='lat' dir='ltr'>dicm—ambulat;</span> <span class='ocrx_word' id='word_1_169' title='bbox 678 2261 823 2315; x_wconf 90' lang='lat' dir='ltr'>nihil</span> <span class='ocrx_word' id='word_1_170' title='bbox 846 2261 1002 2313; x_wconf 90' lang='lat' dir='ltr'>aliud</span> <span class='ocrx_word' id='word_1_171' title='bbox 1030 2276 1202 2330; x_wconf 88' lang='lat' dir='ltr'>quam</span> <span class='ocrx_word' id='word_1_172' title='bbox 1227 2263 1407 2330; x_wconf 88' lang='lat' dir='ltr'>ipsam</span> <span class='ocrx_word' id='word_1_173' title='bbox 1437 2259 1720 2330; x_wconf 87' lang='lat' dir='ltr'>signiﬁcat</span> <span class='ocrx_word' id='word_1_174' title='bbox 1743 2274 1866 2311; x_wconf 87' lang='lat' dir='ltr'>am-</span> 
     </span>
    </p>
   </div>
   <div class='ocr_carea' id='block_1_27' title="bbox 167 2329 1870 2400">
    <p class='ocr_par' dir='ltr' id='par_1_27' title="bbox 167 2329 1870 2400">
     <span class='ocr_line' id='line_1_28' title="bbox 167 2329 1870 2400; baseline -0.003 -14"><span class='ocrx_word' id='word_1_175' title='bbox 167 2334 540 2388; x_wconf 89' lang='lat' dir='ltr'>bulationem.</span> <span class='ocrx_word' id='word_1_176' title='bbox 576 2333 960 2396; x_wconf 87' lang='lat' dir='ltr'>Quamobrem</span> <span class='ocrx_word' id='word_1_177' title='bbox 991 2329 1157 2384; x_wconf 89' lang='lat' dir='ltr'>tertia</span> <span class='ocrx_word' id='word_1_178' title='bbox 1186 2329 1430 2400; x_wconf 73' lang='lat' dir='ltr'>persona</span> <span class='ocrx_word' id='word_1_179' title='bbox 1456 2329 1613 2383; x_wconf 87' lang='lat' dir='ltr'>verbi</span> <span class='ocrx_word' id='word_1_180' title='bbox 1643 2345 1870 2400; x_wconf 88' lang='lat' dir='ltr'>semper</span> 
     </span>
    </p>
   </div>
   <div class='ocr_carea' id='block_1_28' title="bbox 170 2399 1868 2474">
    <p class='ocr_par' dir='ltr' id='par_1_28' title="bbox 170 2399 1868 2474">
     <span class='ocr_line' id='line_1_29' title="bbox 170 2399 1868 2474; baseline -0.004 -16"><span class='ocrx_word' id='word_1_181' title='bbox 170 2405 311 2458; x_wconf 90' lang='lat' dir='ltr'>inter</span> <span class='ocrx_word' id='word_1_182' title='bbox 339 2405 628 2474; x_wconf 90' lang='lat' dir='ltr'>simplicia</span> <span class='ocrx_word' id='word_1_183' title='bbox 653 2403 1080 2474; x_wconf 89' lang='lat' dir='ltr'>numerabitur:</span> <span class='ocrx_word' id='word_1_184' title='bbox 1108 2399 1444 2474; x_wconf 82' lang='lat' dir='ltr'>etnondum</span> <span class='ocrx_word' id='word_1_185' title='bbox 1467 2406 1564 2474; x_wconf 80' lang='lat' dir='ltr'>aut</span> <span class='ocrx_word' id='word_1_186' title='bbox 1593 2399 1868 2454; x_wconf 82' lang='lat' dir='ltr'>afﬁrmari</span> 
     </span>
    </p>
   </div>
   <div class='ocr_carea' id='block_1_29' title="bbox 173 2471 1869 2546">
    <p class='ocr_par' dir='ltr' id='par_1_29' title="bbox 173 2471 1869 2546">
     <span class='ocr_line' id='line_1_30' title="bbox 173 2471 1869 2546; baseline -0.004 -17"><span class='ocrx_word' id='word_1_187' title='bbox 173 2481 263 2529; x_wconf 87' lang='lat' dir='ltr'>aut</span> <span class='ocrx_word' id='word_1_188' title='bbox 290 2471 490 2546; x_wconf 74' lang='lat' dir='ltr'>negari</span> <span class='ocrx_word' id='word_1_189' title='bbox 525 2480 735 2545; x_wconf 88' lang='lat' dir='ltr'>potest,</span> <span class='ocrx_word' id='word_1_190' title='bbox 769 2474 878 2527; x_wconf 89' lang='lat' dir='ltr'>nisi</span> <span class='ocrx_word' id='word_1_191' title='bbox 909 2473 1043 2546; x_wconf 84' lang='lat' dir='ltr'>talia</span> <span class='ocrx_word' id='word_1_192' title='bbox 1069 2473 1241 2546; x_wconf 68' lang='lat' dir='ltr'>verba</span> <span class='ocrx_word' id='word_1_193' title='bbox 1273 2471 1405 2536; x_wconf 90' lang='lat' dir='ltr'>sint,</span> <span class='ocrx_word' id='word_1_194' title='bbox 1442 2471 1652 2546; x_wconf 80' lang='lat' dir='ltr'>quibus</span> <span class='ocrx_word' id='word_1_195' title='bbox 1682 2487 1869 2546; x_wconf 83' lang='lat' dir='ltr'>neces-</span> 
     </span>
    </p>
   </div>
   <div class='ocr_carea' id='block_1_30' title="bbox 172 2543 1866 2615">
    <p class='ocr_par' dir='ltr' id='par_1_30' title="bbox 172 2543 1866 2615">
     <span class='ocr_line' id='line_1_31' title="bbox 172 2543 1866 2615; baseline -0.003 -15"><span class='ocrx_word' id='word_1_196' title='bbox 172 2547 311 2600; x_wconf 89' lang='lat' dir='ltr'>sario</span> <span class='ocrx_word' id='word_1_197' title='bbox 341 2543 596 2601; x_wconf 61' lang='lat' dir='ltr'>cubaret</span> <span class='ocrx_word' id='word_1_198' title='bbox 625 2561 886 2615; x_wconf 68' lang='lat' dir='ltr'>persona:</span> <span class='ocrx_word' id='word_1_199' title='bbox 935 2543 1273 2613; x_wconf 89' lang='lat' dir='ltr'>signiﬁcatio</span> <span class='ocrx_word' id='word_1_200' title='bbox 1303 2543 1733 2615; x_wconf 86' lang='lat' dir='ltr'>consuetudine</span> <span class='ocrx_word' id='word_1_201' title='bbox 1782 2543 1866 2595; x_wconf 92' lang='lat' dir='ltr'>lo-</span> 
     </span>
    </p>
   </div>
   <div class='ocr_carea' id='block_1_31' title="bbox 174 2614 1870 2688">
    <p class='ocr_par' dir='ltr' id='par_1_31' title="bbox 174 2614 1870 2688">
     <span class='ocr_line' id='line_1_32' title="bbox 174 2614 1870 2688; baseline -0.003 -17"><span class='ocrx_word' id='word_1_202' title='bbox 174 2619 396 2688; x_wconf 89' lang='lat' dir='ltr'>quendi,</span> <span class='ocrx_word' id='word_1_203' title='bbox 426 2625 492 2672; x_wconf 88' lang='lat' dir='ltr'>ut</span> <span class='ocrx_word' id='word_1_204' title='bbox 519 2614 649 2670; x_wconf 88' lang='lat' dir='ltr'>cum</span> <span class='ocrx_word' id='word_1_205' title='bbox 672 2617 938 2688; x_wconf 84' lang='lat' dir='ltr'>dicimus,</span> <span class='ocrx_word' id='word_1_206' title='bbox 964 2615 1110 2684; x_wconf 91' lang='lat' dir='ltr'>pluit</span> <span class='ocrx_word' id='word_1_207' title='bbox 1134 2620 1234 2667; x_wconf 90' lang='lat' dir='ltr'>aut</span> <span class='ocrx_word' id='word_1_208' title='bbox 1255 2614 1466 2688; x_wconf 84' lang='lat' dir='ltr'>ningit,</span> <span class='ocrx_word' id='word_1_209' title='bbox 1497 2614 1870 2688; x_wconf 78' lang='lat' dir='ltr'>etiamsinon</span> 
     </span>
    </p>
   </div>
   <div class='ocr_carea' id='block_1_32' title="bbox 174 2685 1866 2760">
    <p class='ocr_par' dir='ltr' id='par_1_32' title="bbox 174 2685 1866 2760">
     <span class='ocr_line' id='line_1_33' title="bbox 174 2685 1866 2760; baseline -0.003 -18"><span class='ocrx_word' id='word_1_210' title='bbox 174 2685 409 2742; x_wconf 75' lang='lat' dir='ltr'>addatur</span> <span class='ocrx_word' id='word_1_211' title='bbox 429 2689 561 2760; x_wconf 89' lang='lat' dir='ltr'>quis</span> <span class='ocrx_word' id='word_1_212' title='bbox 589 2687 1106 2760; x_wconf 9' lang='lat' dir='ltr'>pluatpautningat,</span> <span class='ocrx_word' id='word_1_213' title='bbox 1132 2692 1324 2760; x_wconf 84' lang='lat' dir='ltr'>tamen</span> <span class='ocrx_word' id='word_1_214' title='bbox 1347 2686 1481 2756; x_wconf 91' lang='lat' dir='ltr'>quia</span> <span class='ocrx_word' id='word_1_215' title='bbox 1503 2685 1866 2756; x_wconf 88' lang='lat' dir='ltr'>intelligitur,</span> 
     </span>
    </p>
   </div>
   <div class='ocr_carea' id='block_1_33' title="bbox 175 2757 1346 2830">
    <p class='ocr_par' dir='ltr' id='par_1_33' title="bbox 175 2757 1346 2830">
     <span class='ocr_line' id='line_1_34' title="bbox 175 2757 1346 2830; baseline -0.005 -16"><span class='ocrx_word' id='word_1_216' title='bbox 175 2775 286 2814; x_wconf 91' lang='lat' dir='ltr'>non</span> <span class='ocrx_word' id='word_1_217' title='bbox 315 2757 505 2830; x_wconf 73' lang='lat' dir='ltr'>potest</span> <span class='ocrx_word' id='word_1_218' title='bbox 534 2757 686 2813; x_wconf 75' lang='lat' dir='ltr'>inter</span> <span class='ocrx_word' id='word_1_219' title='bbox 716 2757 998 2827; x_wconf 89' lang='lat' dir='ltr'>simplicia</span> <span class='ocrx_word' id='word_1_220' title='bbox 1029 2757 1346 2830; x_wconf 80' lang='lat' dir='ltr'>numerari.</span> 
     </span>
    </p>
   </div>
   <div class='ocr_carea' id='block_1_34' title="bbox 537 2828 1510 2896">
    <p class='ocr_par' dir='ltr' id='par_1_34' title="bbox 537 2828 1510 2896">
     <span class='ocr_line' id='line_1_35' title="bbox 537 2828 1510 2896; baseline -0.004 -11"><span class='ocrx_word' id='word_1_221' title='bbox 537 2831 762 2885; x_wconf 88' lang='lat' dir='ltr'><strong>CAPUT</strong></span> <span class='ocrx_word' id='word_1_222' title='bbox 796 2831 864 2882; x_wconf 93' lang='lat' dir='ltr'>ll.</span> <span class='ocrx_word' id='word_1_223' title='bbox 897 2857 966 2867; x_wconf 93' lang='lat'><strong>—</strong></span> <span class='ocrx_word' id='word_1_224' title='bbox 1002 2828 1178 2882; x_wconf 81' lang='lat' dir='ltr'>Verba</span> <span class='ocrx_word' id='word_1_225' title='bbox 1209 2829 1510 2896; x_wconf 80' lang='lat' dir='ltr'>conjuncta.</span> 
     </span>
    </p>
   </div>
   <div class='ocr_carea' id='block_1_35' title="bbox 243 2897 1869 2971">
    <p class='ocr_par' dir='ltr' id='par_1_35' title="bbox 243 2897 1869 2971">
     <span class='ocr_line' id='line_1_36' title="bbox 243 2897 1869 2971; baseline -0.003 -16"><span class='ocrx_word' id='word_1_226' title='bbox 243 2902 560 2971; x_wconf 88' lang='lat' dir='ltr'>Conjuncta</span> <span class='ocrx_word' id='word_1_227' title='bbox 591 2901 761 2954; x_wconf 90' lang='lat' dir='ltr'>verba</span> <span class='ocrx_word' id='word_1_228' title='bbox 791 2903 944 2966; x_wconf 91' lang='lat' dir='ltr'>sunt,</span> <span class='ocrx_word' id='word_1_229' title='bbox 978 2915 1106 2968; x_wconf 85' lang='lat' dir='ltr'>quae</span> <span class='ocrx_word' id='word_1_230' title='bbox 1138 2898 1244 2950; x_wconf 89' lang='lat' dir='ltr'>sibi</span> <span class='ocrx_word' id='word_1_231' title='bbox 1271 2914 1527 2971; x_wconf 78' lang='lat' dir='ltr'>connexa</span> <span class='ocrx_word' id='word_1_232' title='bbox 1557 2912 1646 2950; x_wconf 90' lang='lat' dir='ltr'>res</span> <span class='ocrx_word' id='word_1_233' title='bbox 1675 2897 1869 2971; x_wconf 81' lang='lat' dir='ltr'>plures</span> 
     </span>
    </p>
   </div>
   <div class='ocr_carea' id='block_1_36' title="bbox 179 2968 1868 3042">
    <p class='ocr_par' dir='ltr' id='par_1_36' title="bbox 179 2968 1868 3042">
     <span class='ocr_line' id='line_1_37' title="bbox 179 2968 1868 3042; baseline -0.002 -18"><span class='ocrx_word' id='word_1_234' title='bbox 179 2968 514 3042; x_wconf 82' lang='lat' dir='ltr'>signiﬁcant,</span> <span class='ocrx_word' id='word_1_235' title='bbox 542 2977 607 3026; x_wconf 90' lang='lat' dir='ltr'>ut</span> <span class='ocrx_word' id='word_1_236' title='bbox 636 2988 766 3024; x_wconf 91' lang='lat' dir='ltr'>cum</span> <span class='ocrx_word' id='word_1_237' title='bbox 795 2970 1054 3042; x_wconf 87' lang='lat' dir='ltr'>dicimus,</span> <span class='ocrx_word' id='word_1_238' title='bbox 1081 2971 1250 3042; x_wconf 86' lang='lat' dir='ltr'>homo</span> <span class='ocrx_word' id='word_1_239' title='bbox 1275 2969 1550 3042; x_wconf 75' lang='lat' dir='ltr'>ambulat,</span> <span class='ocrx_word' id='word_1_240' title='bbox 1573 2973 1672 3042; x_wconf 81' lang='lat' dir='ltr'>aut</span> <span class='ocrx_word' id='word_1_241' title='bbox 1695 2968 1868 3042; x_wconf 77' lang='lat' dir='ltr'>homo</span> 
     </span>
    </p>
   </div>
   <div class='ocr_carea' id='block_1_37' title="bbox 178 3039 1868 3109">
    <p class='ocr_par' dir='ltr' id='par_1_37' title="bbox 178 3039 1868 3109">
     <span class='ocr_line' id='line_1_38' title="bbox 178 3039 1868 3109; baseline -0.001 -15"><span class='ocrx_word' id='word_1_242' title='bbox 178 3039 444 3097; x_wconf 76' lang='lat' dir='ltr'>festinans</span> <span class='ocrx_word' id='word_1_243' title='bbox 495 3045 556 3097; x_wconf 91' lang='lat' dir='ltr'>in</span> <span class='ocrx_word' id='word_1_244' title='bbox 615 3047 870 3096; x_wconf 84' lang='lat' dir='ltr'>montem</span> <span class='ocrx_word' id='word_1_245' title='bbox 912 3041 1184 3104; x_wconf 90' lang='lat' dir='ltr'>ambulat,</span> <span class='ocrx_word' id='word_1_246' title='bbox 1233 3045 1288 3092; x_wconf 89' lang='lat' dir='ltr'>et</span> <span class='ocrx_word' id='word_1_247' title='bbox 1329 3041 1376 3093; x_wconf 89' lang='lat' dir='ltr'>si</span> <span class='ocrx_word' id='word_1_248' title='bbox 1417 3039 1556 3109; x_wconf 90' lang='lat' dir='ltr'>quid</span> <span class='ocrx_word' id='word_1_249' title='bbox 1589 3040 1720 3092; x_wconf 88' lang='lat' dir='ltr'>tale.</span> <span class='ocrx_word' id='word_1_250' title='bbox 1763 3039 1868 3092; x_wconf 90' lang='lat' dir='ltr'>Sed</span> 
     </span>
    </p>
   </div>
   <div class='ocr_carea' id='block_1_38' title="bbox 180 3109 1871 3184">
    <p class='ocr_par' dir='ltr' id='par_1_38' title="bbox 180 3109 1871 3184">
     <span class='ocr_line' id='line_1_39' title="bbox 180 3109 1871 3184; baseline -0.003 -18"><span class='ocrx_word' id='word_1_251' title='bbox 180 3115 608 3184; x_wconf 89' lang='lat' dir='ltr'>conjunctorum</span> <span class='ocrx_word' id='word_1_252' title='bbox 647 3113 953 3166; x_wconf 87' lang='lat' dir='ltr'>verborum</span> <span class='ocrx_word' id='word_1_253' title='bbox 1003 3113 1125 3184; x_wconf 8' lang='lat' dir='ltr'>alia,</span> <span class='ocrx_word' id='word_1_254' title='bbox 1154 3116 1306 3177; x_wconf 87' lang='lat' dir='ltr'>sunt,</span> <span class='ocrx_word' id='word_1_255' title='bbox 1354 3109 1871 3184; x_wconf 72' lang='lat' dir='ltr'>quze__sententiam</span> 
     </span>
    </p>
   </div>
   <div class='ocr_carea' id='block_1_39' title="bbox 181 3180 1870 3256">
    <p class='ocr_par' dir='ltr' id='par_1_39' title="bbox 181 3180 1870 3256">
     <span class='ocr_line' id='line_1_40' title="bbox 181 3180 1870 3256; baseline -0.003 -19"><span class='ocrx_word' id='word_1_256' title='bbox 181 3180 688 3256; x_wconf 81' lang='lat' dir='ltr'>comprehendunt,</span> <span class='ocrx_word' id='word_1_257' title='bbox 730 3189 887 3256; x_wconf 81' lang='lat' dir='ltr'>utea</span> <span class='ocrx_word' id='word_1_258' title='bbox 917 3199 1045 3253; x_wconf 85' lang='lat' dir='ltr'>quae</span> <span class='ocrx_word' id='word_1_259' title='bbox 1076 3180 1421 3256; x_wconf 74' lang='lat' dir='ltr'>dictasunt;</span> <span class='ocrx_word' id='word_1_260' title='bbox 1455 3180 1564 3234; x_wconf 87' lang='lat' dir='ltr'>alia</span> <span class='ocrx_word' id='word_1_261' title='bbox 1595 3197 1723 3256; x_wconf 87' lang='lat' dir='ltr'>quae</span> <span class='ocrx_word' id='word_1_262' title='bbox 1753 3196 1870 3256; x_wconf 82' lang='lat' dir='ltr'>non</span> 
     </span>
    </p>
   </div>
   <div class='ocr_carea' id='block_1_40' title="bbox 183 3251 1872 3327">
    <p class='ocr_par' dir='ltr' id='par_1_40' title="bbox 183 3251 1872 3327">
     <span class='ocr_line' id='line_1_41' title="bbox 183 3251 1872 3327; baseline -0.002 -20"><span class='ocrx_word' id='word_1_263' title='bbox 183 3251 688 3327; x_wconf 80' lang='lat' dir='ltr'>comprehendunt,</span> <span class='ocrx_word' id='word_1_264' title='bbox 713 3255 808 3327; x_wconf 85' lang='lat' dir='ltr'>sed</span> <span class='ocrx_word' id='word_1_265' title='bbox 832 3251 1390 3327; x_wconf 78' lang='lat' dir='ltr'>exspectantaliquid</span> <span class='ocrx_word' id='word_1_266' title='bbox 1411 3269 1423 3317; x_wconf 92' lang='lat'>;</span> <span class='ocrx_word' id='word_1_267' title='bbox 1442 3258 1513 3327; x_wconf 87' lang='lat' dir='ltr'>ut</span> <span class='ocrx_word' id='word_1_268' title='bbox 1534 3251 1732 3327; x_wconf 84' lang='lat' dir='ltr'>eadem</span> <span class='ocrx_word' id='word_1_269' title='bbox 1750 3251 1872 3320; x_wconf 92' lang='lat' dir='ltr'>ipsa</span> 
     </span>
    </p>
   </div>
   <div class='ocr_carea' id='block_1_41' title="bbox 183 3323 1869 3396">
    <p class='ocr_par' dir='ltr' id='par_1_41' title="bbox 183 3323 1869 3396">
     <span class='ocr_line' id='line_1_42' title="bbox 183 3323 1869 3396; baseline -0.004 -16"><span class='ocrx_word' id='word_1_270' title='bbox 183 3323 602 3396; x_wconf 47' lang='lat' dir='ltr'>quae-diximus,</span> <span class='ocrx_word' id='word_1_271' title='bbox 631 3327 678 3379; x_wconf 89' lang='lat' dir='ltr'>si</span> <span class='ocrx_word' id='word_1_272' title='bbox 707 3325 1006 3379; x_wconf 86' lang='lat' dir='ltr'>subtrahas</span> <span class='ocrx_word' id='word_1_273' title='bbox 1037 3325 1274 3396; x_wconf 89' lang='lat' dir='ltr'>verbum</span> <span class='ocrx_word' id='word_1_274' title='bbox 1303 3324 1454 3394; x_wconf 92' lang='lat' dir='ltr'>quod</span> <span class='ocrx_word' id='word_1_275' title='bbox 1489 3323 1735 3396; x_wconf 88' lang='lat' dir='ltr'>positum</span> <span class='ocrx_word' id='word_1_276' title='bbox 1767 3327 1869 3389; x_wconf 90' lang='lat' dir='ltr'>est,</span> 
     </span>
    </p>
   </div>
   <div class='ocr_carea' id='block_1_42' title="bbox 183 3394 1872 3470">
    <p class='ocr_par' dir='ltr' id='par_1_42' title="bbox 183 3394 1872 3470">
     <span class='ocr_line' id='line_1_43' title="bbox 183 3394 1872 3470; baseline -0.003 -19"><span class='ocrx_word' id='word_1_277' title='bbox 183 3394 463 3470; x_wconf 68' lang='lat' dir='ltr'>ambulat:</span> <span class='ocrx_word' id='word_1_278' title='bbox 499 3397 760 3470; x_wconf 86' lang='lat' dir='ltr'>quamvis</span> <span class='ocrx_word' id='word_1_279' title='bbox 800 3396 954 3449; x_wconf 90' lang='lat' dir='ltr'>enim</span> <span class='ocrx_word' id='word_1_280' title='bbox 992 3395 1495 3470; x_wconf 73' lang='lat' dir='ltr'>verbaconjuncta</span> <span class='ocrx_word' id='word_1_281' title='bbox 1524 3394 1872 3470; x_wconf 71' lang='lat' dir='ltr'>sint,_homo</span> 
     </span>
    </p>
   </div>
   <div class='ocr_carea' id='block_1_43' title="bbox 181 3465 1874 3536">
    <p class='ocr_par' dir='ltr' id='par_1_43' title="bbox 181 3465 1874 3536">
     <span class='ocr_line' id='line_1_44' title="bbox 181 3465 1874 3536; baseline -0.002 -16"><span class='ocrx_word' id='word_1_282' title='bbox 181 3467 447 3523; x_wconf 88' lang='lat' dir='ltr'>festinans</span> <span class='ocrx_word' id='word_1_283' title='bbox 469 3465 538 3523; x_wconf 75' lang='lat' dir='ltr'>iii</span> <span class='ocrx_word' id='word_1_284' title='bbox 562 3474 848 3532; x_wconf 89' lang='lat' dir='ltr'>montem;</span> <span class='ocrx_word' id='word_1_285' title='bbox 879 3472 1072 3521; x_wconf 90' lang='lat' dir='ltr'>tamen</span> <span class='ocrx_word' id='word_1_286' title='bbox 1100 3467 1284 3519; x_wconf 90' lang='lat' dir='ltr'>adhuc</span> <span class='ocrx_word' id='word_1_287' title='bbox 1307 3465 1520 3536; x_wconf 89' lang='lat' dir='ltr'>pendet</span> <span class='ocrx_word' id='word_1_288' title='bbox 1540 3465 1744 3536; x_wconf 81' lang='lat' dir='ltr'>oratio.</span> <span class='ocrx_word' id='word_1_289' title='bbox 1772 3465 1874 3518; x_wconf 91' lang='lat' dir='ltr'>Se-</span> 
     </span>
    </p>
   </div>
   <div class='ocr_carea' id='block_1_44' title="bbox 179 3535 1869 3611">
    <p class='ocr_par' dir='ltr' id='par_1_44' title="bbox 179 3535 1869 3611">
     <span class='ocr_line' id='line_1_45' title="bbox 179 3535 1869 3611; baseline -0.002 -19"><span class='ocrx_word' id='word_1_290' title='bbox 179 3542 382 3608; x_wconf 89' lang='lat' dir='ltr'>paratis</span> <span class='ocrx_word' id='word_1_291' title='bbox 414 3542 595 3611; x_wconf 86' lang='lat' dir='ltr'>igitur</span> <span class='ocrx_word' id='word_1_292' title='bbox 614 3540 701 3592; x_wconf 91' lang='lat' dir='ltr'>his</span> <span class='ocrx_word' id='word_1_293' title='bbox 730 3539 914 3591; x_wconf 83' lang='lat' dir='ltr'>verbis</span> <span class='ocrx_word' id='word_1_294' title='bbox 935 3555 1063 3608; x_wconf 71' lang='lat' dir='ltr'>quze</span> <span class='ocrx_word' id='word_1_295' title='bbox 1093 3553 1206 3590; x_wconf 92' lang='lat' dir='ltr'>non</span> <span class='ocrx_word' id='word_1_296' title='bbox 1235 3535 1475 3611; x_wconf 78' lang='lat' dir='ltr'>implent</span> <span class='ocrx_word' id='word_1_297' title='bbox 1507 3535 1869 3602; x_wconf 87' lang='lat' dir='ltr'>sententiam,</span> 
     </span>
    </p>
   </div>
   <div class='ocr_carea' id='block_1_45' title="bbox 181 3607 1870 3679">
    <p class='ocr_par' dir='ltr' id='par_1_45' title="bbox 181 3607 1870 3679">
     <span class='ocr_line' id='line_1_46' title="bbox 181 3607 1870 3679; baseline -0.001 -18"><span class='ocrx_word' id='word_1_298' title='bbox 181 3617 389 3665; x_wconf 89' lang='lat' dir='ltr'>restant</span> <span class='ocrx_word' id='word_1_299' title='bbox 418 3607 484 3666; x_wconf 66' lang='lat' dir='ltr'>ea</span> <span class='ocrx_word' id='word_1_300' title='bbox 513 3611 687 3664; x_wconf 88' lang='lat' dir='ltr'>verba</span> <span class='ocrx_word' id='word_1_301' title='bbox 723 3607 1025 3679; x_wconf 82' lang='lat' dir='ltr'>conjuncta</span> <span class='ocrx_word' id='word_1_302' title='bbox 1063 3626 1192 3679; x_wconf 75' lang='lat' dir='ltr'>quae</span> <span class='ocrx_word' id='word_1_303' title='bbox 1232 3607 1571 3661; x_wconf 89' lang='lat' dir='ltr'>sententiam</span> <span class='ocrx_word' id='word_1_304' title='bbox 1611 3623 1870 3679; x_wconf 83' lang='lat' dir='ltr'>compre-</span> 
     </span>
    </p>
   </div>
   <div class='ocr_carea' id='block_1_46' title="bbox 181 3677 1870 3750">
    <p class='ocr_par' dir='ltr' id='par_1_46' title="bbox 181 3677 1870 3750">
     <span class='ocr_line' id='line_1_47' title="bbox 181 3677 1870 3750; baseline -0.003 -16"><span class='ocrx_word' id='word_1_305' title='bbox 181 3679 468 3738; x_wconf 88' lang='lat' dir='ltr'>hendunt:</span> <span class='ocrx_word' id='word_1_306' title='bbox 501 3683 709 3736; x_wconf 90' lang='lat' dir='ltr'>borum</span> <span class='ocrx_word' id='word_1_307' title='bbox 730 3677 870 3734; x_wconf 82' lang='lat' dir='ltr'>item</span> <span class='ocrx_word' id='word_1_308' title='bbox 901 3681 1028 3734; x_wconf 72' lang='lat' dir='ltr'>dua:</span> <span class='ocrx_word' id='word_1_309' title='bbox 1051 3677 1264 3750; x_wconf 79' lang='lat' dir='ltr'>species</span> <span class='ocrx_word' id='word_1_310' title='bbox 1293 3685 1447 3750; x_wconf 81' lang='lat' dir='ltr'>sunt.</span> <span class='ocrx_word' id='word_1_311' title='bbox 1471 3682 1583 3731; x_wconf 87' lang='lat' dir='ltr'>Aut</span> <span class='ocrx_word' id='word_1_312' title='bbox 1606 3678 1760 3731; x_wconf 89' lang='lat' dir='ltr'>enim</span> <span class='ocrx_word' id='word_1_313' title='bbox 1792 3677 1870 3730; x_wconf 89' lang='lat' dir='ltr'>sic</span> 
     </span>
    </p>
   </div>
   <div class='ocr_carea' id='block_1_47' title="bbox 181 3749 1872 3824">
    <p class='ocr_par' dir='ltr' id='par_1_47' title="bbox 181 3749 1872 3824">
     <span class='ocr_line' id='line_1_48' title="bbox 181 3749 1872 3824; baseline -0.002 -20"><span class='ocrx_word' id='word_1_314' title='bbox 181 3755 455 3808; x_wconf 87' lang='lat' dir='ltr'>sententia</span> <span class='ocrx_word' id='word_1_315' title='bbox 486 3751 1006 3824; x_wconf 78' lang='lat' dir='ltr'>comprehenditur,</span> <span class='ocrx_word' id='word_1_316' title='bbox 1042 3749 1103 3804; x_wconf 86' lang='lat' dir='ltr'>ut</span> <span class='ocrx_word' id='word_1_317' title='bbox 1141 3766 1272 3803; x_wconf 89' lang='lat' dir='ltr'>vero</span> <span class='ocrx_word' id='word_1_318' title='bbox 1299 3755 1403 3824; x_wconf 78' lang='lat' dir='ltr'>aut</span> <span class='ocrx_word' id='word_1_319' title='bbox 1431 3749 1571 3803; x_wconf 84' lang='lat' dir='ltr'>falso</span> <span class='ocrx_word' id='word_1_320' title='bbox 1610 3753 1872 3824; x_wconf 85' lang='lat' dir='ltr'>teneatur</span> 
     </span>
    </p>
   </div>
   <div class='ocr_carea' id='block_1_48' title="bbox 181 3820 1870 3893">
    <p class='ocr_par' dir='ltr' id='par_1_48' title="bbox 181 3820 1870 3893">
     <span class='ocr_line' id='line_1_49' title="bbox 181 3820 1870 3893; baseline -0.002 -18"><span class='ocrx_word' id='word_1_321' title='bbox 181 3824 435 3893; x_wconf 83' lang='lat' dir='ltr'>obnoxia,</span> <span class='ocrx_word' id='word_1_322' title='bbox 483 3831 548 3879; x_wconf 91' lang='lat' dir='ltr'>ut</span> <span class='ocrx_word' id='word_1_323' title='bbox 599 3820 703 3889; x_wconf 75' lang='lat' dir='ltr'>est,</span> <span class='ocrx_word' id='word_1_324' title='bbox 756 3823 958 3893; x_wconf 89' lang='lat' dir='ltr'>omnis</span> <span class='ocrx_word' id='word_1_325' title='bbox 987 3822 1157 3874; x_wconf 90' lang='lat' dir='ltr'>homo</span> <span class='ocrx_word' id='word_1_326' title='bbox 1200 3821 1487 3893; x_wconf 79' lang='lat' dir='ltr'>ambulat;</span> <span class='ocrx_word' id='word_1_327' title='bbox 1530 3824 1646 3886; x_wconf 90' lang='lat' dir='ltr'>aut,</span> <span class='ocrx_word' id='word_1_328' title='bbox 1683 3820 1870 3893; x_wconf 81' lang='lat' dir='ltr'>omnis</span> 
     </span>
    </p>
   </div>
   <div class='ocr_carea' id='block_1_49' title="bbox 179 3890 1872 3970">
    <p class='ocr_par' dir='ltr' id='par_1_49' title="bbox 179 3890 1872 3970">
     <span class='ocr_line' id='line_1_50' title="bbox 179 3890 1872 3970; baseline -0.002 -24"><span class='ocrx_word' id='word_1_329' title='bbox 179 3892 342 3970; x_wconf 80' lang='lat' dir='ltr'>homo</span> <span class='ocrx_word' id='word_1_330' title='bbox 373 3890 491 3951; x_wconf 88' lang='lat' dir='ltr'>non</span> <span class='ocrx_word' id='word_1_331' title='bbox 519 3895 776 3970; x_wconf 88' lang='lat' dir='ltr'>ambulat</span> <span class='ocrx_word' id='word_1_332' title='bbox 799 3911 813 3959; x_wconf 91' lang='lat'>;</span> <span class='ocrx_word' id='word_1_333' title='bbox 836 3899 894 3970; x_wconf 73' lang='lat' dir='ltr'>et</span> <span class='ocrx_word' id='word_1_334' title='bbox 919 3892 1132 3970; x_wconf 38' lang='lat' dir='ltr'>siquid“</span> <span class='ocrx_word' id='word_1_335' title='bbox 1151 3891 1637 3970; x_wconf 79' lang='lat' dir='ltr'>hujusmodi.__Aut</span> <span class='ocrx_word' id='word_1_336' title='bbox 1662 3890 1872 3970; x_wconf 56' lang='lat' dir='ltr'>sicini-</span> 
     </span>
    </p>
   </div>
   <div class='ocr_carea' id='block_1_50' title="bbox 178 3961 1866 4034">
    <p class='ocr_par' dir='ltr' id='par_1_50' title="bbox 178 3961 1866 4034">
     <span class='ocr_line' id='line_1_51' title="bbox 178 3961 1866 4034; baseline -0.003 -16"><span class='ocrx_word' id='word_1_337' title='bbox 178 3965 378 4033; x_wconf 86' lang='lat' dir='ltr'>pletur,</span> <span class='ocrx_word' id='word_1_338' title='bbox 412 3968 716 4032; x_wconf 88' lang='lat' dir='ltr'>sententia,</span> <span class='ocrx_word' id='word_1_339' title='bbox 742 3971 807 4019; x_wconf 92' lang='lat' dir='ltr'>ut</span> <span class='ocrx_word' id='word_1_340' title='bbox 835 3966 968 4018; x_wconf 91' lang='lat' dir='ltr'>licet</span> <span class='ocrx_word' id='word_1_341' title='bbox 997 3961 1253 4034; x_wconf 80' lang='lat' dir='ltr'>perﬁciat</span> <span class='ocrx_word' id='word_1_342' title='bbox 1279 3963 1635 4034; x_wconf 88' lang='lat' dir='ltr'>propositum</span> <span class='ocrx_word' id='word_1_343' title='bbox 1668 3961 1866 4026; x_wconf 90' lang='lat' dir='ltr'>animi,</span> 
     </span>
    </p>
   </div>
   <div class='ocr_carea' id='block_1_51' title="bbox 180 4033 1868 4106">
    <p class='ocr_par' dir='ltr' id='par_1_51' title="bbox 180 4033 1868 4106">
     <span class='ocr_line' id='line_1_52' title="bbox 180 4033 1868 4106; baseline -0.001 -19"><span class='ocrx_word' id='word_1_344' title='bbox 180 4036 444 4092; x_wconf 87' lang='lat' dir='ltr'>afﬁrmari</span> <span class='ocrx_word' id='word_1_345' title='bbox 475 4045 669 4092; x_wconf 90' lang='lat' dir='ltr'>tamen</span> <span class='ocrx_word' id='word_1_346' title='bbox 697 4035 964 4106; x_wconf 87' lang='lat' dir='ltr'>negarive</span> <span class='ocrx_word' id='word_1_347' title='bbox 991 4033 1108 4088; x_wconf 88' lang='lat' dir='ltr'>non</span> <span class='ocrx_word' id='word_1_348' title='bbox 1131 4035 1335 4105; x_wconf 89' lang='lat' dir='ltr'>possit:</span> <span class='ocrx_word' id='word_1_349' title='bbox 1372 4039 1432 4086; x_wconf 90' lang='lat' dir='ltr'>ut</span> <span class='ocrx_word' id='word_1_350' title='bbox 1461 4049 1591 4106; x_wconf 86' lang='lat' dir='ltr'>cum</span> <span class='ocrx_word' id='word_1_351' title='bbox 1621 4033 1868 4106; x_wconf 74' lang='lat' dir='ltr'>impera-</span> 
     </span>
    </p>
   </div>
   <div class='ocr_carea' id='block_1_52' title="bbox 180 4103 1862 4180">
    <p class='ocr_par' dir='ltr' id='par_1_52' title="bbox 180 4103 1862 4180">
     <span class='ocr_line' id='line_1_53' title="bbox 180 4103 1862 4180; baseline -0.003 -20"><span class='ocrx_word' id='word_1_352' title='bbox 180 4121 321 4180; x_wconf 74' lang='lat' dir='ltr'>mus,</span> <span class='ocrx_word' id='word_1_353' title='bbox 352 4127 481 4164; x_wconf 93' lang='lat' dir='ltr'>cum</span> <span class='ocrx_word' id='word_1_354' title='bbox 514 4103 801 4180; x_wconf 66' lang='lat' dir='ltr'>optamus,</span> <span class='ocrx_word' id='word_1_355' title='bbox 831 4122 962 4160; x_wconf 92' lang='lat' dir='ltr'>cum</span> <span class='ocrx_word' id='word_1_356' title='bbox 999 4103 1386 4180; x_wconf 72' lang='lat' dir='ltr'>exsecramur,</span> <span class='ocrx_word' id='word_1_357' title='bbox 1415 4109 1471 4158; x_wconf 91' lang='lat' dir='ltr'>et</span> <span class='ocrx_word' id='word_1_358' title='bbox 1493 4105 1588 4180; x_wconf 77' lang='lat' dir='ltr'>bis</span> <span class='ocrx_word' id='word_1_359' title='bbox 1624 4103 1862 4180; x_wconf 74' lang='lat' dir='ltr'>similia.</span> 
     </span>
    </p>
   </div>
   <div class='ocr_carea' id='block_1_53' title="bbox 183 4176 1870 4252">
    <p class='ocr_par' dir='ltr' id='par_1_53' title="bbox 183 4176 1870 4252">
     <span class='ocr_line' id='line_1_54' title="bbox 183 4176 1870 4252; baseline -0.002 -22"><span class='ocrx_word' id='word_1_360' title='bbox 183 4177 316 4252; x_wconf 76' lang='lat' dir='ltr'>Nam</span> <span class='ocrx_word' id='word_1_361' title='bbox 345 4182 389 4234; x_wconf 92' lang='lat' dir='ltr'>si</span> <span class='ocrx_word' id='word_1_362' title='bbox 412 4176 941 4252; x_wconf 47' lang='lat' dir='ltr'>quis—di.:at,perge</span> <span class='ocrx_word' id='word_1_363' title='bbox 970 4178 1038 4231; x_wconf 88' lang='lat' dir='ltr'>ad</span> <span class='ocrx_word' id='word_1_364' title='bbox 1063 4177 1273 4252; x_wconf 80' lang='lat' dir='ltr'>villam,</span> <span class='ocrx_word' id='word_1_365' title='bbox 1306 4177 1390 4230; x_wconf 86' lang='lat' dir='ltr'>vel</span> <span class='ocrx_word' id='word_1_366' title='bbox 1424 4176 1645 4229; x_wconf 88' lang='lat' dir='ltr'>utinam</span> <span class='ocrx_word' id='word_1_367' title='bbox 1671 4178 1870 4252; x_wconf 77' lang='lat' dir='ltr'>pergat</span> 
     </span>
    </p>
   </div>
   <div class='ocr_carea' id='block_1_54' title="bbox 180 4245 1869 4320">
    <p class='ocr_par' dir='ltr' id='par_1_54' title="bbox 180 4245 1869 4320">
     <span class='ocr_line' id='line_1_55' title="bbox 180 4245 1869 4320; baseline -0.002 -19"><span class='ocrx_word' id='word_1_368' title='bbox 180 4249 245 4302; x_wconf 86' lang='lat' dir='ltr'>ad</span> <span class='ocrx_word' id='word_1_369' title='bbox 294 4245 509 4317; x_wconf 67' lang='lat' dir='ltr'>villain,</span> <span class='ocrx_word' id='word_1_370' title='bbox 561 4260 681 4320; x_wconf 84' lang='lat' dir='ltr'>aut,</span> <span class='ocrx_word' id='word_1_371' title='bbox 724 4245 804 4304; x_wconf 87' lang='lat' dir='ltr'>dii</span> <span class='ocrx_word' id='word_1_372' title='bbox 833 4245 995 4320; x_wconf 84' lang='lat' dir='ltr'>illum</span> <span class='ocrx_word' id='word_1_373' title='bbox 1025 4248 1306 4320; x_wconf 85' lang='lat' dir='ltr'>perdant:</span> <span class='ocrx_word' id='word_1_374' title='bbox 1342 4263 1456 4300; x_wconf 90' lang='lat' dir='ltr'>non</span> <span class='ocrx_word' id='word_1_375' title='bbox 1487 4252 1672 4320; x_wconf 82' lang='lat' dir='ltr'>potest</span> <span class='ocrx_word' id='word_1_376' title='bbox 1704 4245 1869 4320; x_wconf 80' lang='lat' dir='ltr'>argui</span> 
     </span>
    </p>
   </div>
   <div class='ocr_carea' id='block_1_55' title="bbox 180 4316 1868 4391">
    <p class='ocr_par' dir='ltr' id='par_1_55' title="bbox 180 4316 1868 4391">
     <span class='ocr_line' id='line_1_56' title="bbox 180 4316 1868 4391; baseline -0.002 -18"><span class='ocrx_word' id='word_1_377' title='bbox 180 4323 326 4388; x_wconf 90' lang='lat' dir='ltr'>quod</span> <span class='ocrx_word' id='word_1_378' title='bbox 359 4316 687 4382; x_wconf 71' lang='lat' dir='ltr'>mentiatur,</span> <span class='ocrx_word' id='word_1_379' title='bbox 731 4325 828 4374; x_wconf 90' lang='lat' dir='ltr'>aut</span> <span class='ocrx_word' id='word_1_380' title='bbox 871 4316 1046 4373; x_wconf 55' lang='lat' dir='ltr'>credi</span> <span class='ocrx_word' id='word_1_381' title='bbox 1072 4319 1228 4391; x_wconf 91' lang='lat' dir='ltr'>quod</span> <span class='ocrx_word' id='word_1_382' title='bbox 1268 4334 1474 4391; x_wconf 88' lang='lat' dir='ltr'>verum</span> <span class='ocrx_word' id='word_1_383' title='bbox 1504 4318 1667 4371; x_wconf 87' lang='lat' dir='ltr'>dicat.</span> <span class='ocrx_word' id='word_1_384' title='bbox 1717 4316 1868 4391; x_wconf 83' lang='lat' dir='ltr'>Nihil</span> 
     </span>
    </p>
   </div>
   <div class='ocr_carea' id='block_1_56' title="bbox 181 4387 1869 4461">
    <p class='ocr_par' dir='ltr' id='par_1_56' title="bbox 181 4387 1869 4461">
     <span class='ocr_line' id='line_1_57' title="bbox 181 4387 1869 4461; baseline -0.002 -18"><span class='ocrx_word' id='word_1_385' title='bbox 181 4387 326 4461; x_wconf 68' lang='lat' dir='ltr'>enim</span> <span class='ocrx_word' id='word_1_386' title='bbox 345 4393 651 4449; x_wconf 82' lang='lat' dir='ltr'>afﬁrmavit</span> <span class='ocrx_word' id='word_1_387' title='bbox 680 4393 765 4446; x_wconf 86' lang='lat' dir='ltr'>vel</span> <span class='ocrx_word' id='word_1_388' title='bbox 799 4391 1030 4461; x_wconf 88' lang='lat' dir='ltr'>negavit</span> <span class='ocrx_word' id='word_1_389' title='bbox 1060 4387 1243 4460; x_wconf 49' lang='lat' dir='ltr'>fergo</span> <span class='ocrx_word' id='word_1_390' title='bbox 1275 4405 1377 4443; x_wconf 90' lang='lat' dir='ltr'>nec</span> <span class='ocrx_word' id='word_1_391' title='bbox 1407 4390 1545 4442; x_wconf 89' lang='lat' dir='ltr'>tales</span> <span class='ocrx_word' id='word_1_392' title='bbox 1571 4387 1869 4461; x_wconf 63' lang='lat' dir='ltr'>sententia:</span> 
     </span>
    </p>
   </div>
   <div class='ocr_carea' id='block_1_57' title="bbox 181 4458 1864 4534">
    <p class='ocr_par' dir='ltr' id='par_1_57' title="bbox 181 4458 1864 4534">
     <span class='ocr_line' id='line_1_58' title="bbox 181 4458 1864 4534; baseline -0.001 -19"><span class='ocrx_word' id='word_1_393' title='bbox 181 4459 236 4534; x_wconf 70' lang='lat' dir='ltr'>in</span> <span class='ocrx_word' id='word_1_394' title='bbox 264 4467 639 4534; x_wconf 65' lang='lat' dir='ltr'>quaestionem</span> <span class='ocrx_word' id='word_1_395' title='bbox 669 4458 928 4524; x_wconf 70' lang='lat' dir='ltr'>veniunt,</span> <span class='ocrx_word' id='word_1_396' title='bbox 962 4466 1060 4514; x_wconf 91' lang='lat' dir='ltr'>aut</span> <span class='ocrx_word' id='word_1_397' title='bbox 1097 4458 1511 4530; x_wconf 83' lang='lat' dir='ltr'>disputatorem</span> <span class='ocrx_word' id='word_1_398' title='bbox 1544 4458 1864 4534; x_wconf 86' lang='lat' dir='ltr'>requirunt.</span> 
     </span>
    </p>
   </div>
   <div class='ocr_carea' id='block_1_58' title="bbox 180 4531 1860 4602">
    <p class='ocr_par' dir='ltr' id='par_1_58' title="bbox 180 4531 1860 4602">
     <span class='ocr_line' id='line_1_59' title="bbox 180 4531 1860 4602; baseline -0.001 -17"><span class='ocrx_word' id='word_1_399' title='bbox 180 4531 395 4591; x_wconf 73' lang='lat' dir='ltr'>CAPUT</span> <span class='ocrx_word' id='word_1_400' title='bbox 426 4539 521 4591; x_wconf 89' lang='lat' dir='ltr'>Ill.</span> <span class='ocrx_word' id='word_1_401' title='bbox 556 4567 623 4574; x_wconf 93' lang='lat'>—</span> <span class='ocrx_word' id='word_1_402' title='bbox 647 4535 772 4600; x_wconf 72' lang='lat' dir='ltr'>Quae</span> <span class='ocrx_word' id='word_1_403' title='bbox 792 4534 1056 4602; x_wconf 70' lang='lat' dir='ltr'>simplices</span> <span class='ocrx_word' id='word_1_404' title='bbox 1080 4534 1374 4597; x_wconf 69' lang='lat' dir='ltr'>sententiae,</span> <span class='ocrx_word' id='word_1_405' title='bbox 1402 4547 1519 4599; x_wconf 68' lang='lat' dir='ltr'>quae</span> <span class='ocrx_word' id='word_1_406' title='bbox 1539 4533 1860 4599; x_wconf 70' lang='lat' dir='ltr'>conjunctae.</span> 
     </span>
    </p>
   </div>
   <div class='ocr_carea' id='block_1_59' title="bbox 245 4603 1870 4678">
    <p class='ocr_par' dir='ltr' id='par_1_59' title="bbox 245 4603 1870 4678">
     <span class='ocr_line' id='line_1_60' title="bbox 245 4603 1870 4678; baseline -0.003 -19"><span class='ocrx_word' id='word_1_407' title='bbox 245 4605 349 4661; x_wconf 91' lang='lat' dir='ltr'>Sed</span> <span class='ocrx_word' id='word_1_408' title='bbox 395 4609 510 4662; x_wconf 65' lang='lat' dir='ltr'>illae</span> <span class='ocrx_word' id='word_1_409' title='bbox 541 4623 670 4678; x_wconf 74' lang='lat' dir='ltr'>quae</span> <span class='ocrx_word' id='word_1_410' title='bbox 703 4605 1098 4678; x_wconf 83' lang='lat' dir='ltr'>requiruntur,</span> <span class='ocrx_word' id='word_1_411' title='bbox 1126 4603 1540 4678; x_wconf 83' lang='lat' dir='ltr'>aut_simp_l_ices</span> <span class='ocrx_word' id='word_1_412' title='bbox 1577 4607 1750 4678; x_wconf 33' lang='lat' dir='ltr'>sunt,.</span> <span class='ocrx_word' id='word_1_413' title='bbox 1773 4603 1870 4654; x_wconf 90' lang='lat' dir='ltr'>aut</span> 
     </span>
    </p>
   </div>
   <div class='ocr_carea' id='block_1_60' title="bbox 179 4672 1868 4747">
    <p class='ocr_par' dir='ltr' id='par_1_60' title="bbox 179 4672 1868 4747">
     <span class='ocr_line' id='line_1_61' title="bbox 179 4672 1868 4747; baseline -0.001 -20"><span class='ocrx_word' id='word_1_414' title='bbox 179 4678 513 4746; x_wconf 62' lang='lat' dir='ltr'>conjunctae.</span> <span class='ocrx_word' id='word_1_415' title='bbox 547 4672 841 4747; x_wconf 79' lang='lat' dir='ltr'>Simplices</span> <span class='ocrx_word' id='word_1_416' title='bbox 867 4680 1017 4740; x_wconf 88' lang='lat' dir='ltr'>sunt,</span> <span class='ocrx_word' id='word_1_417' title='bbox 1047 4691 1176 4744; x_wconf 68' lang='lat' dir='ltr'>quae</span> <span class='ocrx_word' id='word_1_418' title='bbox 1208 4673 1329 4727; x_wconf 90' lang='lat' dir='ltr'>sine</span> <span class='ocrx_word' id='word_1_419' title='bbox 1361 4675 1478 4747; x_wconf 85' lang='lat' dir='ltr'>ulla</span> <span class='ocrx_word' id='word_1_420' title='bbox 1506 4672 1868 4747; x_wconf 79' lang='lat' dir='ltr'>copulatione</span> 
     </span>
    </p>
   </div>
   <div class='ocr_carea' id='block_1_61' title="bbox 179 4743 1867 4813">
    <p class='ocr_par' dir='ltr' id='par_1_61' title="bbox 179 4743 1867 4813">
     <span class='ocr_line' id='line_1_62' title="bbox 179 4743 1867 4813; baseline -0.001 -16"><span class='ocrx_word' id='word_1_421' title='bbox 179 4743 463 4805; x_wconf 64' lang='lat' dir='ltr'>sententiae</span> <span class='ocrx_word' id='word_1_422' title='bbox 489 4743 720 4803; x_wconf 79' lang='lat' dir='ltr'>alterius</span> <span class='ocrx_word' id='word_1_423' title='bbox 750 4743 1127 4801; x_wconf 81' lang='lat' dir='ltr'>enuntiantur</span> <span class='ocrx_word' id='word_1_424' title='bbox 1152 4761 1164 4798; x_wconf 90' lang='lat'>:</span> <span class='ocrx_word' id='word_1_425' title='bbox 1190 4749 1252 4796; x_wconf 88' lang='lat' dir='ltr'>ut</span> <span class='ocrx_word' id='word_1_426' title='bbox 1277 4749 1361 4797; x_wconf 90' lang='lat' dir='ltr'>est</span> <span class='ocrx_word' id='word_1_427' title='bbox 1387 4744 1523 4798; x_wconf 92' lang='lat' dir='ltr'>illud</span> <span class='ocrx_word' id='word_1_428' title='bbox 1550 4744 1702 4813; x_wconf 89' lang='lat' dir='ltr'>quod</span> <span class='ocrx_word' id='word_1_429' title='bbox 1730 4743 1867 4796; x_wconf 90' lang='lat' dir='ltr'>dici-</span> 
     </span>
    </p>
   </div>
   <div class='ocr_carea' id='block_1_62' title="bbox 178 4815 1866 4885">
    <p class='ocr_par' dir='ltr' id='par_1_62' title="bbox 178 4815 1866 4885">
     <span class='ocr_line' id='line_1_63' title="bbox 178 4815 1866 4885; baseline -0.001 -16"><span class='ocrx_word' id='word_1_430' title='bbox 178 4829 318 4884; x_wconf 88' lang='lat' dir='ltr'>mus,</span> <span class='ocrx_word' id='word_1_431' title='bbox 339 4823 525 4875; x_wconf 88' lang='lat' dir='ltr'>omnis</span> <span class='ocrx_word' id='word_1_432' title='bbox 547 4822 719 4875; x_wconf 81' lang='lat' dir='ltr'>h’omo</span> <span class='ocrx_word' id='word_1_433' title='bbox 742 4818 1014 4872; x_wconf 87' lang='lat' dir='ltr'>ambulat.</span> <span class='ocrx_word' id='word_1_434' title='bbox 1040 4816 1364 4885; x_wconf 69' lang='lat' dir='ltr'>Conjunctaa</span> <span class='ocrx_word' id='word_1_435' title='bbox 1381 4819 1513 4867; x_wconf 91' lang='lat' dir='ltr'>sunt</span> <span class='ocrx_word' id='word_1_436' title='bbox 1533 4815 1600 4868; x_wconf 92' lang='lat' dir='ltr'>de</span> <span class='ocrx_word' id='word_1_437' title='bbox 1623 4830 1866 4884; x_wconf 90' lang='lat' dir='ltr'>quarum</span> 
     </span>
    </p>
   </div>
   <div class='ocr_carea' id='block_1_63' title="bbox 178 4886 1864 4962">
    <p class='ocr_par' dir='ltr' id='par_1_63' title="bbox 178 4886 1864 4962">
     <span class='ocr_line' id='line_1_64' title="bbox 178 4886 1864 4962; baseline 0 -22"><span class='ocrx_word' id='word_1_438' title='bbox 178 4892 533 4962; x_wconf 68' lang='lat' dir='ltr'>copulatione</span> <span class='ocrx_word' id='word_1_439' title='bbox 567 4891 889 4962; x_wconf 82' lang='lat' dir='ltr'>judicatur:</span> <span class='ocrx_word' id='word_1_440' title='bbox 940 4893 1005 4942; x_wconf 91' lang='lat' dir='ltr'>ut</span> <span class='ocrx_word' id='word_1_441' title='bbox 1049 4892 1155 4953; x_wconf 88' lang='lat' dir='ltr'>est,</span> <span class='ocrx_word' id='word_1_442' title='bbox 1189 4886 1864 4962; x_wconf 78' lang='lat' dir='ltr'>si_ambulat,__movetur.</span> 
     </span>
    </p>
   </div>
   <div class='ocr_carea' id='block_1_64' title="bbox 178 4955 1865 5032">
    <p class='ocr_par' dir='ltr' id='par_1_64' title="bbox 178 4955 1865 5032">
     <span class='ocr_line' id='line_1_65' title="bbox 178 4955 1865 5032; baseline -0.002 -20"><span class='ocrx_word' id='word_1_443' title='bbox 178 4955 276 5032; x_wconf 81' lang='lat' dir='ltr'>Sed</span> <span class='ocrx_word' id='word_1_444' title='bbox 315 4981 444 5018; x_wconf 91' lang='lat' dir='ltr'>cum</span> <span class='ocrx_word' id='word_1_445' title='bbox 475 4965 543 5018; x_wconf 87' lang='lat' dir='ltr'>de</span> <span class='ocrx_word' id='word_1_446' title='bbox 568 4955 1428 5032; x_wconf 74' lang='lat' dir='ltr'>conjunctionesententiarum</span> <span class='ocrx_word' id='word_1_447' title='bbox 1465 4956 1748 5032; x_wconf 75' lang='lat' dir='ltr'>judicium</span> <span class='ocrx_word' id='word_1_448' title='bbox 1781 4957 1865 5021; x_wconf 88' lang='lat' dir='ltr'>ﬁt,</span> 
     </span>
    </p>
   </div>
   <div class='ocr_carea' id='block_1_65' title="bbox 179 5028 1868 5102">
    <p class='ocr_par' dir='ltr' id='par_1_65' title="bbox 179 5028 1868 5102">
     <span class='ocr_line' id='line_1_66' title="bbox 179 5028 1868 5102; baseline 0.001 -22"><span class='ocrx_word' id='word_1_449' title='bbox 179 5031 389 5088; x_wconf 89' lang='lat' dir='ltr'>tamdiu</span> <span class='ocrx_word' id='word_1_450' title='bbox 433 5040 518 5089; x_wconf 87' lang='lat' dir='ltr'>est</span> <span class='ocrx_word' id='word_1_451' title='bbox 565 5028 747 5088; x_wconf 78' lang='lat' dir='ltr'>donec</span> <span class='ocrx_word' id='word_1_452' title='bbox 779 5030 1146 5102; x_wconf 87' lang='lat' dir='ltr'>perveniatur</span> <span class='ocrx_word' id='word_1_453' title='bbox 1184 5029 1252 5083; x_wconf 89' lang='lat' dir='ltr'>ad</span> <span class='ocrx_word' id='word_1_454' title='bbox 1282 5028 1868 5102; x_wconf 78' lang='lat' dir='ltr'>summam._Sumrna</span> 
     </span>
    </p>
   </div>
   <div class='ocr_carea' id='block_1_66' title="bbox 179 5098 1866 5186">
    <p class='ocr_par' dir='ltr' id='par_1_66' title="bbox 179 5098 1866 5186">
     <span class='ocr_line' id='line_1_67' title="bbox 179 5098 1866 5186; baseline -0.002 -32"><span class='ocrx_word' id='word_1_455' title='bbox 179 5107 362 5186; x_wconf 67' lang='lat' dir='ltr'>autem</span> <span class='ocrx_word' id='word_1_456' title='bbox 388 5111 471 5159; x_wconf 90' lang='lat' dir='ltr'>est</span> <span class='ocrx_word' id='word_1_457' title='bbox 494 5098 963 5186; x_wconf 39' lang='lat' dir='ltr'>queenconﬁcitur‘</span> <span class='ocrx_word' id='word_1_458' title='bbox 982 5118 1049 5155; x_wconf 85' lang='lat' dir='ltr'>ex</span> <span class='ocrx_word' id='word_1_459' title='bbox 1079 5101 1379 5186; x_wconf 78' lang='lat' dir='ltr'>concessis.</span> <span class='ocrx_word' id='word_1_460' title='bbox 1407 5099 1566 5186; x_wconf 40' lang='lat' dir='ltr'>Q‘uod</span> <span class='ocrx_word' id='word_1_461' title='bbox 1599 5099 1733 5186; x_wconf 43' lang='lat' dir='ltr'>dicp.</span> <span class='ocrx_word' id='word_1_462' title='bbox 1753 5098 1866 5186; x_wconf 62' lang='lat' dir='ltr'>tale</span> 
     </span>
    </p>
   </div>
   <div class='ocr_carea' id='block_1_67' title="bbox 177 5168 1868 5242">
    <p class='ocr_par' dir='ltr' id='par_1_67' title="bbox 177 5168 1868 5242">
     <span class='ocr_line' id='line_1_68' title="bbox 177 5168 1868 5242; baseline -0.007 -10"><span class='ocrx_word' id='word_1_463' title='bbox 177 5175 273 5237; x_wconf 72' lang='lat' dir='ltr'>est,</span> <span class='ocrx_word' id='word_1_464' title='bbox 315 5168 577 5238; x_wconf 81' lang='lat' dir='ltr'>Quidicit,</span> <span class='ocrx_word' id='word_1_465' title='bbox 614 5176 672 5230; x_wconf 88' lang='lat' dir='ltr'>Si</span> <span class='ocrx_word' id='word_1_466' title='bbox 713 5174 992 5238; x_wconf 88' lang='lat' dir='ltr'>ambulat,</span> <span class='ocrx_word' id='word_1_467' title='bbox 1029 5177 1308 5237; x_wconf 81' lang='lat' dir='ltr'>movetur,</span> <span class='ocrx_word' id='word_1_468' title='bbox 1342 5171 1583 5242; x_wconf 87' lang='lat' dir='ltr'>probare</span> <span class='ocrx_word' id='word_1_469' title='bbox 1613 5170 1743 5242; x_wconf 12' lang='lat' dir='ltr'>ivult</span> <span class='ocrx_word' id='word_1_470' title='bbox 1768 5168 1868 5222; x_wconf 91' lang='lat' dir='ltr'>ali-</span> 
     </span>
    </p>
   </div>
   <div class='ocr_carea' id='block_1_68' title="bbox 178 5241 1863 5311">
    <p class='ocr_par' dir='ltr' id='par_1_68' title="bbox 178 5241 1863 5311">
     <span class='ocr_line' id='line_1_69' title="bbox 178 5241 1863 5311; baseline 0 -16"><span class='ocrx_word' id='word_1_471' title='bbox 178 5245 328 5311; x_wconf 89' lang='lat' dir='ltr'>quid,</span> <span class='ocrx_word' id='word_1_472' title='bbox 363 5253 425 5302; x_wconf 90' lang='lat' dir='ltr'>ut</span> <span class='ocrx_word' id='word_1_473' title='bbox 466 5249 570 5302; x_wconf 88' lang='lat' dir='ltr'>hoc</span> <span class='ocrx_word' id='word_1_474' title='bbox 611 5261 900 5310; x_wconf 90' lang='lat' dir='ltr'>concesso,</span> <span class='ocrx_word' id='word_1_475' title='bbox 944 5259 1142 5296; x_wconf 86' lang='lat' dir='ltr'>verum</span> <span class='ocrx_word' id='word_1_476' title='bbox 1174 5259 1291 5296; x_wconf 84' lang='lat' dir='ltr'>esse</span> <span class='ocrx_word' id='word_1_477' title='bbox 1336 5241 1510 5296; x_wconf 85' lang='lat' dir='ltr'>restet</span> <span class='ocrx_word' id='word_1_478' title='bbox 1542 5241 1625 5294; x_wconf 91' lang='lat' dir='ltr'>illi</span> <span class='ocrx_word' id='word_1_479' title='bbox 1655 5241 1863 5305; x_wconf 88' lang='lat' dir='ltr'>dicere,</span> 
     </span>
    </p>
   </div>
   <div class='ocr_carea' id='block_1_69' title="bbox 178 5313 1867 5384">
    <p class='ocr_par' dir='ltr' id='par_1_69' title="bbox 178 5313 1867 5384">
     <span class='ocr_line' id='line_1_70' title="bbox 178 5313 1867 5384; baseline -0.001 -18"><span class='ocrx_word' id='word_1_480' title='bbox 178 5317 325 5380; x_wconf 84' lang='lat' dir='ltr'>quod</span> <span class='ocrx_word' id='word_1_481' title='bbox 353 5319 642 5372; x_wconf 88' lang='lat' dir='ltr'>ambulet:</span> <span class='ocrx_word' id='word_1_482' title='bbox 683 5322 740 5370; x_wconf 90' lang='lat' dir='ltr'>et</span> <span class='ocrx_word' id='word_1_483' title='bbox 770 5331 995 5369; x_wconf 89' lang='lat' dir='ltr'>summa</span> <span class='ocrx_word' id='word_1_484' title='bbox 1025 5321 1426 5384; x_wconf 87' lang='lat' dir='ltr'>consequatur,</span> <span class='ocrx_word' id='word_1_485' title='bbox 1458 5329 1592 5384; x_wconf 10' lang='lat' dir='ltr'>quae?</span> <span class='ocrx_word' id='word_1_486' title='bbox 1612 5313 1733 5381; x_wconf 88' lang='lat' dir='ltr'>jam</span> <span class='ocrx_word' id='word_1_487' title='bbox 1765 5328 1867 5365; x_wconf 85' lang='lat' dir='ltr'>ne-</span> 
     </span>
    </p>
   </div>
   <div class='ocr_carea' id='block_1_70' title="bbox 178 5383 1862 5460">
    <p class='ocr_par' dir='ltr' id='par_1_70' title="bbox 178 5383 1862 5460">
     <span class='ocr_line' id='line_1_71' title="bbox 178 5383 1862 5460; baseline -0.001 -23"><span class='ocrx_word' id='word_1_488' title='bbox 178 5387 294 5451; x_wconf 79' lang='lat' dir='ltr'>gari</span> <span class='ocrx_word' id='word_1_489' title='bbox 324 5404 438 5443; x_wconf 92' lang='lat' dir='ltr'>non</span> <span class='ocrx_word' id='word_1_490' title='bbox 465 5393 672 5460; x_wconf 89' lang='lat' dir='ltr'>potest,</span> <span class='ocrx_word' id='word_1_491' title='bbox 694 5387 768 5460; x_wconf 86' lang='lat' dir='ltr'>id</span> <span class='ocrx_word' id='word_1_492' title='bbox 797 5392 881 5440; x_wconf 91' lang='lat' dir='ltr'>est</span> <span class='ocrx_word' id='word_1_493' title='bbox 908 5386 1066 5460; x_wconf 80' lang='lat' dir='ltr'>quod</span> <span class='ocrx_word' id='word_1_494' title='bbox 1093 5383 1386 5460; x_wconf 56' lang='lat' dir='ltr'>movetur}</span> <span class='ocrx_word' id='word_1_495' title='bbox 1423 5383 1719 5460; x_wconf 66' lang='lat' dir='ltr'>quzeitem</span> <span class='ocrx_word' id='word_1_496' title='bbox 1750 5398 1862 5460; x_wconf 83' lang='lat' dir='ltr'>non</span> 
     </span>
    </p>
   </div>
   <div class='ocr_carea' id='block_1_71' title="bbox 177 5452 1866 5527">
    <p class='ocr_par' dir='ltr' id='par_1_71' title="bbox 177 5452 1866 5527">
     <span class='ocr_line' id='line_1_72' title="bbox 177 5452 1866 5527; baseline -0.001 -19"><span class='ocrx_word' id='word_1_497' title='bbox 177 5461 358 5521; x_wconf 88' lang='lat' dir='ltr'>potest</span> <span class='ocrx_word' id='word_1_498' title='bbox 394 5452 665 5526; x_wconf 81' lang='lat' dir='ltr'>concedi,</span> <span class='ocrx_word' id='word_1_499' title='bbox 688 5459 745 5512; x_wconf 91' lang='lat' dir='ltr'>id</span> <span class='ocrx_word' id='word_1_500' title='bbox 795 5462 879 5512; x_wconf 89' lang='lat' dir='ltr'>est</span> <span class='ocrx_word' id='word_1_501' title='bbox 915 5452 1072 5527; x_wconf 76' lang='lat' dir='ltr'>quod</span> <span class='ocrx_word' id='word_1_502' title='bbox 1102 5472 1221 5509; x_wconf 91' lang='lat' dir='ltr'>non</span> <span class='ocrx_word' id='word_1_503' title='bbox 1257 5452 1532 5510; x_wconf 83' lang='lat' dir='ltr'>ambulet.</span> <span class='ocrx_word' id='word_1_504' title='bbox 1565 5456 1780 5508; x_wconf 80' lang='lat' dir='ltr'>Rursus</span> <span class='ocrx_word' id='word_1_505' title='bbox 1818 5452 1866 5507; x_wconf 91' lang='lat' dir='ltr'>si</span> 
     </span>
    </p>
   </div>
   <div class='ocr_carea' id='block_1_72' title="bbox 235 5579 1861 5648">
    <p class='ocr_par' dir='ltr' id='par_1_72' title="bbox 235 5579 1861 5648">
     <span class='ocr_line' id='line_1_73' title="bbox 235 5579 1861 5648; baseline -0.004 -17"><span class='ocrx_word' id='word_1_506' title='bbox 235 5581 303 5648; x_wconf 72' lang='lat' dir='ltr'>(tt)</span> <span class='ocrx_word' id='word_1_507' title='bbox 337 5585 656 5648; x_wconf 87' lang='lat' dir='ltr'>Opusculum</span> <span class='ocrx_word' id='word_1_508' title='bbox 688 5583 828 5648; x_wconf 84' lang='lat' dir='ltr'>istud</span> <span class='ocrx_word' id='word_1_509' title='bbox 877 5581 1313 5648; x_wconf 61' lang='lat' dir='ltr'>castigatumest</span> <span class='ocrx_word' id='word_1_510' title='bbox 1353 5579 1416 5648; x_wconf 76' lang='lat' dir='ltr'>de</span> <span class='ocrx_word' id='word_1_511' title='bbox 1454 5593 1594 5648; x_wconf 72' lang='lat' dir='ltr'>npvo</span> <span class='ocrx_word' id='word_1_512' title='bbox 1634 5579 1861 5648; x_wconf 62' lang='lat' dir='ltr'>ad&#39;Mss,</span> 
     </span>
    </p>
   </div>
   <div class='ocr_carea' id='block_1_73' title="bbox 175 5641 1867 5710">
    <p class='ocr_par' dir='ltr' id='par_1_73' title="bbox 175 5641 1867 5710">
     <span class='ocr_line' id='line_1_74' title="bbox 175 5641 1867 5710; baseline 0 -20"><span class='ocrx_word' id='word_1_513' title='bbox 175 5641 398 5710; x_wconf 77' lang='lat' dir='ltr'>quinque</span> <span class='ocrx_word' id='word_1_514' title='bbox 427 5649 480 5697; x_wconf 93' lang='lat' dir='ltr'>in</span> <span class='ocrx_word' id='word_1_515' title='bbox 510 5648 700 5710; x_wconf 90' lang='lat' dir='ltr'>quibus</span> <span class='ocrx_word' id='word_1_516' title='bbox 733 5641 1347 5710; x_wconf 73' lang='lat' dir='ltr'>inscribitur__Tractatus</span> <span class='ocrx_word' id='word_1_517' title='bbox 1383 5643 1451 5710; x_wconf 80' lang='lat' dir='ltr'>de</span> <span class='ocrx_word' id='word_1_518' title='bbox 1485 5641 1784 5710; x_wconf 81' lang='lat' dir='ltr'>Dialectica,</span> <span class='ocrx_word' id='word_1_519' title='bbox 1815 5644 1867 5690; x_wconf 89' lang='lat' dir='ltr'>et</span> 
     </span>
    </p>
   </div>
   <div class='ocr_carea' id='block_1_74' title="bbox 175 5703 1864 5768">
    <p class='ocr_par' dir='ltr' id='par_1_74' title="bbox 175 5703 1864 5768">
     <span class='ocr_line' id='line_1_75' title="bbox 175 5703 1864 5768; baseline 0.001 -17"><span class='ocrx_word' id='word_1_520' title='bbox 175 5703 457 5768; x_wconf 72' lang='lat' dir='ltr'>Augustino</span> <span class='ocrx_word' id='word_1_521' title='bbox 478 5703 747 5760; x_wconf 86' lang='lat' dir='ltr'>tribuitur.</span> <span class='ocrx_word' id='word_1_522' title='bbox 774 5708 840 5758; x_wconf 84' lang='lat' dir='ltr'>At</span> <span class='ocrx_word' id='word_1_523' title='bbox 855 5705 1014 5756; x_wconf 88' lang='lat' dir='ltr'>Chirii</span> <span class='ocrx_word' id='word_1_524' title='bbox 1032 5703 1396 5755; x_wconf 83' lang='lat' dir='ltr'>Fortunatiani</span> <span class='ocrx_word' id='word_1_525' title='bbox 1423 5705 1640 5755; x_wconf 88' lang='lat' dir='ltr'>nomine</span> <span class='ocrx_word' id='word_1_526' title='bbox 1664 5704 1864 5756; x_wconf 86' lang='lat' dir='ltr'>editum</span> 
     </span>
    </p>
   </div>
   <div class='ocr_carea' id='block_1_75' title="bbox 176 5770 768 5824">
    <p class='ocr_par' dir='ltr' id='par_1_75' title="bbox 176 5770 768 5824">
     <span class='ocr_line' id='line_1_76' title="bbox 176 5770 768 5824; baseline 0.012 -11"><span class='ocrx_word' id='word_1_527' title='bbox 176 5771 248 5816; x_wconf 84' lang='lat' dir='ltr'>est</span> <span class='ocrx_word' id='word_1_528' title='bbox 275 5770 486 5824; x_wconf 71' lang='lat' dir='ltr'>Basileae</span> <span class='ocrx_word' id='word_1_529' title='bbox 507 5786 594 5822; x_wconf 86' lang='lat' dir='ltr'>an.</span> <span class='ocrx_word' id='word_1_530' title='bbox 628 5773 768 5822; x_wconf 79' lang='grc'><strong>1558.</strong></span> 
     </span>
    </p>
   </div>
   <div class='ocr_carea' id='block_1_76' title="bbox 1967 768 3666 850">
    <p class='ocr_par' dir='ltr' id='par_1_76' title="bbox 1967 768 3666 850">
     <span class='ocr_line' id='line_1_77' title="bbox 1967 768 3666 850; baseline 0.004 -28"><span class='ocrx_word' id='word_1_531' title='bbox 1967 768 2276 850; x_wconf 34' lang='lat' dir='ltr'>hoc‘modo</span> <span class='ocrx_word' id='word_1_532' title='bbox 2308 769 2442 850; x_wconf 82' lang='lat' dir='ltr'>velit</span> <span class='ocrx_word' id='word_1_533' title='bbox 2471 769 2691 850; x_wconf 85' lang='lat' dir='ltr'>dicere,_</span> <span class='ocrx_word' id='word_1_534' title='bbox 2735 772 2908 826; x_wconf 91' lang='lat' dir='ltr'>homo</span> <span class='ocrx_word' id='word_1_535' title='bbox 2937 772 3041 826; x_wconf 90' lang='lat' dir='ltr'>iste</span> <span class='ocrx_word' id='word_1_536' title='bbox 3096 773 3371 850; x_wconf 78' lang='lat' dir='ltr'>ambulat,</span> <span class='ocrx_word' id='word_1_537' title='bbox 3427 774 3666 850; x_wconf 78' lang='lat' dir='ltr'>simplex</span> 
     </span>
    </p>
   </div>
   <div class='ocr_carea' id='block_1_77' title="bbox 1970 843 3666 915">
    <p class='ocr_par' dir='ltr' id='par_1_77' title="bbox 1970 843 3666 915">
     <span class='ocr_line' id='line_1_78' title="bbox 1970 843 3666 915; baseline 0.004 -22"><span class='ocrx_word' id='word_1_538' title='bbox 1970 843 2256 915; x_wconf 81' lang='lat' dir='ltr'>sententia</span> <span class='ocrx_word' id='word_1_539' title='bbox 2285 847 2373 894; x_wconf 90' lang='lat' dir='ltr'>est</span> <span class='ocrx_word' id='word_1_540' title='bbox 2405 858 2416 893; x_wconf 92' lang='lat'>:</span> <span class='ocrx_word' id='word_1_541' title='bbox 2452 858 2624 915; x_wconf 82' lang='lat' dir='ltr'>quam</span> <span class='ocrx_word' id='word_1_542' title='bbox 2651 843 2697 895; x_wconf 89' lang='lat' dir='ltr'>si</span> <span class='ocrx_word' id='word_1_543' title='bbox 2728 859 3076 909; x_wconf 85' lang='lat' dir='ltr'>concessero,</span> <span class='ocrx_word' id='word_1_544' title='bbox 3111 850 3163 898; x_wconf 91' lang='lat' dir='ltr'>et</span> <span class='ocrx_word' id='word_1_545' title='bbox 3194 845 3364 899; x_wconf 91' lang='lat' dir='ltr'>aliam</span> <span class='ocrx_word' id='word_1_546' title='bbox 3395 843 3666 915; x_wconf 48' lang='lat' dir='ltr'>quae—ali-</span> 
     </span>
    </p>
   </div>
   <div class='ocr_carea' id='block_1_78' title="bbox 1969 912 3665 987">
    <p class='ocr_par' dir='ltr' id='par_1_78' title="bbox 1969 912 3665 987">
     <span class='ocr_line' id='line_1_79' title="bbox 1969 912 3665 987; baseline 0.004 -23"><span class='ocrx_word' id='word_1_547' title='bbox 1969 912 2109 987; x_wconf 88' lang='lat' dir='ltr'>quid</span> <span class='ocrx_word' id='word_1_548' title='bbox 2140 917 2426 987; x_wconf 62' lang='lat' dir='ltr'>esspectat</span> <span class='ocrx_word' id='word_1_549' title='bbox 2442 913 2509 966; x_wconf 90' lang='lat' dir='ltr'>ad</span> <span class='ocrx_word' id='word_1_550' title='bbox 2539 915 2980 987; x_wconf 84' lang='lat' dir='ltr'>completiouem</span> <span class='ocrx_word' id='word_1_551' title='bbox 3004 917 3302 969; x_wconf 56' lang='lat' dir='ltr'>sententia</span> <span class='ocrx_word' id='word_1_552' title='bbox 3320 912 3665 987; x_wconf 49' lang='lat' dir='ltr'>adj&#39;unxerit:</span> 
     </span>
    </p>
   </div>
   <div class='ocr_carea' id='block_1_79' title="bbox 1971 982 3667 1053">
    <p class='ocr_par' dir='ltr' id='par_1_79' title="bbox 1971 982 3667 1053">
     <span class='ocr_line' id='line_1_80' title="bbox 1971 982 3667 1053; baseline 0.004 -19"><span class='ocrx_word' id='word_1_553' title='bbox 1971 982 2230 1053; x_wconf 90' lang='lat' dir='ltr'>quisquis</span> <span class='ocrx_word' id='word_1_554' title='bbox 2269 989 2459 1036; x_wconf 89' lang='lat' dir='ltr'>autem</span> <span class='ocrx_word' id='word_1_555' title='bbox 2502 985 2776 1052; x_wconf 87' lang='lat' dir='ltr'>ambulat,</span> <span class='ocrx_word' id='word_1_556' title='bbox 2819 993 3088 1040; x_wconf 86' lang='lat' dir='ltr'>movetur.</span> <span class='ocrx_word' id='word_1_557' title='bbox 3143 989 3206 1040; x_wconf 89' lang='lat' dir='ltr'>Et</span> <span class='ocrx_word' id='word_1_558' title='bbox 3245 982 3590 1040; x_wconf 46' lang='lat' dir='ltr'>bauc&#39;etiam</span> <span class='ocrx_word' id='word_1_559' title='bbox 3623 987 3667 1041; x_wconf 89' lang='lat' dir='ltr'>si</span> 
     </span>
    </p>
   </div>
   <div class='ocr_carea' id='block_1_80' title="bbox 1971 1055 3668 1128">
    <p class='ocr_par' dir='ltr' id='par_1_80' title="bbox 1971 1055 3668 1128">
     <span class='ocr_line' id='line_1_81' title="bbox 1971 1055 3668 1128; baseline 0.004 -21"><span class='ocrx_word' id='word_1_560' title='bbox 1971 1069 2317 1128; x_wconf 82' lang='lat' dir='ltr'>concessero,</span> <span class='ocrx_word' id='word_1_561' title='bbox 2353 1070 2419 1108; x_wconf 81' lang='lat' dir='ltr'>ex</span> <span class='ocrx_word' id='word_1_562' title='bbox 2453 1055 2556 1128; x_wconf 83' lang='lat' dir='ltr'>hac</span> <span class='ocrx_word' id='word_1_563' title='bbox 2601 1056 2898 1125; x_wconf 86' lang='lat' dir='ltr'>junctione</span> <span class='ocrx_word' id='word_1_564' title='bbox 2949 1059 3359 1112; x_wconf 89' lang='lat' dir='ltr'>sententiarum</span> <span class='ocrx_word' id='word_1_565' title='bbox 3407 1058 3668 1128; x_wconf 86' lang='lat' dir='ltr'>quamvis</span> 
     </span>
    </p>
   </div>
   <div class='ocr_carea' id='block_1_81' title="bbox 1970 1125 3669 1195">
    <p class='ocr_par' dir='ltr' id='par_1_81' title="bbox 1970 1125 3669 1195">
     <span class='ocr_line' id='line_1_82' title="bbox 1970 1125 3669 1195; baseline 0.004 -19"><span class='ocrx_word' id='word_1_566' title='bbox 1970 1125 2302 1195; x_wconf 84' lang='lat' dir='ltr'>singillatim</span> <span class='ocrx_word' id='word_1_567' title='bbox 2330 1126 2757 1179; x_wconf 91' lang='lat' dir='ltr'>enuntiatarum</span> <span class='ocrx_word' id='word_1_568' title='bbox 2790 1133 2845 1180; x_wconf 90' lang='lat' dir='ltr'>et</span> <span class='ocrx_word' id='word_1_569' title='bbox 2873 1143 3286 1192; x_wconf 89' lang='lat' dir='ltr'>concessarum,</span> <span class='ocrx_word' id='word_1_570' title='bbox 3327 1125 3669 1183; x_wconf 51' lang='lat' dir='ltr'>illa—summa</span> 
     </span>
    </p>
   </div>
   <div class='ocr_carea' id='block_1_82' title="bbox 1971 1197 3664 1271">
    <p class='ocr_par' dir='ltr' id='par_1_82' title="bbox 1971 1197 3664 1271">
     <span class='ocr_line' id='line_1_83' title="bbox 1971 1197 3664 1271; baseline 0.004 -24"><span class='ocrx_word' id='word_1_571' title='bbox 1971 1197 2247 1271; x_wconf 86' lang='lat' dir='ltr'>sequitur,</span> <span class='ocrx_word' id='word_1_572' title='bbox 2276 1212 2406 1267; x_wconf 66' lang='lat' dir='ltr'>quae</span> <span class='ocrx_word' id='word_1_573' title='bbox 2435 1199 2556 1267; x_wconf 89' lang='lat' dir='ltr'>jam</span> <span class='ocrx_word' id='word_1_574' title='bbox 2605 1197 2923 1252; x_wconf 89' lang='lat' dir='ltr'>necessario</span> <span class='ocrx_word' id='word_1_575' title='bbox 2967 1200 3258 1268; x_wconf 86' lang='lat' dir='ltr'>concedat,</span> <span class='ocrx_word' id='word_1_576' title='bbox 3304 1199 3361 1255; x_wconf 90' lang='lat' dir='ltr'>id</span> <span class='ocrx_word' id='word_1_577' title='bbox 3403 1206 3506 1267; x_wconf 91' lang='lat' dir='ltr'>est,</span> <span class='ocrx_word' id='word_1_578' title='bbox 3557 1200 3664 1271; x_wconf 89' lang='lat' dir='ltr'>igi-</span> 
     </span>
    </p>
   </div>
   <div class='ocr_carea' id='block_1_83' title="bbox 1969 1269 2702 1323">
    <p class='ocr_par' dir='ltr' id='par_1_83' title="bbox 1969 1269 2702 1323">
     <span class='ocr_line' id='line_1_84' title="bbox 1969 1269 2702 1323; baseline 0.003 -3"><span class='ocrx_word' id='word_1_579' title='bbox 1969 1271 2064 1320; x_wconf 89' lang='lat' dir='ltr'>tur</span> <span class='ocrx_word' id='word_1_580' title='bbox 2086 1269 2257 1320; x_wconf 88' lang='lat' dir='ltr'>homo</span> <span class='ocrx_word' id='word_1_581' title='bbox 2290 1270 2393 1320; x_wconf 87' lang='lat' dir='ltr'>iste</span> <span class='ocrx_word' id='word_1_582' title='bbox 2425 1274 2702 1323; x_wconf 90' lang='lat' dir='ltr'>movetur.</span> 
     </span>
    </p>
   </div>
   <div class='ocr_carea' id='block_1_84' title="bbox 2087 1338 3546 1408">
    <p class='ocr_par' dir='ltr' id='par_1_84' title="bbox 2087 1338 3546 1408">
     <span class='ocr_line' id='line_1_85' title="bbox 2087 1338 3546 1408; baseline 0.003 -18"><span class='ocrx_word' id='word_1_583' title='bbox 2087 1338 2308 1391; x_wconf 83' lang='lat' dir='ltr'>CAPUT</span> <span class='ocrx_word' id='word_1_584' title='bbox 2342 1339 2428 1392; x_wconf 87' lang='lat' dir='ltr'>IV.</span> <span class='ocrx_word' id='word_1_585' title='bbox 2458 1369 2526 1378; x_wconf 92' lang='lat'>—</span> <span class='ocrx_word' id='word_1_586' title='bbox 2557 1341 2882 1408; x_wconf 83' lang='lat' dir='ltr'>Conjunctas</span> <span class='ocrx_word' id='word_1_587' title='bbox 2912 1342 3202 1394; x_wconf 77' lang='lat' dir='ltr'>sententias</span> <span class='ocrx_word' id='word_1_588' title='bbox 3227 1341 3546 1395; x_wconf 76' lang='lat' dir='ltr'>subdividit.</span> 
     </span>
    </p>
   </div>
   <div class='ocr_carea' id='block_1_85' title="bbox 2046 1409 3665 1482">
    <p class='ocr_par' dir='ltr' id='par_1_85' title="bbox 2046 1409 3665 1482">
     <span class='ocr_line' id='line_1_86' title="bbox 2046 1409 3665 1482; baseline 0.004 -22"><span class='ocrx_word' id='word_1_589' title='bbox 2046 1409 2140 1482; x_wconf 80' lang='lat' dir='ltr'>His</span> <span class='ocrx_word' id='word_1_590' title='bbox 2169 1409 2344 1478; x_wconf 89' lang='lat' dir='ltr'>igitur</span> <span class='ocrx_word' id='word_1_591' title='bbox 2371 1409 2620 1462; x_wconf 86' lang='lat' dir='ltr'>breviter</span> <span class='ocrx_word' id='word_1_592' title='bbox 2646 1412 2988 1482; x_wconf 88' lang='lat' dir='ltr'>constitutis,</span> <span class='ocrx_word' id='word_1_593' title='bbox 3017 1412 3270 1482; x_wconf 90' lang='lat' dir='ltr'>singulas</span> <span class='ocrx_word' id='word_1_594' title='bbox 3303 1418 3492 1482; x_wconf 90' lang='lat' dir='ltr'>partes</span> <span class='ocrx_word' id='word_1_595' title='bbox 3523 1428 3665 1466; x_wconf 91' lang='lat' dir='ltr'>con-</span> 
     </span>
    </p>
   </div>
   <div class='ocr_carea' id='block_1_86' title="bbox 1972 1478 3667 1553">
    <p class='ocr_par' dir='ltr' id='par_1_86' title="bbox 1972 1478 3667 1553">
     <span class='ocr_line' id='line_1_87' title="bbox 1972 1478 3667 1553; baseline 0.003 -22"><span class='ocrx_word' id='word_1_596' title='bbox 1972 1478 2304 1553; x_wconf 79' lang='lat' dir='ltr'>sideremus.</span> <span class='ocrx_word' id='word_1_597' title='bbox 2341 1482 2481 1553; x_wconf 78' lang='lat' dir='ltr'>Nam</span> <span class='ocrx_word' id='word_1_598' title='bbox 2512 1487 2644 1535; x_wconf 89' lang='lat' dir='ltr'>sunt</span> <span class='ocrx_word' id='word_1_599' title='bbox 2698 1481 2898 1552; x_wconf 77' lang='lat' dir='ltr'>primae</span> <span class='ocrx_word' id='word_1_600' title='bbox 2949 1478 3268 1546; x_wconf 33' lang='lat' dir='ltr'>duzefuua</span> <span class='ocrx_word' id='word_1_601' title='bbox 3304 1478 3385 1536; x_wconf 37' lang='lat' dir='ltr'>’de</span> <span class='ocrx_word' id='word_1_602' title='bbox 3431 1483 3500 1535; x_wconf 92' lang='lat' dir='ltr'>iis</span> <span class='ocrx_word' id='word_1_603' title='bbox 3540 1500 3667 1553; x_wconf 79' lang='lat' dir='ltr'>quae</span> 
     </span>
    </p>
   </div>
   <div class='ocr_carea' id='block_1_87' title="bbox 1974 1550 3664 1623">
    <p class='ocr_par' dir='ltr' id='par_1_87' title="bbox 1974 1550 3664 1623">
     <span class='ocr_line' id='line_1_88' title="bbox 1974 1550 3664 1623; baseline 0.002 -20"><span class='ocrx_word' id='word_1_604' title='bbox 1974 1550 2312 1623; x_wconf 81' lang='lat' dir='ltr'>simpliciter</span> <span class='ocrx_word' id='word_1_605' title='bbox 2344 1552 2628 1618; x_wconf 90' lang='lat' dir='ltr'>dicuntur,</span> <span class='ocrx_word' id='word_1_606' title='bbox 2648 1550 2749 1605; x_wconf 81' lang='lat' dir='ltr'>ubi</span> <span class='ocrx_word' id='word_1_607' title='bbox 2769 1559 2848 1606; x_wconf 91' lang='lat' dir='ltr'>est</span> <span class='ocrx_word' id='word_1_608' title='bbox 2876 1554 3038 1623; x_wconf 88' lang='lat' dir='ltr'>quasi</span> <span class='ocrx_word' id='word_1_609' title='bbox 3066 1554 3304 1607; x_wconf 88' lang='lat' dir='ltr'>materia</span> <span class='ocrx_word' id='word_1_610' title='bbox 3334 1550 3664 1619; x_wconf 64' lang='lat' dir='ltr'>dialecticae;</span> 
     </span>
    </p>
   </div>
   <div class='ocr_carea' id='block_1_88' title="bbox 1975 1621 3672 1694">
    <p class='ocr_par' dir='ltr' id='par_1_88' title="bbox 1975 1621 3672 1694">
     <span class='ocr_line' id='line_1_89' title="bbox 1975 1621 3672 1694; baseline 0.002 -20"><span class='ocrx_word' id='word_1_611' title='bbox 1975 1621 2153 1674; x_wconf 90' lang='lat' dir='ltr'>altera</span> <span class='ocrx_word' id='word_1_612' title='bbox 2182 1622 2249 1676; x_wconf 92' lang='lat' dir='ltr'>de</span> <span class='ocrx_word' id='word_1_613' title='bbox 2280 1621 2349 1675; x_wconf 88' lang='lat' dir='ltr'>iis</span> <span class='ocrx_word' id='word_1_614' title='bbox 2379 1639 2508 1693; x_wconf 62' lang='lat' dir='ltr'>quas</span> <span class='ocrx_word' id='word_1_615' title='bbox 2539 1624 2841 1692; x_wconf 83' lang='lat' dir='ltr'>conjuncta</span> <span class='ocrx_word' id='word_1_616' title='bbox 2891 1621 3178 1688; x_wconf 81' lang='lat' dir='ltr'>dicuntur,</span> <span class='ocrx_word' id='word_1_617' title='bbox 3229 1625 3325 1677; x_wconf 92' lang='lat' dir='ltr'>ubi</span> <span class='ocrx_word' id='word_1_618' title='bbox 3357 1625 3478 1694; x_wconf 91' lang='lat' dir='ltr'>jam</span> <span class='ocrx_word' id='word_1_619' title='bbox 3511 1625 3672 1694; x_wconf 91' lang='lat' dir='ltr'>quasi</span> 
     </span>
    </p>
   </div>
   <div class='ocr_carea' id='block_1_89' title="bbox 1976 1694 3674 1765">
    <p class='ocr_par' dir='ltr' id='par_1_89' title="bbox 1976 1694 3674 1765">
     <span class='ocr_line' id='line_1_90' title="bbox 1976 1694 3674 1765; baseline 0.002 -20"><span class='ocrx_word' id='word_1_620' title='bbox 1976 1708 2120 1761; x_wconf 91' lang='lat' dir='ltr'>opus</span> <span class='ocrx_word' id='word_1_621' title='bbox 2151 1699 2406 1763; x_wconf 89' lang='lat' dir='ltr'>apparet,</span> <span class='ocrx_word' id='word_1_622' title='bbox 2440 1694 2574 1765; x_wconf 68' lang='lat' dir='ltr'>Quae</span> <span class='ocrx_word' id='word_1_623' title='bbox 2588 1696 2654 1747; x_wconf 90' lang='lat' dir='ltr'>de</span> <span class='ocrx_word' id='word_1_624' title='bbox 2675 1694 3053 1762; x_wconf 89' lang='lat' dir='ltr'>simplicibus,</span> <span class='ocrx_word' id='word_1_625' title='bbox 3079 1700 3313 1747; x_wconf 87' lang='lat' dir='ltr'>vocatur</span> <span class='ocrx_word' id='word_1_626' title='bbox 3340 1697 3408 1748; x_wconf 89' lang='lat' dir='ltr'>de</span> <span class='ocrx_word' id='word_1_627' title='bbox 3441 1697 3674 1765; x_wconf 85' lang='lat' dir='ltr'>loquen-</span> 
     </span>
    </p>
   </div>
   <div class='ocr_carea' id='block_1_90' title="bbox 1974 1764 3672 1834">
    <p class='ocr_par' dir='ltr' id='par_1_90' title="bbox 1974 1764 3672 1834">
     <span class='ocr_line' id='line_1_91' title="bbox 1974 1764 3672 1834; baseline 0 -16"><span class='ocrx_word' id='word_1_628' title='bbox 1974 1766 2065 1818; x_wconf 92' lang='lat' dir='ltr'>do.</span> <span class='ocrx_word' id='word_1_629' title='bbox 2103 1765 2200 1816; x_wconf 89' lang='lat' dir='ltr'>llla</span> <span class='ocrx_word' id='word_1_630' title='bbox 2231 1780 2362 1816; x_wconf 89' lang='lat' dir='ltr'>vero</span> <span class='ocrx_word' id='word_1_631' title='bbox 2394 1781 2524 1834; x_wconf 76' lang='lat' dir='ltr'>qua:</span> <span class='ocrx_word' id='word_1_632' title='bbox 2548 1764 2616 1817; x_wconf 89' lang='lat' dir='ltr'>de</span> <span class='ocrx_word' id='word_1_633' title='bbox 2644 1764 2959 1833; x_wconf 89' lang='lat' dir='ltr'>conjunctis</span> <span class='ocrx_word' id='word_1_634' title='bbox 2990 1769 3092 1830; x_wconf 89' lang='lat' dir='ltr'>est,</span> <span class='ocrx_word' id='word_1_635' title='bbox 3125 1764 3184 1817; x_wconf 91' lang='lat' dir='ltr'>in</span> <span class='ocrx_word' id='word_1_636' title='bbox 3215 1770 3329 1818; x_wconf 91' lang='lat' dir='ltr'>tres</span> <span class='ocrx_word' id='word_1_637' title='bbox 3363 1764 3552 1834; x_wconf 73' lang='lat' dir='ltr'>partes</span> <span class='ocrx_word' id='word_1_638' title='bbox 3585 1767 3672 1820; x_wconf 89' lang='lat' dir='ltr'>di-</span> 
     </span>
    </p>
   </div>
   <div class='ocr_carea' id='block_1_91' title="bbox 1974 1833 3675 1906">
    <p class='ocr_par' dir='ltr' id='par_1_91' title="bbox 1974 1833 3675 1906">
     <span class='ocr_line' id='line_1_92' title="bbox 1974 1833 3675 1906; baseline 0.002 -19"><span class='ocrx_word' id='word_1_639' title='bbox 1974 1833 2207 1906; x_wconf 84' lang='lat' dir='ltr'>viditur.</span> <span class='ocrx_word' id='word_1_640' title='bbox 2242 1833 2510 1906; x_wconf 80' lang='lat' dir='ltr'>Separata</span> <span class='ocrx_word' id='word_1_641' title='bbox 2542 1834 2696 1887; x_wconf 89' lang='lat' dir='ltr'>enim</span> <span class='ocrx_word' id='word_1_642' title='bbox 2735 1835 3134 1906; x_wconf 87' lang='lat' dir='ltr'>conjunctione</span> <span class='ocrx_word' id='word_1_643' title='bbox 3183 1833 3489 1888; x_wconf 80' lang='lat' dir='ltr'>verborum</span> <span class='ocrx_word' id='word_1_644' title='bbox 3547 1853 3675 1906; x_wconf 73' lang='lat' dir='ltr'>qua:</span> 
     </span>
    </p>
   </div>
   <div class='ocr_carea' id='block_1_92' title="bbox 1975 1905 3673 1976">
    <p class='ocr_par' dir='ltr' id='par_1_92' title="bbox 1975 1905 3673 1976">
     <span class='ocr_line' id='line_1_93' title="bbox 1975 1905 3673 1976; baseline 0.002 -18"><span class='ocrx_word' id='word_1_645' title='bbox 1975 1919 2086 1958; x_wconf 90' lang='lat' dir='ltr'>non</span> <span class='ocrx_word' id='word_1_646' title='bbox 2116 1905 2320 1974; x_wconf 89' lang='lat' dir='ltr'>implet</span> <span class='ocrx_word' id='word_1_647' title='bbox 2349 1906 2712 1970; x_wconf 77' lang='lat' dir='ltr'>sententiam,</span> <span class='ocrx_word' id='word_1_648' title='bbox 2731 1906 2829 1959; x_wconf 91' lang='lat' dir='ltr'>illa</span> <span class='ocrx_word' id='word_1_649' title='bbox 2845 1922 2973 1976; x_wconf 73' lang='lat' dir='ltr'>quae</span> <span class='ocrx_word' id='word_1_650' title='bbox 2993 1905 3070 1958; x_wconf 90' lang='lat' dir='ltr'>sic</span> <span class='ocrx_word' id='word_1_651' title='bbox 3091 1907 3288 1975; x_wconf 89' lang='lat' dir='ltr'>implet</span> <span class='ocrx_word' id='word_1_652' title='bbox 3307 1905 3673 1976; x_wconf 81' lang='lat' dir='ltr'>sententiam,</span> 
     </span>
    </p>
   </div>
   <div class='ocr_carea' id='block_1_93' title="bbox 1975 1977 3669 2049">
    <p class='ocr_par' dir='ltr' id='par_1_93' title="bbox 1975 1977 3669 2049">
     <span class='ocr_line' id='line_1_94' title="bbox 1975 1977 3669 2049; baseline 0.002 -21"><span class='ocrx_word' id='word_1_653' title='bbox 1975 1981 2040 2028; x_wconf 91' lang='lat' dir='ltr'>ut</span> <span class='ocrx_word' id='word_1_654' title='bbox 2062 1977 2317 2028; x_wconf 90' lang='lat' dir='ltr'>nondum</span> <span class='ocrx_word' id='word_1_655' title='bbox 2349 1977 2528 2049; x_wconf 84' lang='lat' dir='ltr'>faciat</span> <span class='ocrx_word' id='word_1_656' title='bbox 2545 1977 2921 2049; x_wconf 83' lang='lat' dir='ltr'>quaestionem</span> <span class='ocrx_word' id='word_1_657' title='bbox 2942 1978 3025 2029; x_wconf 90' lang='lat' dir='ltr'>vel</span> <span class='ocrx_word' id='word_1_658' title='bbox 3045 1977 3461 2047; x_wconf 77' lang='lat' dir='ltr'>disputatorem</span> <span class='ocrx_word' id='word_1_659' title='bbox 3477 1978 3669 2049; x_wconf 88' lang='lat' dir='ltr'>requi-</span> 
     </span>
    </p>
   </div>
   <div class='ocr_carea' id='block_1_94' title="bbox 1976 2048 3674 2119">
    <p class='ocr_par' dir='ltr' id='par_1_94' title="bbox 1976 2048 3674 2119">
     <span class='ocr_line' id='line_1_95' title="bbox 1976 2048 3674 2119; baseline 0.001 -20"><span class='ocrx_word' id='word_1_660' title='bbox 1976 2050 2079 2108; x_wconf 89' lang='lat' dir='ltr'>rat,</span> <span class='ocrx_word' id='word_1_661' title='bbox 2116 2053 2350 2100; x_wconf 89' lang='lat' dir='ltr'>vocatur</span> <span class='ocrx_word' id='word_1_662' title='bbox 2377 2048 2448 2119; x_wconf 88' lang='lat' dir='ltr'>de</span> <span class='ocrx_word' id='word_1_663' title='bbox 2486 2048 2826 2119; x_wconf 81' lang='lat' dir='ltr'>eloquendo.</span> <span class='ocrx_word' id='word_1_664' title='bbox 2886 2048 2986 2100; x_wconf 90' lang='lat' dir='ltr'>Illa</span> <span class='ocrx_word' id='word_1_665' title='bbox 3019 2063 3161 2119; x_wconf 79' lang='lat' dir='ltr'>vero</span> <span class='ocrx_word' id='word_1_666' title='bbox 3187 2064 3338 2119; x_wconf 63' lang='lat' dir='ltr'>qua:</span> <span class='ocrx_word' id='word_1_667' title='bbox 3367 2049 3445 2101; x_wconf 91' lang='lat' dir='ltr'>sic</span> <span class='ocrx_word' id='word_1_668' title='bbox 3474 2048 3674 2119; x_wconf 89' lang='lat' dir='ltr'>implet</span> 
     </span>
    </p>
   </div>
   <div class='ocr_carea' id='block_1_95' title="bbox 1977 2118 3672 2188">
    <p class='ocr_par' dir='ltr' id='par_1_95' title="bbox 1977 2118 3672 2188">
     <span class='ocr_line' id='line_1_96' title="bbox 1977 2118 3672 2188; baseline 0.002 -19"><span class='ocrx_word' id='word_1_669' title='bbox 1977 2133 2232 2184; x_wconf 91' lang='lat' dir='ltr'>sensum,</span> <span class='ocrx_word' id='word_1_670' title='bbox 2263 2124 2326 2172; x_wconf 92' lang='lat' dir='ltr'>ut</span> <span class='ocrx_word' id='word_1_671' title='bbox 2357 2118 2425 2172; x_wconf 89' lang='lat' dir='ltr'>de</span> <span class='ocrx_word' id='word_1_672' title='bbox 2465 2118 2759 2172; x_wconf 88' lang='lat' dir='ltr'>sententiis</span> <span class='ocrx_word' id='word_1_673' title='bbox 2789 2118 3141 2187; x_wconf 90' lang='lat' dir='ltr'>simplicibus</span> <span class='ocrx_word' id='word_1_674' title='bbox 3174 2118 3484 2188; x_wconf 89' lang='lat' dir='ltr'>judicetur,</span> <span class='ocrx_word' id='word_1_675' title='bbox 3509 2118 3672 2173; x_wconf 73' lang='lat' dir='ltr'>vaca-</span> 
     </span>
    </p>
   </div>
   <div class='ocr_carea' id='block_1_96' title="bbox 1976 2189 3672 2260">
    <p class='ocr_par' dir='ltr' id='par_1_96' title="bbox 1976 2189 3672 2260">
     <span class='ocr_line' id='line_1_97' title="bbox 1976 2189 3672 2260; baseline 0.002 -20"><span class='ocrx_word' id='word_1_676' title='bbox 1976 2192 2070 2241; x_wconf 89' lang='lat' dir='ltr'>tur</span> <span class='ocrx_word' id='word_1_677' title='bbox 2101 2189 2168 2260; x_wconf 92' lang='lat' dir='ltr'>de</span> <span class='ocrx_word' id='word_1_678' title='bbox 2199 2190 2611 2259; x_wconf 89' lang='lat' dir='ltr'>proloquendo.</span> <span class='ocrx_word' id='word_1_679' title='bbox 2647 2190 2750 2242; x_wconf 93' lang='lat' dir='ltr'>Illa</span> <span class='ocrx_word' id='word_1_680' title='bbox 2779 2205 2907 2260; x_wconf 62' lang='lat' dir='ltr'>qua:</span> <span class='ocrx_word' id='word_1_681' title='bbox 2953 2189 3031 2242; x_wconf 89' lang='lat' dir='ltr'>sic</span> <span class='ocrx_word' id='word_1_682' title='bbox 3073 2191 3510 2260; x_wconf 90' lang='lat' dir='ltr'>comprehendit</span> <span class='ocrx_word' id='word_1_683' title='bbox 3538 2206 3672 2244; x_wconf 87' lang='lat' dir='ltr'>sen-</span> 
     </span>
    </p>
   </div>
   <div class='ocr_carea' id='block_1_97' title="bbox 1976 2259 3673 2331">
    <p class='ocr_par' dir='ltr' id='par_1_97' title="bbox 1976 2259 3673 2331">
     <span class='ocr_line' id='line_1_98' title="bbox 1976 2259 3673 2331; baseline 0.001 -18"><span class='ocrx_word' id='word_1_684' title='bbox 1976 2259 2236 2325; x_wconf 90' lang='lat' dir='ltr'>tentiam,</span> <span class='ocrx_word' id='word_1_685' title='bbox 2262 2264 2326 2314; x_wconf 89' lang='lat' dir='ltr'>ut</span> <span class='ocrx_word' id='word_1_686' title='bbox 2353 2261 2420 2313; x_wconf 91' lang='lat' dir='ltr'>de</span> <span class='ocrx_word' id='word_1_687' title='bbox 2438 2260 2743 2329; x_wconf 83' lang='lat' dir='ltr'>ipsaetiam</span> <span class='ocrx_word' id='word_1_688' title='bbox 2773 2259 3132 2331; x_wconf 83' lang='lat' dir='ltr'>copulatione</span> <span class='ocrx_word' id='word_1_689' title='bbox 3160 2259 3466 2330; x_wconf 83' lang='lat' dir='ltr'>judicetur,</span> <span class='ocrx_word' id='word_1_690' title='bbox 3492 2261 3673 2315; x_wconf 91' lang='lat' dir='ltr'>donec</span> 
     </span>
    </p>
   </div>
   <div class='ocr_carea' id='block_1_98' title="bbox 1976 2331 3672 2403">
    <p class='ocr_par' dir='ltr' id='par_1_98' title="bbox 1976 2331 3672 2403">
     <span class='ocr_line' id='line_1_99' title="bbox 1976 2331 3672 2403; baseline 0.001 -20"><span class='ocrx_word' id='word_1_691' title='bbox 1976 2331 2343 2400; x_wconf 89' lang='lat' dir='ltr'>perveniatur</span> <span class='ocrx_word' id='word_1_692' title='bbox 2391 2332 2457 2384; x_wconf 86' lang='lat' dir='ltr'>ad</span> <span class='ocrx_word' id='word_1_693' title='bbox 2490 2347 2792 2394; x_wconf 84' lang='lat' dir='ltr'>summam,</span> <span class='ocrx_word' id='word_1_694' title='bbox 2843 2338 3074 2385; x_wconf 91' lang='lat' dir='ltr'>vocatur</span> <span class='ocrx_word' id='word_1_695' title='bbox 3116 2332 3184 2385; x_wconf 90' lang='lat' dir='ltr'>de</span> <span class='ocrx_word' id='word_1_696' title='bbox 3214 2333 3672 2403; x_wconf 89' lang='lat' dir='ltr'>proloquiorum</span> 
     </span>
    </p>
   </div>
   <div class='ocr_carea' id='block_1_99' title="bbox 1979 2402 3676 2474">
    <p class='ocr_par' dir='ltr' id='par_1_99' title="bbox 1979 2402 3676 2474">
     <span class='ocr_line' id='line_1_100' title="bbox 1979 2402 3676 2474; baseline 0.002 -20"><span class='ocrx_word' id='word_1_697' title='bbox 1979 2418 2222 2456; x_wconf 89' lang='lat' dir='ltr'>summa.</span> <span class='ocrx_word' id='word_1_698' title='bbox 2285 2404 2393 2457; x_wconf 89' lang='lat' dir='ltr'>Has</span> <span class='ocrx_word' id='word_1_699' title='bbox 2421 2419 2557 2473; x_wconf 87' lang='lat' dir='ltr'>ergo</span> <span class='ocrx_word' id='word_1_700' title='bbox 2605 2403 2857 2473; x_wconf 90' lang='lat' dir='ltr'>singulas</span> <span class='ocrx_word' id='word_1_701' title='bbox 2900 2408 3088 2473; x_wconf 88' lang='lat' dir='ltr'>partes</span> <span class='ocrx_word' id='word_1_702' title='bbox 3125 2402 3457 2473; x_wconf 88' lang='lat' dir='ltr'>diligentius</span> <span class='ocrx_word' id='word_1_703' title='bbox 3498 2404 3676 2474; x_wconf 79' lang='lat' dir='ltr'>expli-</span> 
     </span>
    </p>
   </div>
   <div class='ocr_carea' id='block_1_100' title="bbox 1978 2489 2190 2525">
    <p class='ocr_par' dir='ltr' id='par_1_100' title="bbox 1978 2489 2190 2525">
     <span class='ocr_line' id='line_1_101' title="bbox 1978 2489 2190 2525; baseline -0.005 0"><span class='ocrx_word' id='word_1_704' title='bbox 1978 2489 2190 2525; x_wconf 72' lang='lat' dir='ltr'>CCIDUS.</span> 
     </span>
    </p>
   </div>
   <div class='ocr_carea' id='block_1_101' title="bbox 1979 2543 3671 2612">
    <p class='ocr_par' dir='ltr' id='par_1_101' title="bbox 1979 2543 3671 2612">
     <span class='ocr_line' id='line_1_102' title="bbox 1979 2543 3671 2612; baseline 0.001 -15"><span class='ocrx_word' id='word_1_705' title='bbox 1979 2545 2203 2597; x_wconf 85' lang='lat' dir='ltr'>CAPUT</span> <span class='ocrx_word' id='word_1_706' title='bbox 2234 2543 2293 2594; x_wconf 88' lang='lat' dir='ltr'>V.</span> <span class='ocrx_word' id='word_1_707' title='bbox 2338 2573 2406 2582; x_wconf 93' lang='lat'><strong>—</strong></span> <span class='ocrx_word' id='word_1_708' title='bbox 2437 2543 2704 2608; x_wconf 82' lang='lat' dir='ltr'>Quomodo</span> <span class='ocrx_word' id='word_1_709' title='bbox 2762 2544 2828 2598; x_wconf 68' lang='lat' dir='ltr'>de</span> <span class='ocrx_word' id='word_1_710' title='bbox 2879 2544 3035 2599; x_wconf 77' lang='lat' dir='ltr'>rebus</span> <span class='ocrx_word' id='word_1_711' title='bbox 3082 2544 3280 2609; x_wconf 79' lang='lat' dir='ltr'>verbis,</span> <span class='ocrx_word' id='word_1_712' title='bbox 3337 2545 3671 2612; x_wconf 75' lang='lat' dir='ltr'>dicibilibus,</span> 
     </span>
    </p>
   </div>
   <div class='ocr_carea' id='block_1_102' title="bbox 2048 2615 3676 2737">
    <p class='ocr_par' dir='ltr' id='par_1_102' title="bbox 2048 2615 3676 2737">
     <span class='ocr_line' id='line_1_103' title="bbox 2048 2615 3676 2737; baseline 0.002 -71"><span class='ocrx_word' id='word_1_713' title='bbox 2048 2615 2396 2737; x_wconf 48' lang='lat' dir='ltr'>dicitiotnz&#39;bus,</span> <span class='ocrx_word' id='word_1_714' title='bbox 2449 2620 2710 2669; x_wconf 75' lang='lat' dir='ltr'>tractetur</span> <span class='ocrx_word' id='word_1_715' title='bbox 2754 2617 2812 2668; x_wconf 75' lang='lat' dir='ltr'>in</span> <span class='ocrx_word' id='word_1_716' title='bbox 2863 2617 3056 2683; x_wconf 78' lang='lat' dir='ltr'>logica.</span> <span class='ocrx_word' id='word_1_717' title='bbox 3105 2617 3384 2685; x_wconf 61' lang='lat' dir='ltr'>Differ-unt</span> <span class='ocrx_word' id='word_1_718' title='bbox 3441 2617 3676 2684; x_wconf 74' lang='lat' dir='ltr'>dic-ibile,</span> 
     </span>
     <span class='ocr_line' id='line_1_104' title="bbox 2048 2701 2302 2737; baseline 0 0"><span class='ocrx_word' id='word_1_719' title='bbox 2048 2701 2074 2737; x_wconf 74' lang='grc' dir='ltr'><em>θ</em></span> <span class='ocrx_word' id='word_1_720' title='bbox 2118 2702 2205 2737; x_wconf 75' lang='grc' dir='ltr'>(ιο</span> <span class='ocrx_word' id='word_1_721' title='bbox 2236 2701 2302 2737; x_wconf 81' lang='lat' dir='ltr'>zo.</span> 
     </span>
    </p>
   </div>
   <div class='ocr_carea' id='block_1_103' title="bbox 2048 2687 2302 2738">
    <p class='ocr_par' dir='ltr' id='par_1_103' title="bbox 2048 2687 2302 2738">
     <span class='ocr_line' id='line_1_105' title="bbox 2048 2687 2302 2738; baseline 0 -1"><span class='ocrx_word' id='word_1_722' title='bbox 2048 2691 2097 2738; x_wconf 81' lang='lat' dir='ltr'>et</span> <span class='ocrx_word' id='word_1_723' title='bbox 2118 2687 2302 2738; x_wconf 75' lang='lat' dir='ltr'>dictio.</span> 
     </span>
    </p>
   </div>
   <div class='ocr_carea' id='block_1_104' title="bbox 2048 2754 3676 2827">
    <p class='ocr_par' dir='ltr' id='par_1_104' title="bbox 2048 2754 3676 2827">
     <span class='ocr_line' id='line_1_106' title="bbox 2048 2754 3676 2827; baseline 0.002 -20"><span class='ocrx_word' id='word_1_724' title='bbox 2048 2756 2294 2808; x_wconf 87' lang='lat' dir='ltr'>Verbum</span> <span class='ocrx_word' id='word_1_725' title='bbox 2311 2758 2395 2808; x_wconf 89' lang='lat' dir='ltr'>est</span> <span class='ocrx_word' id='word_1_726' title='bbox 2423 2754 2874 2827; x_wconf 87' lang='lat' dir='ltr'>uniuscujusque</span> <span class='ocrx_word' id='word_1_727' title='bbox 2901 2756 2983 2809; x_wconf 88' lang='lat' dir='ltr'>rei</span> <span class='ocrx_word' id='word_1_728' title='bbox 3017 2756 3270 2826; x_wconf 91' lang='lat' dir='ltr'>signum,</span> <span class='ocrx_word' id='word_1_729' title='bbox 3302 2757 3455 2827; x_wconf 90' lang='lat' dir='ltr'>quod</span> <span class='ocrx_word' id='word_1_730' title='bbox 3487 2757 3554 2812; x_wconf 90' lang='lat' dir='ltr'>ab</span> <span class='ocrx_word' id='word_1_731' title='bbox 3576 2774 3676 2810; x_wconf 89' lang='lat' dir='ltr'>au-</span> 
     </span>
    </p>
   </div>
   <div class='ocr_carea' id='block_1_105' title="bbox 1979 2825 3680 2897">
    <p class='ocr_par' dir='ltr' id='par_1_105' title="bbox 1979 2825 3680 2897">
     <span class='ocr_line' id='line_1_107' title="bbox 1979 2825 3680 2897; baseline 0 -17"><span class='ocrx_word' id='word_1_732' title='bbox 1979 2825 2169 2880; x_wconf 89' lang='lat' dir='ltr'>diente</span> <span class='ocrx_word' id='word_1_733' title='bbox 2222 2827 2404 2895; x_wconf 89' lang='lat' dir='ltr'>possit</span> <span class='ocrx_word' id='word_1_734' title='bbox 2453 2826 2715 2895; x_wconf 88' lang='lat' dir='ltr'>intelligi,</span> <span class='ocrx_word' id='word_1_735' title='bbox 2746 2825 3416 2897; x_wconf 15' lang='lat' dir='ltr'>alloquente’prolatu—m.</span> <span class='ocrx_word' id='word_1_736' title='bbox 3450 2829 3556 2880; x_wconf 86' lang='lat' dir='ltr'>Res</span> <span class='ocrx_word' id='word_1_737' title='bbox 3596 2832 3680 2881; x_wconf 87' lang='lat' dir='ltr'>est</span> 
     </span>
    </p>
   </div>
   <div class='ocr_carea' id='block_1_106' title="bbox 1981 2897 3680 2969">
    <p class='ocr_par' dir='ltr' id='par_1_106' title="bbox 1981 2897 3680 2969">
     <span class='ocr_line' id='line_1_108' title="bbox 1981 2897 3680 2969; baseline 0.001 -20"><span class='ocrx_word' id='word_1_738' title='bbox 1981 2897 2261 2969; x_wconf 85' lang='lat' dir='ltr'>quidquid</span> <span class='ocrx_word' id='word_1_739' title='bbox 2293 2897 2636 2969; x_wconf 89' lang='lat' dir='ltr'>intelligitur</span> <span class='ocrx_word' id='word_1_740' title='bbox 2665 2898 2751 2950; x_wconf 87' lang='lat' dir='ltr'>vel</span> <span class='ocrx_word' id='word_1_741' title='bbox 2783 2897 3026 2950; x_wconf 90' lang='lat' dir='ltr'>sentitur</span> <span class='ocrx_word' id='word_1_742' title='bbox 3054 2901 3144 2969; x_wconf 79' lang='lat' dir='ltr'>vel</span> <span class='ocrx_word' id='word_1_743' title='bbox 3175 2899 3331 2951; x_wconf 89' lang='lat' dir='ltr'>latet.</span> <span class='ocrx_word' id='word_1_744' title='bbox 3387 2897 3680 2969; x_wconf 80' lang='lat' dir='ltr'>[Sciuntur</span> 
     </span>
    </p>
   </div>
   <div class='ocr_carea' id='block_1_107' title="bbox 1980 2967 3676 3038">
    <p class='ocr_par' dir='ltr' id='par_1_107' title="bbox 1980 2967 3676 3038">
     <span class='ocr_line' id='line_1_109' title="bbox 1980 2967 3676 3038; baseline 0 -16"><span class='ocrx_word' id='word_1_745' title='bbox 1980 2967 2134 3022; x_wconf 89' lang='lat' dir='ltr'>enim</span> <span class='ocrx_word' id='word_1_746' title='bbox 2163 2968 2500 3038; x_wconf 88' lang='lat' dir='ltr'>corporalia,</span> <span class='ocrx_word' id='word_1_747' title='bbox 2560 2968 2963 3037; x_wconf 88' lang='lat' dir='ltr'>intelliguntur</span> <span class='ocrx_word' id='word_1_748' title='bbox 2992 2968 3345 3037; x_wconf 90' lang='lat' dir='ltr'>spiritualia;</span> <span class='ocrx_word' id='word_1_749' title='bbox 3377 2967 3514 3022; x_wconf 75' lang='lat' dir='ltr'>latet</span> <span class='ocrx_word' id='word_1_750' title='bbox 3544 2985 3676 3022; x_wconf 89' lang='lat' dir='ltr'>vero</span> 
     </span>
    </p>
   </div>
   <div class='ocr_carea' id='block_1_108' title="bbox 1980 3039 3677 3110">
    <p class='ocr_par' dir='ltr' id='par_1_108' title="bbox 1980 3039 3677 3110">
     <span class='ocr_line' id='line_1_110' title="bbox 1980 3039 3677 3110; baseline 0.001 -18"><span class='ocrx_word' id='word_1_751' title='bbox 1980 3039 2101 3109; x_wconf 91' lang='lat' dir='ltr'>ipse</span> <span class='ocrx_word' id='word_1_752' title='bbox 2137 3041 2303 3106; x_wconf 90' lang='lat' dir='ltr'>Deus,</span> <span class='ocrx_word' id='word_1_753' title='bbox 2337 3046 2392 3092; x_wconf 89' lang='lat' dir='ltr'>et</span> <span class='ocrx_word' id='word_1_754' title='bbox 2421 3039 2683 3092; x_wconf 84' lang='lat' dir='ltr'>informis</span> <span class='ocrx_word' id='word_1_755' title='bbox 2714 3040 2968 3092; x_wconf 87' lang='lat' dir='ltr'>materia.</span> <span class='ocrx_word' id='word_1_756' title='bbox 3007 3041 3152 3092; x_wconf 89' lang='lat' dir='ltr'>Deus</span> <span class='ocrx_word' id='word_1_757' title='bbox 3182 3045 3265 3092; x_wconf 91' lang='lat' dir='ltr'>est</span> <span class='ocrx_word' id='word_1_758' title='bbox 3293 3042 3450 3110; x_wconf 88' lang='lat' dir='ltr'>quod</span> <span class='ocrx_word' id='word_1_759' title='bbox 3491 3055 3677 3110; x_wconf 89' lang='lat' dir='ltr'>neque</span> 
     </span>
    </p>
   </div>
   <div class='ocr_carea' id='block_1_109' title="bbox 1981 3111 3679 3180">
    <p class='ocr_par' dir='ltr' id='par_1_109' title="bbox 1981 3111 3679 3180">
     <span class='ocr_line' id='line_1_111' title="bbox 1981 3111 3679 3180; baseline 0.001 -17"><span class='ocrx_word' id='word_1_760' title='bbox 1981 3125 2185 3179; x_wconf 90' lang='lat' dir='ltr'>corpus</span> <span class='ocrx_word' id='word_1_761' title='bbox 2217 3117 2319 3176; x_wconf 90' lang='lat' dir='ltr'>est,</span> <span class='ocrx_word' id='word_1_762' title='bbox 2351 3126 2537 3180; x_wconf 91' lang='lat' dir='ltr'>neque</span> <span class='ocrx_word' id='word_1_763' title='bbox 2563 3111 2775 3162; x_wconf 88' lang='lat' dir='ltr'>animal</span> <span class='ocrx_word' id='word_1_764' title='bbox 2806 3115 2906 3174; x_wconf 90' lang='lat' dir='ltr'>est,</span> <span class='ocrx_word' id='word_1_765' title='bbox 2939 3127 3122 3180; x_wconf 89' lang='lat' dir='ltr'>neque</span> <span class='ocrx_word' id='word_1_766' title='bbox 3147 3127 3342 3163; x_wconf 90' lang='lat' dir='ltr'>sensus</span> <span class='ocrx_word' id='word_1_767' title='bbox 3364 3115 3468 3179; x_wconf 90' lang='lat' dir='ltr'>est,</span> <span class='ocrx_word' id='word_1_768' title='bbox 3493 3127 3679 3180; x_wconf 89' lang='lat' dir='ltr'>neque</span> 
     </span>
    </p>
   </div>
   <div class='ocr_carea' id='block_1_110' title="bbox 1979 3181 3672 3252">
    <p class='ocr_par' dir='ltr' id='par_1_110' title="bbox 1979 3181 3672 3252">
     <span class='ocr_line' id='line_1_112' title="bbox 1979 3181 3672 3252; baseline 0 -18"><span class='ocrx_word' id='word_1_769' title='bbox 1979 3181 2302 3234; x_wconf 89' lang='lat' dir='ltr'>intellectus</span> <span class='ocrx_word' id='word_1_770' title='bbox 2331 3187 2435 3248; x_wconf 87' lang='lat' dir='ltr'>est,</span> <span class='ocrx_word' id='word_1_771' title='bbox 2469 3197 2656 3252; x_wconf 91' lang='lat' dir='ltr'>neque</span> <span class='ocrx_word' id='word_1_772' title='bbox 2688 3181 2903 3250; x_wconf 90' lang='lat' dir='ltr'>aliquid</span> <span class='ocrx_word' id='word_1_773' title='bbox 2935 3182 3085 3251; x_wconf 87' lang='lat' dir='ltr'>quod</span> <span class='ocrx_word' id='word_1_774' title='bbox 3129 3182 3437 3250; x_wconf 80' lang='lat' dir='ltr'>excogitari</span> <span class='ocrx_word' id='word_1_775' title='bbox 3470 3187 3672 3251; x_wconf 89' lang='lat' dir='ltr'>potest.</span> 
     </span>
    </p>
   </div>
   <div class='ocr_carea' id='block_1_111' title="bbox 1982 3252 3679 3318">
    <p class='ocr_par' dir='ltr' id='par_1_111' title="bbox 1982 3252 3679 3318">
     <span class='ocr_line' id='line_1_113' title="bbox 1982 3252 3679 3318; baseline 0.001 -14"><span class='ocrx_word' id='word_1_776' title='bbox 1982 3253 2247 3305; x_wconf 90' lang='lat' dir='ltr'>Informis</span> <span class='ocrx_word' id='word_1_777' title='bbox 2278 3252 2516 3305; x_wconf 86' lang='lat' dir='ltr'>materia</span> <span class='ocrx_word' id='word_1_778' title='bbox 2547 3258 2629 3305; x_wconf 89' lang='lat' dir='ltr'>est</span> <span class='ocrx_word' id='word_1_779' title='bbox 2661 3252 3009 3305; x_wconf 89' lang='lat' dir='ltr'>mutabilitas</span> <span class='ocrx_word' id='word_1_780' title='bbox 3058 3253 3423 3306; x_wconf 89' lang='lat' dir='ltr'>mutabilium</span> <span class='ocrx_word' id='word_1_781' title='bbox 3464 3269 3679 3318; x_wconf 89' lang='lat' dir='ltr'>rerum,</span> 
     </span>
    </p>
   </div>
   <div class='ocr_carea' id='block_1_112' title="bbox 1981 3321 3678 3395">
    <p class='ocr_par' dir='ltr' id='par_1_112' title="bbox 1981 3321 3678 3395">
     <span class='ocr_line' id='line_1_114' title="bbox 1981 3321 3678 3395; baseline 0.001 -20"><span class='ocrx_word' id='word_1_782' title='bbox 1981 3339 2156 3395; x_wconf 86' lang='lat' dir='ltr'>capax</span> <span class='ocrx_word' id='word_1_783' title='bbox 2187 3324 2446 3395; x_wconf 85' lang='lat' dir='ltr'>omnium</span> <span class='ocrx_word' id='word_1_784' title='bbox 2479 3324 2793 3376; x_wconf 85' lang='lat' dir='ltr'>formarum</span> <span class='ocrx_word' id='word_1_785' title='bbox 2822 3321 2891 3394; x_wconf 79' lang='lat'>‘.]</span> <span class='ocrx_word' id='word_1_786' title='bbox 2927 3325 3168 3395; x_wconf 88' lang='lat' dir='ltr'>Signum</span> <span class='ocrx_word' id='word_1_787' title='bbox 3199 3329 3282 3395; x_wconf 85' lang='lat' dir='ltr'>est</span> <span class='ocrx_word' id='word_1_788' title='bbox 3311 3329 3367 3377; x_wconf 90' lang='lat' dir='ltr'>et</span> <span class='ocrx_word' id='word_1_789' title='bbox 3405 3324 3558 3395; x_wconf 91' lang='lat' dir='ltr'>quod</span> <span class='ocrx_word' id='word_1_790' title='bbox 3588 3340 3678 3376; x_wconf 90' lang='lat' dir='ltr'>se-</span> 
     </span>
    </p>
   </div>
   <div class='ocr_carea' id='block_1_113' title="bbox 1983 3393 3759 3464">
    <p class='ocr_par' dir='ltr' id='par_1_113' title="bbox 1983 3393 3759 3464">
     <span class='ocr_line' id='line_1_115' title="bbox 1983 3393 3759 3464; baseline 0.002 -18"><span class='ocrx_word' id='word_1_791' title='bbox 1983 3394 2171 3463; x_wconf 89' lang='lat' dir='ltr'>ipsum</span> <span class='ocrx_word' id='word_1_792' title='bbox 2199 3394 2409 3460; x_wconf 88' lang='lat' dir='ltr'>sensui,</span> <span class='ocrx_word' id='word_1_793' title='bbox 2462 3401 2517 3448; x_wconf 88' lang='lat' dir='ltr'>et</span> <span class='ocrx_word' id='word_1_794' title='bbox 2546 3393 2888 3464; x_wconf 52' lang='lat' dir='ltr'>praeterea</span> <span class='ocrx_word' id='word_1_795' title='bbox 2907 3394 3127 3464; x_wconf 89' lang='lat' dir='ltr'>aliquid</span> <span class='ocrx_word' id='word_1_796' title='bbox 3175 3393 3368 3448; x_wconf 88' lang='lat' dir='ltr'>animo</span> <span class='ocrx_word' id='word_1_797' title='bbox 3415 3393 3678 3450; x_wconf 77' lang='lat' dir='ltr'>ostendit.</span> <span class='ocrx_word' id='word_1_798' title='bbox 3742 3443 3759 3456; x_wconf 83' lang='lat'><em>.</em></span> 
     </span>
    </p>
   </div>
   <div class='ocr_carea' id='block_1_114' title="bbox 1986 3465 3682 3535">
    <p class='ocr_par' dir='ltr' id='par_1_114' title="bbox 1986 3465 3682 3535">
     <span class='ocr_line' id='line_1_116' title="bbox 1986 3465 3682 3535; baseline -0.001 -16"><span class='ocrx_word' id='word_1_799' title='bbox 1986 3465 2168 3535; x_wconf 89' lang='lat' dir='ltr'>Loqui</span> <span class='ocrx_word' id='word_1_800' title='bbox 2199 3470 2281 3518; x_wconf 89' lang='lat' dir='ltr'>est</span> <span class='ocrx_word' id='word_1_801' title='bbox 2308 3466 2604 3519; x_wconf 90' lang='lat' dir='ltr'>articulata</span> <span class='ocrx_word' id='word_1_802' title='bbox 2635 3481 2770 3519; x_wconf 86' lang='lat' dir='ltr'>voce</span> <span class='ocrx_word' id='word_1_803' title='bbox 2801 3465 3031 3535; x_wconf 86' lang='lat' dir='ltr'>signum</span> <span class='ocrx_word' id='word_1_804' title='bbox 3063 3466 3216 3519; x_wconf 90' lang='lat' dir='ltr'>dare.</span> <span class='ocrx_word' id='word_1_805' title='bbox 3249 3466 3561 3519; x_wconf 87' lang='lat' dir='ltr'>Articulata</span> <span class='ocrx_word' id='word_1_806' title='bbox 3583 3483 3682 3518; x_wconf 92' lang='lat' dir='ltr'>au-</span> 
     </span>
    </p>
   </div>
   <div class='ocr_carea' id='block_1_115' title="bbox 1980 3536 3683 3607">
    <p class='ocr_par' dir='ltr' id='par_1_115' title="bbox 1980 3536 3683 3607">
     <span class='ocr_line' id='line_1_117' title="bbox 1980 3536 3683 3607; baseline 0 -17"><span class='ocrx_word' id='word_1_807' title='bbox 1980 3540 2095 3590; x_wconf 88' lang='lat' dir='ltr'>tem</span> <span class='ocrx_word' id='word_1_808' title='bbox 2111 3536 2236 3590; x_wconf 91' lang='lat' dir='ltr'>dico</span> <span class='ocrx_word' id='word_1_809' title='bbox 2259 3538 2414 3606; x_wconf 89' lang='lat' dir='ltr'>quod</span> <span class='ocrx_word' id='word_1_810' title='bbox 2444 3537 2851 3607; x_wconf 87' lang='lat' dir='ltr'>comprehendi</span> <span class='ocrx_word' id='word_1_811' title='bbox 2884 3536 3084 3589; x_wconf 88' lang='lat' dir='ltr'>litteris</span> <span class='ocrx_word' id='word_1_812' title='bbox 3105 3541 3305 3606; x_wconf 89' lang='lat' dir='ltr'>potest.</span> <span class='ocrx_word' id='word_1_813' title='bbox 3335 3539 3461 3590; x_wconf 75' lang='lat' dir='ltr'>Haec</span> <span class='ocrx_word' id='word_1_814' title='bbox 3491 3542 3683 3590; x_wconf 88' lang='lat' dir='ltr'>autem</span> 
     </span>
    </p>
   </div>
   <div class='ocr_carea' id='block_1_116' title="bbox 1981 3607 3685 3676">
    <p class='ocr_par' dir='ltr' id='par_1_116' title="bbox 1981 3607 3685 3676">
     <span class='ocr_line' id='line_1_118' title="bbox 1981 3607 3685 3676; baseline 0 -16"><span class='ocrx_word' id='word_1_815' title='bbox 1981 3607 2175 3660; x_wconf 91' lang='lat' dir='ltr'>omnia</span> <span class='ocrx_word' id='word_1_816' title='bbox 2205 3623 2334 3676; x_wconf 70' lang='lat' dir='ltr'>qua:</span> <span class='ocrx_word' id='word_1_817' title='bbox 2361 3608 2595 3661; x_wconf 89' lang='lat' dir='ltr'>deﬁnita</span> <span class='ocrx_word' id='word_1_818' title='bbox 2625 3613 2778 3672; x_wconf 89' lang='lat' dir='ltr'>sunt,</span> <span class='ocrx_word' id='word_1_819' title='bbox 2810 3612 3003 3659; x_wconf 90' lang='lat' dir='ltr'>utrum</span> <span class='ocrx_word' id='word_1_820' title='bbox 3035 3613 3182 3660; x_wconf 90' lang='lat' dir='ltr'>recte</span> <span class='ocrx_word' id='word_1_821' title='bbox 3209 3607 3442 3660; x_wconf 88' lang='lat' dir='ltr'>deﬁnita</span> <span class='ocrx_word' id='word_1_822' title='bbox 3465 3608 3593 3674; x_wconf 91' lang='lat' dir='ltr'>sint,</span> <span class='ocrx_word' id='word_1_823' title='bbox 3629 3612 3685 3660; x_wconf 86' lang='lat' dir='ltr'>et</span> 
     </span>
    </p>
   </div>
   <div class='ocr_carea' id='block_1_117' title="bbox 1984 3677 3684 3731">
    <p class='ocr_par' dir='ltr' id='par_1_117' title="bbox 1984 3677 3684 3731">
     <span class='ocr_line' id='line_1_119' title="bbox 1984 3677 3684 3731; baseline 0 -1"><span class='ocrx_word' id='word_1_824' title='bbox 1984 3684 2179 3731; x_wconf 91' lang='lat' dir='ltr'>utrum</span> <span class='ocrx_word' id='word_1_825' title='bbox 2209 3679 2482 3730; x_wconf 88' lang='lat' dir='ltr'>hactenus</span> <span class='ocrx_word' id='word_1_826' title='bbox 2513 3679 2682 3730; x_wconf 77' lang='lat' dir='ltr'>verba</span> <span class='ocrx_word' id='word_1_827' title='bbox 2711 3677 3060 3730; x_wconf 88' lang='lat' dir='ltr'>deﬁnitionis</span> <span class='ocrx_word' id='word_1_828' title='bbox 3091 3677 3214 3730; x_wconf 87' lang='lat' dir='ltr'>aliis</span> <span class='ocrx_word' id='word_1_829' title='bbox 3251 3678 3684 3731; x_wconf 88' lang='lat' dir='ltr'>deﬁnitionibus</span> 
     </span>
    </p>
   </div>
   <div class='ocr_carea' id='block_1_118' title="bbox 1980 3748 3677 3819">
    <p class='ocr_par' dir='ltr' id='par_1_118' title="bbox 1980 3748 3677 3819">
     <span class='ocr_line' id='line_1_120' title="bbox 1980 3748 3677 3819; baseline 0.001 -19"><span class='ocrx_word' id='word_1_830' title='bbox 1980 3749 2381 3819; x_wconf 86' lang='lat' dir='ltr'>prosequenda</span> <span class='ocrx_word' id='word_1_831' title='bbox 2420 3749 2651 3813; x_wconf 89' lang='lat' dir='ltr'>fuerint,</span> <span class='ocrx_word' id='word_1_832' title='bbox 2683 3748 2777 3800; x_wconf 89' lang='lat' dir='ltr'>ille</span> <span class='ocrx_word' id='word_1_833' title='bbox 2808 3748 3084 3801; x_wconf 89' lang='lat' dir='ltr'>indicabit</span> <span class='ocrx_word' id='word_1_834' title='bbox 3114 3749 3270 3801; x_wconf 90' lang='lat' dir='ltr'>locus</span> <span class='ocrx_word' id='word_1_835' title='bbox 3299 3748 3358 3801; x_wconf 89' lang='lat' dir='ltr'>in</span> <span class='ocrx_word' id='word_1_836' title='bbox 3390 3765 3504 3818; x_wconf 90' lang='lat' dir='ltr'>quo</span> <span class='ocrx_word' id='word_1_837' title='bbox 3535 3748 3677 3802; x_wconf 87' lang='lat' dir='ltr'>deli-</span> 
     </span>
    </p>
   </div>
   <div class='ocr_carea' id='block_1_119' title="bbox 1984 3819 3680 3890">
    <p class='ocr_par' dir='ltr' id='par_1_119' title="bbox 1984 3819 3680 3890">
     <span class='ocr_line' id='line_1_121' title="bbox 1984 3819 3680 3890; baseline -0.001 -17"><span class='ocrx_word' id='word_1_838' title='bbox 1984 3819 2182 3873; x_wconf 90' lang='lat' dir='ltr'>niendi</span> <span class='ocrx_word' id='word_1_839' title='bbox 2213 3819 2514 3888; x_wconf 89' lang='lat' dir='ltr'>disciplina</span> <span class='ocrx_word' id='word_1_840' title='bbox 2535 3825 2833 3873; x_wconf 88' lang='lat' dir='ltr'>tractatur.</span> <span class='ocrx_word' id='word_1_841' title='bbox 2877 3819 3035 3872; x_wconf 86' lang='lat' dir='ltr'>Nunc</span> <span class='ocrx_word' id='word_1_842' title='bbox 3089 3819 3239 3888; x_wconf 91' lang='lat' dir='ltr'>quod</span> <span class='ocrx_word' id='word_1_843' title='bbox 3274 3819 3461 3890; x_wconf 88' lang='lat' dir='ltr'>instat,</span> <span class='ocrx_word' id='word_1_844' title='bbox 3489 3820 3680 3890; x_wconf 88' lang='lat' dir='ltr'>accipe</span> 
     </span>
    </p>
   </div>
   <div class='ocr_carea' id='block_1_120' title="bbox 1982 3889 3685 3944">
    <p class='ocr_par' dir='ltr' id='par_1_120' title="bbox 1982 3889 3685 3944">
     <span class='ocr_line' id='line_1_122' title="bbox 1982 3889 3685 3944; baseline 0 0"><span class='ocrx_word' id='word_1_845' title='bbox 1982 3890 2254 3944; x_wconf 89' lang='lat' dir='ltr'>intentus.</span> <span class='ocrx_word' id='word_1_846' title='bbox 2317 3891 2498 3944; x_wconf 90' lang='lat' dir='ltr'>Omne</span> <span class='ocrx_word' id='word_1_847' title='bbox 2546 3891 2782 3943; x_wconf 90' lang='lat' dir='ltr'>verbum</span> <span class='ocrx_word' id='word_1_848' title='bbox 2847 3894 3028 3942; x_wconf 89' lang='lat' dir='ltr'>sonat.</span> <span class='ocrx_word' id='word_1_849' title='bbox 3087 3889 3227 3944; x_wconf 85' lang='lat' dir='ltr'>Cum</span> <span class='ocrx_word' id='word_1_850' title='bbox 3284 3889 3438 3943; x_wconf 91' lang='lat' dir='ltr'>enim</span> <span class='ocrx_word' id='word_1_851' title='bbox 3484 3889 3685 3944; x_wconf 84' lang='lat' dir='ltr'>estin</span> 
     </span>
    </p>
   </div>
   <div class='ocr_carea' id='block_1_121' title="bbox 1981 3960 3681 4031">
    <p class='ocr_par' dir='ltr' id='par_1_121' title="bbox 1981 3960 3681 4031">
     <span class='ocr_line' id='line_1_123' title="bbox 1981 3960 3681 4031; baseline 0 -17"><span class='ocrx_word' id='word_1_852' title='bbox 1981 3961 2214 4030; x_wconf 90' lang='lat' dir='ltr'>scripto,</span> <span class='ocrx_word' id='word_1_853' title='bbox 2249 3976 2365 4014; x_wconf 91' lang='lat' dir='ltr'>non</span> <span class='ocrx_word' id='word_1_854' title='bbox 2395 3961 2652 4026; x_wconf 90' lang='lat' dir='ltr'>verbum,</span> <span class='ocrx_word' id='word_1_855' title='bbox 2701 3960 2800 4013; x_wconf 90' lang='lat' dir='ltr'>sed</span> <span class='ocrx_word' id='word_1_856' title='bbox 2828 3960 2988 4013; x_wconf 89' lang='lat' dir='ltr'>verbi</span> <span class='ocrx_word' id='word_1_857' title='bbox 3039 3960 3268 4030; x_wconf 87' lang='lat' dir='ltr'>signum</span> <span class='ocrx_word' id='word_1_858' title='bbox 3300 3966 3402 4015; x_wconf 90' lang='lat' dir='ltr'>est.</span> <span class='ocrx_word' id='word_1_859' title='bbox 3459 3961 3681 4031; x_wconf 90' lang='lat' dir='ltr'>Quippe</span> 
     </span>
    </p>
   </div>
   <div class='ocr_carea' id='block_1_122' title="bbox 1978 4031 3681 4102">
    <p class='ocr_par' dir='ltr' id='par_1_122' title="bbox 1978 4031 3681 4102">
     <span class='ocr_line' id='line_1_124' title="bbox 1978 4031 3681 4102; baseline -0.001 -17"><span class='ocrx_word' id='word_1_860' title='bbox 1978 4031 2247 4101; x_wconf 88' lang='lat' dir='ltr'>inspectis</span> <span class='ocrx_word' id='word_1_861' title='bbox 2278 4051 2310 4085; x_wconf 91' lang='lat' dir='ltr'>a</span> <span class='ocrx_word' id='word_1_862' title='bbox 2344 4033 2565 4102; x_wconf 85' lang='lat' dir='ltr'>legente</span> <span class='ocrx_word' id='word_1_863' title='bbox 2589 4031 2810 4098; x_wconf 91' lang='lat' dir='ltr'>litteris,</span> <span class='ocrx_word' id='word_1_864' title='bbox 2843 4033 3086 4085; x_wconf 89' lang='lat' dir='ltr'>occurrit</span> <span class='ocrx_word' id='word_1_865' title='bbox 3114 4033 3332 4100; x_wconf 87' lang='lat' dir='ltr'>animo,</span> <span class='ocrx_word' id='word_1_866' title='bbox 3365 4034 3516 4102; x_wconf 89' lang='lat' dir='ltr'>quod</span> <span class='ocrx_word' id='word_1_867' title='bbox 3550 4047 3681 4084; x_wconf 89' lang='lat' dir='ltr'>voce</span> 
     </span>
    </p>
   </div>
   <div class='ocr_carea' id='block_1_123' title="bbox 1977 4102 3680 4174">
    <p class='ocr_par' dir='ltr' id='par_1_123' title="bbox 1977 4102 3680 4174">
     <span class='ocr_line' id='line_1_125' title="bbox 1977 4102 3680 4174; baseline 0.001 -19"><span class='ocrx_word' id='word_1_868' title='bbox 1977 4108 2333 4174; x_wconf 88' lang='lat' dir='ltr'>prorumpat.</span> <span class='ocrx_word' id='word_1_869' title='bbox 2370 4103 2515 4167; x_wconf 89' lang='lat' dir='ltr'>Quid</span> <span class='ocrx_word' id='word_1_870' title='bbox 2567 4103 2722 4158; x_wconf 86' lang='lat' dir='ltr'>enim</span> <span class='ocrx_word' id='word_1_871' title='bbox 2781 4102 2936 4156; x_wconf 90' lang='lat' dir='ltr'>aliud</span> <span class='ocrx_word' id='word_1_872' title='bbox 2990 4102 3192 4174; x_wconf 63' lang='lat' dir='ltr'>litterae</span> <span class='ocrx_word' id='word_1_873' title='bbox 3241 4103 3465 4172; x_wconf 75' lang='lat' dir='ltr'>scriptae</span> <span class='ocrx_word' id='word_1_874' title='bbox 3505 4119 3680 4172; x_wconf 90' lang='lat' dir='ltr'>quam</span> 
     </span>
    </p>
   </div>
   <div class='ocr_carea' id='block_1_124' title="bbox 1980 4173 3681 4254">
    <p class='ocr_par' dir='ltr' id='par_1_124' title="bbox 1980 4173 3681 4254">
     <span class='ocr_line' id='line_1_126' title="bbox 1980 4173 3681 4254; baseline 0 -27"><span class='ocrx_word' id='word_1_875' title='bbox 1980 4173 2191 4254; x_wconf 61' lang='lat' dir='ltr'>seipsas</span> <span class='ocrx_word' id='word_1_876' title='bbox 2231 4174 2428 4254; x_wconf 84' lang='lat' dir='ltr'>oculis,</span> <span class='ocrx_word' id='word_1_877' title='bbox 2488 4179 2545 4227; x_wconf 91' lang='lat' dir='ltr'>et</span> <span class='ocrx_word' id='word_1_878' title='bbox 2595 4178 2808 4254; x_wconf 64' lang='lat' dir='ltr'>praeter</span> <span class='ocrx_word' id='word_1_879' title='bbox 2837 4173 3117 4254; x_wconf 41' lang='lat' dir='ltr'>se.animo</span> <span class='ocrx_word' id='word_1_880' title='bbox 3144 4189 3306 4227; x_wconf 92' lang='lat' dir='ltr'>voces</span> <span class='ocrx_word' id='word_1_881' title='bbox 3333 4174 3681 4254; x_wconf 77' lang='lat' dir='ltr'>ostendunt?</span> 
     </span>
    </p>
   </div>
   <div class='ocr_carea' id='block_1_125' title="bbox 1980 4191 3682 4315">
    <p class='ocr_par' dir='ltr' id='par_1_125' title="bbox 1980 4191 3682 4315">
     <span class='ocr_line' id='line_1_127' title="bbox 1980 4191 3681 4299; baseline 0 -72"><span class='ocrx_word' id='word_1_882' title='bbox 1980 4191 2191 4254; x_wconf 83' lang='lat' dir='ltr'>seipsas</span> <span class='ocrx_word' id='word_1_883' title='bbox 2231 4191 2428 4242; x_wconf 78' lang='lat'>0011115,</span> <span class='ocrx_word' id='word_1_884' title='bbox 2488 4191 2545 4227; x_wconf 80' lang='lat' dir='ltr'>et</span> <span class='ocrx_word' id='word_1_885' title='bbox 2578 4191 2808 4299; x_wconf 69' lang='lat' dir='ltr'>dpraater</span> <span class='ocrx_word' id='word_1_886' title='bbox 2837 4191 2894 4226; x_wconf 90' lang='lat' dir='ltr'>se</span> <span class='ocrx_word' id='word_1_887' title='bbox 2927 4191 3117 4226; x_wconf 79' lang='lat' dir='ltr'>animo</span> <span class='ocrx_word' id='word_1_888' title='bbox 3144 4191 3306 4227; x_wconf 92' lang='lat' dir='ltr'>voces</span> <span class='ocrx_word' id='word_1_889' title='bbox 3333 4191 3681 4227; x_wconf 70' lang='lat' dir='ltr'>osrennunt‘r</span> 
     </span>
     <span class='ocr_line' id='line_1_128' title="bbox 1980 4244 3682 4315; baseline 0 -17"><span class='ocrx_word' id='word_1_890' title='bbox 1980 4246 2125 4310; x_wconf 83' lang='lat' dir='ltr'>Quia</span> <span class='ocrx_word' id='word_1_891' title='bbox 2145 4250 2201 4298; x_wconf 90' lang='lat' dir='ltr'>et</span> <span class='ocrx_word' id='word_1_892' title='bbox 2215 4246 2383 4315; x_wconf 90' lang='lat' dir='ltr'>paulo</span> <span class='ocrx_word' id='word_1_893' title='bbox 2415 4250 2546 4298; x_wconf 88' lang='lat' dir='ltr'>ante</span> <span class='ocrx_word' id='word_1_894' title='bbox 2620 4245 2848 4308; x_wconf 87' lang='lat' dir='ltr'>iximus,</span> <span class='ocrx_word' id='word_1_895' title='bbox 2872 4244 3100 4313; x_wconf 89' lang='lat' dir='ltr'>signum</span> <span class='ocrx_word' id='word_1_896' title='bbox 3123 4261 3242 4298; x_wconf 90' lang='lat' dir='ltr'>esse</span> <span class='ocrx_word' id='word_1_897' title='bbox 3265 4245 3418 4315; x_wconf 87' lang='lat' dir='ltr'>quod</span> <span class='ocrx_word' id='word_1_898' title='bbox 3434 4246 3682 4315; x_wconf 90' lang='lat' dir='ltr'>seipsum</span> 
     </span>
    </p>
   </div>
   <div class='ocr_carea' id='block_1_126' title="bbox 1977 4316 3684 4386">
    <p class='ocr_par' dir='ltr' id='par_1_126' title="bbox 1977 4316 3684 4386">
     <span class='ocr_line' id='line_1_129' title="bbox 1977 4316 3684 4386; baseline 0.001 -17"><span class='ocrx_word' id='word_1_899' title='bbox 1977 4317 2184 4379; x_wconf 90' lang='lat' dir='ltr'>sensui,</span> <span class='ocrx_word' id='word_1_900' title='bbox 2220 4321 2276 4369; x_wconf 89' lang='lat' dir='ltr'>et</span> <span class='ocrx_word' id='word_1_901' title='bbox 2306 4322 2518 4386; x_wconf 58' lang='lat' dir='ltr'>prater</span> <span class='ocrx_word' id='word_1_902' title='bbox 2538 4333 2597 4370; x_wconf 91' lang='lat' dir='ltr'>se</span> <span class='ocrx_word' id='word_1_903' title='bbox 2627 4317 2818 4369; x_wconf 92' lang='lat' dir='ltr'>animo</span> <span class='ocrx_word' id='word_1_904' title='bbox 2848 4316 3063 4386; x_wconf 87' lang='lat' dir='ltr'>aliquid</span> <span class='ocrx_word' id='word_1_905' title='bbox 3103 4317 3350 4370; x_wconf 88' lang='lat' dir='ltr'>ostendit</span> <span class='ocrx_word' id='word_1_906' title='bbox 3380 4333 3393 4370; x_wconf 91' lang='lat'>:</span> <span class='ocrx_word' id='word_1_907' title='bbox 3430 4333 3558 4386; x_wconf 72' lang='lat' dir='ltr'>qua:</span> <span class='ocrx_word' id='word_1_908' title='bbox 3603 4317 3684 4370; x_wconf 92' lang='lat' dir='ltr'>le-</span> 
     </span>
    </p>
   </div>
   <div class='ocr_carea' id='block_1_127' title="bbox 2023 4387 3682 4457">
    <p class='ocr_par' dir='ltr' id='par_1_127' title="bbox 2023 4387 3682 4457">
     <span class='ocr_line' id='line_1_130' title="bbox 2023 4387 3682 4457; baseline 0.001 -17"><span class='ocrx_word' id='word_1_909' title='bbox 2023 4387 2171 4441; x_wconf 91' lang='lat' dir='ltr'>imus</span> <span class='ocrx_word' id='word_1_910' title='bbox 2200 4387 2398 4456; x_wconf 87' lang='lat' dir='ltr'>igitur,</span> <span class='ocrx_word' id='word_1_911' title='bbox 2447 4404 2567 4442; x_wconf 86' lang='lat' dir='ltr'>non</span> <span class='ocrx_word' id='word_1_912' title='bbox 2625 4388 2794 4441; x_wconf 88' lang='lat' dir='ltr'>verba</span> <span class='ocrx_word' id='word_1_913' title='bbox 2847 4392 3000 4448; x_wconf 86' lang='lat' dir='ltr'>sunt,</span> <span class='ocrx_word' id='word_1_914' title='bbox 3036 4388 3134 4441; x_wconf 89' lang='lat' dir='ltr'>sed</span> <span class='ocrx_word' id='word_1_915' title='bbox 3163 4387 3327 4457; x_wconf 90' lang='lat' dir='ltr'>signa</span> <span class='ocrx_word' id='word_1_916' title='bbox 3357 4391 3682 4442; x_wconf 87' lang='lat' dir='ltr'>verborum.</span> 
     </span>
    </p>
   </div>
   <div class='ocr_carea' id='block_1_128' title="bbox 1979 4405 3683 4528">
    <p class='ocr_par' dir='ltr' id='par_1_128' title="bbox 1979 4405 3683 4528">
     <span class='ocr_line' id='line_1_131' title="bbox 1979 4405 3682 4512; baseline 0.001 -72"><span class='ocrx_word' id='word_1_917' title='bbox 1979 4405 2171 4512; x_wconf 61' lang='lat' dir='ltr'>gimus</span> <span class='ocrx_word' id='word_1_918' title='bbox 2200 4405 2398 4456; x_wconf 80' lang='lat' dir='ltr'>igitur,</span> <span class='ocrx_word' id='word_1_919' title='bbox 2447 4405 2567 4442; x_wconf 87' lang='lat' dir='ltr'>non</span> <span class='ocrx_word' id='word_1_920' title='bbox 2625 4405 2794 4441; x_wconf 82' lang='lat' dir='ltr'>verba</span> <span class='ocrx_word' id='word_1_921' title='bbox 2847 4405 3000 4448; x_wconf 82' lang='lat' dir='ltr'>sunt,</span> <span class='ocrx_word' id='word_1_922' title='bbox 3036 4405 3134 4441; x_wconf 85' lang='lat' dir='ltr'>seu</span> <span class='ocrx_word' id='word_1_923' title='bbox 3163 4405 3327 4457; x_wconf 79' lang='lat' dir='ltr'>Signa</span> <span class='ocrx_word' id='word_1_924' title='bbox 3357 4405 3682 4442; x_wconf 81' lang='lat' dir='ltr'>verborum.</span> 
     </span>
     <span class='ocr_line' id='line_1_132' title="bbox 2022 4458 3683 4528; baseline 0 -17"><span class='ocrx_word' id='word_1_925' title='bbox 2022 4460 2088 4512; x_wconf 91' lang='lat' dir='ltr'>ed</span> <span class='ocrx_word' id='word_1_926' title='bbox 2118 4464 2180 4512; x_wconf 92' lang='lat' dir='ltr'>ut</span> <span class='ocrx_word' id='word_1_927' title='bbox 2209 4460 2330 4528; x_wconf 89' lang='lat' dir='ltr'>ipsa</span> <span class='ocrx_word' id='word_1_928' title='bbox 2361 4460 2569 4524; x_wconf 90' lang='lat' dir='ltr'>littera,</span> <span class='ocrx_word' id='word_1_929' title='bbox 2602 4475 2731 4512; x_wconf 92' lang='lat' dir='ltr'>cum</span> <span class='ocrx_word' id='word_1_930' title='bbox 2763 4459 2834 4511; x_wconf 90' lang='lat' dir='ltr'>sit</span> <span class='ocrx_word' id='word_1_931' title='bbox 2858 4475 2988 4528; x_wconf 88' lang='lat' dir='ltr'>pars</span> <span class='ocrx_word' id='word_1_932' title='bbox 3019 4459 3260 4512; x_wconf 90' lang='lat' dir='ltr'>minima</span> <span class='ocrx_word' id='word_1_933' title='bbox 3291 4459 3441 4511; x_wconf 88' lang='lat' dir='ltr'>vocis</span> <span class='ocrx_word' id='word_1_934' title='bbox 3469 4458 3683 4512; x_wconf 90' lang='lat' dir='ltr'>articu-</span> 
     </span>
    </p>
   </div>
   <div class='ocr_carea' id='block_1_129' title="bbox 1979 4530 3685 4598">
    <p class='ocr_par' dir='ltr' id='par_1_129' title="bbox 1979 4530 3685 4598">
     <span class='ocr_line' id='line_1_133' title="bbox 1979 4530 3685 4598; baseline 0 -16"><span class='ocrx_word' id='word_1_935' title='bbox 1979 4530 2126 4595; x_wconf 69' lang='lat' dir='ltr'>latze,</span> <span class='ocrx_word' id='word_1_936' title='bbox 2185 4530 2477 4583; x_wconf 88' lang='lat' dir='ltr'>abutimur</span> <span class='ocrx_word' id='word_1_937' title='bbox 2524 4536 2715 4583; x_wconf 90' lang='lat' dir='ltr'>tamen</span> <span class='ocrx_word' id='word_1_938' title='bbox 2753 4530 2859 4582; x_wconf 89' lang='lat' dir='ltr'>hoc</span> <span class='ocrx_word' id='word_1_939' title='bbox 2905 4531 3178 4582; x_wconf 89' lang='lat' dir='ltr'>vocabulo</span> <span class='ocrx_word' id='word_1_940' title='bbox 3219 4533 3282 4582; x_wconf 91' lang='lat' dir='ltr'>ut</span> <span class='ocrx_word' id='word_1_941' title='bbox 3327 4531 3685 4598; x_wconf 88' lang='lat' dir='ltr'>appellemus</span> 
     </span>
    </p>
   </div>
   <div class='ocr_carea' id='block_1_130' title="bbox 1983 4599 3686 4671">
    <p class='ocr_par' dir='ltr' id='par_1_130' title="bbox 1983 4599 3686 4671">
     <span class='ocr_line' id='line_1_134' title="bbox 1983 4599 3686 4671; baseline -0.001 -17"><span class='ocrx_word' id='word_1_942' title='bbox 1983 4601 2255 4668; x_wconf 90' lang='lat' dir='ltr'>litteram,</span> <span class='ocrx_word' id='word_1_943' title='bbox 2308 4601 2478 4652; x_wconf 89' lang='lat' dir='ltr'>etiam</span> <span class='ocrx_word' id='word_1_944' title='bbox 2537 4617 2666 4654; x_wconf 91' lang='lat' dir='ltr'>cum</span> <span class='ocrx_word' id='word_1_945' title='bbox 2727 4601 2995 4668; x_wconf 87' lang='lat' dir='ltr'>scriptam</span> <span class='ocrx_word' id='word_1_946' title='bbox 3069 4599 3364 4666; x_wconf 86' lang='lat' dir='ltr'>videmus;</span> <span class='ocrx_word' id='word_1_947' title='bbox 3425 4600 3686 4671; x_wconf 90' lang='lat' dir='ltr'>quamvis</span> 
     </span>
    </p>
   </div>
   <div class='ocr_carea' id='block_1_131' title="bbox 1983 4671 3685 4741">
    <p class='ocr_par' dir='ltr' id='par_1_131' title="bbox 1983 4671 3685 4741">
     <span class='ocr_line' id='line_1_135' title="bbox 1983 4671 3685 4741; baseline 0 -16"><span class='ocrx_word' id='word_1_948' title='bbox 1983 4671 2217 4725; x_wconf 89' lang='lat' dir='ltr'>omnino</span> <span class='ocrx_word' id='word_1_949' title='bbox 2248 4672 2416 4724; x_wconf 90' lang='lat' dir='ltr'>tacita</span> <span class='ocrx_word' id='word_1_950' title='bbox 2447 4671 2538 4735; x_wconf 88' lang='lat' dir='ltr'>sit,</span> <span class='ocrx_word' id='word_1_951' title='bbox 2592 4687 2778 4740; x_wconf 88' lang='lat' dir='ltr'>neque</span> <span class='ocrx_word' id='word_1_952' title='bbox 2811 4672 2925 4723; x_wconf 91' lang='lat' dir='ltr'>ulla</span> <span class='ocrx_word' id='word_1_953' title='bbox 2956 4687 3086 4740; x_wconf 89' lang='lat' dir='ltr'>pars</span> <span class='ocrx_word' id='word_1_954' title='bbox 3116 4671 3288 4735; x_wconf 87' lang='lat' dir='ltr'>vocis,</span> <span class='ocrx_word' id='word_1_955' title='bbox 3323 4671 3423 4724; x_wconf 87' lang='lat' dir='ltr'>sed</span> <span class='ocrx_word' id='word_1_956' title='bbox 3457 4672 3685 4741; x_wconf 78' lang='lat' dir='ltr'>signum</span> 
     </span>
    </p>
   </div>
   <div class='ocr_carea' id='block_1_132' title="bbox 1980 4741 3686 4814">
    <p class='ocr_par' dir='ltr' id='par_1_132' title="bbox 1980 4741 3686 4814">
     <span class='ocr_line' id='line_1_136' title="bbox 1980 4741 3686 4814; baseline 0.001 -20"><span class='ocrx_word' id='word_1_957' title='bbox 1980 4743 2161 4814; x_wconf 89' lang='lat' dir='ltr'>partis</span> <span class='ocrx_word' id='word_1_958' title='bbox 2200 4743 2350 4814; x_wconf 86' lang='lat' dir='ltr'>vocis</span> <span class='ocrx_word' id='word_1_959' title='bbox 2398 4747 2667 4812; x_wconf 90' lang='lat' dir='ltr'>appareat</span> <span class='ocrx_word' id='word_1_960' title='bbox 2699 4757 2712 4795; x_wconf 90' lang='lat'>:</span> <span class='ocrx_word' id='word_1_961' title='bbox 2744 4741 2821 4814; x_wconf 85' lang='lat' dir='ltr'>ita</span> <span class='ocrx_word' id='word_1_962' title='bbox 2870 4742 3043 4814; x_wconf 86' lang='lat' dir='ltr'>etiam</span> <span class='ocrx_word' id='word_1_963' title='bbox 3095 4741 3330 4814; x_wconf 81' lang='lat' dir='ltr'>verbum</span> <span class='ocrx_word' id='word_1_964' title='bbox 3365 4747 3686 4813; x_wconf 89' lang='lat' dir='ltr'>appellatur</span> 
     </span>
    </p>
   </div>
   <div class='ocr_carea' id='block_1_133' title="bbox 1983 4811 3686 4883">
    <p class='ocr_par' dir='ltr' id='par_1_133' title="bbox 1983 4811 3686 4883">
     <span class='ocr_line' id='line_1_137' title="bbox 1983 4811 3686 4883; baseline -0.001 -17"><span class='ocrx_word' id='word_1_965' title='bbox 1983 4811 2112 4867; x_wconf 82' lang='lat' dir='ltr'>cum</span> <span class='ocrx_word' id='word_1_966' title='bbox 2147 4811 2549 4883; x_wconf 27' lang='lat' dir='ltr'>scriptum’est,</span> <span class='ocrx_word' id='word_1_967' title='bbox 2584 4811 2842 4883; x_wconf 87' lang='lat' dir='ltr'>quamvis</span> <span class='ocrx_word' id='word_1_968' title='bbox 2873 4813 3029 4865; x_wconf 90' lang='lat' dir='ltr'>verbi</span> <span class='ocrx_word' id='word_1_969' title='bbox 3063 4812 3290 4882; x_wconf 87' lang='lat' dir='ltr'>signum</span> <span class='ocrx_word' id='word_1_970' title='bbox 3315 4811 3686 4883; x_wconf 83' lang='lat' dir='ltr'>signiﬁcantis</span> 
     </span>
    </p>
   </div>
   <div class='ocr_carea' id='block_1_134' title="bbox 1982 4884 3680 4954">
    <p class='ocr_par' dir='ltr' id='par_1_134' title="bbox 1982 4884 3680 4954">
     <span class='ocr_line' id='line_1_138' title="bbox 1982 4884 3680 4954; baseline -0.001 -15"><span class='ocrx_word' id='word_1_971' title='bbox 1982 4884 2132 4939; x_wconf 90' lang='lat' dir='ltr'>vocis</span> <span class='ocrx_word' id='word_1_972' title='bbox 2165 4900 2282 4937; x_wconf 91' lang='lat' dir='ltr'>non</span> <span class='ocrx_word' id='word_1_973' title='bbox 2329 4886 2567 4938; x_wconf 87' lang='lat' dir='ltr'>eluceat.</span> <span class='ocrx_word' id='word_1_974' title='bbox 2605 4885 2771 4952; x_wconf 86' lang='lat' dir='ltr'>Ergo,</span> <span class='ocrx_word' id='word_1_975' title='bbox 2830 4888 2894 4936; x_wconf 90' lang='lat' dir='ltr'>ut</span> <span class='ocrx_word' id='word_1_976' title='bbox 2924 4900 3210 4954; x_wconf 87' lang='lat' dir='ltr'>coeperam</span> <span class='ocrx_word' id='word_1_977' title='bbox 3265 4885 3470 4950; x_wconf 90' lang='lat' dir='ltr'>dicere,</span> <span class='ocrx_word' id='word_1_978' title='bbox 3513 4899 3680 4938; x_wconf 90' lang='lat' dir='ltr'>omne</span> 
     </span>
    </p>
   </div>
   <div class='ocr_carea' id='block_1_135' title="bbox 1982 4955 3679 5025">
    <p class='ocr_par' dir='ltr' id='par_1_135' title="bbox 1982 4955 3679 5025">
     <span class='ocr_line' id='line_1_139' title="bbox 1982 4955 3679 5025; baseline 0 -18"><span class='ocrx_word' id='word_1_979' title='bbox 1982 4956 2222 5009; x_wconf 85' lang='lat' dir='ltr'>verbum</span> <span class='ocrx_word' id='word_1_980' title='bbox 2267 4960 2451 5009; x_wconf 89' lang='lat' dir='ltr'>sonat.</span> <span class='ocrx_word' id='word_1_981' title='bbox 2487 4955 2592 5008; x_wconf 88' lang='lat' dir='ltr'>Sed</span> <span class='ocrx_word' id='word_1_982' title='bbox 2629 4955 2780 5025; x_wconf 88' lang='lat' dir='ltr'>quod</span> <span class='ocrx_word' id='word_1_983' title='bbox 2813 4961 3000 5024; x_wconf 91' lang='lat' dir='ltr'>sonat,</span> <span class='ocrx_word' id='word_1_984' title='bbox 3035 4955 3176 5009; x_wconf 91' lang='lat' dir='ltr'>nihil</span> <span class='ocrx_word' id='word_1_985' title='bbox 3208 4956 3276 5009; x_wconf 92' lang='lat' dir='ltr'>ad</span> <span class='ocrx_word' id='word_1_986' title='bbox 3307 4956 3679 5010; x_wconf 85' lang='lat' dir='ltr'>dialecticam.</span> 
     </span>
    </p>
   </div>
   <div class='ocr_carea' id='block_1_136' title="bbox 1985 5025 3683 5097">
    <p class='ocr_par' dir='ltr' id='par_1_136' title="bbox 1985 5025 3683 5097">
     <span class='ocr_line' id='line_1_140' title="bbox 1985 5025 3683 5097; baseline -0.001 -17"><span class='ocrx_word' id='word_1_987' title='bbox 1985 5027 2062 5080; x_wconf 86' lang='lat' dir='ltr'>De</span> <span class='ocrx_word' id='word_1_988' title='bbox 2102 5042 2241 5080; x_wconf 91' lang='lat' dir='ltr'>sono</span> <span class='ocrx_word' id='word_1_989' title='bbox 2271 5025 2425 5078; x_wconf 90' lang='lat' dir='ltr'>enim</span> <span class='ocrx_word' id='word_1_990' title='bbox 2458 5025 2614 5078; x_wconf 89' lang='lat' dir='ltr'>verbi</span> <span class='ocrx_word' id='word_1_991' title='bbox 2654 5026 2862 5096; x_wconf 87' lang='lat' dir='ltr'>agitur,</span> <span class='ocrx_word' id='word_1_992' title='bbox 2891 5043 3021 5079; x_wconf 89' lang='lat' dir='ltr'>cum</span> <span class='ocrx_word' id='word_1_993' title='bbox 3054 5027 3353 5097; x_wconf 69' lang='lat' dir='ltr'>quaeritur,</span> <span class='ocrx_word' id='word_1_994' title='bbox 3386 5027 3470 5078; x_wconf 89' lang='lat' dir='ltr'>vel</span> <span class='ocrx_word' id='word_1_995' title='bbox 3503 5027 3683 5079; x_wconf 91' lang='lat' dir='ltr'>anim-</span> 
     </span>
    </p>
   </div>
   <div class='ocr_carea' id='block_1_137' title="bbox 1983 5097 3680 5168">
    <p class='ocr_par' dir='ltr' id='par_1_137' title="bbox 1983 5097 3680 5168">
     <span class='ocr_line' id='line_1_141' title="bbox 1983 5097 3680 5168; baseline -0.002 -17"><span class='ocrx_word' id='word_1_996' title='bbox 1983 5099 2314 5158; x_wconf 85' lang='lat' dir='ltr'>advertitur,</span> <span class='ocrx_word' id='word_1_997' title='bbox 2347 5102 2560 5167; x_wconf 88' lang='lat' dir='ltr'>quanta</span> <span class='ocrx_word' id='word_1_998' title='bbox 2585 5097 2867 5168; x_wconf 82' lang='lat' dir='ltr'>vocalium</span> <span class='ocrx_word' id='word_1_999' title='bbox 2897 5099 2983 5150; x_wconf 90' lang='lat' dir='ltr'>vel</span> <span class='ocrx_word' id='word_1_1000' title='bbox 3015 5097 3384 5168; x_wconf 87' lang='lat' dir='ltr'>dispositione</span> <span class='ocrx_word' id='word_1_1001' title='bbox 3416 5097 3680 5168; x_wconf 87' lang='lat' dir='ltr'>leniatur,</span> 
     </span>
    </p>
   </div>
   <div class='ocr_carea' id='block_1_138' title="bbox 1982 5167 3685 5234">
    <p class='ocr_par' dir='ltr' id='par_1_138' title="bbox 1982 5167 3685 5234">
     <span class='ocr_line' id='line_1_142' title="bbox 1982 5167 3685 5234; baseline -0.001 -12"><span class='ocrx_word' id='word_1_1002' title='bbox 1982 5170 2070 5222; x_wconf 87' lang='lat' dir='ltr'>vel</span> <span class='ocrx_word' id='word_1_1003' title='bbox 2104 5169 2476 5221; x_wconf 90' lang='lat' dir='ltr'>concursione</span> <span class='ocrx_word' id='word_1_1004' title='bbox 2509 5167 2796 5234; x_wconf 90' lang='lat' dir='ltr'>dehiscat;</span> <span class='ocrx_word' id='word_1_1005' title='bbox 2828 5168 2968 5222; x_wconf 91' lang='lat' dir='ltr'>item</span> <span class='ocrx_word' id='word_1_1006' title='bbox 3009 5167 3448 5222; x_wconf 81' lang='lat' dir='ltr'>consonantium</span> <span class='ocrx_word' id='word_1_1007' title='bbox 3477 5169 3563 5221; x_wconf 88' lang='lat' dir='ltr'>vel</span> <span class='ocrx_word' id='word_1_1008' title='bbox 3596 5167 3685 5220; x_wconf 88' lang='lat' dir='ltr'>in-</span> 
     </span>
    </p>
   </div>
   <div class='ocr_carea' id='block_1_139' title="bbox 1982 5239 3683 5310">
    <p class='ocr_par' dir='ltr' id='par_1_139' title="bbox 1982 5239 3683 5310">
     <span class='ocr_line' id='line_1_143' title="bbox 1982 5239 3683 5310; baseline -0.001 -17"><span class='ocrx_word' id='word_1_1009' title='bbox 1982 5239 2356 5309; x_wconf 87' lang='lat' dir='ltr'>terpositione</span> <span class='ocrx_word' id='word_1_1010' title='bbox 2387 5239 2652 5305; x_wconf 90' lang='lat' dir='ltr'>nodetur,</span> <span class='ocrx_word' id='word_1_1011' title='bbox 2704 5240 2790 5292; x_wconf 84' lang='lat' dir='ltr'>vel</span> <span class='ocrx_word' id='word_1_1012' title='bbox 2846 5240 3209 5310; x_wconf 90' lang='lat' dir='ltr'>congestione</span> <span class='ocrx_word' id='word_1_1013' title='bbox 3265 5243 3598 5308; x_wconf 88' lang='lat' dir='ltr'>asperetur;</span> <span class='ocrx_word' id='word_1_1014' title='bbox 3630 5242 3683 5293; x_wconf 93' lang='lat' dir='ltr'>et</span> 
     </span>
    </p>
   </div>
   <div class='ocr_carea' id='block_1_140' title="bbox 1983 5309 3682 5381">
    <p class='ocr_par' dir='ltr' id='par_1_140' title="bbox 1983 5309 3682 5381">
     <span class='ocr_line' id='line_1_144' title="bbox 1983 5309 3682 5381; baseline -0.001 -17"><span class='ocrx_word' id='word_1_1015' title='bbox 1983 5316 2122 5381; x_wconf 89' lang='lat' dir='ltr'>quot</span> <span class='ocrx_word' id='word_1_1016' title='bbox 2146 5310 2230 5362; x_wconf 90' lang='lat' dir='ltr'>vel</span> <span class='ocrx_word' id='word_1_1017' title='bbox 2262 5311 2527 5380; x_wconf 88' lang='lat' dir='ltr'>qualibus</span> <span class='ocrx_word' id='word_1_1018' title='bbox 2551 5311 2780 5381; x_wconf 81' lang='lat' dir='ltr'>syllabis</span> <span class='ocrx_word' id='word_1_1019' title='bbox 2811 5309 3052 5378; x_wconf 80' lang='lat' dir='ltr'>constet,</span> <span class='ocrx_word' id='word_1_1020' title='bbox 3078 5310 3173 5362; x_wconf 91' lang='lat' dir='ltr'>ubi</span> <span class='ocrx_word' id='word_1_1021' title='bbox 3207 5310 3462 5381; x_wconf 89' lang='lat' dir='ltr'>poeticus</span> <span class='ocrx_word' id='word_1_1022' title='bbox 3492 5309 3682 5380; x_wconf 82' lang='lat' dir='ltr'>rhyth-</span> 
     </span>
    </p>
   </div>
   <div class='ocr_carea' id='block_1_141' title="bbox 1982 5380 3685 5453">
    <p class='ocr_par' dir='ltr' id='par_1_141' title="bbox 1982 5380 3685 5453">
     <span class='ocr_line' id='line_1_145' title="bbox 1982 5380 3685 5453; baseline -0.001 -19"><span class='ocrx_word' id='word_1_1023' title='bbox 1982 5380 2111 5435; x_wconf 85' lang='lat' dir='ltr'>mus</span> <span class='ocrx_word' id='word_1_1024' title='bbox 2142 5387 2521 5452; x_wconf 87' lang='lat' dir='ltr'>accentusque</span> <span class='ocrx_word' id='word_1_1025' title='bbox 2544 5380 2588 5435; x_wconf 16' lang='lat' dir='ltr'>a7</span> <span class='ocrx_word' id='word_1_1026' title='bbox 2607 5382 2994 5453; x_wconf 87' lang='lat' dir='ltr'>grammaticis</span> <span class='ocrx_word' id='word_1_1027' title='bbox 3007 5381 3130 5453; x_wconf 79' lang='lat' dir='ltr'>solo</span> <span class='ocrx_word' id='word_1_1028' title='bbox 3160 5380 3385 5433; x_wconf 91' lang='lat' dir='ltr'>aurium</span> <span class='ocrx_word' id='word_1_1029' title='bbox 3409 5384 3685 5453; x_wconf 85' lang='lat' dir='ltr'>tractatur</span> 
     </span>
    </p>
   </div>
   <div class='ocr_carea' id='block_1_142' title="bbox 1982 5450 3684 5523">
    <p class='ocr_par' dir='ltr' id='par_1_142' title="bbox 1982 5450 3684 5523">
     <span class='ocr_line' id='line_1_146' title="bbox 1982 5450 3684 5523; baseline -0.001 -17"><span class='ocrx_word' id='word_1_1030' title='bbox 1982 5453 2236 5523; x_wconf 88' lang='lat' dir='ltr'>negotio.</span> <span class='ocrx_word' id='word_1_1031' title='bbox 2276 5454 2339 5506; x_wconf 89' lang='lat' dir='ltr'>Et</span> <span class='ocrx_word' id='word_1_1032' title='bbox 2363 5450 2555 5506; x_wconf 83' lang='lat' dir='ltr'>tamen</span> <span class='ocrx_word' id='word_1_1033' title='bbox 2587 5450 2716 5507; x_wconf 78' lang='lat' dir='ltr'>cum</span> <span class='ocrx_word' id='word_1_1034' title='bbox 2745 5455 2814 5507; x_wconf 89' lang='lat' dir='ltr'>de</span> <span class='ocrx_word' id='word_1_1035' title='bbox 2846 5453 2934 5505; x_wconf 89' lang='lat' dir='ltr'>his</span> <span class='ocrx_word' id='word_1_1036' title='bbox 2964 5450 3302 5523; x_wconf 82' lang='lat' dir='ltr'>disputatur,</span> <span class='ocrx_word' id='word_1_1037' title='bbox 3328 5459 3540 5522; x_wconf 78' lang='lat' dir='ltr'>praeter</span> <span class='ocrx_word' id='word_1_1038' title='bbox 3568 5452 3684 5506; x_wconf 88' lang='lat' dir='ltr'>dia-</span> 
     </span>
    </p>
   </div>
   <div class='ocr_carea' id='block_1_143' title="bbox 1979 5521 3679 5592">
    <p class='ocr_par' dir='ltr' id='par_1_143' title="bbox 1979 5521 3679 5592">
     <span class='ocr_line' id='line_1_147' title="bbox 1979 5521 3679 5592; baseline -0.002 -14"><span class='ocrx_word' id='word_1_1039' title='bbox 1979 5521 2238 5578; x_wconf 85' lang='lat' dir='ltr'>lecticam</span> <span class='ocrx_word' id='word_1_1040' title='bbox 2272 5540 2384 5577; x_wconf 94' lang='lat' dir='ltr'>non</span> <span class='ocrx_word' id='word_1_1041' title='bbox 2417 5530 2503 5578; x_wconf 87' lang='lat' dir='ltr'>est</span> <span class='ocrx_word' id='word_1_1042' title='bbox 2536 5541 2547 5578; x_wconf 94' lang='lat'>:</span> <span class='ocrx_word' id='word_1_1043' title='bbox 2582 5525 2702 5579; x_wconf 73' lang='lat' dir='ltr'>hzec</span> <span class='ocrx_word' id='word_1_1044' title='bbox 2732 5524 2885 5577; x_wconf 89' lang='lat' dir='ltr'>enim</span> <span class='ocrx_word' id='word_1_1045' title='bbox 2944 5521 3180 5575; x_wconf 90' lang='lat' dir='ltr'>scientia</span> <span class='ocrx_word' id='word_1_1046' title='bbox 3210 5521 3538 5592; x_wconf 84' lang='lat' dir='ltr'>disputandi</span> <span class='ocrx_word' id='word_1_1047' title='bbox 3577 5527 3679 5576; x_wconf 84' lang='lat' dir='ltr'>est.</span> 
     </span>
    </p>
   </div>
   <div class='ocr_carea' id='block_1_144' title="bbox 1981 5593 3684 5665">
    <p class='ocr_par' dir='ltr' id='par_1_144' title="bbox 1981 5593 3684 5665">
     <span class='ocr_line' id='line_1_148' title="bbox 1981 5593 3684 5665; baseline -0.001 -16"><span class='ocrx_word' id='word_1_1048' title='bbox 1981 5593 2088 5650; x_wconf 92' lang='lat' dir='ltr'>Sed</span> <span class='ocrx_word' id='word_1_1049' title='bbox 2120 5601 2256 5649; x_wconf 90' lang='lat' dir='ltr'>tunc</span> <span class='ocrx_word' id='word_1_1050' title='bbox 2284 5595 2457 5649; x_wconf 89' lang='lat' dir='ltr'>verba</span> <span class='ocrx_word' id='word_1_1051' title='bbox 2510 5601 2643 5650; x_wconf 90' lang='lat' dir='ltr'>sunt</span> <span class='ocrx_word' id='word_1_1052' title='bbox 2694 5595 2852 5664; x_wconf 88' lang='lat' dir='ltr'>signa</span> <span class='ocrx_word' id='word_1_1053' title='bbox 2884 5609 3099 5662; x_wconf 91' lang='lat' dir='ltr'>rerum,</span> <span class='ocrx_word' id='word_1_1054' title='bbox 3160 5594 3388 5665; x_wconf 86' lang='lat' dir='ltr'>quando</span> <span class='ocrx_word' id='word_1_1055' title='bbox 3421 5595 3489 5649; x_wconf 88' lang='lat' dir='ltr'>de</span> <span class='ocrx_word' id='word_1_1056' title='bbox 3542 5593 3684 5665; x_wconf 88' lang='lat' dir='ltr'>ipsis</span> 
     </span>
    </p>
   </div>
   <div class='ocr_carea' id='block_1_145' title="bbox 2049 5700 3684 5776">
    <p class='ocr_par' dir='ltr' id='par_1_145' title="bbox 2049 5700 3684 5776">
     <span class='ocr_line' id='line_1_149' title="bbox 2049 5700 3684 5776; baseline 0 -25"><span class='ocrx_word' id='word_1_1057' title='bbox 2049 5704 2065 5737; x_wconf 79' lang='grc' dir='ltr'>ι</span> <span class='ocrx_word' id='word_1_1058' title='bbox 2090 5702 2277 5776; x_wconf 64' lang='lat' dir='ltr'>lethaeo</span> <span class='ocrx_word' id='word_1_1059' title='bbox 2297 5717 2416 5767; x_wconf 64' lang='lat' dir='ltr'>quae</span> <span class='ocrx_word' id='word_1_1060' title='bbox 2443 5702 2591 5752; x_wconf 87' lang='lat' dir='ltr'>uncis</span> <span class='ocrx_word' id='word_1_1061' title='bbox 2619 5700 2842 5758; x_wconf 81' lang='lat' dir='ltr'>inclusa,</span> <span class='ocrx_word' id='word_1_1062' title='bbox 2876 5701 3072 5752; x_wconf 83' lang='lat' dir='ltr'>absunt</span> <span class='ocrx_word' id='word_1_1063' title='bbox 3099 5701 3267 5752; x_wconf 86' lang='lat' dir='ltr'>aMss.</span> <span class='ocrx_word' id='word_1_1064' title='bbox 3299 5701 3452 5752; x_wconf 87' lang='lat' dir='ltr'>Corb.</span> <span class='ocrx_word' id='word_1_1065' title='bbox 3480 5703 3532 5752; x_wconf 89' lang='lat' dir='ltr'>et</span> <span class='ocrx_word' id='word_1_1066' title='bbox 3559 5705 3684 5751; x_wconf 87' lang='lat' dir='ltr'>Ger-</span> 
     </span>
    </p>
   </div>
   <div class='ocr_carea' id='block_1_146' title="bbox 1984 5778 2243 5817">
    <p class='ocr_par' dir='ltr' id='par_1_146' title="bbox 1984 5778 2243 5817">
     <span class='ocr_line' id='line_1_150' title="bbox 1984 5778 2243 5817; baseline -0.012 0"><span class='ocrx_word' id='word_1_1067' title='bbox 1984 5778 2243 5817; x_wconf 69' lang='grc' dir='ltr'>ωδηθηει.</span> 
     </span>
    </p>
   </div>
  </div>
