4056 6356
425 278 550 334 1411

421 397 683 453 obtinent
707 394 819 449 vim
852 411 865 450 :
897 393 1205 448 verborum
1254 394 1466 456 autem,
1499 388 1596 442 illa
1646 388 1715 443 de
1771 387 1978 459 quibus
2017 385 2111 441 hic

419 469 761 539 disputatur.
793 466 932 519 Nam
965 480 1093 539 cum
1136 463 1210 539 de
1235 462 1419 521 verbis
1448 458 1609 539 loqui
1647 459 1757 539 nisi
1786 458 1974 539 verbis
2003 474 2110 539 ne-

424 529 722 610 queamus,
753 542 811 590 et
836 552 964 590 cum
984 533 1409 610 _loqu_imurnon
1421 531 1531 585 nisi
1552 529 1916 610 de‘aliquibus
1943 530 2113 583 rebus

420 602 747 680 lbqnamur,
781 606 1020 680 occurrit
1044 602 1231 680 animo
1262 605 1339 680 ita
1368 618 1487 655 esse
1516 602 1686 654 verba
1717 602 1879 680 signa
1893 616 2107 680 rerum,

422 671 603 734 utres
634 671 752 733 esse
795 694 909 731 non
963 676 1242 730 desinant.
1292 674 1433 728 Cum
1477 688 1611 741 ergo
1649 672 1883 725 verbum
1914 671 1984 725 ab
2013 687 2112 724 ore

419 751 695 821 procedit,
727 748 774 801 si
801 752 1035 818 propter
1062 742 1492 821 se_procedit,id
1507 747 1674 821 estut
1690 742 1913 821 de_ipso
1942 743 2112 821 verbo

421 813 636 891 aliquid
667 813 953 891 quaeratur
982 822 1080 870 aut
1108 813 1457 891 disputetur,
1480 819 1685 891 res-est
1703 813 1899 884 utique
1921 813 2112 891 dispu-

422 884 624 946 tati'oni
657 884 1071 960 q'tuesrtionique
1116 884 1386 956 subjecta.
1428 885 1531 960 Sed
1580 884 1702 960 ipsa
1748 901 1836 937 res
1875 884 2112 960 verbum

420 954 687 1015 vocatur:
715 954 1002 1029 Quidquid
1059 954 1248 1029 autem
1299 973 1362 1010 ex
1412 955 1582 1010 verbo
1610 954 1738 1029 non
1786 954 2113 1029 auris,__se_d

422 1032 647 1087 animus
672 1030 860 1095 sentit,
880 1024 952 1083 ἐι
980 1030 1104 1099 ipso
1136 1028 1326 1099 animo
1374 1030 1602 1080 tenetur
1619 1026 1935 1099 inclusum,
1971 1024 2111 1078 dici-

418 1103 529 1157 bile
560 1107 825 1155 vocatur:
848 1094 981 1154 cum
1003 1094 1135 1152 vero
1163 1094 1396 1151 verbum
1429 1097 1706 1168 procedit,
1732 1113 1846 1149 non
1876 1102 2113 1168 propter

422 1190 501 1242 se,
533 1172 628 1226 sed
656 1177 889 1242 propter
935 1170 1089 1242 aliud
1142 1168 1375 1240 aliquod
1428 1166 1887 1242 signiﬁcandum,
1940 1166 2111 1221 dictio

417 1239 675 1297 vocatur.—
696 1239 806 1297 Res
835 1247 1023 1295 autem
1074 1240 1215 1309 ipsa,
1238 1239 1255 1240 ί
1276 1256 1403 1310 quze
1437 1241 1557 1309 jam
1586 1239 1823 1310 verbum
1854 1254 1972 1310 non
2003 1241 2104 1299 est,

420 1330 609 1385 neque
639 1312 797 1366 verbi
827 1313 885 1385 in
918 1315 1103 1385 mente
1129 1309 1442 1385 conceptio,
1476 1310 1592 1385 sive
1624 1309 2108 1385 habeat__verbum,

421 1379 667 1455 quojam
692 1382 999 1453 signiﬁcari
1027 1382 1226 1455 possit,
1258 1379 1370 1455 sive
1403 1381 1771 1455 non‘babeat,
1793 1379 1932 1432 nihil
1959 1379 2112 1432 aliud

420 1450 706 1526 quat-ures
734 1450 965 1507 vocatur
990 1450 1223 1522 proprio
1246 1453 1365 1526 jam
1390 1450 1805 1526 nomine._llmc
1816 1466 1954 1526 ergo
1978 1465 2113 1520 qua-

420 1520 829 1580 fuordistincte
849 1520 1169 1588 teneantur,
1203 1520 1459 1590 verbum,
1492 1521 1739 1583 dicibile,
1775 1520 1970 1586 dictio,
2002 1536 2107 1574 res.

422 1596 581 1661 Quod
612 1594 728 1649 dixi
756 1596 1013 1657 verbum,
1046 1599 1102 1647 et
1125 1593 1361 1647 verbum
1405 1598 1508 1659 est,
1542 1597 1597 1646 et
1626 1592 1860 1645 verbum
1892 1590 2110 1662 signiﬁ-

423 1671 528 1720 cat.
564 1665 725 1730 Quod
756 1666 866 1719 dixi
895 1664 1140 1729 dicibile,
1175 1664 1410 1717 verbum
1445 1668 1562 1729 est;
1596 1679 1697 1715 nec
1743 1667 1936 1715 tamen
1988 1677 2112 1715 ver-

421 1737 580 1798 bum,
613 1736 709 1789 sed
744 1736 897 1804 quod
927 1735 986 1787 in
1013 1735 1182 1787 verbo
1214 1734 1554 1803 intelligitur
1585 1738 1641 1787 et
1669 1733 1727 1786 in
1755 1733 1944 1786 animo
1979 1747 2110 1785 con-

421 1807 655 1872 tinetur,
689 1805 986 1875 signiﬁcat.
1033 1804 1194 1869 Quod
1227 1805 1340 1857 dixi
1369 1805 1695 1875 dictionem,
1732 1804 1966 1856 verbum
2006 1807 2112 1871 est,

421 1877 518 1931 sed
550 1877 659 1930 tale
685 1874 799 1946 quo
823 1877 940 1946 jam
967 1876 1063 1929 illa
1094 1875 1207 1929 duo
1230 1874 1419 1942 simul,
1445 1874 1501 1928 id
1533 1881 1618 1946 est
1645 1876 1833 1946 ipsum
1852 1875 2110 1946 verbum,

421 1952 477 2002 et
515 1947 669 2018 quod
698 1944 765 2001 ﬁt
794 1944 854 2000 in
886 1947 1076 1999 animo
1100 1961 1201 2015 per
1224 1946 1481 2018 verbum,
1510 1945 1920 2018 signiﬁcantur.
1948 1944 2113 2018 Quod

421 2016 557 2085 dixi,
590 2018 991 2100 rem,‘verbum
1023 2022 1126 2100 est,
1149 2017 1529 2100 q'uod‘prmtcr‘
1557 2017 1792 2100 il'latria,
1817 2031 1945 2100 quae
1966 2016 2113 2100 dicta

421 2095 572 2155 sunt,
608 2088 886 2160 quidquid
916 2092 1107 2160 restat,
1151 2086 1471 2160 signiﬁcat._
1499 2087 1607 2142 Sed
1667 2086 1942 2160 exemplis
1988 2086 2110 2139 haec

421 2156 911 2239 illustranda'esse
928 2157 1227 2239 perscipio.
1264 2156 1570 2239 Fac‘igitur
1593 2157 1890 2239 a‘quodam
1922 2172 2113 2225 gram-

421 2231 625 2284 matico
655 2247 896 2300 puerum
926 2228 1341 2300 interrogatum
1373 2228 1479 2280 hoc
1511 2228 1676 2281 modo
1710 2244 1723 2280 :
1755 2231 1948 2293 Arma,
1982 2243 2112 2297 quae

423 2314 557 2372 pars
582 2299 853 2354 orationis
897 2301 1023 2372 est?
1052 2300 1214 2372 Quod
1262 2299 1476 2351 dictum
1504 2304 1625 2372 est,_
1653 2301 1844 2364 Arma,
1877 2304 2114 2372 propter

422 2367 480 2426 se
513 2372 726 2425 dictum
758 2376 857 2434 est,
892 2371 949 2425 id
981 2375 1064 2423 est
1092 2370 1324 2423 verbum
1356 2375 1588 2439 propter
1612 2367 1797 2439 ipsum
1829 2367 2061 2422 verbum
2095 2386 2107 2422 :

421 2448 629 2497 caetera
656 2458 787 2495 vero
840 2442 993 2511 quod
1034 2440 1132 2505 ait,
1166 2456 1294 2511 quas
1326 2456 1475 2511 pars
1522 2440 1797 2492 orationis
1851 2446 1953 2511 est,
1997 2455 2113 2492 non

421 2519 659 2584 propter
688 2530 773 2584 se,
802 2510 897 2566 sed
932 2517 1166 2581 prOpter
1186 2510 1477 2584 lverbum,
1510 2512 1661 2584 quod
1691 2526 1863 2584 arma_
1896 2510 2111 2584 dictum

422 2580 547 2648 est,
569 2585 657 2636 vel
687 2583 879 2636 animo
910 2598 1093 2648 sensa,
1124 2580 1210 2634 vel
1242 2597 1372 2634 voce
1403 2582 1621 2651 prolata
1651 2585 1797 2635 sunt.
1834 2581 1943 2634 Sed
1981 2597 2112 2633 cum

421 2654 617 2707 animo
650 2669 811 2706 sensa
842 2659 993 2717 sunt,
1031 2657 1159 2705 ante
1218 2668 1410 2705 vocem
1463 2651 1713 2705 dicibilia
1766 2658 1929 2711 sunt;
1980 2667 2112 2705 cum

418 2730 610 2778 autem
637 2730 870 2793 propter
920 2724 975 2776 id
1007 2723 1156 2793 quod
1206 2722 1340 2789 dixi,
1381 2726 1773 2792 proruperunt
1801 2723 1859 2775 in
1891 2738 2105 2793 vocem,

420 2792 696 2849 dictiones
716 2792 874 2848 factas
906 2792 1054 2846 sunt.
1092 2794 1282 2863 Ipsum
1313 2809 1445 2846 vero
1470 2809 1650 2861 arma,
1680 2793 1829 2862 quod
1864 2792 1955 2846 hic
1986 2810 2110 2846 ver-

418 2865 556 2920 bum
589 2870 687 2926 est,
722 2881 851 2918 cum
875 2882 908 2917 a
938 2864 1171 2934 Virgilio
1202 2863 1634 2934 pronuntiatum
1666 2869 1766 2920 est.
1792 2863 1962 2917 dictio
1982 2865 2108 2917 fuit:

419 2953 538 2990 non
569 2936 723 2989 enim
752 2941 988 3005 propter
1018 2952 1076 2988 se
1128 2937 1414 3004 prolatum
1445 2939 1546 2999 est,
1582 2935 1674 2988 sed
1702 2940 1854 3005 puteo
1887 2934 2103 3003 signiﬁ-

416 3014 681 3062 carentur
705 3004 790 3060 vel
821 3007 969 3060 bella
996 3021 1123 3076 quae
1175 3006 1346 3074 gessit
1374 3008 1592 3068 zEneas,
1629 3004 1714 3076 vel
1749 3010 1991 3071 scutum,
2024 3006 2111 3058 vel

417 3084 620 3132 caetera
652 3094 832 3144 arma,
863 3094 991 3147 quae
1019 3075 1305 3145 Vulcanus
1324 3077 1512 3129 Amineae
1542 3075 1960 3130 fabricatusest.
1986 3077 2112 3147 Ipsa

414 3165 547 3203 vero
580 3149 726 3202 bella
756 3150 841 3201 vel
872 3146 1053 3215 arma,
1084 3163 1213 3217 quas
1265 3154 1423 3217 gesta
1469 3152 1601 3200 sunt
1639 3152 1737 3200 aut
1792 3147 2015 3215 ingesta
2041 3146 2111 3200 ab

421 3221 628 3284 Enen;
665 3220 802 3288 ipsa,
831 3218 1090 3289 inquam,
1123 3233 1251 3287 quas
1282 3234 1409 3271 cum
1437 3222 1774 3288 gererentur
1804 3222 1973 3288 atque
2022 3234 2111 3289 es-

414 3296 557 3352 sent,
590 3290 949 3351 videbantur,
975 3305 1219 3358 quasque
1253 3289 1299 3341 si
1321 3305 1474 3342 nunc
1505 3290 1783 3351 adessent,
1813 3290 1897 3341 vel
1931 3288 2111 3357 digito

416 3364 733 3414 monstrare
763 3376 1079 3428 possemus,
1122 3364 1221 3411 aut
1276 3365 1523 3427 tangere,
1575 3375 1703 3429 quas
1734 3358 1956 3429 etiamsi
1997 3374 2109 3411 non

417 3431 826 3500 cogitarentur,
861 3446 974 3483 non
1006 3445 1072 3482 eo
1093 3432 1284 3481 tamen
1316 3430 1380 3481 ﬁt
1424 3433 1486 3481 ut
1514 3428 1644 3500 non
1672 3428 1906 3500 fuerint
1932 3445 1959 3500 ςΔ
1990 3429 2113 3498 ipsa

416 3498 552 3571 ergo
581 3517 684 3570 per
710 3516 766 3553 se
796 3516 898 3553 nec
940 3500 1109 3553 verba
1138 3509 1289 3571 sunt,
1322 3515 1425 3552 nec
1473 3498 1755 3571 dicibilia,
1777 3515 1882 3552 nec
1910 3498 2111 3553 dictio-

416 3569 555 3637 nes;
585 3569 683 3625 sed
717 3577 849 3624 sunt
877 3587 981 3633 res,
1010 3586 1138 3640 quia
1173 3569 1292 3639 jam
1324 3570 1556 3639 proprio
1606 3569 1837 3623 nomine
1893 3586 1983 3623 res
2013 3587 2111 3624 vo-

418 3648 639 3697 cantur.
672 3643 1050 3696 Tractandum
1080 3646 1165 3694 est
1195 3640 1371 3711 igitur
1401 3642 1559 3694 nobis
1588 3640 1646 3694 in
1680 3643 1783 3694 hac
1812 3648 1971 3710 parte
1998 3641 2113 3695 dia-

417 3714 629 3768 lectica!
661 3713 729 3766 de
759 3712 965 3779 verbis,
1013 3713 1083 3766 de
1131 3712 1491 3775 dictionibus,
1542 3713 1610 3765 de
1658 3712 2000 3778 dicibilibus,
2043 3713 2110 3766 de

415 3786 584 3839 rebus
611 3802 623 3839 :
656 3784 714 3837 in
745 3784 952 3854 quibus
980 3782 1246 3837 omnibus
1275 3800 1404 3836 cum
1431 3782 1639 3852 partim
1663 3783 1853 3854 verba
1891 3783 2109 3853 signiﬁ-

415 3853 875 3936 centur,‘partim
910 3870 1023 3909 non
1053 3856 1222 3906 verba
1253 3860 1268 3918 (
1295 3854 1558 3936 nihilest
1584 3853 1737 3936 enim
1759 3855 1965 3936 dequo
1997 3870 2112 3934 non

415 3926 604 3981 verbis
635 3924 925 3996 disputare
985 3941 1211 3979 necesse
1264 3925 1393 3993 sit);
1423 3926 1615 3996 itaque
1672 3924 1741 3977 de
1788 3924 1876 3977 his
1924 3924 2111 3994 primo

418 3995 761 4068 disputatur,
793 4013 893 4066 per
922 3996 1145 4068 quaede
1190 3996 1408 4049 caeteris
1440 3995 2106 4068 disputareconceditur.

415 4065 596 4138 Igitur
625 4065 861 4121 verbum
904 4065 1215 4136 quodlibet,
1251 4072 1484 4138 excepto
1533 4082 1693 4130 sono,
1719 4065 1792 4138 de
1824 4082 1937 4135 quo
1966 4066 2110 4138 bene

412 4136 757 4208 disputatur,
792 4138 860 4191 ad
889 4138 1211 4190 facultatem
1245 4136 1553 4208 dialecticae
1585 4136 1852 4208 pertinet,
1884 4152 2001 4189 non
2040 4137 2112 4190 ad

413 4207 765 4263 dialecticam
792 4208 1171 4277 disciplinam.
1199 4208 1267 4261 Ut
1295 4207 1650 4261 defensiones
1677 4207 1960 4261 Ciceronis
1981 4211 2113 4261 sunt

413 4279 647 4349 quidem
693 4276 993 4332 rhetoricas
1023 4276 1325 4339 facultatis,
1358 4278 1451 4331 sed
1474 4294 1589 4331 non
1609 4277 1698 4331 his
1729 4278 1961 4331 docetur
1987 4277 2113 4347 ipsa

414 4348 716 4404 rhetorica.

414 4420 646 4476 CAPUT
676 4419 763 4472 VI.
794 4448 861 4458 —
892 4416 972 4471 De
1002 4419 1207 4484 origine
1243 4417 1412 4471 verbi.
1479 4417 1711 4472 Verbum
1739 4417 1882 4472 unde
1910 4418 2112 4473 dictum

732 4491 1031 4543 Stoicorum
1076 4489 1141 4542 de
1179 4490 1385 4556 origine
1412 4489 1562 4542 verbi
1590 4491 1790 4557 opinio.

486 4563 631 4631 Ergo
654 4577 851 4615 omnes
876 4562 1111 4613 verbum
1142 4568 1376 4631 propter
1406 4560 1459 4613 id
1485 4562 1634 4630 quod
1658 4565 1842 4629 sonat,
1867 4563 2113 4631 quatuor

413 4630 675 4703 quaedam
723 4630 1340 4703 necessariarvocat'in
1372 4632 1793 4703 quaestionem,
1830 4630 2112 4702 originem

414 4702 600 4771 suam,
633 4704 767 4769 vim,
799 4702 1265 4767 declinationem,
1292 4702 1727 4756 ordinationem.
1780 4702 1856 4755 De
1888 4703 2110 4772 origine

412 4774 572 4828 verbi
630 4774 926 4844 quaeritur,
958 4790 1086 4827 cum
1119 4773 1396 4843 quieritur
1441 4774 1592 4827 unde
1634 4773 1711 4827 ita
1739 4773 1989 4827 dicatur:
2022 4789 2111 4826 res

415 4861 544 4900 mea
582 4843 865 4897 sententia
895 4845 1067 4897 nimis
1087 4845 1327 4909 curiosa,
1361 4849 1414 4898 et
1445 4860 1558 4897 non
1592 4843 2107 4898 nimisnecessaria.

416 4918 610 4987 Neque
644 4916 749 4968 hoc
770 4914 911 4987 mihi
943 4915 1153 4985 placuit
1180 4916 1386 4977 dicere,
1414 4916 1565 4987 quod
1599 4916 1677 4968 sic
1699 4915 2113 4987 Ciceroniquo-

412 4984 535 5059 que“
556 4988 708 5041 idem
742 4984 998 5059 videtur,
1035 4986 1294 5059 quamvis
1326 4984 1647 5059 quisegeat
1688 4987 2021 5059 auctoritate
2051 4985 2111 5039 in

413 5055 473 5112 re
503 5063 619 5112 tam
660 5055 1005 5127 perspicua?
1031 5056 1187 5127 Quod
1238 5056 1284 5127 si
1326 5055 1559 5110 omnino
1591 5057 1833 5110 multum
1885 5058 2112 5126 juvaret

413 5125 692 5208 explicare
723 5125 1204 5208 originemverbi,
1233 5126 1661 5208 ineptiimesset
1685 5125 2110 5208 aggredi,qu.od

413 5195 680 5271 persequi
716 5199 966 5271 profecto
1006 5195 1295 5271 inﬁnitum
1329 5204 1431 5271 est.
1465 5198 1602 5271 Quis
1651 5195 1804 5271 enim
1860 5195 2109 5271 reperire

453 5267 617 5335 ossit,
647 5267 800 5340 quod
833 5267 970 5339 quid
1002 5267 1215 5321 dictum
1248 5267 1440 5340 fuerit,
1466 5270 1615 5340 unde
1646 5270 1724 5322 ita
1751 5267 1962 5323 dictum
1996 5269 2111 5323 sit?

453 5288 612 5335 ossit,
647 5288 800 5340 quon
833 5288 970 5339 quin
1002 5288 1215 5321 (llClUﬂl
1248 5288 1440 5333 ruerit,
1466 5288 1615 5322 unde
1646 5288 1724 5322 ita
1751 5288 1962 5323 αιοῑυω
1996 5288 2110 5323 sm

413 5288 532 5396 Bue
575 5342 809 5407 accedit,
843 5340 991 5410 quod
1033 5343 1097 5392 ut
1147 5337 1499 5410 somniorum
1557 5339 1968 5410 interpretatio,
2031 5340 2110 5393 ita

410 5413 716 5466 verborum
786 5408 946 5481 origo
987 5426 1089 5481 pro
1149 5409 1423 5481 cujusque
1476 5408 2105 5479 ingenio'praadicatur.

410 5484 545 5538 Ecce
567 5482 719 5535 enim
735 5479 903 5535 verba
931 5479 1049 5551 ipsa
1081 5479 1363 5550 quispiam
1395 5496 1544 5551 exeo
1570 5486 1707 5551 puta
1736 5482 1925 5543 dictat,
1956 5481 2110 5551 quod

412 5570 612 5608 aurem
632 5554 794 5623 quasi
809 5549 1133 5605 verberent:
1155 5549 1294 5615 lmo,
1320 5549 1507 5619 inquit
1530 5550 1688 5614 alius,
1718 5553 1868 5620 quod
1893 5549 2104 5606 aerem.

412 5623 523 5678 Sed
550 5622 745 5677 nostra
773 5640 887 5676 non
916 5639 1124 5693 magna
1156 5623 1222 5674 lis
1254 5627 1356 5675 est.
1409 5622 1549 5693 Nam
1578 5626 1816 5693 uterque
1847 5639 1877 5676 a
1909 5623 2107 5675 verbe-

412 5694 593 5748 rando
619 5694 791 5764 hujus
803 5694 1355 5762 vocabulioriginem
1374 5692 1565 5747 trahit.
1598 5692 1705 5747 Sed
1732 5708 1761 5745 e
1787 5699 2106 5747 transverso

413 5764 638 5831 tertius,
669 5765 819 5833 vide,
851 5780 1023 5834 quam
1056 5763 1237 5817 rixam
1259 5764 1481 5821 inferat.
1516 5764 1675 5829 Quod
1702 5764 1854 5819 enim
1885 5779 2105 5831 verum,

1723 262 2085 322 PRINCIPIA
2140 261 2611 319 DIALECTIC/E.

3800 262 3939 316 1412

2218 386 2320 449 ait,
2352 402 2455 441 nos
2493 385 2653 457 loqui
2684 386 2964 457 oporteat,
3005 384 3384 457 odiosumque
3416 384 3510 455 sit,
3543 389 3761 457 natura
3806 384 3936 456 ipsa

2214 458 2526 528 judicante,
2552 455 2916 511 mendacium
2939 472 2952 520 ;
2977 456 3214 510 verbum
3236 473 3268 528 a
3288 455 3422 510 vero
3447 455 3935 528 cognominatum

2221 527 2323 599 est.
2353 530 2463 583 Nec
2490 528 2788 599 ingenium
2809 532 3077 598 quartum
3106 527 3308 582 defuit.
3341 528 3481 582 Nam
3504 533 3640 581 sunt
3667 527 3773 599 qui
3807 544 3933 599 ver-

2218 598 2355 654 bum
2388 619 2417 654 a
2446 616 2578 652 vero
2599 599 2835 669 quidam
2865 598 3079 653 dictum
3103 602 3326 669 putent,
3358 599 3457 653 sed
3485 598 3933 669 prima’syllaba

2221 672 2354 723 satis
2400 672 2810 736 animadversa,
2861 671 3164 723 secundam
3207 670 3424 739 negligi
3467 686 3584 723 non
3631 675 3930 741 oportere.

2221 742 2469 795 Verbum
2496 742 2648 795 enim
2680 757 2807 794 cum
2830 740 3095 806 dicimus,
3128 741 3419 811 inquiunt,
3445 741 3635 811 prima
3663 744 3797 810 ejus
3819 743 3932 811 syl-

2219 812 2348 865 laba
2366 829 2563 866 verum
2594 812 2889 882 signiﬁcat,
2916 812 3162 877 secunda
3193 828 3424 865 sonum.
3465 813 3581 865 Hoc
3602 819 3807 866 autem
3833 828 3931 865 vo-

2221 883 2344 937 lunt
2400 899 2519 937 esse
2578 883 2867 937 bombum.
2925 883 3083 937 Unde
3142 882 3353 937 Ennius
3406 898 3613 936 sonum
3681 882 3930 952 pedum,

2220 954 2496 1026 bombum
2537 954 2745 1026 pedum
2793 953 3066 1026 dixitgiet
3108 962 3279 1026 βοάσαι
3320 954 3838 1026 ϐτεεςίίοιδωδιιθς
3874 960 3933 1026 ct

2220 1025 2504 1095 Virgilius,
2540 1024 2579 1074 ία
2613 1025 2872 1079 Reboant
2928 1024 3081 1078 silvae
3110 1024 3157 1074 ⁷))
3209 1026 3415 1094 (Georg.
3452 1025 3547 1078 lib.
3596 1027 3648 1089 3,
3682 1041 3736 1079 v.
3773 1024 3923 1092 223).

2220 1096 2366 1165 Ergo
2395 1096 2631 1149 verbum
2663 1096 2877 1176 dictum
2900 1102 2983 1176 est
3010 1095 3173 1176 quasi
3199 1112 3231 1148 a
3250 1111 3382 1148 vero
3413 1095 3665 1176 boando,
3699 1095 3827 1176 hoc
3846 1100 3931 1148 est

2218 1182 2418 1220 verum
2467 1167 2750 1220 sonando.
2793 1166 2955 1230 Quod
2990 1165 3042 1219 si
3086 1167 3162 1220 ita
3201 1170 3289 1237 est
3325 1165 3644 1236 praescribit
3683 1166 3928 1237 quidem

2217 1237 2324 1291 hoc
2362 1254 2592 1304 nomen,
2642 1254 2711 1291 ne
2742 1253 2872 1291 cum
2912 1237 3148 1291 verbum
3190 1236 3479 1302 faciamus,
3527 1236 3927 1290 mentiamur:

2220 1308 2314 1362 sed
2350 1325 2550 1361 vereor
2587 1324 2657 1361 ne
2696 1308 2804 1379 ipsi
2835 1308 2932 1379 qui
2966 1308 3159 1363 dicunt
3198 1308 3323 1373 ista,
3358 1308 3735 1363 mentiantur.
3776 1309 3930 1378 Ergo

2219 1379 2290 1432 ad
2319 1384 2374 1432 te
2406 1380 2528 1449 jam
2568 1378 2816 1448 pertinet
2846 1378 3124 1448 judicare,
3159 1382 3349 1432 utrum
3381 1379 3619 1433 verbum
3650 1395 3682 1432 a
3715 1380 3930 1433 verbe-

2218 1450 2417 1515 rando,
2450 1466 2524 1503 an
2549 1465 2579 1502 a
2610 1466 2738 1503 vero
2769 1451 2910 1517 solo,
2943 1466 3013 1503 an
3040 1467 3070 1503 a
3098 1466 3231 1504 vero
3260 1449 3486 1503 boando
3513 1449 3730 1504 dictum
3759 1456 3932 1520 pute-

2219 1536 2345 1573 mus
2382 1537 2393 1574 :
2427 1537 2501 1574 an
2531 1521 2719 1590 potius
2750 1529 2899 1574 unde
2932 1522 3005 1574 sit
3027 1521 3239 1574 dictum
3265 1537 3381 1573 non
3421 1537 3684 1574 curemus
3712 1540 3729 1586 ;
3764 1536 3924 1585 cum,

2219 1592 2370 1662 quod
2422 1592 2729 1661 signiﬁcet,
2772 1591 3169 1662 intelligamus,
3220 1591 3469 1645 Breviter
3516 1597 3715 1645 tamen
3774 1592 3930 1645 hunc

2219 1661 2406 1733 locum
2439 1668 2700 1715 notatum
2746 1678 2865 1716 esse
2904 1662 2971 1716 de
3003 1661 3225 1732 origine
3255 1662 3578 1726 verborum,
3619 1664 3749 1716 volo
3785 1679 3930 1733 pau-

2218 1732 2395 1804 lisper
2423 1732 2684 1802 accipias,
2716 1748 2787 1786 ne
2818 1735 2992 1786 ullam
3022 1739 3242 1802 partem
3275 1734 3519 1803 suscepti
3552 1733 3745 1804 operis
3772 1732 3928 1804 pra;-

2220 1803 2528 1857 termisisse
2560 1804 2866 1857 videamur.
2895 1804 3065 1857 Stoici
3099 1809 3419 1870 autumant,
3453 1820 3594 1874 quos
3629 1803 3836 1859 Cicero
3869 1804 3929 1857 in

2219 1874 2324 1945 hac
2355 1890 2415 1928 re
2446 1874 2663 1945 irridet,
2706 1875 2927 1928 nullum
2962 1891 3095 1945 esse
3121 1874 3377 1940 verbum,
3406 1876 3581 1945 cujus
3614 1890 3733 1929 non
3764 1880 3928 1929 certa

2219 1944 2365 1998 ratio
2396 1944 2665 2016 explicari
2690 1945 2888 2014 possit.
2916 1947 2979 1999 Et
3003 1944 3138 2015 quia
3157 1945 3263 1998 hoc
3290 1944 3825 2014 modo,suggerere
3850 1947 3930 1999 fa-

2220 2016 2325 2069 cile
2356 2015 2481 2080 fuit,
2514 2016 2559 2068 si
2591 2016 2805 2069 diceres
2834 2017 2941 2069 hoc
2970 2016 3259 2069 inﬁnitum
3293 2031 3410 2069 esse
3439 2035 3454 2082 ;
3486 2016 3698 2086 quibus
3728 2016 3926 2069 verbis

2220 2086 2453 2139 alterius
2481 2086 2637 2139 verbi
2662 2086 2942 2156 originem
2973 2086 3464 2157 interpretaveris;
3494 2102 3697 2140 eorum
3720 2102 3928 2141 rursus

2220 2174 2253 2211 a
2282 2163 2337 2210 te
2369 2157 2649 2226 originem
2683 2157 3054 2227 quaerendam
3087 2173 3207 2211 esse
3240 2157 3422 2211 donec
3453 2157 3827 2227 perveniatur
3856 2174 3927 2212 eo

2218 2236 2284 2281 ut
2304 2244 2390 2281 res
2418 2244 2548 2281 cum
2579 2244 2717 2281 sono
2744 2228 2899 2282 verbi
2926 2228 3117 2298 aliqua
3146 2228 3519 2281 similitudine
3541 2228 3840 2297 concinet,
3863 2233 3931 2282 ut

2220 2314 2349 2370 cum
2413 2299 2674 2370 dicimus,
2750 2300 2878 2352 teris
2934 2298 3231 2364 tinnitum,
3263 2298 3923 2370 equorumihinnitum,

2218 2369 2411 2423 ovium
2441 2369 2712 2433 balatum,
2736 2372 3031 2423 turbarum
3063 2368 3410 2438 clangorem,
3445 2368 3751 2423 stridorem
3773 2376 3929 2423 cate-

2221 2456 2441 2520 narum“.
2492 2440 2771 2520 Perspicis
2804 2441 2957 2520 enim
2992 2441 3113 2520 haec
3145 2440 3317 2520 verba
3353 2440 3434 2520 ita
3473 2456 3698 2520 sonare,
3733 2445 3801 2494 ut
3831 2457 3925 2495 res

2219 2527 2347 2581 quae
2379 2511 2467 2564 his
2495 2510 2681 2564 verbis
2712 2512 3122 2579 signiﬁcantur.
3159 2511 3270 2565 Sed
3302 2510 3439 2581 quia
3475 2516 3610 2564 sunt
3637 2527 3751 2578 res,
3789 2528 3924 2581 qua!

2220 2597 2335 2635 non
2368 2587 2609 2646 sonant;
2643 2581 2702 2634 in
2750 2582 2839 2635 bis
2866 2581 3301 2635 similitudinem
3330 2586 3510 2635 tactus
3538 2582 3749 2647 valere,
3782 2589 3845 2636 ut
3880 2584 3928 2636 si

2220 2652 2425 2706 leniter
2453 2653 2538 2704 vel
2579 2668 2774 2721 aspere
2806 2668 3032 2705 sensum
3065 2656 3329 2721 tangunt,
3364 2652 3561 2723 lenitas
3590 2652 3679 2705 vel
3711 2653 3926 2723 asperi-

2219 2726 2303 2775 tas
2321 2723 2651 2794 rlitterarum
2674 2729 2739 2776 ut
2760 2723 2939 2792 tangit
2964 2723 3245 2794 auditum,
3275 2723 3354 2776 sic
3376 2721 3456 2794 eis
3480 2722 3715 2776 nomina
3742 2721 3924 2794 pepe-

2219 2793 2375 2864 rerit.
2407 2794 2471 2846 Et
2505 2793 2692 2864 ipsum
2723 2794 2849 2864 lene
2879 2810 3009 2847 cum
3038 2792 3296 2860 dicimus,
3332 2792 3537 2847 leniter
3566 2792 3761 2847 sonat:
3784 2792 3927 2858 Quis

2219 2863 2358 2918 item
2383 2860 2886 2934 asperitatem'non
2909 2871 2964 2918 et
2982 2865 3104 2934 ipso
3128 2864 3359 2917 nomine
3388 2880 3646 2933 asperam
3664 2864 3927 2930 judicet?

2223 2936 2372 2989 Leno
2412 2941 2497 2988 est
2541 2936 2795 3001 auribus,
2841 2951 2971 2989 cum
3018 2936 3259 2992 dicimus
3286 2935 3601 3006 voluptas;
3649 2951 3926 3006 asperum

2223 3010 2326 3065 est.
2362 3021 2491 3059 cum
2524 3006 2785 3074 dicimus,
2826 3023 2983 3061 crux.
3030 3007 3110 3059 lta
3154 3022 3243 3059 res
3281 3004 3422 3075 ipsa;
3456 3004 3733 3071 afﬁciunt,
3778 3006 3929 3060 sicut

2222 3078 2389 3130 verba
2412 3076 2763 3131 sentiuntur.
2797 3078 2920 3143 Mel,
2941 3092 3111 3148 quam
3138 3075 3386 3148 suaviter
3406 3093 3495 3129 res
3517 3076 3640 3148 ipsa
3658 3082 3920 3146 gustum,

2220 3151 2337 3201 tam
2372 3147 2618 3221 suaviter
2645 3164 2858 3221 nomen
2884 3147 3069 3217 tangit
3088 3147 3556 3221 auditum.__Acre,
3579 3147 3637 3201 in
3670 3154 3925 3221 utroque

2221 3217 2484 3287 asperum
2516 3223 2601 3272 est
2628 3232 2640 3274 :
2684 3219 2811 3273 lana
2842 3223 2898 3272 et
2927 3234 3145 3288 vepres,
3177 3223 3241 3271 ut
3268 3217 3581 3271 audiuntur
3612 3217 3925 3286 verbafsic

2219 3289 2316 3342 illa
2346 3294 2687 3359 tanguntur.
2742 3290 2871 3343 Haac
2918 3289 3079 3360 quasi
3127 3288 3404 3342 canabula
3435 3289 3746 3343 verborum
3797 3306 3923 3343 esse.

2220 3360 2605 3425 crediderunt,
2651 3364 2715 3413 ut
2758 3376 2957 3414 sensus
3004 3376 3196 3413 rerum
3238 3375 3368 3413 cum
3417 3376 3689 3413 sonorum
3745 3376 3922 3414 sensu

2220 3430 2650 3484 concordarent.
2682 3430 2820 3484 Hinc
2841 3431 2909 3485 ad
2938 3431 3192 3500 ipsarum
3221 3430 3372 3483 inter
3396 3447 3454 3484 se
3485 3446 3680 3485 rerum
3710 3429 3920 3485 simili-

2219 3501 2475 3555 tudinem
2521 3500 2855 3570 praeessisse
2898 3500 3185 3555 licentiam
3235 3500 3613 3555 nominandi:
3653 3506 3720 3555 ut
3761 3518 3920 3569 cum,

2219 3571 2374 3642 verbi
2414 3587 2603 3637 causa,
2653 3588 2788 3625 crux
2840 3578 3144 3641 propterea
3200 3572 3348 3625 dicta
3402 3572 3491 3637 sit,
3533 3573 3686 3642 quod
3735 3572 3924 3642 ipsius

2218 3641 2376 3713 verbi
2418 3644 2689 3712 asperitas
2728 3659 2857 3696 cum
2896 3642 3133 3707 doloris,
3167 3658 3338 3712 quem
3368 3658 3505 3696 crux
3537 3641 3711 3696 efﬁcit
3753 3641 3921 3713 aspe-

2220 3712 2384 3767 ritate
2415 3715 2746 3768 concordat:
2792 3730 2956 3767 crura
2994 3719 3188 3784 tamen
3225 3730 3340 3767 non
3369 3718 3603 3784 propter
3634 3712 3922 3783 asperita-

2218 3787 2334 3838 tem
2366 3785 2604 3865 doloris,
2627 3785 2724 3838 sed
2751 3784 2918 3865 quod
2937 3783 3297 3864 longitudine
3312 3792 3498 3865 atque
3529 3784 3742 3864 duritia
3769 3785 3925 3865 inter

2220 3856 2478 3926 membra
2507 3862 2712 3909 cratera
2743 3854 2856 3908 sint
2884 3856 3040 3926 ligno
3071 3854 3251 3908 crucis
3282 3854 3575 3919 similiora,
3607 3854 3687 3908 sic
3716 3856 3919 3925 appel-

2219 3926 2332 3979 lata
2354 3925 2485 3979 sint.
2514 3926 2648 3980 Inde
2673 3927 2739 3979 ad
2767 3927 3101 3980 abusionem
3124 3930 3356 3979 ventum
3384 3931 3488 3991 est,
3523 3932 3586 3978 ut
3605 3933 3925 3995 usurpetur

2220 4012 2335 4049 non
2367 4002 2483 4050 tam
2525 3996 2607 4050 rei
2642 3997 2866 4063 similis,
2899 3998 2996 4051 sed
3027 3996 3191 4067 quasi
3219 3996 3441 4049 vicine.
3476 3996 3622 4067 Quid
3654 3998 3812 4050 enim
3845 3997 3920 4050 si-

2219 4067 2353 4120 mile
2380 4067 2529 4120 inter
2558 4065 3217 4137 signiﬁcationem—parvi
3249 4073 3305 4120 et
3328 4065 3557 4133 minuti,
3580 4082 3708 4120 cum
3739 4068 3924 4137 possit

2218 4153 2459 4208 parvum
2489 4155 2629 4198 esse,
2663 4138 2819 4208 quod
2849 4156 2963 4192 non
2995 4140 3166 4191 modo
3199 4137 3341 4191 nihil
3375 4139 3659 4192 minutum
3691 4138 3787 4205 sit,
3822 4139 3921 4193 sed

2220 4209 2389 4262 etiam
2416 4209 2633 4278 aliquid
2662 4210 2943 4263 creverit?
2971 4210 3217 4263 Dicimus
3238 4213 3430 4262 tamen
3456 4214 3689 4279 propter
3710 4225 3918 4278 quam-

2219 4279 2351 4334 dam
2378 4279 2748 4344 vicinitatem,
2770 4281 3059 4334 minutum
3080 4296 3184 4350 pro
3214 4296 3410 4349 parvo.
3433 4279 3542 4337 Sed
3562 4279 3684 4350 hac
3715 4280 3921 4334 abusio

2219 4350 2479 4403 vocabuli
2509 4350 2568 4403 in
2612 4356 2889 4420 potestate
2920 4348 3350 4421 loque'ntis’est:
3384 4350 3554 4403 habet
3588 4348 3751 4421 enim
3784 4367 3920 4420 par-

2219 4436 2374 4487 vum,
2409 4425 2469 4474 ut
2507 4421 2793 4475 minutum
2835 4437 2950 4475 non
2988 4420 3225 4476 dicatur.
3261 4422 3404 4474 Illud
3445 4420 3627 4491 magis
3665 4422 3921 4491 pertinet

2218 4492 2287 4545 ad
2320 4491 2379 4545 id
2419 4494 2568 4562 quod
2597 4493 2859 4546 volumus
2889 4492 3208 4556 ostendere,
3241 4492 3391 4561 quod
3420 4508 3549 4562 cum
3582 4491 3806 4562 piscina
3839 4492 3921 4546 di-

2218 4561 2367 4634 citur
2396 4561 2724 4634 inibalneis,
2752 4565 2812 4616 in
2843 4580 2956 4634 qua
2986 4562 3226 4633 piscium
3252 4562 3393 4616 nihil
3420 4561 3511 4626 sit,
3532 4561 3799 4634 nihilque
3831 4563 3919 4632 pi-

2219 4633 2405 4686 scibus
2435 4633 2621 4687 simile
2668 4631 2897 4702 habeat,
2929 4631 3155 4687 videtur
3190 4638 3380 4686 tamen
3416 4649 3448 4684 a
3487 4631 3738 4701 piscibus
3769 4631 3919 4687 dicta

2217 4709 2453 4774 propter
2484 4720 2710 4774 aquam,
2747 4706 2843 4759 ubi
2888 4704 3137 4774 piscibus
3165 4703 3277 4756 vita
3306 4706 3408 4756 est.
3448 4703 3532 4774 lta
3571 4704 3919 4774 vocabulum

2216 4772 2343 4828 non
2373 4772 2714 4829 translatum
2759 4772 3155 4840 similitudine,
3198 4773 3295 4827 sed
3342 4772 3591 4843 quadam
3625 4773 3918 4829 vicinitate

2217 4853 2555 4915 usurpatum
2600 4852 2701 4900 est.
2749 4847 2909 4911 Quod
2948 4847 2995 4899 si
3033 4845 3160 4915 quis
3191 4844 3341 4898 dicat
3372 4845 3637 4897 homines
3665 4845 3917 4914 piscibus

2218 4914 2430 4970 similes
2478 4918 2726 4971 natando
2776 4917 2947 4981 ﬁerit
2978 4914 3207 4969 et’inde
3257 4915 3493 4984 piscinas
3538 4931 3749 4969 nomen
3791 4932 3915 4971 esse

2217 4993 2416 5041 natum
2442 5004 2455 5053 ;
2492 4990 2726 5042 stultum
2756 4994 2837 5043 est
2866 4989 2974 5041 hoc
2996 4985 3262 5053 refutare,
3293 5003 3423 5040 cum
3454 4987 3521 5039 ab
3554 5003 3615 5039 re
3644 4993 3910 5041 neutrum

2219 5059 2541 5123 abhorreat,
2587 5065 2644 5113 et
2689 5065 2995 5129 utrumque
3026 5057 3218 5129 lateat.
3252 5058 3403 5129 Illud
3431 5061 3624 5110 tamen
3652 5056 3799 5111 bene
3830 5074 3915 5111 ac-

2218 5129 2371 5192 cidit,
2424 5130 2577 5199 quod
2626 5146 2742 5183 uno
2790 5128 3049 5199 exemplo
3088 5128 3401 5183 dilucidare
3430 5128 3551 5197 jam
3585 5144 3910 5198 possumus,

2218 5199 2354 5269 quid
2388 5198 2559 5253 distet
2584 5200 2745 5269 origo
2770 5200 2941 5265 verbi,
2958 5198 3097 5269 quae
3120 5200 3189 5254 de
3213 5199 3506 5252 vicinitate.
3523 5198 3818 5267 arripitur,
3843 5199 3914 5253 ab

2218 5285 2284 5323 ea
2314 5287 2442 5340 quas
2472 5270 2842 5323 similitudine
2866 5270 3109 5323 ducitur.
3146 5272 3285 5324 Hinc
3307 5271 3451 5323 facta
3472 5275 3559 5323 est
3586 5270 3912 5338 progressio

2216 5356 2398 5411 usque
2427 5341 2492 5395 ad
2516 5340 2886 5395 contrarium.
2927 5342 3067 5395 Nam
3090 5342 3249 5394 lucus
3276 5341 3455 5395 dictus
3476 5346 3733 5410 putatur,
3757 5341 3909 5410 quod

2218 5412 2455 5465 minime
2486 5413 2705 5479 luceat;
2731 5417 2786 5465 et
2817 5412 3051 5475 bellum,
3085 5412 3238 5481 quod
3270 5428 3359 5465 res
3389 5413 3536 5465 bella
3567 5427 3683 5464 non
3713 5412 3823 5476 sit;
3857 5417 3913 5465 et

2216 5483 2444 5538 foederis
2467 5499 2697 5545 nomen,
2732 5484 2884 5552 quod
2914 5500 3001 5537 res
3031 5484 3180 5537 fceda
3209 5498 3326 5535 non
3349 5483 3459 5537 sit:
3493 5481 3646 5551 quod
3675 5481 3721 5533 si
3753 5498 3785 5535 a
3815 5482 3913 5536 fa:-

2217 5554 2389 5607 ditate
2441 5555 2600 5623 porci
2647 5554 2861 5608 dictum
2909 5560 3010 5615 est.
3062 5559 3127 5607 ut
3182 5553 3443 5607 nonnulli
3489 5553 3709 5623 volunt,
3767 5554 3913 5606 redit

2216 5640 2351 5693 ergo
2382 5621 2454 5679 ad
2480 5625 2636 5679 illam
2667 5625 3036 5690 vicinitatem,
3068 5640 3197 5678 cum
3227 5625 3280 5678 id
3312 5623 3464 5694 quod
3491 5624 3574 5684 ﬁt,
3607 5621 3681 5694 ab
3713 5638 3781 5676 eo
3814 5640 3913 5693 per

2216 5696 2369 5765 quod
2397 5696 2464 5749 ﬁt
2483 5696 2844 5752 nominatur.
2872 5698 3014 5751 Nam
3037 5700 3093 5749 et
3114 5696 3223 5750 ista
3248 5693 3484 5749 omnino
3510 5693 3773 5747 vicinitas
3800 5694 3909 5765 late

2213 5764 2390 5835 patet,
2426 5770 2482 5824 et
2510 5783 2613 5838 per
2646 5769 2857 5823 multas
2884 5771 3075 5837 partes
3108 5770 3349 5824 secatur.
3393 5769 3506 5822 Aut
3534 5782 3638 5838 per
3667 5764 3911 5822 efﬁcien-
