4056 6370
148 285 291 338 1413

145 408 316 471 tiam,
354 410 415 460 ut
442 407 550 460 hoc
573 406 759 476 ipsum
791 423 822 459 a
850 405 1101 460 foeditate
1128 404 1444 476 porci,-per
1474 420 1647 476 quem
1680 404 1859 459 fcedus

143 478 430 543 efﬁcitur;
465 481 562 531 aut
591 493 693 547 per
721 476 1007 542 effectum,
1042 481 1103 529 ut
1130 481 1354 547 puteus,
1385 477 1541 547 quod
1580 478 1701 546 ejus
1732 477 1860 529 etfe-

146 554 273 602 ctus
305 548 528 617 potatio
562 556 667 616 est,
699 549 950 601 creditur
975 548 1307 614 dictus;aut
1332 564 1434 617 per
1461 548 1517 601 id
1548 548 1701 617 quod
1731 563 1860 601 con-

143 619 318 685 tinet,
367 624 428 672 ut
464 620 691 684 urbem,
743 620 813 673 ab
861 620 996 672 orbe
1043 621 1387 688 appellatam
1438 620 1657 681 volunt,
1705 619 1858 688 quod

146 684 448 760 auspicato
496 693 617 744 loco
657 690 1005 744 circumduci
1035 684 1223 743 aratro
1249 684 1405 759 {solet
1434 703 1446 744 :
1497 691 1657 757 cujus
1687 684 1769 742 rei
1803 694 1860 742 et

145 763 427 830 Virgilius
457 762 737 823 meminit,
767 762 864 814 ubi
912 763 1111 814 ASneas
1146 762 1348 814 urbem
1380 760 1641 829 designat
1671 766 1857 813 aratro

145 833 383 902 (xEneid.
416 834 507 887 lib.
542 837 595 897 5,
625 850 678 885 υ.
711 836 831 886 755)
859 848 871 885 :
907 839 1003 885 aut
1027 848 1129 902 per
1154 832 1213 885 id
1242 831 1396 901 quod
1425 832 1769 896 continetur,
1796 836 1859 884 ut

145 905 193 956 si
223 905 362 973 quis
408 904 677 957 horreum
711 907 928 957 mutata
965 904 1000 956 d
1030 903 1218 955 littera
1262 902 1511 955 afﬁrmet
1540 903 1609 955 ab
1643 902 1854 973 hordeo

147 972 571 1053 noiiiinatumi
602 982 721 1053 _aut_
754 990 857 1053 per
899 974 1254 1053 abusionem,
1299 979 1359 1053 ut
1404 988 1530 1026 cum
1577 972 1859 1026 hordeum

147 1045 419 1110 dicimus,
453 1052 509 1099 et
536 1045 616 1098 ibi
654 1044 907 1098 triticum
938 1045 1230 1110 conditur;
1267 1045 1351 1097 vel
1384 1060 1417 1097 a
1446 1049 1604 1113 parte
1652 1049 1856 1104 totum,

148 1121 211 1169 ut
243 1116 540 1169 mucronis
569 1116 822 1179 nomine,
854 1132 981 1185 quae
1014 1131 1240 1169 summa
1267 1132 1397 1185 pars
1428 1120 1512 1167 est
1541 1114 1734 1183 gladii,
1768 1119 1857 1168 t0-

147 1191 274 1240 tum
306 1188 562 1257 gladium
592 1192 821 1253 vocant;
850 1187 936 1239 vel
967 1204 999 1240 a
1021 1192 1137 1239 toto
1167 1202 1315 1255 pars,
1348 1190 1410 1238 ut
1438 1187 1677 1257 capillus
1700 1185 1858 1257 quasi

148 1256 357 1328 capitis
398 1259 571 1327 pilus.
610 1258 754 1320 Quid
804 1258 953 1310 ultra
995 1257 1313 1328 provehar?
1362 1256 1652 1325 Quidquid
1704 1256 1858 1309 aliud

149 1327 528 1382 annumerari
567 1333 772 1398 potest,
805 1333 902 1380 aut
941 1327 1315 1380 similitudine
1358 1343 1549 1380 rerum
1591 1332 1647 1379 et
1684 1343 1858 1379 sono—

150 1416 305 1465 rum,
338 1404 439 1453 aut
480 1399 850 1452 similitudine
883 1414 1074 1451 rerum
1116 1398 1390 1468 ipsarum,
1421 1404 1516 1451 aut
1546 1398 1855 1464 vicinitate,

150 1477 249 1524 aut
279 1470 590 1538 contrario,
619 1470 896 1523 contineri
925 1470 1140 1523 videbis
1167 1468 1450 1537 originem
1476 1469 1656 1535 verbi,
1684 1484 1859 1537 quam

151 1541 429 1612 prosequi
456 1558 570 1594 non
603 1541 836 1610 quidem
869 1541 1018 1593 ultra
1048 1540 1172 1612 soni
1199 1539 1635 1593 similitudinem
1667 1555 1861 1608 possu-

150 1610 313 1677 inus;
345 1610 444 1665 sed
476 1614 583 1665 hoc
614 1628 725 1664 non
758 1627 981 1681 semper
1013 1610 1212 1681 utique
1244 1627 1563 1681 possumus.
1593 1612 1860 1663 Innume-

152 1683 359 1737 rabilia
391 1682 544 1736 enim
574 1688 707 1736 sunt
738 1683 928 1747 verba,
950 1680 1196 1752 quorum
1226 1680 1369 1734 ratio
1402 1680 1559 1733 reddi
1589 1696 1705 1752 non
1738 1697 1859 1752 pos:

150 1754 222 1807 sit
253 1770 266 1808 :
302 1759 401 1807 aut
433 1770 547 1807 non
576 1758 676 1820 est,
712 1759 775 1806 ut
811 1770 914 1822 ego
945 1750 1219 1818 arbitror;
1254 1758 1353 1806 aut
1384 1752 1537 1817 latet,
1567 1757 1657 1822 fut
1685 1750 1859 1805 Stoici

151 1826 528 1879 contendunt.
560 1824 698 1877 Vide
731 1821 923 1877 tamen
962 1824 1285 1893 paululum,
1330 1821 1618 1893 quomodo
1658 1839 1857 1891 perve-

152 1896 264 1949 niri
296 1901 507 1965 putant
536 1894 607 1948 ad
637 1895 733 1948 illa
764 1892 1068 1948 verborum
1090 1892 1396 1960 cunabula,
1418 1894 1505 1947 vel
1527 1892 1597 1946 ad
1622 1895 1857 1965 stirpem

151 1963 344 2037 potius
378 1971 548 2036 atque
578 1966 719 2018 adeo
740 1972 1088 2037 rsementum,
1123 1967 1270 2017 ultra
1301 1965 1448 2037 quod
1472 1963 1665 2037 quaeri
1692 1964 1860 2037 origi-

152 2034 285 2091 nem
323 2034 539 2105 vetant,
568 2053 671 2089 nec
705 2036 752 2089 si
790 2037 915 2106 quis
947 2036 1100 2101 velit,
1134 2034 1331 2106 potest
1352 2034 1665 2105 quidquam
1698 2035 1856 2087 inve-

153 2108 295 2162 nire.
325 2109 505 2162 Nemo
529 2107 770 2175 ambigit
798 2107 1059 2175 syllabas,
1082 2108 1142 2159 in
1172 2106 1378 2175 quibus
1405 2121 1436 2157 v
1458 2106 1648 2158 littera
1670 2106 1857 2159 locum

152 2180 377 2233 obtinet
403 2180 781 2242 consonantis,
816 2184 878 2231 ut
905 2183 1038 2230 sunt
1065 2177 1125 2230 in
1159 2177 1246 2229 his
1282 2176 1487 2240 verbis,
1524 2181 1736 2240 venter,
1771 2193 1860 2229 va-

152 2250 254 2315 fer,
291 2251 506 2315 velum,
540 2249 757 2313 vinum,
791 2250 991 2315 vomis,
1026 2249 1251 2312 vulnus,
1295 2263 1546 2299 crassum
1592 2252 1649 2299 et
1695 2246 1857 2316 quasi

156 2322 405 2375 validum
436 2336 639 2374 sonum
669 2322 856 2374 edere.
886 2319 1044 2383 Quod
1078 2318 1356 2389 approbat
1383 2318 1555 2389 etiam
1584 2317 1858 2387 loquendi

154 2392 532 2455 consuetudo,
564 2408 695 2444 cum
725 2391 1066 2461 quibusdam
1098 2388 1281 2443 verbis
1311 2406 1403 2461 eas
1444 2388 1854 2461 subtrahimus,

153 2479 223 2517 ne
247 2469 491 2517 onerent
511 2479 728 2515 aurem.
744 2459 895 2514 Nam
918 2461 1049 2515 inde
1071 2468 1155 2513 est
1177 2460 1329 2530 quod
1357 2459 1559 2512 amasti
1592 2460 1857 2530 libentius

153 2534 397 2588 dicimus
443 2550 616 2604 quam
665 2532 962 2604 amavisti,
990 2537 1043 2604 et
1088 2529 1253 2597 abiit;
1298 2546 1413 2583 non
1449 2529 1669 2604 _abivit;
1700 2536 1768 2604 et_
1799 2530 1859 2583 in

153 2604 305 2659 hunc
339 2600 575 2659 modum
604 2602 1067 2656 innumerabilia.
1104 2604 1248 2671 Ergo
1272 2618 1403 2655 cum
1433 2601 1696 2667 dicimus,
1722 2600 1852 2665 vim,

155 2691 334 2730 sonus
366 2676 544 2741 verbi,
571 2679 635 2728 ut
663 2675 876 2728 dictum
902 2679 1004 2739 est,
1029 2674 1191 2743 quasi
1218 2672 1436 2726 validus
1468 2672 1733 2741 congruit
1754 2672 1857 2737 rei,

155 2762 282 2817 quae
330 2746 701 2817 signiﬁcatur.
734 2747 857 2817 Jam
908 2761 974 2817 ex
1024 2745 1121 2817 illa
1147 2743 1439 2817 vicinitate
1462 2759 1572 2817 per
1611 2744 1681 2817 id_
1703 2744 1858 2817 quod

155 2813 433 2881 efﬁciunt,
475 2819 583 2871 hoc
626 2821 709 2869 est
756 2815 891 2886 quia
927 2814 1197 2868 violentia
1243 2819 1395 2886 sunto,
1425 2815 1589 2886 dicta
1632 2813 1859 2886 vincuta

155 2895 393 2959 possunt
423 2884 941 2959 videri,retiv‘imen
971 2885 1336 2959 quoaliquid
1384 2884 1683 2959 vinciatur.
1721 2884 1857 2959 Inde

154 2954 318 3027 vites,
378 2960 531 3030 quod
583 2957 945 3011 adminiculis
988 2954 1576 3030 quibusivinciantur
1622 2955 1859 3007 nexibus

154 3025 426 3101 pendent.
458 3031 597 3084 Ilinc
618 3030 790 3083 etiam
818 3025 1049 3098 propter
1072 3025 1532 3101 similitudinem,
1560 3025 1859 3078 incurvum

154 3097 351 3155 senem
400 3101 610 3154 victum
641 3097 941 3153 Terentius
986 3097 1304 3169 appellavit.
1355 3097 1494 3149 llinc
1531 3102 1702 3169 terra,
1728 3113 1861 3169 quin

156 3174 397 3242 pedibus
426 3171 819 3226 itinerantium
855 3166 1105 3223 ﬂexuosa
1131 3174 1187 3242 et
1215 3168 1348 3221 trita
1378 3173 1481 3232 est,
1510 3168 1600 3242 _v_ia
1630 3166 1855 3242 dicitur.

153 3238 207 3297 Si
230 3250 431 3322 autem
463 3243 734 3322 ﬁatque:
765 3243 815 3294 vi
848 3242 1061 3321 pedum
1092 3240 1237 3322 trita‘
1262 3243 1364 3322 est2
1395 3238 1647 3317 creditur
1685 3238 1854 3318 dicta,

154 3315 301 3369 redit
330 3314 492 3384 origo
523 3314 593 3367 ad
621 3308 784 3366 illam
812 3308 1180 3384 vicinitatem.
1207 3309 1311 3384 Sed
1342 3309 1675 3384 faciamusa
1706 3308 1859 3362 simi-

153 3384 397 3439 litudine
424 3379 557 3437 vitis
587 3386 673 3437 vel
702 3383 948 3449 viminis,
974 3383 1081 3435 hoc
1103 3386 1188 3435 est
1207 3397 1240 3433 a
1269 3382 1416 3433 ﬂexu
1452 3396 1571 3433 esse
1604 3379 1813 3433 dictam
1842 3395 1855 3434 :

156 3457 365 3526 quierit
404 3471 539 3525 ergo
588 3471 677 3508 me
712 3453 1019 3524 quispiam,
1054 3468 1231 3526 quare
1276 3452 1367 3526 via
1398 3451 1546 3504 dicta
1593 3455 1723 3526 est_:
1768 3467 1859 3504 re-

155 3521 430 3597 spondeo,
465 3521 499 3579 ἐ
528 3526 698 3587 ﬂexu,
727 3521 865 3597 quia
891 3521 1101 3597 ﬂexum
1134 3524 1286 3597 velut
1313 3522 1620 3597 incurvum
1645 3521 1859 3597 victum

157 3592 376 3652 veteres
403 3598 696 3651 dixerunt:
726 3592 877 3649 unde
900 3596 1074 3648 victos
1096 3594 1251 3665 quod
1277 3592 1482 3646 cantho
1510 3592 1856 3665 ambiantur,

155 3675 409 3723 rotarum
469 3669 625 3738 ligna
678 3671 901 3721 vocant.
957 3664 1325 3735 Persequitur
1370 3679 1649 3738 quaerere,
1705 3664 1859 3738 unde

155 3740 364 3795 victum
414 3734 627 3793 flex'um
657 3738 878 3792 dicatur
910 3752 922 3791 :
952 3742 1009 3790 et
1040 3738 1130 3790 hic
1146 3734 1493 3805 respondeo,
1526 3750 1559 3805 a
1589 3734 1858 3787 similitu-

158 3810 290 3865 dine
323 3811 471 3864 vitis.
505 3811 683 3863 Instat
712 3814 881 3879 atque
909 3808 1084 3878 exigit
1115 3804 1265 3859 unde
1311 3805 1459 3879 istud
1493 3804 1565 3879 sit
1592 3804 1727 3879 vitis
1753 3821 1857 3858 no-

156 3896 289 3936 men
319 3898 332 3935 :
370 3883 495 3935 dico
527 3882 662 3952 quia
691 3874 866 3933 vineit
895 3895 961 3952 ea
992 3874 1120 3952 quae
1144 3874 1663 3952 comprehenderit.
1699 3875 1859 3952 Scru-

156 3957 307 4007 tatur
334 3952 526 4023 ipsum
543 3945 796 4016 'vincere,
828 3950 981 4004 unde
1008 3945 1227 4023 dictum
1258 3945 1370 4001 sit:
1411 3946 1687 4023 dicemus,
1719 3962 1753 3999 a
1781 3945 1855 4023 vi.

158 4023 248 4078 Vis
296 4016 475 4094 qnare
524 4023 602 4076 sic
648 4023 988 4092 appellatur,
1036 4017 1639 4094 requiretz-redditur
1688 4016 1857 4094 ratio,

155 4095 288 4165 quia
306 4088 539 4149 robusto
569 4098 626 4147 et
645 4088 832 4146 valido
858 4108 996 4165 son_o
1020 4088 1257 4165 verbum
1286 4089 1391 4153 rei,
1414 4088 1858 4165 quaesigniticaf

157 4159 270 4231 t'ur,
302 4165 585 4235 congruit.
620 4165 775 4218 Ultra
821 4161 975 4233 quod
1014 4161 1270 4232 requirat
1307 4159 1445 4235 non
1474 4159 1665 4213 habet.
1711 4159 1861 4223 Quot

155 4238 344 4291 modis
374 4234 564 4289 autem
594 4236 756 4304 origo
802 4235 1109 4304 verborum
1140 4234 1501 4301 corruptione
1538 4246 1740 4284 vocum
1772 4245 1861 4304 va-

154 4308 354 4375 rietur,
385 4308 643 4377 ineptum
676 4302 761 4359 est
788 4303 1060 4375 prosequi
1093 4319 1106 4357 :
1140 4319 1277 4356 nam
1308 4308 1363 4356 et
1394 4304 1653 4377 longum,
1680 4306 1737 4355 et
1756 4302 1862 4355 mi-

158 4394 263 4432 nus
292 4373 463 4450 quam
484 4373 594 4450 illa
624 4373 931 4450 quiejieta
961 4373 1525 4450 sunt,_necessari_um
1556 4377 1657 4427 est.

568 4444 792 4502 CXPUT
832 4446 948 4499 VII.
990 4476 1059 4484 —
1098 4448 1168 4499 De
1194 4447 1251 4498 vi
1277 4444 1445 4498 verbi.

228 4522 391 4575 Nunc
417 4518 530 4573 vim
561 4519 885 4583 verborum,
920 4521 1201 4586 quantum
1229 4531 1319 4568 res
1349 4514 1583 4586 patitur,
1612 4511 1861 4567 breviter

155 4592 599 4646 consideremus.
648 4590 742 4642 Vis
792 4585 953 4641 verbi
989 4591 1089 4649 est,
1124 4602 1237 4657 qua
1275 4585 1659 4657 cognoscitur
1684 4599 1863 4654 quan-

156 4666 281 4718 tum
307 4662 525 4715 valeat:
553 4661 698 4713 valet
719 4664 908 4713 autem
938 4655 1184 4719 tantum,
1214 4655 1495 4727 quantum
1530 4655 1858 4727 audientem

155 4749 384 4788 movere
408 4737 609 4802 potest.
637 4733 813 4785 Porro
843 4735 1032 4802 movet
1055 4726 1403 4802 audientem,
1424 4732 1522 4779 aut
1546 4726 1860 4779 secundum

158 4822 236 4871 se,
273 4810 373 4858 aut
408 4798 728 4856 Secundum
770 4801 827 4855 id
859 4800 1011 4872 quod
1051 4798 1350 4872 signiﬁcat,
1383 4802 1481 4850 aut
1514 4812 1581 4850 ex
1612 4803 1859 4872 utraque

158 4868 557 4929 communiter.
589 4874 693 4927 Sed
723 4889 853 4926 eum
874 4868 1197 4925 secundum
1227 4885 1284 4921 se
1311 4872 1521 4930 movet,
1547 4872 1645 4920 aut
1677 4868 1745 4921 ad
1778 4884 1864 4919 so-

157 4947 280 5019 lum
310 4961 540 4999 sensum
570 4944 838 5015 pertinet,
859 4948 957 4997 aut
985 4941 1058 4995 ad
1084 4946 1284 5005 artem,
1307 4943 1407 5019 aut
1435 4939 1504 4992 ad
1526 4945 1855 5019 utrumque.

157 5017 367 5072 Sensus
396 5010 592 5069 autern
614 5021 714 5068 aut
743 5022 948 5068 natura
980 5020 1256 5076 movetur,
1303 5015 1402 5064 aut
1428 5010 1857 5063 consuetudine.

158 5090 371 5143 Natura
399 5091 662 5140 movetur
689 5084 749 5138 in
781 5102 870 5150 eo,
904 5084 1057 5155 quod
1098 5081 1407 5136 otfenditur
1435 5080 1482 5132 si
1512 5080 1862 5155 quispomi-

156 5165 256 5213 net
292 5164 661 5213 Artaxerxem
705 5151 1038 5226 regemfvel
1071 5155 1355 5226 mulcetur
1385 5168 1515 5226 cum
1557 5151 1720 5226 audit
1754 5152 1864 5226 Eu-

156 5231 400 5301 ryalum.
433 5229 569 5292 Quis
599 5228 753 5281 enim
776 5221 1008 5301 etiamsi
1037 5224 1411 5301 nihilutique
1455 5223 1523 5276 de
1556 5221 1643 5275 his
1675 5221 1861 5301 homi-

158 5294 328 5356 nibus
360 5300 624 5365 audierit,
659 5314 900 5369 quorum
935 5296 1041 5369 ista
1080 5300 1213 5350 sunt
1243 5294 1641 5369 nomina,_non
1670 5297 1863 5346 tamen

156 5372 215 5426 in
249 5373 347 5425 illo
386 5364 750 5441 asperitatem
800 5366 1131 5441 maximam,
1165 5371 1220 5420 et
1248 5367 1306 5420 in
1347 5367 1455 5419 hoc
1497 5364 1714 5435 judicet
1736 5379 1862 5441 esse

157 5435 499 5497 lenitatem-'2
526 5440 950 5496 Consuetudine
990 5443 1250 5491 movetur
1278 5452 1495 5501 sensus,
1529 5451 1657 5488 cum
1692 5435 1866 5488 offen-

158 5514 313 5568 ditur
333 5530 461 5567 cum
491 5513 651 5565 audit
673 5510 946 5582 quiddam
972 5525 985 5563 :
1012 5524 1142 5562 nam
1167 5507 1353 5582 hie_ad
1379 5506 1717 5582 suavitatem
1741 5504 1865 5559 soni

159 5588 243 5639 vel
277 5578 856 5638 insuavitatem'nihil
888 5582 1164 5644 interest;
1194 5578 1290 5632 sed
1323 5584 1514 5631 tamen
1545 5578 1735 5630 valent
1763 5593 1866 5630 au-

161 5656 310 5711 rium
340 5655 934 5725 penetraliamovere,
954 5654 1145 5725 utrum
1180 5665 1282 5725 per
1302 5665 1361 5703 se
1390 5652 1755 5725 transeuntes
1781 5664 1866 5725 so-

162 5742 264 5782 nos
307 5720 472 5797 quasi
519 5724 987 5801 hospites__notos,
1020 5737 1093 5775 an
1122 5720 1352 5801 ignotos
1396 5720 1695 5801 recipiant.
1729 5723 1865 5801 Arte

162 5790 355 5855 autem
384 5790 650 5854 movetur
678 5795 923 5864 auditor,
940 5808 1071 5849 cum
1100 5790 1397 5848 enuntiato
1428 5790 1536 5847 sibi
1567 5790 1760 5858 verbo,
1779 5793 1864 5845 at-

1720 278 2110 336 APPENDIX.

3529 289 3665 343 1414

1968 403 2299 477 tenditque
2330 404 2401 457 sit
2430 420 2560 477 pars
2590 404 2884 477 orationis,
2917 405 3001 458 vel
3036 406 3081 459 si
3110 406 3245 477 quid
3280 408 3436 463 aliud
3467 410 3529 463 in
3574 411 3664 465 his

1969 475 2304 545 disciplinis,
2334 492 2462 548 quae
2492 476 2559 530 de
2585 476 2767 529 verbis
2795 475 3385 548 traduntur,_accepit.
3417 484 3488 535 At
3526 498 3662 536 vero

1968 562 2033 600 ex
2065 554 2329 620 utroque,
2359 547 2415 620 id
2441 554 2523 600 est
2553 554 2609 600 et
2629 563 2797 600 sensu
2828 553 2883 600 et
2906 555 3025 601 arte
3054 551 3123 601 de
3155 547 3322 603 verbo
3348 552 3658 620 judicatur,

1968 633 2099 671 cum
2122 618 2198 683 id,
2234 618 2383 687 quod
2407 634 2571 670 aures
2602 620 2936 683 metiuntur,
2964 620 3109 672 ratio
3142 626 3323 688 notat,
3352 618 3422 674 ﬁet
3452 618 3662 677 nomen

1966 688 2047 742 ita
2077 690 2347 764 ponitur;
2383 688 2698 764 ut_dic1_tur,
2720 690 3002 764 optimus:
3026 706 3155 764 mox
3176 697 3237 764 ut
3265 708 3464 746 aurem
3492 696 3663 764 longa

1967 776 2082 832 una
2103 760 2315 829 syllaba
2340 766 2395 812 et
2423 760 2550 813 duae
2580 760 2774 813 breves
2800 760 2969 830 hujus
2982 763 3228 815 nominis
3254 760 3661 832 percusserint,

1968 830 2193 883 animus
2219 847 2283 884 ex
2315 835 2433 883 arte
2464 832 2651 883 statim
2674 832 2877 900 pedem
2907 833 3192 902 dactylum
3222 830 3493 903 agnoscit.
3528 830 3667 889 Sena

1968 917 2102 976 sum
2119 917 2251 955 vero
2276 917 2387 976 non
2422 905 2732 970 secundum
2763 918 2839 967 se,
2872 904 2967 956 sed
2998 905 3309 958 secundum
3330 906 3384 958 id
3417 907 3567 976 quod
3596 906 3665 959 si-

1968 972 2201 1047 gniﬁcat
2230 972 2709 1047 verbum-movet,
2740 976 2969 1047 quando
3013 990 3116 1044 per
3164 977 3402 1029 verbum
3432 972 3664 1047 accepto

1968 1044 2149 1112 signo,
2185 1042 2410 1096 animus
2436 1043 2578 1096 nihil
2619 1042 2772 1096 aliud
2804 1060 2975 1113 quam
3004 1042 3185 1114 ipsam
3217 1062 3337 1099 rem
3384 1042 3662 1112 intuetur,

1967 1116 2129 1188 cujus
2158 1114 2299 1188 illud
2321 1114 2566 1188 signum
2587 1120 2669 1188 est
2701 1116 2853 1188 quod
2887 1118 3099 1185 accepit
3127 1133 3139 1170 :
3164 1122 3229 1169 ut
3272 1133 3421 1183 cum,
3462 1121 3665 1188 Augu-

1966 1186 2114 1259 stino
2145 1184 2458 1259 nominato,
2492 1184 2633 1259 nihil
2666 1186 2819 1259 aliud
2850 1184 3159 1259 quamrego
3188 1188 3307 1257 ipse
3338 1184 3663 1259 cogitur—ab

1967 1255 2112 1324 ipso,
2142 1256 2233 1327 cui
2265 1261 2429 1327 notus
2457 1272 2581 1308 sum
2610 1254 2682 1325 (α)
2710 1271 2724 1308 :
2756 1261 2855 1308 aut
2869 1254 3121 1327 quilibet
3152 1254 3448 1313 hominum
3481 1259 3663 1313 menti

1969 1326 2233 1399 occurrit,
2262 1326 2327 1399 si
2363 1327 2504 1399 forte
2536 1328 2642 1379 hoc
2675 1326 2915 1399 nomen,
2945 1329 3027 1399 vel
3062 1329 3160 1398 qui
3192 1346 3280 1382 me
3310 1330 3535 1399 ignorat
3563 1347 3664 1384 au-

1968 1396 2157 1463 dierit,
2190 1398 2273 1449 vel
2306 1398 2406 1466 qui
2437 1398 2613 1450 alium
2644 1398 2820 1461 novit,
2865 1398 2965 1467 qui
3012 1396 3364 1467 Augustinus
3412 1406 3662 1455 vocetur.

1969 1468 2113 1521 Cum
2143 1474 2333 1521 autem
2367 1469 2534 1521 simul
2568 1474 2623 1521 et
2644 1468 2957 1521 secundum
2988 1487 3046 1521 se
3074 1472 3309 1524 verbum
3343 1478 3533 1525 movet
3561 1488 3664 1525 au-

1967 1539 2246 1613 dientem,
2289 1544 2345 1591 et
2396 1539 2706 1613 secundum
2730 1539 2784 1613 id
2812 1540 2962 1609 quod
2983 1541 3449 1608 signiﬁcat;tunc
3466 1548 3519 1595 et
3543 1542 3665 1613 ipsa

1968 1610 2310 1674 enuntiatio,
2344 1613 2399 1662 et
2426 1610 2482 1663 id
2516 1611 2668 1680 quod
2711 1611 2779 1663 ab
2820 1627 2886 1663 eo
2940 1613 3291 1676 enuntiatur,
3343 1613 3514 1667 simul
3565 1610 3665 1667 ad-

1968 1679 2225 1733 vertitur.
2272 1681 2426 1734 Unde
2455 1679 2608 1733 enim
2652 1681 2714 1734 ﬁt
2743 1681 2893 1750 quod
2933 1697 3048 1734 non
3096 1682 3404 1737 otl‘enditur
3442 1684 3670 1738 aurium

1968 1754 2211 1826 castitas,
2240 1767 2368 1803 cum
2425 1752 2604 1826 audit,
2639 1752 2825 1826 Manu,
2880 1759 3095 1820 ventre,
3145 1769 3312 1826 pene,
3369 1754 3519 1807 bona
3566 1772 3667 1826 pa-

1967 1823 2079 1875 tria
2107 1823 2480 1895 laceraverat;
2517 1821 2901 1895 olfeiideretur
2928 1829 3120 1895 autem
3146 1821 3199 1876 si
3245 1825 3503 1878 obscmna
3538 1821 3670 1895 p—ars

1968 1891 2223 1965 corporis
2263 1892 2491 1945 sordido
2535 1909 2599 1946 ac
2628 1892 2849 1965 vulgari
2892 1893 3123 1948 nomine
3148 1891 3580 1965 appellaretur“?
3608 1897 3670 1951 in

1966 1962 2071 2035 hoc
2103 1968 2293 2035 autem
2326 1979 2555 2035 sensum
2595 1964 2968 2033 animumque
3000 1962 3299 2035 utriusque
3334 1968 3668 2021 deformitas

1968 2033 2303 2107 offenderet,
2335 2034 2445 2107 nisi
2477 2034 2573 2107 illa
2598 2034 2892 2103 turpitudo
2928 2035 3019 2107 rei
3050 2052 3178 2106 quae
3206 2033 3529 2106 signiﬁcata
3558 2043 3667 2107 est,

1968 2104 2171 2158 decore
2192 2104 2347 2157 verbi
2380 2105 2752 2174 signiﬁcantis
2783 2104 3121 2174 operiretur,
3156 2104 3285 2161 cum
3340 2124 3429 2161 res
3466 2104 3666 2163 eadem

1968 2175 2060 2231 sit.
2121 2176 2284 2244 cujus
2312 2181 2623 2245 utrumque
2653 2176 2989 2229 vocabulum
3021 2184 3103 2231 est
3134 2194 3147 2231 :
3195 2179 3370 2231 veluti
3414 2195 3526 2233 non
3557 2180 3670 2234 alia

1967 2247 2258 2320 meretrix,
2293 2244 2585 2300 sed'aliter
2607 2254 2796 2320 tamen
2827 2247 3050 2301 videtur
3072 2265 3139 2302 eo
3172 2251 3347 2315 cultu,
3381 2266 3496 2320 quo
3537 2256 3667 2304 ante

1960 2317 2216 2387 judicem
2239 2322 2384 2371 stare
2413 2319 2638 2389 assolet,
2669 2318 2837 2372 aliter
2862 2335 2928 2371 eo
2960 2335 3073 2389 quo
3105 2320 3159 2373 in
3190 2317 3470 2374 luxuridsi
3499 2321 3667 2375 cubi-

1967 2389 2094 2462 culo
2139 2389 2371 2457 iaceret.
2406 2388 2546 2442 Cum
2577 2390 2752 2458 igitur
2794 2388 3014 2462 tantam
3069 2390 3184 2444 vim
3216 2396 3449 2462 tamque
3480 2392 3671 2447 multi-

1966 2459 2175 2529 plicem
2212 2464 2647 2533 appareattesse
2701 2460 3025 2533 verborum,
3060 2477 3232 2532 quam
3288 2459 3536 2516 breviter
3564 2480 3668 2533 pro

1969 2536 2226 2602 tempore
2249 2530 2693 2602 summatimque
2724 2532 3018 2601 attigimus
3044 2530 3295 2602 {duplex
3322 2534 3413 2587 hic
3442 2550 3510 2587 ex
3535 2530 3669 2588 cen-

1968 2601 2313 2675 sideratione
2346 2619 2545 2655 sensus
2576 2601 2830 2655 nascitur
2862 2619 2874 2655 :
2905 2605 3112 2672 partim
3133 2601 3369 2675 propter
3395 2606 3671 2674 explican-

1969 2671 2100 2725 dam
2130 2671 2453 2737 veritatem,
2487 2675 2695 2742 partim
2728 2671 2963 2743 propter
2991 2671 3328 2729 servandi-im
3383 2671 3669 2743 decorem,

1968 2758 2211 2811 quorum
2245 2743 2495 2811 primum
2528 2743 2595 2796 ad
2625 2743 3005 2810 dialecticum,
3039 2748 3349 2800 secundum
3377 2747 3449 2800 ad
3480 2753 3717 2802 orato-..

1968 2828 2090 2866 rem
2123 2814 2368 2887 maxime
2401 2814 2666 2883 pertinet.
2703 2815 2969 2887 Quamvis
2999 2817 3153 2868 enim
3186 2833 3291 2870 nec
3331 2818 3670 2887 disputatio-

1968 2899 2098 2936 nem
2133 2885 2330 2937 deceat
2357 2884 2631 2954 ineptam,
2658 2900 2760 2957 nec
2785 2885 3195 2957 eloquentiam-
3232 2884 3492 2957 oporteat
3547 2905 3669 2942 esse

1969 2959 2353 3029 mendacem;
2375 2960 2563 3029 tamen
2602 2955 2751 3029 etin
2784 2956 2881 3029 iila
2929 2972 3076 3029 saepe
3129 2955 3297 3027 atque
3351 2959 3493 3011 adeo
3522 2974 3668 3029 pene

1968 3041 2195 3097 semper
2225 3025 2757 3097 audiendidelicias
2790 3025 3044 3080 discendi
3074 3025 3281 3097 cupido
3332 3025 3667 3095 contemnit,

1968 3096 2106 3168 etin
2130 3096 2234 3149 hac
2265 3095 2602 3168 imperitior
2628 3097 2937 3151 multitudo
2991 3095 3162 3168 quod
3194 3105 3392 3153 ornate
3439 3101 3666 3166 dicitur,

1969 3166 2460 3241 e_tiam_vere_dici
2487 3167 2812 3241 arbitratur.
2851 3166 3162 3241 Ergo'cum
3215 3178 3485 3240 appareat
3533 3171 3669 3241 quid

1970 3237 2043 3290 sit
2069 3237 2884 3312 uniuscujusqueproprium,
2902 3237 3267 3294 manifestum
3293 3237 3375 3295 est
3401 3247 3455 3295 et
3474 3237 3669 3312 dispu-

1969 3312 2232 3373 tatorem,
2267 3310 2312 3361 si
2344 3325 2457 3379 qua
2486 3309 2539 3362 ei
2570 3310 2890 3363 delectandi
2920 3325 3055 3364 cura
3081 3316 3183 3377 est,
3214 3312 3496 3367 rhetorico
3521 3309 3671 3367 colo-

1968 3395 2030 3432 re
2048 3382 2478 3454 _asp_e_rgendum
2505 3397 2518 3446 ;
2545 3386 2598 3434 et
2620 3387 2927 3454 oratorem,
2957 3382 3309 3436 siveritatem
3330 3385 3672 3454 persuadere

1968 3451 2111 3515 vult,
2140 3450 2445 3524 dialecticis
2475 3453 2637 3521 quasi
2671 3452 2859 3505 nervis
2888 3459 3060 3524 atque
3093 3450 3465 3509 ossibus—esse
3498 3457 3670 3509 robo-

1969 3524 2236 3594 randam,
2271 3538 2399 3594 quae
2424 3523 2547 3591 ipsa
2577 3528 2780 3576 natura
2809 3523 3140 3594 corpOribus
3181 3526 3413 3592 nostris,
3446 3543 3549 3581 nec
3575 3527 3674 3581 ﬁr-

1968 3593 2156 3663 mitati
2183 3592 2390 3646 virium
2422 3594 2754 3647 subtrahere
2786 3592 2994 3663 potuit,
3029 3611 3131 3648 nec
3170 3597 3465 3651 oculorum
3496 3598 3673 3651 oﬂ'en-

1969 3662 2339 3737 sioniupatet'e
2374 3662 2882 3737 permisit._itaque
2918 3681 3070 3718 nunc
3100 3672 3335 3737 propter
3373 3669 3674 3723 veritatem

1968 3732 2412 3805 dijudicandam,
2455 3733 2606 3803 quod
2651 3732 2944 3805 dialectica
2972 3732 3291 3805 proﬁtetur,
3326 3755 3390 3791 ex
3422 3738 3526 3792 hac
3552 3755 3674 3793 ver-

1966 3802 2172 3881 borum
2200 3804 2276 3881 vi,
2310 3802 2765 3881 cujus’quaadam
2796 3802 3016 3860 semina
3041 3802 3376 3879 sparsimus,
3408 3826 3537 3881 quae
3563 3810 3671 3864 im-

1966 3875 2297 3945 pedimenta
2332 3880 2636 3929 nascantur
2666 3875 2983 3932 videamus.

1970 3971 2197 4046 CAPUT
2258 3972 2397 4026 VIII.
2447 4002 2516 4010 —
2548 3972 2844 4046 Obscurum
2894 3978 2945 4027 et
2968 3975 3300 4042 ambiguum.
3343 3978 3673 4046 Diﬂ’erentiz

2144 4043 2361 4096 obscuri
2391 4047 2440 4097 et
2460 4044 2720 4111 ambigui.
2751 4046 2885 4099 Tria
2906 4062 3102 4113 genere
3125 4043 3487 4103 obscurorum.

2040 4130 2287 4205 Impedit
2310 4130 2634 4205 auditorem
2659 4131 2727 4205 ad
2746 4132 3041 4205 veritatem
3056 4133 3356 4188 videndam
3380 4135 3438 4189 in
3460 4136 3666 4205 verbis,

1968 4205 2070 4254 aut
2098 4200 2413 4254 obscuritas
2445 4207 2541 4254 aut
2570 4202 2935 4271 ambiguitas.
2966 4203 3119 4256 lnter
3148 4206 3457 4260 obscurum
3480 4213 3536 4261 et
3555 4200 3671 4261 am;

1970 4272 2210 4347 biguum
2236 4271 2343 4325 hoc
2373 4272 2628 4347 interest,
2650 4273 2805 4347 quod
2833 4274 2892 4326 in
2924 4274 3196 4347 ambiguo
3222 4278 3386 4347 plura
3407 4295 3466 4332 se
3489 4285 3672 4334 osten-

1969 4343 2135 4418 dunt,
2161 4359 2404 4412 quorum
2434 4344 2570 4413 quid
2597 4344 2791 4418 potius
2820 4343 3325 4415 accipiendum'sit
3350 4350 3665 4418 ignoratur;

1968 4412 2027 4466 in
2059 4415 2299 4489 obscuro
2329 4412 2521 4489 autem
2550 4416 2718 4479 nihil,
2752 4423 2851 4469 aut
2882 4412 3086 4485 parum
3117 4419 3271 4487 quod
3319 4412 3665 4489 attendatur,

1968 4490 2230 4558 apparet.
2269 4485 2374 4539 Sed
2408 4486 2738 4558 ubiparum
2767 4493 2851 4558 est
2892 4490 3042 4557 quod
3073 4485 3329 4558 apparet,
3363 4485 3670 4546 obscurum

1968 4556 2352 4628 estambiguo
2379 4555 2597 4628 simile:
2631 4557 2807 4609 veluti
2840 4558 2885 4628 si
2910 4555 3046 4627 quis
3076 4555 3405 4628 ingrediens
3432 4562 3559 4628 iter,
3580 4580 3671 4618 ex-

1968 4626 2215 4694 cipiatur
2241 4628 2432 4695 aliquo
2465 4626 2633 4691 bivio,
2666 4628 2751 4679 vel
2789 4626 2974 4691 trivio,
3025 4630 3111 4681 vel
3143 4626 3338 4696 etiam,
3375 4639 3435 4686 ut
3463 4626 3554 4686 ita
3583 4635 3671 4689 di-

1969 4713 2114 4762 cam,
2146 4697 2409 4750 multivio
2442 4697 2584 4761 loco,
2616 4698 2712 4751 sed
2739 4698 3017 4751 densitate
3040 4700 3264 4754 nebula:
3288 4703 3671 4759 nihilviarum

1970 4770 2119 4838 quod
2145 4768 2484 4840 est,eluceat
2504 4783 2530 4840 :7
2550 4783 2690 4840 ergo
2722 4784 2755 4821 a
2787 4769 3079 4838 pergendo
3112 4772 3269 4840 prius
3326 4775 3671 4830 obscuritate

1969 4841 2319 4918 tenetur-tet
2361 4838 2465 4918 ubi.
2486 4838 2845 4918 aliquantum
2906 4838 3189 4918 rarescere
3235 4845 3460 4918 nebulae
3492 4863 3671 4918 caspe-

1971 4910 2106 4973 rint,
2139 4909 2365 4985 videtur
2395 4909 2632 4985 aliquid,
2684 4910 2851 4985 quod
2894 4916 3088 4965 utrum
3136 4913 3225 4967 via
3255 4916 3346 4985 sit,
3377 4934 3448 4970 an
3502 4909 3670 4971 terrae

1969 4979 2239 5050 proprius
2265 4985 2318 5032 et
2369 4979 2609 5033 nitidior
2639 4980 2795 5033 rolor
2839 4981 3119 5037 incertum
3152 4990 3266 5040 est:
3326 4979 3431 5040 hoc
3459 4992 3543 5041 est
3570 4989 3670 5042 ob—

1972 5066 2199 5131 scurum
2227 5050 2737 5131 ambiguo_simile.
2776 5051 3164 5131 l)_iluces_‘cente
3213 5058 3354 5131 coelo
3389 5063 3670 5127 quantum

1970 5121 2150 5175 oculis
2178 5122 2314 5174 satis
2360 5121 2451 5186 sit,
2495 5121 2614 5191 jam
2657 5122 2920 5178 omnium
2951 5127 3172 5180 viarum
3222 5121 3487 5181 deductio
3519 5130 3673 5183 clara

1972 5198 2058 5246 est
2084 5209 2096 5255 ;
2122 5192 2216 5246 sed
2240 5193 2452 5263 quasit
2474 5194 2849 5263 pergendum,
2884 5212 3000 5249 non
3032 5198 3392 5263 obscuritate,
3419 5200 3514 5252 sed
3546 5217 3669 5255 am-

1972 5263 2250 5332 biguitate
2282 5262 2597 5338 dubitatur.
2616 5265 2756 5338 Item
2775 5268 3286 5321 suntobscurorum
3303 5262 3513 5338 genera
3529 5272 3637 5325 tria
3653 5289 3667 5327 :

1973 5350 2153 5388 unum
2176 5339 2257 5387 est
2286 5335 2435 5407 quod
2470 5336 2659 5389 sensui
2689 5342 2864 5407 patet,
2894 5338 3085 5391 animo
3115 5335 3373 5393 clausum
3403 5348 3520 5407 est;
3542 5347 3670 5397 tan-

1972 5421 2144 5476 quam
2175 5406 2221 5459 si
2244 5406 2372 5476 quis
2400 5406 2620 5461 malum
2650 5406 2925 5478 punicum
2954 5409 3170 5477 pictum
3200 5410 3407 5479 videat,
3440 5406 3541 5483 qui
3570 5430 3669 5469 ne-

2036 5546 2114 5613 (a)
2133 5546 2208 5594 Ex
2224 5545 2335 5613 hoc
2362 5545 2481 5613 loco
2504 5547 2697 5613 diserte
2726 5546 3237 5613 s_equituralictorem
3259 5550 3479 5613 hujusce
3508 5552 3670 5604 libelli

1973 5609 2236 5657 nominari
2262 5610 2637 5675 itugustinum:
2658 5608 2785 5665 Quis
2797 5608 2921 5675 vero
2939 5610 3007 5658 sit
3035 5609 3122 5675 ille
3157 5608 3484 5675 Augustinus
3506 5616 3672 5666 incer-

1974 5676 2088 5720 tum
2118 5676 2214 5719 est.
2259 5672 2582 5729 Quibusdam
2622 5671 2675 5717 iu
2710 5674 2937 5719 mentem
2976 5671 3389 5724 veniteunidcm
3417 5692 3529 5727 esse
3585 5681 3671 5729 cui

1974 5734 2302 5847 ξιιίὶέυὲῃὲἶὲ
2307 5734 2426 5783 libri
2448 5734 2510 5844 gf
2530 5732 2855 5782 Mirabilibus
2876 5733 2927 5783 S.
2960 5733 3241 5799 Scriptum
3263 5740 3317 5788 in
3330 5741 3672 5803 appendicem

2003 5832 2014 5845 .
2085 5831 2098 5847 .
2183 5811 2195 5847 ι
2307 5831 2320 5847 .
2504 5829 2516 5843 ι

2003 5832 2014 5845 .
2050 5808 2098 5860 3,
2120 5808 2320 5860 rejecu.
2449 5808 2516 5844 M.
