4056 6366
446 296 580 350 1415

442 434 554 502 que
582 417 783 474 viderit
818 415 1146 502 aliquando,
1177 430 1285 502 nec
1311 413 1544 495 omnino
1573 413 1741 502 quale
1772 416 1919 496 esset
1941 413 2135 496 audie-

440 484 552 556 rit;
584 506 699 544 non
728 484 1024 544 oculorum
1055 490 1160 555 est,
1191 485 1289 540 sed
1319 484 1518 551 animi,
1542 484 1691 557 quod
1707 485 1932 557 cujusce
1951 485 2036 539 rei
2052 484 2136 556 pi-

441 555 601 617 ctura
656 560 747 626 sit,
780 559 977 614 nescit.
1009 558 1268 612 Alterum
1289 572 1468 628 genus
1498 555 1694 628 estubi
1713 555 1800 609 res
1824 556 2015 628 animo
2032 555 2135 628 pa-

440 636 606 694 teret,
636 631 750 685 nisi
779 628 967 684 sensui
997 626 1376 692 clauderetur,
1406 627 1551 698 sicut
1579 633 1663 682 est
1682 626 1855 681 homo
1874 626 2134 698 pictusin

442 702 724 758 tenebris:
758 717 891 755 nam
923 699 1023 770 ubi
1050 698 1227 770 oculis
1242 697 1592 770 apparuerit,
1624 698 1766 751 nihil
1787 697 2011 751 animus
2035 697 2134 750 ho-

442 773 660 827 minem
690 769 1235 842 pictumidubitabit.
1278 769 1540 842 Tertium
1571 785 1750 839 genus
1779 773 1911 842 est,_
1930 770 1989 821 in
2019 784 2132 838 quo

440 843 613 898 etiam
657 839 849 896 sensui
879 840 1266 905 absconditur,
1299 840 1449 910 quod
1482 845 1670 893 tamen
1704 842 1751 893 si
1798 839 2130 910 nudaretur,

439 914 583 969 nihil
604 913 785 983 magis
814 912 1006 966 animo
1037 908 1345 983 emineret}
1380 911 1533 983 quod
1565 926 1745 983 genus
1766 914 1848 963 cst
1873 908 2134 983 omnium

440 979 1055 1046 obscurissimummtsi
1067 981 1368 1051 imperitus
1383 979 1596 1035 malum
1610 980 1748 1034 illud
1764 979 2036 1050 punicum
2048 981 2133 1049 pi-

438 1060 590 1110 ctum
612 1054 782 1109 etiam
806 1053 865 1108 in
877 1053 1127 1107 tenebris
1141 1057 1440 1122 cogeretur
1463 1067 1785 1122 agnoscere.
1799 1052 1964 1104 Refer
1980 1067 2133 1105 nunc

440 1125 696 1180 animum
726 1125 795 1179 ad
825 1124 1016 1189 verba,
1036 1121 1560 1193 quorumistassunt
1575 1121 2130 1193 similitudinescon-

439 1197 669 1251 stituta.
694 1196 845 1251 Pone
874 1191 1205 1265 quempiam
1224 1193 1682 1264 grammaticum,
1700 1191 2020 1265 convocatis
2030 1191 2128 1265 di-

442 1267 691 1338 scipulis,
730 1262 992 1338 factoque
1022 1262 1249 1338 silentio
1279 1279 1581 1338 suppressa
1604 1279 1738 1317 voce
1769 1262 1998 1338 dixisse,
2027 1262 2128 1338 Te-

440 1333 692 1392 metum:
725 1336 879 1407 quod
901 1333 977 1389 ab
1029 1351 1094 1407 eo
1148 1333 1406 1407 dictum,
1437 1335 1537 1404 qui
1576 1349 1753 1405 prope
1782 1333 2126 1407 assidebant,

440 1408 576 1461 satis
605 1404 912 1461 audierunt
938 1423 953 1473 ;
985 1405 1083 1476 qui
1104 1405 1391 1470 remotius,
1422 1404 1663 1476 parum;
1699 1404 1799 1476 qui
1823 1408 2014 1458 autem
2040 1420 2127 1459 re-

439 1478 755 1534 motissime
775 1475 1684 1557 _nulla.o;mni_no._voce_perstricti
1714 1475 1863 1555 Sunt.
1914 1476 2129 1529 Horum

438 1555 631 1604 autem
664 1548 874 1619 partim
887 1547 1158 1619 sciebant,
1190 1546 1274 1600 illi
1294 1546 1506 1601 scilicet
1531 1546 1629 1617 qui
1649 1546 1838 1619 nescio
1860 1562 1974 1616 quo
1995 1562 2129 1600 casu

438 1617 774 1675 remotiores
805 1623 986 1682 erant,
1020 1617 1155 1688 quid
1186 1622 1333 1688 esset
1358 1622 1664 1688 temetum:
1689 1617 1944 1687 reliquos
1968 1633 2129 1687 pror-

439 1707 534 1745 sus
561 1690 807 1744 latebat:
842 1687 1409 1742 omnes’obscuritate
1430 1687 1909 1758 impediebantur.
1946 1689 2011 1741 Et
2036 1688 2128 1741 hic

430 1760 551 1832 jam
584 1758 1207 1832 perspicisomniailla
1257 1773 1469 1832 genera
1520 1759 1948 1832 obscuritatum.
1984 1759 2125 1811 Nam

568 1828 763 1912 auditu
794 1828 1321 1912 nihildubitabant,
1352 1828 1604 1912 primum
1630 1828 1782 1909 illud
1812 1844 1995 1909 genus
2023 1845 2126 1912 pa-

438 1898 743 1964 tiebantur,
769 1899 858 1954 cui
908 1899 1093 1971 simile
1124 1904 1228 1969 est,
1256 1898 1475 1971 malum
1504 1898 1777 1971 punicum
1808 1898 2125 1971 ignorantia

432 1972 560 2037 bus,
592 1973 686 2026 sed
718 1971 779 2025 in
827 1971 952 2024 luce
988 1969 1228 2041 pictum.
1273 1969 1381 2034 Qui
1405 1969 1684 2024 noverant
1717 1971 1975 2036 verbum,
2028 1970 2126 2024 sed

435 2042 668 2098 auribus
689 2046 787 2096 aut
814 2057 1015 2112 parum
1038 2046 1136 2094 aut
1154 2042 1390 2095 omnino
1412 2046 1882 2112 nonacceperant
1905 2056 2121 2108 vocem;

433 2114 679 2168 secundo
709 2111 1047 2182 illo’genere
1076 2112 1427 2177 laborabant,
1459 2111 1549 2165 cui
1580 2111 1782 2165 similis
1812 2116 1896 2165 est
1941 2112 2124 2165 homi-

433 2185 523 2239 nis
551 2185 765 2254 imago,
788 2183 885 2237 sed
906 2182 1094 2236 nonin
1106 2182 1434 2252 conspicuo,
1451 2183 1552 2254 sed
1575 2182 2123 2254 omninotenebroso

432 2256 572 2310 loco.
607 2252 716 2319 Qui
740 2259 931 2308 autem
982 2269 1099 2307 non
1126 2254 1310 2307 solum
1342 2252 1508 2316 vocis,
1544 2253 1640 2307 sed
1670 2259 1725 2307 et
1752 2252 2124 2322 signiﬁcatio-

434 2326 520 2380 nis
548 2325 705 2379 verbi
733 2329 992 2394 expertes
1021 2329 1184 2377 erant
1206 2340 1220 2390 ;
1244 2323 1399 2377 tertii
1428 2324 1672 2392 generis,
1701 2323 1855 2394 quod
1886 2324 2122 2377 omnino

431 2396 806 2451 deterrimum
831 2405 935 2462 est,
967 2394 1216 2448 caecitate
1245 2394 1703 2448 involvebantur.
1735 2394 1897 2458 Quod
1929 2400 2121 2448 autem

432 2467 649 2522 dictum
698 2471 802 2528 est,
851 2465 1489 2536 quoddamriobscurum
1519 2465 1786 2534 ambiguo
1824 2464 2033 2536 rsimile,
2062 2466 2124 2519 in

429 2537 520 2592 his
551 2536 795 2608 perspici
825 2535 1032 2606 potest,
1065 2535 1533 2608 quibusiverbum
1569 2542 1691 2589 erat
1737 2535 1969 2608 quidem
2019 2552 2121 2589 no-

428 2605 574 2674 tum,
598 2605 700 2661 sed
724 2605 917 2660 vocem
948 2605 1176 2677 penitus
1199 2607 1436 2673 nullam,
1469 2612 1570 2661 aut
1590 2622 1708 2660 non
1737 2605 1970 2659 omnino
2002 2622 2122 2660 cer-

428 2682 547 2733 tam
574 2676 969 2758 perceperant}
1010 2676 1213 2758 _Omnia
1242 2676 1417 2758 igitur
1445 2677 1683 2758 obscura
1716 2677 1988 2758 loquendi
2023 2693 2119 2748 ge-

428 2747 810 2814 nera—vitabit,
843 2747 941 2818 qui
971 2753 1030 2802 et
1057 2763 1190 2818 voce
1221 2754 1498 2817 quantum
1534 2749 1669 2801 satis
1707 2747 1983 2811 est’clara,
2017 2747 2121 2802 nec

428 2836 525 2875 ore
557 2817 1124 2890 impedito,’etverbis
1153 2818 1465 2872 notissimis
1495 2823 1704 2873 utetur.
1729 2819 1867 2890 Vide
1888 2835 2041 2890 nunc
2062 2818 2121 2873 in

428 2888 1018 2960 eodem—grammatici
1047 2890 1328 2959 exemplo,
1353 2905 1542 2960 quam
1572 2891 1741 2959 longc
1769 2889 2120 2960 aliasimpe-

424 2961 542 3016 diat
568 2959 911 3031 ambiguitas
938 2976 1111 3031 quam
1140 2959 1455 3031 obscuritas
1482 2960 1663 3013 verbi.
1701 2961 1806 3014 Fac
1835 2959 1989 3013 enim
2017 2959 2119 3013 eos

426 3033 525 3102 qui
556 3033 794 3086 aderant
823 3036 880 3085 et
905 3030 1041 3084 satis
1069 3046 1238 3102 sensu
1273 3030 1552 3102 accepisse
1582 3045 1777 3084 vocem
1835 3031 2115 3102 magistri,

426 3100 482 3157 et
504 3103 667 3156 illum
698 3102 935 3156 verbum
991 3100 1337 3172 enuntiasse,
1367 3101 1523 3172 quod
1552 3106 1698 3155 esset
1727 3100 1996 3155 omnibus
2017 3118 2114 3155 no-

424 3178 586 3240 tum;
619 3178 683 3227 ut
708 3178 866 3243 puta,
892 3172 1139 3243 faceum
1170 3171 1397 3243 dixisse,
1422 3173 1682 3243 Magnus,
1711 3176 1767 3226 et
1809 3172 2013 3243 deinde
2042 3172 2117 3226 si-

424 3244 598 3298 luisse
621 3241 881 3297 :attende
903 3241 1040 3313 quid
1060 3242 1403 3307 incerti,hoc
1424 3241 1617 3297 audito
1630 3243 1886 3311 nomine,
1903 3242 2117 3313 patian-

422 3316 537 3369 tur.
560 3313 705 3378 Quid
732 3314 779 3366 si
808 3313 1061 3367 dicturus
1087 3317 1188 3379 est,
1213 3313 1349 3375 Quae
1371 3329 1503 3382 pars
1531 3313 1808 3366 orationis
1834 3312 1957 3366 est?
1973 3312 2119 3376 Quid

424 3384 473 3438 si
496 3385 564 3438 de
598 3384 795 3437 metris
821 3382 1184 3453 quaesiturus,
1218 3383 1315 3453 qui
1335 3383 1407 3436 sit
1424 3400 1523 3453 pes
1540 3383 1727 3447 ?Quid
1748 3384 1794 3436 si
1823 3383 2118 3437 historiam

422 3454 899 3524 interrogaturus,
932 3459 998 3524 ut
1024 3457 1183 3522 puta,
1207 3469 1449 3523 magnus
1474 3454 1779 3523 Pompeius
1802 3460 1943 3524 quot
1969 3454 2119 3508 bella

464 3523 706 3579 esserit?
736 3524 881 3588 Quid
910 3523 952 3576 si
986 3524 1575 3578 commendandorum
1605 3523 1920 3578 carminum
1937 3526 2118 3594 gratia

464 3540 660 3579 essent
679 3540 705 3577 Ἰ
736 3540 881 3588 υιιια
910 3540 952 3576 Sl
986 3540 1575 3578 commendandorum
1605 3540 1920 3578 carminum
1937 3540 2118 3594 gratia

422 3540 679 3652 gicturus
712 3600 815 3661 est,
843 3595 1077 3663 Magnus
1105 3600 1161 3649 et
1198 3605 1343 3667 pene
1373 3595 1525 3667 solus
1577 3600 1748 3667 poeta
1802 3596 2118 3665 Virgilius?

422 3667 571 3732 Quid
601 3667 648 3721 si
687 3667 1092 3736 objurgaturus
1120 3665 1534 3736 negligentiam
1581 3665 2021 3737 discipulorum,
2054 3667 2116 3721 in

420 3737 558 3817 haec
578 3738 784 3817 deinde
807 3737 977 3790 verba
991 3738 1616 3817 prorttuipat,‘Magnus
1638 3754 1736 3817 vos
1762 3738 1833 3791 ob
1856 3738 2113 3817 studium

424 3809 739 3879 disciplina:
770 3813 968 3878 torpor
986 3807 1195 3861 invasit
1220 3807 1247 3861 Ἰ
1272 3807 1513 3861 Videsne
1545 3813 1763 3862 remota
1780 3809 1990 3861 nebula
2021 3809 2117 3863 ob-

422 3878 723 3943 scuritatis,
760 3879 901 3932 illud
928 3879 1081 3948 quod
1112 3894 1280 3948 supra
1308 3878 1518 3932 dictum
1538 3879 2114 3948 estquasieminuisse

418 3951 744 4005 multivium
763 3951 792 4003 ?
830 3951 970 4003 Nam
1002 3949 1106 4003 hoc
1123 3965 1301 4002 unum
1329 3949 1478 4019 quod
1492 3948 1703 4003 dictum
1724 3955 1827 4014 est,
1847 3966 2111 4020 magnus,

420 4025 477 4076 et
503 4038 712 4076 nomen
744 4025 847 4085 est,
880 4025 937 4073 et
964 4036 1065 4089 pes
1096 4020 1322 4073 chorius
1349 4025 1453 4080 est,
1486 4024 1541 4073 et
1572 4020 1874 4090 Pompeius
1904 4026 2007 4084 est,
2061 4025 2118 4075 et

418 4093 690 4163 Virgilius
716 4096 822 4163 est,_
855 4094 910 4144 et
933 4090 1299 4160 negligentiae
1329 4095 1546 4160 torpor.
1583 4092 1648 4144 Et
1677 4092 1722 4144 si
1753 4107 1866 4161 qua
1894 4091 2003 4145 alia
2028 4092 2115 4145 vel

417 4161 865 4218 innumerabilia
912 4177 1028 4214 non
1058 4164 1503 4215 commemorata
1531 4165 1684 4231 sunt,
1740 4178 1869 4231 quas
1922 4167 2113 4217 tamen

416 4249 521 4305 per
547 4235 695 4305 hanc
721 4231 1173 4305 enuntiationem
1201 4231 1359 4305 verbi
1388 4237 1625 4300 possunt
1643 4230 1901 4305 intelligi.

628 4303 851 4358 CAPUT
883 4302 967 4355 IX.
1000 4332 1069 4341 —-
1097 4303 1535 4367 Ambiguitutum
1562 4317 1757 4368 genera
1782 4304 1906 4357 duo.

489 4376 686 4445 Itaque
731 4372 1041 4426 rectissime
1079 4388 1122 4445 _a
1152 4372 1460 4445 dialecticis
1518 4374 1730 4426 dictum
1763 4379 1867 4445 est,
1931 4373 2111 4428 ambi-

416 4442 746 4516 guum‘esse
776 4442 1236 4516 omneverbum.
1275 4444 1384 4516 Nec
1413 4449 1634 4516 moveat
1664 4444 1814 4514 quod
1845 4446 1993 4514 apud
2023 4444 2111 4500 Ci-

418 4513 680 4570 ceronem
715 4513 1098 4568 calumniatur
1129 4513 1479 4579 Hortensius,
1512 4514 1619 4567 hoc
1652 4513 1822 4569 modo
1849 4513 2110 4570 {Ambi-

416 4602 590 4655 guase
626 4585 982 4641 aiuntaudire
1008 4589 1181 4648 acute,
1213 4586 1485 4653 explicare
1514 4585 1754 4640 dilucide
1778 4603 1790 4640 :
1815 4589 1941 4639 item
1962 4602 2112 4641 omne

415 4660 635 4712 verbum
665 4658 976 4725 ambiguum
1008 4672 1116 4709 esse
1144 4656 1352 4718 dicunt,
1376 4657 1634 4725 quomodo
1656 4659 1827 4725 igitur
1857 4657 2113 4723 ambigua

417 4729 688 4797 ambiguis
728 4728 1075 4797 ewplicabunt
1104 4729 1271 4781 ?nam
1302 4729 1395 4781 hoc
1421 4733 1499 4782 est
1526 4731 1583 4782 in
1612 4729 1857 4783 tenebras
1899 4732 2111 4782 emstin-

417 4806 560 4855 ctum
585 4802 762 4854 lumen
799 4801 1023 4865 inferre.
1058 4798 1239 4851 Facile
1271 4798 1503 4868 quidem
1565 4804 1733 4868 atque
1791 4799 1991 4852 callide
2022 4799 2108 4853 di-

413 4876 585 4925 ctum.
656 4870 763 4924 Sed
810 4869 920 4923 hoc
972 4872 1055 4923 est
1106 4885 1219 4939 quo
1269 4870 1416 4939 apud
1465 4870 1731 4923 eumdem
1781 4870 2108 4924 Ciceronem

412 4941 671 4997 Scaevolas
693 4940 829 4995 dicit
850 4939 1130 4994 Antonius
1153 4956 1167 4994 :
1199 4942 1438 5009 Denique
1457 4946 1516 4995 ut
1536 4941 1872 5009 sapientibus
1894 4941 2106 5003 diserte,

410 5014 597 5068 stultis
624 5015 786 5066 etiam
816 5028 935 5065 vere
954 5011 1193 5065 videaris
1229 5011 1574 5075 dicere.Quid
1609 5012 1761 5065 enim
1802 5012 1954 5065 aliud
1985 5013 2108 5065 loco

410 5083 510 5138 illo
542 5084 673 5138 facit
707 5081 1062 5149 Hortensius,
1119 5082 1229 5135 nisi
1260 5084 1520 5135 acumine
1546 5081 1767 5153 ingenii
1813 5087 1868 5136 et
1914 5083 2107 5152 lepore

411 5155 713 5219 sermonis,
752 5153 915 5225 quasi
938 5168 1162 5225 meraco
1189 5157 1245 5206 et
1262 5153 1433 5225 suavi
1460 5152 1666 5222 poculo
1708 5152 1988 5223 imperitis
2016 5170 2106 5209 ca-

408 5226 644 5296 liginem
677 5223 964 5279 offundit?
993 5224 1150 5288 Quod
1170 5223 1336 5296 enim
1384 5224 1599 5277 dictum
1622 5229 1747 5296 est,
1778 5240 1951 5296 omne
1981 5240 2106 5278 ver-

408 5293 543 5351 bum
589 5297 925 5366 ambiguum
949 5365 953 5366 ν
977 5310 1124 5366 esse,
1141 5293 1222 5366 de
1253 5293 1492 5366 singulis
1522 5294 1707 5348 verbis
1758 5295 1972 5349 dictum
1999 5299 2104 5350 est.

412 5363 778 5439 Explicantur
806 5365 1078 5439 ambigua
1091 5363 1459 5439 disputando,
1483 5368 1719 5439 etii-emo
1750 5367 1949 5439 utique
1980 5383 2105 5420 ver-

406 5434 763 5508 bis-singulis
792 5434 1062 5508 disputat,
1090 5437 1264 5508 Nemo
1288 5434 1465 5503 igitur
1487 5435 1757 5504 ambigua
1779 5434 1951 5490 verba
1970 5452 2106 5508 iver-

405 5509 493 5564 bis
513 5505 1251 5578 ambiguisexplicabit.‘Et
1280 5510 1468 5578 tamen
1501 5522 1629 5558 cum
1661 5524 1830 5578 omne
1868 5507 2107 5561 verbum

407 5575 741 5650 ambiguum
774 5575 1050 5650 sit.‘_1iemo
1063 5575 1301 5650 verbum
1314 5575 1649 5650 ambiguum
1662 5577 1774 5630 nisi
1787 5577 1992 5641 verbis,
2009 5578 2106 5650 sed

404 5646 593 5705 etiam'
607 5648 944 5719 conjunctis,
984 5664 1119 5719 quas
1163 5646 1283 5717 jam
1312 5647 1585 5719 ambigua
1614 5663 1732 5719 non
1755 5654 1907 5719 sunt,
1931 5648 2107 5717 expli-

403 5721 572 5775 cabit.
629 5717 898 5775 Ut'enim
951 5717 1329 5790 si’diceretur,
1363 5717 1564 5774 Omnis
1601 5717 1769 5790 miles
1796 5718 1958 5790 bipes
1997 5723 2104 5790 est,

403 5806 521 5848 non
549 5805 621 5849 ex
642 5805 710 5846 eo
755 5792 1110 5861 sequeretur,
1150 5792 1216 5845 ut
1242 5789 1444 5846 cohors
1472 5805 1542 5845 ex
1569 5788 2103 5862 militibus—bipedi;

1753 288 2115 347 PRINCIPIA
2153 288 2621 346 DIALECTICIE.

3816 285 3956 338 1416

2242 412 2348 467 bus
2376 415 2495 467 tota
2522 410 2823 467 constaret.
2845 408 2931 462 Ita
2956 421 3088 462 cum
3114 405 3238 462 dico
3266 404 3603 477 ambiguum
3636 419 3816 459 omne
3836 419 3955 458 ver-

2243 483 2405 551 bum,
2438 499 2555 537 non
2586 481 2710 537 dico
2738 478 3097 544 sententiam,
3119 494 3242 551 non,
3261 476 3716 551 disputationem
3746 490 3953 551 quam-

2241 554 2327 608 vis
2344 547 2530 609 verbis
2550 554 2659 608 ista
2674 555 2953 607 texantur.
2969 551 3149 605 Omne
3166 547 3953 620 igiturambiguumverbum

2242 641 2359 679 non
2401 621 3095 694 ambigua.disputatione
3140 617 3544 694 explicabitur:
3568 620 3736 694 Nunc
3767 617 3951 694 ambi-

2242 697 2525 765 guitatum
2559 689 3140 766 genera-videamus.
3185 689 3323 756 Quae
3362 689 3560 766 prima
3605 691 3948 766 duo_s_unt_:

2240 760 2420 821 unum
2451 767 2509 820 in
2532 760 2603 820 iis
2633 766 2827 833 etiam,
2848 780 2977 835 qua:
3008 763 3306 835 dicuntur;
3326 760 3585 835 alterum
3601 761 3759 835 quod
3775 760 3856 835 ‘in
3883 760 3952 835 iis

2241 838 2396 917 solis,
2422 853 2550 917 quae
2565 830 2922 917 scribuntur,
2951 833 3365 917 dubitationem
3394 833 3544 917 facit.
3569 830 3717 917 itam
3740 831 3793 885 si
3823 830 3953 917 quis

2243 903 2505 971 audierit,
2547 908 2729 973 Acies,
2779 911 2835 961 et
2875 905 2924 959 si
2970 907 3098 977 quis
3142 904 3363 975 legerit,
3402 904 3611 975 poterit
3658 903 3951 977 incertum

2240 978 2473 1045 habere,
2525 979 2635 1032 nisi
2676 994 2780 1048 per
2826 975 3169 1030 sententiam
3217 977 3510 1048 clarescat,
3542 978 3750 1048 utrum
3804 975 3952 1048 acies

2239 1049 2508 1116 militum,
2540 1065 2613 1102 an
2642 1045 2800 1117 férri,
2831 1064 2904 1101 an
2942 1048 3239 1101 oculorum
3284 1046 3443 1117 dicta
3470 1046 3558 1099 vel
3606 1045 3824 1116 scripta
3854 1045 3947 1098 sit.

2236 1122 2311 1174 At
2329 1136 2463 1174 vero
2481 1120 2527 1173 si
2549 1119 2678 1190 quis
2697 1116 2951 1173 inveniat
2976 1117 3272 1190 scriptum,
3292 1116 3451 1190 verbi
3472 1132 3639 1190 causa
3660 1117 3945 1190 leporem,

2239 1206 2346 1262 nec
2364 1186 2636 1262 appareat
2656 1206 2768 1261 qua
2797 1186 3354 1262 sententiae—positum
3378 1188 3471 1262 sit,
3495 1186 3759 1262 profecto
3777 1186 3946 1240 dubi-

2235 1258 2619 1324 tabitfutrum
2645 1258 2965 1331 penultima
2993 1258 3164 1330 hujus
3184 1259 3345 1331 verbi
3375 1258 3588 1330 syllaba
3614 1258 3945 1331 producen-

2239 1333 2311 1387 da
2344 1332 2436 1401 sit,
2467 1333 2536 1386 ab
2561 1348 2626 1386 eo
2647 1327 2812 1402 'quod
2841 1327 3143 1402 estlepos;
3176 1346 3250 1384 an
3281 1329 3349 1383 ab
3382 1327 3449 1383 eo
3477 1327 3634 1400 quod
3667 1334 3755 1402 est
3783 1327 3947 1399 lepus

2237 1399 2613 1475 corripienda.
2655 1399 2836 1475 Quam
2877 1399 3090 1475 scilicet
3132 1417 3246 1475 non
3283 1399 3577 1471 pateretur
3612 1399 3945 1475 ambagem,

2236 1473 2281 1527 si
2314 1469 2696 1528 accusativum
2726 1474 2898 1543 hujus
2936 1472 3189 1527 nominis
3229 1469 3424 1526 casum
3463 1486 3601 1526 voce
3645 1469 3947 1540 loquentis

2236 1545 2535 1614 acciperet.
2568 1544 2732 1609 Quod
2776 1542 2822 1598 si
2871 1543 2998 1615 quis
3045 1543 3212 1608 dicat,
3245 1543 3579 1615 loquentem
3619 1542 3951 1615 m_ale_pro-

2234 1610 2499 1670 nuntiare
2536 1615 2817 1686 potuisse;
2857 1610 2976 1685 jam
3005 1629 3121 1668 non
3156 1610 3547 1686 ambiguitate,
3584 1613 3684 1666 sed
3735 1610 3943 1686 obscu:

2235 1686 2403 1740 ritate
2432 1683 2809 1758 impediretur
2834 1683 3080 1758 auditor.
3102 1686 3179 1738 Ex
3195 1684 3302 1758 illo
3325 1683 3514 1758 tamen
3546 1698 3774 1758 genere
3786 1683 3945 1753 quod

2235 1753 2737 1835 ambiguo'simile
2783 1761 2887 1835 est,
2923 1756 3058 1827 quia
3096 1756 3246 1835 male
3284 1755 3463 1835 latine
3495 1753 3944 1835 pronuntiatum

2233 1826 2491 1895 verbum,
2522 1844 2641 1882 non
2672 1829 2733 1881 in
2781 1826 3029 1882 diversas
3067 1826 3314 1880 rationes
3359 1826 3536 1880 trahit
3562 1826 3943 1895 cogitantem,

2234 1899 2329 1953 sed
2360 1900 2427 1953 ad
2460 1898 2519 1970 id
2545 1899 2702 1970 quod
2732 1902 2971 1970 apparet
2998 1898 3259 1970 impellit.
3293 1897 3433 1970 Cum
3480 1895 3658 1966 igitur
3686 1896 3799 1949 ista
3828 1895 3943 1950 duo

2234 1985 2444 2040 genera
2465 1967 2614 2024 inter
2642 1985 2699 2023 se
2729 1967 3046 2040 plurimum
3067 1967 3297 2040 distent,
3332 1967 3581 2040 primum
3613 1982 3797 2035 genus
3816 1982 3944 2020 rur-

2233 2037 2328 2094 sus
2364 2041 2426 2095 in
2463 2041 2576 2095 duo
2616 2037 2930 2094 dividitur:
2966 2055 3099 2093 nam
3140 2038 3420 2109 quidquid
3460 2037 3688 2109 dicitur,
3731 2041 3793 2091 et
3840 2053 3945 2108 per

2231 2112 2400 2181 plura
2438 2110 2686 2182 intelligi
2714 2115 2919 2181 potest,
2969 2108 3173 2182 eadem
3211 2108 3424 2164 scilicet
3456 2108 3626 2178 plura
3674 2112 3777 2162 aut
3823 2124 3944 2162 uno

2231 2182 2503 2236 vocabulo
2533 2187 2588 2236 et
2625 2181 2742 2235 una
2771 2181 3271 2251 interpretatione;
3302 2184 3401 2233 aut
3446 2184 3674 2251 tantum
3708 2192 3829 2233 uno
3858 2183 3945 2251 te-

2232 2258 2445 2307 nentur
2491 2253 2788 2320 vocabulo,
2833 2248 2945 2307 sed'
2970 2251 3207 2306 diversis
3246 2250 3710 2322 expeditionibus
3753 2248 3943 2322 expli-

2232 2330 2451 2378 cantur.
2485 2324 2561 2378 Ea
2604 2340 2733 2394 quae
2775 2340 2888 2394 una
2934 2322 3191 2377 definitio
3232 2320 3420 2392 potest
3463 2320 3782 2394 includere,
3816 2320 3945 2394 uni-

2233 2410 2370 2449 voca
2414 2391 2814 2449 nominantur:
2847 2393 2961 2447 illis
2997 2397 3185 2448 autem
3218 2391 3348 2462 quin
3394 2391 3497 2445 sub
3532 2407 3649 2446 uno
3696 2392 3942 2445 nomine

2231 2481 2457 2519 necesse
2524 2470 2607 2519 est
2662 2465 2898 2518 deﬁnire
2946 2464 3186 2530 diverse,
3240 2463 3517 2534 mquivoci
3565 2478 3782 2516 nomen
3832 2466 3937 2517 est.

2233 2536 2394 2589 Prius
2423 2552 2558 2607 ergo
2587 2535 3013 2590 consideremus
3039 2535 3301 2607 univoca,
3334 2539 3400 2588 ut
3428 2534 3719 2607 quomodo
3738 2549 3941 2607 genus

2230 2606 2338 2660 hoc
2362 2604 2867 2677 jam‘patefactum
2910 2611 3012 2671 est,
3044 2606 3362 2677 illustretur
3384 2604 3701 2677 exemplis.
3737 2604 3941 2659 Homi-

2229 2675 2377 2730 nem‘
2398 2675 2539 2731 cum'
2558 2677 2813 2743 dicimus,
2840 2683 2968 2731 tam
3006 2692 3250 2747 puerum
3289 2675 3530 2730 dicimus
3561 2690 3749 2747 quam
3775 2677 3943 2746 juve-

2229 2763 2382 2807 nem,
2409 2764 2581 2818 quam
2605 2764 2820 2814 senem,
2843 2751 2960 2801 tam
2995 2745 3233 2801 stultum
3257 2763 3429 2817 quam
3453 2745 3795 2818 sapientem,
3816 2751 3939 2801 tam

2230 2817 2502 2898 magnum
2520 2835 2693 2890 quam
2718 2834 2976 2890 parvum,
2998 2822 3115 2872 tam
3138 2818 3315 2872 civem
3338 2834 3512 2898 quam
3534 2817 3936 2898 peregrinum,

2228 2894 2346 2943 tam
2380 2889 2660 2944 urbanum
2691 2889 2863 2960 quam
2886 2895 3187 2960 agrestem,
3212 2894 3329 2943 tam
3351 2889 3450 2960 qui
3474 2890 3596 2958 jam
3625 2889 3734 2943 fuit
3755 2905 3938 2960 quam

2229 2960 2329 3030 qui
2359 2977 2512 3014 nunc
2542 2966 2643 3027 est,
2674 2959 2792 3015 tam
2823 2959 3113 3015 sedentem
3138 2975 3310 3031 quam
3341 2959 3607 3031 stantem,
3636 2963 3754 3013 tam
3786 2959 3938 3014 divi-

2227 3035 2342 3085 tem
2374 3047 2545 3102 quam
2574 3047 2908 3102 pauperem,
2931 3036 3047 3085 tam
3072 3030 3337 3102 agentem
3358 3030 3577 3100 aliquid
3604 3046 3778 3101 quam
3812 3047 3937 3085 ces-

2227 3107 2467 3173 santem,
2482 3108 2597 3156 tam
2615 3104 2956 3172 gaudentem
2977 3118 3149 3173 quam
3166 3107 3503 3173 maerentem
3523 3102 3612 3155 vel
3630 3106 3931 3173 neutrum.

2225 3171 2329 3243 Sed
2360 3173 2418 3225 in
2452 3173 2538 3226 his
2566 3171 2831 3227 omnibus
2864 3171 3203 3227 dictionibus
3235 3172 3377 3226 nihil
3406 3171 3690 3243 est,quod
3721 3187 3838 3226 non
3870 3177 3941 3226 ut

2227 3242 2475 3296 hominis
2504 3260 2716 3298 nomen
2742 3244 2978 3313 accepit,
3002 3243 3080 3298 ita
3109 3243 3280 3297 etiam
3311 3242 3577 3313 hominis,
3593 3242 3939 3297 deﬁnitione

2228 3315 2557 3368 claudatur:
2593 3331 2723 3369 nam
2757 3312 3015 3369 deﬁnitio
3061 3314 3314 3368 hominis
3342 3318 3445 3380 est,
3476 3312 3702 3367 Animal
3751 3314 3939 3368 ratio-

2228 3386 2376 3457 nale,
2412 3387 2652 3457 mortale
2685 3402 2698 3440 :
2729 3402 2846 3440 non
2878 3402 3014 3457 ergo
3043 3386 3343 3456 quisquam
3376 3388 3565 3455 potest
3591 3384 3779 3438 dicere
3810 3384 3941 3457 ani-

2226 3455 2340 3509 mal
2392 3456 2662 3509 rationale
2709 3455 2966 3511 mortale
2989 3455 3260 3526 juvenem
3305 3460 3552 3517 tantum,
3591 3471 3711 3509 non
3753 3455 3937 3510 etiam

2227 3541 2420 3579 senem
2479 3532 2534 3580 et
2584 3543 2850 3597 puerum,
2910 3532 3040 3595 etc.,
3097 3532 3195 3581 aut
3258 3527 3573 3597 sapientem
3627 3541 3748 3580 esse
3802 3531 3939 3581 tan-

2225 3600 2370 3661 tum,
2403 3613 2519 3651 non
2553 3598 2723 3651 etiam
2754 3599 3023 3663 stultum;
3056 3597 3173 3652 imo
3201 3601 3257 3652 et
3302 3597 3410 3651 ista
3438 3602 3495 3652 et
3539 3601 3765 3663 caetera,
3800 3613 3939 3663 qua

2225 3673 2525 3722 numerata
2555 3674 2707 3737 sunt,
2738 3669 2882 3722 sicut
2908 3668 3157 3723 hominis
3194 3668 3450 3733 nomine,
3481 3668 3559 3721 ita
3586 3668 3762 3721 etiam
3795 3668 3941 3723 defi-

2226 3738 2443 3793 nitione
2474 3740 2838 3794 continentur
2864 3756 2877 3794 :
2908 3756 3038 3794 nam
3071 3739 3188 3794 sive
3217 3755 3377 3810 puer,
3406 3739 3521 3792 sive
3552 3740 3779 3803 stultus,
3814 3739 3938 3794 sive

2224 3825 2464 3933 pauper,
2480 3811 2595 3864 sive
2618 3811 2788 3864 etiam
2811 3811 3122 3877 dormiens,
3138 3810 3183 3864 si
3203 3810 3413 3864 animal
3428 3810 3702 3863 rationale
3719 3815 3940 3865 morta-

2248 3896 2277 3931 e
2295 3897 2409 3933 non
2427 3886 2538 3933 est:
2558 3897 2659 3933 nec
2675 3882 2848 3933 homo
2863 3886 2962 3933 est.
2984 3883 3073 3933 Est
3088 3887 3275 3933 autem
3296 3883 3468 3933 homo
3485 3880 3612 3933 :illa
3627 3880 3810 3933 igitur
3831 3881 3936 3933 de-

2248 3896 2277 3931 θ
2295 3897 2409 3934 non
2427 3886 2538 3947 est;
2558 3897 2659 3936 nec
2675 3882 2848 3935 homo
2863 3886 2962 3936 est.
2984 3883 3073 3936 Est
3088 3887 3275 3935 autem
3296 3883 3468 3936 homo
3485 3880 3612 3946 :illa
3627 3880 3810 3951 igitur
3831 3881 3936 3935 de-

2224 3951 2484 4006 ﬁnitione
2514 3952 2872 4006 contineatur
2890 3969 3116 4006 necesse
3141 3957 3239 4007 est.
3272 3954 3335 4007 Et
3359 3953 3428 4007 de
3450 3952 3669 4006 caeteris
3691 3951 3937 4007 quidem

2223 4021 2368 4076 nihil
2399 4023 2742 4095 ambigitur:
2773 4024 2842 4077 de
2871 4040 3049 4093 puero
3068 4029 3260 4077 autem
3286 4039 3467 4095 parvo
3491 4027 3590 4095 aut
3613 4021 3812 4095 stulto,
3848 4023 3939 4095 si-

2223 4108 2288 4146 ve
2318 4110 2547 4163 prorsus
2567 4093 2756 4163 tatuo,
2787 4101 2885 4148 aut
2914 4095 2983 4149 de
3019 4095 3358 4161 dormiente,
3389 4094 3475 4147 vel
3508 4093 3685 4160 ebrio,
3718 4093 3811 4147 vel
3841 4093 3936 4147 fu-

2221 4170 2381 4236 rente
2425 4164 2678 4236 dubitari
2708 4170 2911 4236 potest,
2946 4166 3234 4235 quomodo
3274 4168 3664 4236 possuntiesse
3697 4164 3938 4236 anima-

2221 4233 2300 4288 lia
2330 4235 2651 4307 rationalia,
2676 4233 2846 4288 eiiam
2880 4236 2927 4289 si
2956 4233 3135 4307 possit
3166 4233 3414 4294 defendi.
3440 4235 3534 4307 sed
3568 4234 3777 4307 adialia
3802 4252 3938 4306 pro-

2220 4306 2559 4375 perantibus
2588 4307 2828 4377 longum
2869 4304 2975 4359 θεῖ’
3003 4309 3084 4361 Ad
3117 4307 3175 4360 id
3207 4313 3360 4377 quod
3400 4306 3589 4375 agitur
3618 4304 3760 4359 illud
3797 4304 3938 4360 satis

2221 4380 2325 4442 est,
2357 4393 2471 4430 non
2507 4393 2628 4430 esse
2660 4376 2829 4431 istam
2860 4376 3257 4432 deﬁnitionem
3287 4377 3535 4431 hominis
3564 4382 3806 4442 rectam,
3841 4377 3937 4430 ni-

2221 4446 2267 4500 si
2299 4452 2354 4499 et
2383 4447 2568 4500 omnis
2598 4447 2768 4501 homo
2800 4449 2995 4503 eadem
3020 4449 3399 4507 contineatur.
3434 4452 3488 4500 et
3510 4452 3720 4516 praeter
3746 4446 3938 4501 homi-

2220 4517 2549 4589 nemrnihil.
2586 4520 2711 4571 Haec
2741 4525 2877 4572 sunt
2925 4520 3103 4589 igitur
3130 4520 3389 4585 univoca,
3418 4532 3568 4589 quas
3590 4533 3706 4589 non
3740 4519 3937 4589 solum

2218 4588 2452 4660 nomine
2485 4604 2618 4654 uno,
2654 4590 2751 4643 sed
2786 4606 2900 4643 una
2930 4586 3098 4644 etiam
3131 4590 3386 4660 ejusdem
3417 4586 3677 4660 nominis»
3718 4588 3938 4643 delini-

2218 4659 2376 4731 tione
2407 4660 2752 4713 clauduntur
2782 4677 2794 4714 :
2823 4661 3084 4731 quamvis
3113 4658 3171 4714 et
3198 4661 3347 4731 inter
3372 4675 3429 4712 se
3459 4658 3711 4731 propriis
3742 4660 3940 4731 nomi-

2217 4730 2387 4784 nibus
2443 4735 2501 4784 et
2557 4729 2991 4786 definitionibus
3046 4730 3635 4801 distinguipossunt.
3695 4729 3940 4785 Diversa

2219 4800 2374 4873 enim
2418 4801 2675 4868 nomina,
2726 4818 2890 4873 puer,
2924 4800 3458 4873 adolescens,_dives
3484 4805 3540 4873 et
3570 4815 3817 4870 pauper,
3866 4802 3938 4856 li-

2218 4871 2321 4943 her
2351 4876 2408 4926 et
2457 4889 2672 4938 servus,
2707 4871 2762 4927 et
2791 4873 2837 4926 si
2869 4873 3018 4943 quod
3052 4872 3207 4943 aliud
3246 4871 3699 4943 differentiarum
3733 4877 3843 4937 est,
3879 4877 3940 4927 et

2217 4941 2366 5014 inter
2396 4959 2454 4996 se
2493 4944 2622 4997 ideo
2658 4941 2919 5014 proprias
2948 4942 3311 4997 deﬁnitiones
3351 4942 3639 4998 habebunt
3674 4958 3688 5014 :_
3733 4943 3837 4997 sed
3868 4948 3939 4998 ut

2215 5012 2328 5066 illis
2358 5030 2538 5068 unum
2572 5012 2874 5069 commune
2907 5030 3114 5068 nomen
3147 5020 3233 5068 est
3262 5015 3459 5079 homo,
3491 5013 3569 5066 sic
3597 5012 3818 5068 animal
3845 5029 3936 5070 ra-

2218 5083 2431 5139 tionale
2463 5087 2701 5139 mortale
2737 5085 2992 5140 deﬁnitio
3022 5102 3137 5139 una
3182 5084 3503 5139 communis
3532 5088 3634 5138 est.

2350 5157 2575 5210 CAPUT
2613 5157 2672 5210 X.
2714 5185 2784 5195 —
2821 5157 3172 5222 Ambiguitas
3198 5173 3264 5210 ea:
3289 5157 3579 5224 zquivocis
3605 5155 3790 5208 varia.

2288 5226 2777 5298 Nuncraequivoca
2802 5227 3117 5298 videamus,
3149 5229 3209 5281 in
3238 5228 3447 5298 quibus
3475 5224 3935 5298 ambiguitatum

2216 5297 2507 5377 perplexio
2555 5296 2733 5377 prope
2765 5296 2988 5377 infinita
3033 5296 3277 5377 silvescit
3310 5315 3322 5351 :
3356 5297 3607 5377 conabor
3636 5302 3832 5377 tamen
3864 5313 3937 5351 ea

2216 5367 2277 5420 in
2324 5384 2536 5435 genera
2580 5374 2733 5439 certa
2761 5367 3131 5439 distinguere.
3166 5370 3366 5422 Utrum
3414 5373 3608 5421 autem
3651 5373 3934 5439 conatum

2215 5453 2406 5492 meum
2438 5439 2562 5492 huic
2593 5438 2831 5492 facultas
2877 5436 3167 5509 sequatur,
3198 5444 3259 5493 tu
3291 5438 3594 5509 judicabis.
3614 5436 3934 5509 rAmbigui-

2217 5513 2401 5562 tatum
2436 5509 2633 5579 igitur,
2666 5524 2794 5580 quae
2825 5510 2895 5564 ab
2924 5508 3231 5580 aiquivocis
3257 5508 3513 5573 veniunt,
3536 5508 3724 5579 primo
3754 5524 3936 5580 gene-

2212 5594 2279 5632 ra
2308 5581 2416 5632 tria
2447 5585 2579 5633 sunt
2612 5596 2625 5634 :
2655 5579 2836 5634 unum
2870 5580 2939 5635 ab
2972 5579 3115 5649 arte,
3147 5582 3388 5634 alterum
3425 5580 3494 5634 ab
3525 5595 3651 5643 usu,
3686 5579 3934 5636 tertium

2215 5649 2284 5702 ab
2316 5653 2762 5722 utroque.rArte
2794 5668 2949 5706 nunc
2992 5652 3138 5721 dico,
3171 5657 3406 5722 propter
3436 5650 3672 5722 nomina
3701 5666 3835 5721 quas
3856 5652 3935 5722 in

2213 5720 2521 5794 verborum
2562 5721 2879 5794 disciplinis
2909 5722 3096 5794 verbis
3126 5720 3738 5794 impo_nuntur._Aliter
3769 5721 3934 5794 enim

2215 5789 2492 5849 deﬁnitur
2518 5794 2673 5866 apud
2702 5789 3105 5866 grammaticos
3131 5789 3270 5867 quid
3299 5793 3373 5850 sit
3398 5791 3783 5865 eequivocum,
3816 5793 3931 5851 ali-
