4056 6346
112 321 245 374 1417

107 444 378 517 teruapud
403 442 726 498 dialecticos
753 463 767 510 ;
797 447 855 498 et
878 448 1072 517 tamen
1102 444 1209 498 hoc
1250 461 1431 499 unum
1463 447 1618 516 quod
1663 447 1812 517 dico,

107 514 347 587 Tullius,
382 519 438 569 et
458 531 666 587 nomen
699 520 800 581 est,
834 519 1014 587 etpes
1043 516 1315 586 dactylus,
1352 514 1810 587 et‘aiquivocuml

110 586 314 659 itaque
351 587 398 640 si
423 586 644 659 quisex
687 602 781 639 me
831 585 1121 659 efflagitet,
1171 585 1232 659 ut
1276 585 1547 659 deﬁniam
1577 589 1714 659 quid
1745 591 1816 643 sit

109 657 351 722 Tullius,
396 657 701 726 cujuslibet
755 657 1002 729 notionis
1051 658 1425 729 explicatione
1473 657 1810 729 respondeo.

110 729 354 801 Possum
387 729 538 801 enim
568 733 721 781 recte
752 727 960 792 dicere,
1019 728 1234 801 Tullius
1285 745 1495 784 nomen
1550 727 1652 795 est,
1700 747 1813 801 quo

108 799 473 868 signiﬁcatur
503 800 673 871 homo
703 815 959 852 summus
981 799 1216 870 quidam
1251 805 1461 871 orator,
1496 801 1595 871 qui
1627 799 1819 862 Catili-

107 885 195 923 na:
227 870 690 939 conjurationein
713 871 908 923 consul
929 871 1230 940 oppressit.
1265 870 1562 925 Subtiliter
1586 874 1815 926 attende

109 957 198 1012 me
228 958 452 1012 nomen
477 940 949 1012 ipsumdeﬁnissc
975 959 990 994 :
1013 957 1140 995 nam
1175 942 1220 994 si
1250 942 1390 994 mihi
1424 942 1639 995 Tullius
1669 944 1810 1012 ipse,

148 1011 205 1064 ui
243 1011 293 1065 si
326 1013 560 1079 viveret,
591 1010 770 1082 digito
796 1014 1096 1066 monstrari
1126 1013 1424 1083 potuisset,
1457 1010 1814 1067 deﬁniendus

106 1028 205 1136 put
243 1029 293 1065 ει
326 1028 560 1079 viveret,
591 1028 770 1082 digno
796 1028 1096 1066 monsu-ari
1126 1028 1424 1083 pomisset,
1457 1028 1814 1067 oenmenaus

125 1088 275 1148 oret,
314 1099 430 1136 non
462 1083 728 1148 dicerem,
758 1084 976 1136 Tullius
1005 1088 1088 1136 est
1122 1100 1350 1150 nomen,
1382 1100 1494 1154 quo
1529 1085 1814 1154 signiﬁca-

111 1158 203 1206 tur
234 1154 416 1207 homo
444 1173 456 1220 ;
481 1154 573 1207 sed
607 1153 876 1220 dicerem,
903 1154 1119 1208 Tullius
1151 1160 1234 1208 est
1275 1153 1470 1219 homo,
1507 1160 1562 1208 et
1591 1153 1676 1208 ita
1705 1171 1813 1208 cae-

110 1230 235 1278 tera
264 1226 681 1296 adiungerem.
721 1225 860 1278 Item
892 1225 1237 1295 respondere
1266 1241 1512 1296 possem,
1565 1227 1679 1280 Hoc
1711 1243 1812 1279 no-

109 1311 244 1368 men
274 1295 495 1368 Tullius
528 1299 612 1349 est
653 1294 926 1368 dactylus.
963 1294 1052 1349 his
1107 1294 1308 1368 litteris
1339 1301 1634 1368 constans:
1661 1297 1816 1368 quod

111 1365 266 1420 enim
302 1383 400 1420 eas
422 1367 636 1420 litteras
665 1366 891 1427 habeat,
927 1383 1070 1436 opus
1097 1375 1180 1420 est
1209 1367 1465 1422 innuere.
1491 1367 1638 1422 Licet
1659 1365 1815 1422 enim

109 1437 248 1510 illud
287 1437 498 1496 dicere.
533 1437 750 1510 Tullius
779 1438 1132 1510 estverbum,
1157 1454 1261 1508 per
1282 1439 1434 1510 quod
1461 1439 1813 1508 aequivocan-

109 1514 202 1562 tur
231 1509 388 1561 inter
419 1524 476 1580 se
507 1507 878 1580 omniacum
926 1509 1035 1562 hoc
1074 1507 1223 1580 ipso,
1282 1507 1410 1580 quae
1457 1507 1627 1580 supra
1668 1511 1816 1564 dicta

109 1585 262 1647 sunt,
296 1584 355 1632 et
392 1579 439 1632 si
479 1579 617 1649 quid
659 1578 814 1632 aliud
840 1578 1085 1632 inveniri
1113 1578 1318 1649 potest:
1355 1580 1463 1635 Sed
1494 1578 1642 1647 dico,
1674 1581 1813 1634 Cum

111 1665 248 1720 ergo
282 1649 393 1702 hoc
423 1665 631 1703 nomen
658 1649 811 1719 quod
833 1649 968 1715 dixi,
995 1651 1232 1718 Tullius,
1263 1651 1573 1705 secundum
1605 1651 1815 1704 artium

111 1721 393 1775 vocabula
421 1721 714 1792 tamrvarie
744 1720 886 1774 mihi
922 1721 1082 1774 licuit
1113 1721 1385 1789 deﬁnire;
1422 1721 1557 1792 quid
1589 1721 1814 1775 dubita-

109 1807 385 1863 musesse
410 1791 809 1863 ambiguorum
827 1808 1006 1861 genus
1032 1808 1098 1846 ex
1121 1791 1425 1863 aequivocis
1439 1791 1811 1858 venientium,

109 1862 262 1932 quod
297 1863 505 1916 merito
534 1861 644 1916 dici
671 1863 852 1931 possit
881 1879 946 1916 ex
989 1867 1107 1916 arte
1145 1861 1476 1933 contingere
1497 1864 1525 1916 ‘?
1557 1863 1815 1916 Diximus

109 1934 262 1987 enim
307 1933 596 2004 aequivoca
627 1949 769 2004 esse,
811 1949 938 2004 qua:
996 1950 1111 1988 non
1163 1939 1226 1988 ut
1273 1951 1387 1988 uno
1439 1933 1691 1998 nomine,
1738 1934 1815 1987 ita

110 2005 285 2058 etiam
317 2003 431 2057 una
483 2003 813 2058 deﬁnitione
830 2003 1088 2074 possunt
1122 2006 1319 2058 teneri.
1358 2005 1511 2059 Unde
1561 2020 1714 2058 nunc
1740 2005 1817 2057 al-

110 2081 302 2129 terum
334 2080 634 2145 genusest,
663 2075 817 2145 quod
848 2092 912 2128 ex
948 2076 1218 2146 loquendi
1238 2092 1344 2129 usu
1375 2075 1567 2128 venire
1594 2092 1813 2128 memo-

109 2147 386 2200 ravimus.
427 2147 598 2200 Usum
640 2161 790 2217 nunc
840 2146 1065 2216 appello
1108 2146 1258 2217 illud,
1293 2146 1550 2211 verbum,
1581 2150 1816 2217 propter

111 2219 266 2287 quod
301 2217 472 2271 verba
520 2216 936 2286 cognoscimus.
996 2217 1131 2281 Quis
1174 2216 1328 2271 enim
1380 2217 1552 2271 verba
1583 2216 1816 2288 propter

110 2289 282 2342 verba
314 2288 618 2368 conquirat
648 2292 703 2341 et
725 2287 1007 2368 colligat?
1034 2289 1229 2368 Itaque
1252 2289 1374 2368 jam
1406 2287 1816 2368 constitue:_ali-

109 2375 282 2430 quem
318 2359 397 2430 sic
429 2359 645 2422 audire,
683 2362 742 2410 ut
771 2364 974 2430 notum
1024 2359 1075 2412 ei
1107 2359 1196 2423 sit,
1234 2359 1378 2430 nihil
1435 2359 1504 2412 de
1556 2359 1817 2430 partibus

111 2429 409 2495 orationis,
443 2435 541 2483 aut
569 2430 637 2484 de
669 2429 863 2482 metris
893 2429 1093 2500 quaari,
1127 2435 1223 2483 aut
1271 2429 1339 2484 de
1379 2430 1682 2483 verborum
1713 2429 1815 2482 ali-

111 2518 226 2582 qua
260 2500 562 2580 disciplina
588 2517 600 2555 :
632 2502 1035 2582 tamenadhuc
1063 2504 1255 2582 potest
1283 2500 1670 2582 cumdicitur,
1693 2500 1819 2580 Tul-

109 2570 242 2638 lius,
277 2571 704 2642 aequivocorum
736 2571 1111 2642 ambiguitate
1167 2570 1455 2642 impediri.
1513 2573 1628 2626 Hoc
1659 2571 1813 2624 enim

112 2641 363 2696 nomine
383 2647 436 2695 et
460 2641 581 2712 ipse
613 2641 714 2712 qui
740 2641 848 2696 fuit
881 2658 1140 2696 summus
1170 2641 1382 2709 orator,
1413 2646 1469 2696 et
1512 2644 1635 2712 ejus
1663 2642 1816 2711 picta

112 2715 307 2783 imago
336 2713 423 2766 vel
464 2718 666 2775 statua,
699 2717 754 2766 et
786 2713 957 2766 codex
992 2729 1106 2783 quo
1127 2713 1248 2783 ejus
1288 2713 1490 2767 litterae
1516 2712 1815 2766 continen-

109 2790 224 2850 tur,
260 2788 317 2838 et
366 2784 412 2836 si
461 2784 598 2854 quid
645 2787 728 2854 est
753 2783 1082 2854 insepulcro
1103 2785 1224 2853 ejus
1243 2783 1550 2850 cadaveris,
1595 2783 1816 2851 signiﬁ-

110 2855 226 2909 cari
262 2853 749 2925 potestIDiversis
780 2853 931 2906 enim
965 2855 1282 2908 rationibus
1307 2854 1568 2920 dicimus,
1600 2853 1816 2906 Tullius

111 2927 181 2980 ab
213 2925 452 2979 interitu
478 2925 719 2995 patriam
752 2925 1050 2991 liberavit;
1084 2930 1158 2991 et,
1193 2925 1411 2978 Tullius
1442 2925 1737 2978 inauratus
1757 2925 1818 2978 in

114 2995 397 3067 Capitolio
413 3001 558 3062 stat;
595 3001 668 3062 et,
697 2995 935 3062 Tullius,
967 2996 1071 3049 tibi
1104 3000 1254 3049 totus
1286 2996 1559 3065 legendus
1591 2999 1704 3059 est;
1738 3000 1815 3064 et,

114 3066 334 3122 Tullius
363 3066 471 3120 hoc
501 3067 622 3120 loco
653 3067 908 3135 sepultus
937 3070 1018 3119 est
1045 3083 1056 3120 :
1082 3083 1264 3120 unum
1286 3067 1436 3119 enim
1468 3082 1680 3120 nomen
1712 3070 1818 3135 est,

113 3139 215 3192 Sed
241 3137 479 3192 diversis
500 3137 620 3190 11830
642 3137 835 3190 omnia
860 3136 1292 3191 deﬁnitionibus
1313 3136 1642 3206 explicanda
1665 3139 1817 3190 sunt.

113 3211 225 3264 Hoc
251 3208 430 3279 igitur
459 3224 639 3278 genus
670 3207 1095 3278 aaquivocorum
1129 3213 1231 3271 est,
1267 3207 1325 3279 in
1367 3225 1480 3278 quo
1505 3207 1624 3277 jam
1658 3207 1819 3279 nulla

112 3282 179 3335 de
201 3277 502 3349 disciplina
533 3277 834 3332 verborum
860 3279 1042 3332 oritur
1073 3277 1433 3348 ambiguitas,
1467 3279 1564 3332 sed
1585 3279 1653 3331 de
1675 3277 1814 3347 ipsis

113 3351 286 3406 rebus
342 3366 470 3420 quae
505 3349 918 3420 signiﬁcantur.
950 3353 1041 3420 ,At
1087 3349 1132 3402 si
1163 3354 1472 3419 utrumque
1504 3349 1817 3420 confundat

114 3419 445 3476 audientem
471 3419 896 3490 vellegentem,
916 3419 1028 3473 sive
1055 3420 1204 3491 quod
1233 3436 1298 3473 ex
1327 3426 1470 3489 arte,
1501 3420 1615 3472 sive
1641 3435 1706 3472 ex
1737 3419 1816 3472 lo-

115 3492 330 3563 quendi
360 3509 464 3545 usu
498 3491 721 3563 dicitur,
754 3507 945 3545 nonne
973 3492 1206 3563 tertium
1233 3507 1413 3562 genus
1452 3495 1602 3563 recte
1632 3506 1813 3543 annu-

112 3561 469 3617 merabitur?
490 3562 660 3632 Cujus
682 3563 1008 3630 exemplum
1025 3562 1082 3615 in
1106 3561 1386 3615 sententia
1399 3561 1630 3631 quidem
1652 3577 1814 3632 aper-

116 3635 226 3688 tius
248 3638 507 3704 apparet,
524 3631 644 3686 utsi
667 3632 794 3704 quis
813 3633 979 3696 dicat,
1001 3633 1160 3704 Multi
1186 3632 1459 3704 dactylico
1483 3637 1667 3684 metro
1687 3631 1816 3684 scri-

111 3703 374 3776 pserunt,
408 3709 467 3757 ut
496 3708 582 3757 est
619 3703 837 3776 Tullius
870 3720 882 3757 :
915 3720 1046 3776 nam
1088 3703 1181 3776 hic
1206 3703 1501 3776 incertum~
1513 3705 1602 3776 est
1621 3707 1814 3755 utrum

114 3771 339 3830 Tullius
360 3771 472 3844 pro
495 3775 753 3845 exemplo
781 3773 1190 3844 dactylipedis,
1218 3790 1292 3826 an
1315 3771 1597 3845 dactylico
1629 3777 1815 3845 poetas

114 3843 382 3918 positum
403 3845 475 3918 sit
506 3862 527 3918 :_
549 3843 971 3918 quorumillud
1008 3843 1093 3918 ἐξ.
1116 3849 1258 3918 arte,
1310 3844 1418 3918 hoc
1461 3860 1526 3897 ex
1570 3859 1680 3918 usu
1733 3843 1815 3896 lo-

114 3913 329 3989 quendi
355 3913 645 3989 accipitur.
679 3916 786 3970 Sed
816 3916 875 3968 in
908 3915 1261 3989 simplicibus
1290 3915 1464 3989 etiam
1482 3913 1665 3968 verbis
1680 3929 1814 3989 con-

113 3985 304 4059 tingit,
341 3985 722 4059 licet’tantum
767 4003 963 4059 vocem
1011 3987 1182 4059 hujus
1211 3985 1368 4039 verbi
1411 3985 1818 4059 grammaticus

113 4055 482 4114 audientibus
515 4057 807 4127 discipulis
841 4055 1120 4121 enuntiet,
1155 4060 1215 4110 ut
1237 4073 1408 4126 supra
1438 4055 1813 4127 ostendimus.

115 4131 256 4185 Cum
289 4130 467 4199 igitur
493 4130 614 4182 Ilth
646 4126 755 4182 tria
785 4145 995 4199 genera
1036 4127 1351 4181 manifestis
1383 4126 1817 4199 rationibusin-

113 4206 199 4256 ter
229 4218 288 4254 se
319 4197 606 4266 differant,
637 4197 864 4253 rursum
893 4198 1146 4268 primum
1177 4215 1357 4268 genus
1385 4198 1445 4251 in
1475 4198 1588 4252 duo
1607 4197 1815 4252 dividi-

115 4270 537 4340 tur.Quidquid
551 4271 703 4324 enim
733 4288 797 4324 ex
829 4267 967 4332 arte,
1000 4267 1306 4323 verborum
1325 4269 1458 4323 facit
1475 4267 1817 4338 ambiguita-

114 4349 252 4408 tem,
288 4348 498 4412 partim
522 4340 629 4395 sibi
660 4358 761 4412 pro
795 4341 1056 4412 exemplo
1077 4357 1198 4394 esse
1220 4345 1425 4410 potest,
1460 4340 1672 4410 partim
1703 4355 1819 4392 non

113 4411 327 4488 potest.
368 4413 504 4488 cum
538 4412 692 4488 enim
723 4413 934 4488 deﬁnio
967 4411 1104 4488 quid
1135 4412 1419 4481 signiﬁcat
1438 4427 1668 4488 nomen,
1693 4427 1819 4488 pos-

113 4481 243 4539 sum
272 4485 382 4538 hoc
413 4481 606 4552 ipsum
631 4485 877 4553 exempli
908 4483 1094 4552 gratia
1121 4498 1464 4552 supponere,
1498 4482 1648 4552 quod
1691 4481 1816 4535 dico

111 4572 353 4617 nomen,
383 4554 582 4625 utique
615 4570 827 4608 nomen
860 4560 980 4608 est:
1006 4555 1112 4625 hac
1139 4554 1291 4625 enim
1339 4553 1467 4625 lege
1517 4568 1622 4622 per
1659 4568 1820 4625 casus

111 4627 362 4682 ﬂectitur
392 4622 631 4679 dicendo
663 4642 896 4691 nomen,
933 4624 1202 4689 nominis,
1237 4622 1476 4687 nomini,
1530 4628 1633 4677 etc.
1678 4623 1820 4676 Item

113 4715 248 4752 cum
279 4696 488 4751 deﬁnio
520 4696 655 4766 quid
688 4696 1007 4766 signiﬁcat,
1027 4695 1300 4766 dactylus,
1332 4694 1441 4766 hoc
1469 4694 1656 4766 ipsum
1706 4710 1819 4763 po-

112 4774 228 4824 test
256 4785 361 4838 pro
390 4765 648 4838 exemplo
680 4765 835 4821 esse:
862 4765 1077 4838 ctenim
1103 4781 1242 4838 cum
1257 4765 1815 4838 dicimus,dactylus,

113 4835 302 4894 unum
334 4835 606 4909 syllabam
637 4839 880 4909 longam,
903 4842 960 4909 et.
984 4835 1361 4909 duasdeinde
1392 4835 1590 4909 breves
1636 4851 1818 4909 enun-

114 4905 440 4966 tiamuszt
464 4926 596 4964 vero
620 4905 1058 4985 cum-deﬁnitur
1082 4907 1412 4985 adverbium
1436 4905 1576 4985 _quid
1606 4905 1821 4985 signifi-

115 4988 226 5049 cet,
261 4998 376 5035 non
406 4985 592 5050 potest
620 4979 728 5033 hoc
761 4979 951 5050 ipsum
979 4996 1102 5050 pro?
1128 4977 1387 5048 exemplo
1420 4976 1531 5050 dici
1565 4993 1578 5042 ;
1609 4976 1818 5030 etenim

115 5047 251 5108 cum
283 5047 612 5106 adverbium
643 5047 904 5118 dicimus,
936 5047 1059 5104 hinc
1091 5049 1216 5120 ipsa
1244 5047 1562 5120 enuntiatio
1607 5063 1820 5120 nomen

115 5129 227 5179 est.
269 5123 353 5177 Ita
377 5123 689 5177 secundum
718 5117 895 5190 aliam
919 5117 1213 5175 notionem
1259 5117 1592 5190 adverbium
1621 5117 1821 5188 utique

116 5194 457 5249 adverbium
517 5198 620 5259 est,
655 5198 712 5247 et
738 5189 949 5247 nemen
1007 5209 1120 5245 non
1152 5195 1277 5258 est;
1311 5189 1622 5244 secundum
1651 5189 1823 5243 aliam

115 5282 255 5342 vero
279 5263 611 5342 adverbium
640 5279 756 5318 non
796 5262 1257 5342 est_adverbi_um.,
1307 5261 1442 5342 quia
1466 5265 1820 5342 nomen-est.

119 5339 266 5391 Item
296 5353 398 5406 pes
428 5335 687 5400 creticus,
720 5334 948 5406 quando
1005 5333 1142 5403 quid
1204 5331 1484 5406 signiﬁcet
1519 5331 1822 5406 _deﬁnitur,

119 5425 240 5462 non
276 5401 462 5477 potest
491 5407 597 5460 hoc
627 5401 819 5476 ipsum
876 5421 992 5477 pro»
1021 5401 1444 5477 exemploesse
1475 5421 1487 5457 :
1517 5403 1640 5477 haec
1671 5401 1824 5477 enim

119 5479 247 5549 ipsa
275 5474 594 5549 enuntiatio
625 5474 858 5549 quando
885 5474 1155 5549 dicimus,
1183 5474 1444 5539 creticus,
1483 5475 1824 5549 prima_1on-

121 5544 196 5620 ga
225 5550 462 5620 syllaba.
498 5544 702 5601 deinde
731 5547 952 5620 duabus
980 5545 1246 5620 brevibus
1272 5550 1490 5620 constat
1509 5564 1526 5620 ;
1547 5544 1698 5615 quod
1724 5561 1826 5597 au-

123 5615 577 5689 tem'signiﬁcat,
612 5620 783 5688 longa
840 5617 1053 5688 syllaba
1083 5621 1155 5689 et,
1183 5615 1368 5668 brevis
1422 5620 1478 5669 et
1505 5617 1675 5689 longa
1703 5621 1824 5689 est'2

121 5693 201 5746 ita
235 5697 292 5745 et
322 5685 414 5744 Iiic
444 5685 759 5744 secundum
802 5685 970 5741 aliam
1037 5686 1354 5751 notionem,
1410 5685 1650 5740 creticus
1683 5685 1830 5738 nihil

122 5762 281 5817 aliud
309 5767 594 5832 estquam
639 5760 898 5832 creticus,
932 5763 990 5812 et
1020 5758 1273 5828 dactylus
1311 5773 1428 5832 non
1466 5762 1586 5832 est;
1622 5773 1830 5832 secun—

121 5835 259 5890 dum
291 5828 464 5889 aliam
489 5847 624 5885 vero
655 5831 894 5886 creticus
923 5845 1038 5883 non
1079 5835 1162 5886 est
1194 5828 1450 5896 creticus,
1473 5828 1610 5901 quia
1639 5828 1827 5900 dacty-

480 5904 756 5971 PATROL.
806 5901 1056 5972 XXXII.

1678 325 2065 382 APPENDIX.

3485 347 3622 399 1418

1927 450 2015 530 lus
2045 455 2144 534 est.
2179 451 2497 534 Secundum
2526 453 2704 534 igitur
2730 471 2930 534 genus,
2965 458 3116 528 quod
3139 459 3260 534 jam
3291 468 3523 534 propter
3539 467 3623 520 di-

1926 521 2194 605 sciplinas
2225 521 2629 605 verborumad
2654 521 2926 605 loquendi
2958 521 3372 605 usum'dictuqm
3391 521 3473 588 est
3494 551 3622 605 per-

1921 592 2125 673 tinere,
2162 592 2301 673 duas
2327 592 2751 673 habet-formas;
2803 599 2942 673 Nam
2971 601 3261 671 tequivoca
3292 603 3439 658 dicta
3466 592 3618 673 sunt,

1923 667 2023 744 aut
2051 679 2116 717 ex
2149 663 2349 744 eadem
2371 667 2590 744 origine
2613 668 2915 744 venientia,
2940 663 3131 724 aut'ex
3152 673 3393 744 diversa.
3431 677 3508 730 Ex
3527 663 3636 731 ea:

1922 732 2050 787 dem
2082 733 2302 808 origine
2331 732 2578 806 appello,
2603 740 2829 808 quando
2861 732 2974 795 uno
3005 743 3240 798 nomine
3271 762 3334 799 ac
3372 762 3490 801 non
3519 749 3625 803 sub

1925 821 2038 858 una
2068 804 2750 884 deﬁnitione-teneantur,
2785 828 2898 884 uno
2929 819 3118 867 tamen
3151 817 3311 884 quasi
3343 817 3499 871 fonte
3531 819 3623 872 di-

1923 881 2181 949 manant,
2213 880 2274 929 ut
2292 883 2386 949 est
2417 877 2587 942 istud,
2621 882 2755 949 quia
2783 877 3248 939 Tulliusethofno
3282 892 3338 940 et
3359 893 3542 942 statua
3568 895 3625 943 et

1923 946 2099 1030 codex
2134 952 2186 999 et
2207 947 2445 1030 cadaver
2476 946 2714 1030 intelligi
2732 959 2951 1030 potest}
2983 971 3098 1008 non
3118 962 3358 1025 possunt
3385 960 3620 1030 quidem

1923 1018 2027 1069 ista
2049 1033 2163 1070 una
2189 1018 2517 1072 deﬁnitione
2549 1018 2828 1086 concludi,
2855 1025 2950 1077 sed
2981 1018 3168 1079 tamen
3201 1044 3378 1081 unum
3401 1018 3620 1083 .habent

1923 1087 2169 1167 fontem,
2183 1087 2378 1167 ipsum
2401 1090 3120 1167 scilicetverum_hominem
3133 1139 3146 1163 ,
3160 1099 3320 1167 cujus
3340 1104 3395 1153 et
3408 1101 3504 1153 illa
3517 1109 3624 1154 sta-

1924 1163 2039 1237 tua,
2070 1164 2126 1211 et
2157 1160 2249 1237 ille
2277 1159 2440 1237 liber,
2460 1167 2531 1237 _et
2562 1161 2702 1215 illud
2735 1165 2971 1237 cadaver
3000 1172 3100 1220 est.
3135 1159 3470 1224 Ex'diversa
3502 1171 3622 1224 ori—

1923 1231 2078 1312 gine,
2109 1234 2343 1312 utmciim
2362 1231 2623 1312 dicimus,
2657 1249 2854 1312 nepos,
2881 1235 3046 1312 longe
3068 1253 3132 1289 ex
3157 1238 3378 1294 diversa
3400 1241 3621 1312 origine

1922 1299 2106 1381 ﬁlium
2134 1300 2266 1381 _ﬁlii
2297 1306 2352 1354 et
2390 1299 3109 1381 luxuriosum“signiliCat.
3162 1310 3286 1362 Haec
3343 1299 3621 1381 ergovdis-

1925 1371 2100 1450 tincta
2131 1375 2458 1450 teneamus,
2481 1379 2536 1425 et
2565 1373 2701 1450 inde
2730 1371 3103 1450 illud:genus,
3131 1381 3284 1448 quod
3325 1397 3390 1434 ex
3406 1371 3622 1437 \eadem

1925 1443 2146 1521 origine
2171 1443 2414 1511 appello,
2445 1443 2504 1496 in
2535 1459 2662 1512 quae
2690 1443 3168 1521 itemdividatur?
3205 1466 3337 1503 nam
3355 1451 3624 1507 dividitur

1923 1512 1982 1584 in
2015 1512 2148 1576 duo,
2183 1529 2427 1582 quorum
2482 1530 2659 1567 unum
2693 1517 3056 1584 tranlatione,
3090 1520 3332 1574 alterum
3375 1523 3619 1577 declina-

1922 1582 2078 1654 tione
2110 1584 2407 1654 contingit.
2440 1585 2889 1640 Translationem
2920 1582 3079 1654 voco,
3135 1606 3262 1644 cum
3295 1593 3382 1644 vel
3419 1593 3617 1648 simili-

1922 1653 2124 1726 tudine
2159 1653 2336 1707 unum
2370 1670 2578 1708 nomen
2609 1657 2671 1708 ﬁt
2728 1659 2924 1710 multis
2952 1653 3144 1724 rebus,
3205 1667 3267 1714 ut
3299 1664 3534 1726 Tullius,
3573 1671 3626 1718 et

1923 1723 2019 1801 iile
2045 1723 2104 1776 in
2138 1740 2251 1801 quo
2266 1741 2474 1793 magna
2489 1727 2809 1795 eloquentia
2825 1729 2950 1801 fuit,
2969 1735 3024 1782 et
3041 1723 3225 1783 statua
3251 1733 3373 1801 ejus
3393 1723 3618 1788 dicitur.

1921 1795 2016 1866 Yet
2041 1799 2272 1866 exitoto,
2306 1811 2433 1848 cum
2466 1811 2596 1864 pars
2626 1799 3086 1866 cognominatur,
3125 1809 3180 1853 ut
3213 1795 3342 1854 cum
3379 1806 3620 1858 cadaver

1923 1863 2078 1917 illius
2105 1865 2322 1938 Tullius
2343 1866 2451 1918 dici
2471 1863 2671 1936 potest
2695 1863 2822 1921 {vel
2853 1885 2920 1922 ex
2949 1875 3110 1938 parte
3144 1876 3348 1938 totum,
3401 1879 3461 1927 ut
3489 1892 3620 1930 cum

1923 1939 2070 2012 tecta
2097 1935 2336 2012 dicimus
2370 1935 2513 2012 totas
2543 1938 2764 2012 domus.
2790 1941 2902 2012 Aut
2927 1935 3192 2009 agenere
3225 1935 3440 2010 species
3465 1965 3480 2012 ;
3503 1963 3624 1999 ver-

1923 2005 1995 2059 ba
2023 2005 2175 2059 enim
2202 2007 2601 2086 principaliter
2629 2008 2822 2062 dicunt
2873 2005 3136 2086 Romani,
3191 2005 3398 2083 quibus
3427 2005 3621 2086 loqui—

1924 2092 2093 2142 mur;
2125 2078 2220 2157 se‘d
2252 2083 2446 2157 tamen
2476 2079 2644 2132 verba
2678 2081 2931 2157 ‘proprie
2960 2078 3258 2157 nominata
3284 2089 3436 2151 sunt,
3491 2078 3620 2157 quae

1923 2163 2028 2218 per
2060 2149 2260 2200 modos
2289 2154 2345 2202 et
2373 2153 2636 2228 tempora
2659 2150 3013 2228 declinamus
3043 2169 3055 2207 :
3091 2160 3189 2208 aut
3212 2155 3282 2208 ab
3305 2149 3622 2228 sperne-ge-

1924 2234 2033 2296 nus
2064 2234 2402 2296 ;.nam__cum
2431 2220 2894 2296 scholasticiunon
2914 2224 3110 2296 solum
3144 2220 3392 2296 proprie,
3430 2220 3621 2283 sedvet

1924 2288 2186 2360 primitus
2217 2289 2477 2363 dicantur
2502 2290 2669 2363 iiqui
2697 2291 2880 2346 adhuc
2909 2293 2966 2346 in
2997 2288 3186 2348 schola
3219 2288 3389 2363 suntj
3422 2315 3623 2353 omnes

1924 2359 2117 2439 tamen
2145 2360 2246 2439 qui
2282 2361 2341 2439 in
2391 2359 2856 2439 litterjsivivunt,
2898 2381 3119 2439 nomen
3173 2367 3279 2439 hoc
3320 2359 3619 2439 usurpant.
3699 2367 3702 2370 ’

1924 2434 2038 2485 Aut
2062 2430 2132 2483 ab
2159 2430 2438 2484 efﬁciente
2478 2432 2730 2497 effectus,
2781 2439 2846 2487 ut
2889 2434 3081 2489 Cicero
3112 2443 3196 2490 est
3227 2438 3366 2491 liber
3395 2430 3621 2494 Cicero-

1927 2501 2063 2578 nis;
2097 2506 2193 2578 aut
2218 2502 2292 2578 ab
2323 2501 2523 2578 etl‘ectu
2552 2503 2824 2570 efﬁciens,
2857 2509 2922 2558 ut
2972 2511 3155 2578 terror
3183 2509 3318 2578 quia
3343 2514 3622 2565 terrorem

1924 2571 2075 2644 fecit.
2119 2576 2232 2644 Aut
2260 2590 2293 2644 a
2325 2573 2654 2644 continente
2705 2591 2834 2644 quae
2887 2571 3270 2644 continentur,
3329 2586 3392 2634 ut
3421 2582 3622 2635 domus

1928 2643 2101 2696 etiam
2134 2643 2232 2713 qui
2254 2642 2314 2695 in
2342 2643 2672 2716 domoisunt
2699 2642 2992 2700 dicuntur:
3011 2653 3107 2702 aut
3135 2665 3168 2702 a
3196 2642 3622 2716 conversavice,

1928 2719 1998 2793 ut.
2021 2714 2476 2793 castaneaarbor
2505 2714 2712 2793 dicitur
2741 2732 2869 2793 quae
2900 2723 2956 2771 et
2989 2719 3240 2793 fructus:
3272 2723 3358 2793 vel
3397 2723 3442 2775 si
3471 2714 3620 2793 quod

1926 2783 2351 2862 aliudinveniri
2381 2789 2611 2862 potest,_
2650 2783 2799 2862 quo'd
2851 2803 2947 2862 ere
2972 2789 3172 2842 eadem
3206 2791 3428 2862 origine
3458 2783 3622 2862 quasi

1927 2854 2810 2933 transferendo_cognominetur.
2851 2857 3035 2933 Vides,
3074 2865 3136 2912 ut
3187 2854 3448 2928 arbitror,
3473 2854 3622 2933 quid

1929 2924 2098 2979 faciat
2124 2926 2193 2996 in
2238 2924 2424 2996 verbis
2477 2926 2928 2996 ambiguitatem.
2964 2929 3100 2991 Quae
3145 2935 3334 2984 autem
3365 2924 3442 2986 ad
3468 2924 3620 2987 eam-

1931 2997 2061 3050 dem
2115 2995 2397 3065 originem
2448 2995 2794 3065 pertinentia
2851 2999 3174 3053 conditione
3231 3003 3624 3057 declinationis

1927 3065 2198 3136 ambigua
2235 3082 2354 3119 esse
2401 3066 2663 3133 dicimus,
2713 3067 2848 3122 talia
2894 3074 3042 3124 sunt.
3106 3071 3213 3124 Fac
3257 3073 3415 3126 verbi
3454 3090 3623 3128 causa

1927 3153 2215 3214 quemque
2247 3137 2476 3214 dixisse,
2507 3137 2679 3214 plui_t_.
2716 3139 2783 3192 Et
2831 3140 2949 3193 hinc
3001 3141 3230 3214 diverse
3252 3143 3448 3214 utique
3480 3145 3618 3200 deii-

1926 3208 2139 3262 nienda
2168 3213 2322 3262 sunt.
2363 3209 2503 3261 Item
2542 3208 2787 3263 scribere
2844 3227 2972 3264 cum
3011 3211 3168 3278 dicit,
3218 3208 3500 3268 incertum
3541 3221 3627 3270 est

1926 3278 2448 3357 utrumlinﬁnitive
2488 3279 2677 3348 activi,
2733 3296 2804 3333 an
2863 3282 3198 3352 imperativo
3255 3287 3459 3357 passivi
3490 3303 3623 3357 pro-

1923 3349 2255 3425 nuntiatum
2286 3350 2376 3402 sit.
2411 3351 2589 3425 Homo
2619 3366 2749 3425 cum
2782 3349 2967 3425 unum
3009 3369 3221 3407 nomen
3255 3349 3368 3425 ἐὴ,
3421 3363 3476 3411 et
3491 3349 3622 3412 ἰιηᾶ

1925 3419 2268 3482 enuntiatio,
2301 3424 2495 3473 tamen
2543 3422 2608 3474 ﬁt
2655 3421 2806 3476 aliud
2835 3439 2899 3476 ex
2939 3425 3317 3491 nominativo,
3353 3419 3506 3483 aliud
3558 3445 3622 3482 ex

1923 3491 2199 3570 vocativo.
2229 3491 2396 3555 Quint
2421 3491 2644 3570 doctius
2672 3497 2730 3570 _et
2760 3493 2921 3570 docte
2943 3495 3108 3570 _verbi
3137 3497 3453 3552 enuntiatio
3482 3516 3595 3570 quo

1969 3579 2038 3616 ue
2090 3562 2312 3616 diversa
2365 3566 2465 3616 est.
2525 3563 2754 3616 Doctius
2804 3565 2959 3618 aliud
3017 3571 3100 3619 est
3158 3583 3286 3620 cum
3361 3562 3600 3624 dicimus

1925 3578 2038 3687 que
2090 3578 2312 3616 diversa
2365 3578 2465 3616 est.
2525 3578 2754 3616 uocuus
2804 3578 2959 3618 alma
3017 3578 3100 3619 est
3158 3583 3286 3620 cum
3361 3578 3600 3624 dicimus

1965 3633 2145 3686 octius
2203 3632 2592 3701 mancipium;
2652 3633 2804 3686 aliud
2872 3651 3003 3688 cum
3071 3636 3334 3703 dicimus,
3401 3640 3623 3694 doctius

1924 3704 2022 3757 illo
2063 3703 2395 3779 disputavit:
2449 3702 2838 3779 Declinatione
2895 3704 3073 3774 igitur
3126 3702 3470 3779 ambiguitas
3521 3729 3617 3764 or-

1924 3779 1984 3853 ta
2014 3778 2138 3826 est:
2187 3789 2319 3827 nam
2365 3773 2802 3853 declinationem
2845 3773 3010 3853 nune
3047 3773 3313 3853 appello:
3340 3780 3620 3853 quidquid

1927 3844 2041 3898 sive
2071 3859 2174 3913 per
2201 3859 2363 3897 voces
2392 3844 2505 3896 sive
2562 3860 2666 3914 per
2712 3844 3155 3914 signiﬁcationes
3199 3844 3474 3905 ﬂecte—udo
3497 3844 3621 3907 ver-

1926 3915 1999 3990 ba
2028 3914 2334 3990 contingit._
2358 3914 2458 3990 Hic
2479 3914 2676 3968 doctus
2710 3920 2764 3990 et
2796 3915 2980 3983 docte,
3026 3922 3250 3973 tantum
3307 3937 3409 3990 per
3458 3940 3621 3978 voces

1926 3986 2140 4064 ilexum
2169 3991 2253 4039 est
2273 4002 2300 4064 ἱ
2321 3985 2605 4064 hichomo
2628 3993 2684 4039 et
2697 3986 2907 4064 _bomo,
2939 3990 3250 4064 secundum
3278 3985 3422 4046 solas
3442 3993 3618 4064 signi-

1925 4057 2236 4130 ﬁcationes.
2260 4056 2377 4130 _Sed
2407 4057 2735 4126 hujusmodi
2762 4073 2941 4127 genus
2968 4060 3408 4130 ambiguitatum
3438 4056 3623 4120 minu-

1925 4127 2087 4207 tatim
2115 4127 2412 4207 concidere
2443 4144 2507 4207 ac
2532 4130 2801 4207 prosequi
2831 4145 2976 4198 pene
2983 4127 3241 4207 Mﬁnit'um
3266 4139 3375 4188 est.
3411 4137 3622 4207 Altaque

1926 4199 2116 4276 locum
2147 4197 2637 4276 ipsumhactenus
2659 4197 2881 4253 notasse
2907 4201 3207 4276 suffecerit,
3230 4204 3459 4274 ingenio
3481 4197 3623 4276 prm-

1926 4269 2122 4347 sertim
2154 4275 2270 4323 tuo.
2305 4269 2442 4347 Yide
2469 4287 2626 4347 nunc
2657 4287 2742 4337 ea,
2775 4287 2905 4347 quae
2935 4288 3002 4325 ex
3029 4272 3250 4347 diversa
3280 4269 3501 4347 urigine
3528 4295 3622 4332 ve-

1927 4341 2095 4395 niunt.
2119 4358 2130 4394 :
2167 4340 2434 4410 namipsa
2454 4340 3003 4396 dividuntur’adhuc
3025 4342 3084 4396 in
3108 4345 3248 4417 duas
3278 4340 3492 4417 primas
3513 4349 3626 4404 for-

1927 4429 2066 4486 mas,
2125 4428 2370 4481 quarum
2427 4429 2540 4465 una
2586 4418 2698 4486 _est,
2769 4429 2897 4486 quae
2969 4415 3251 4486 contingit
3278 4415 3624 4475 _diversitate

1928 4483 2258 4552 linguarum
2285 4499 2297 4548 ;
2325 4487 2390 4536 ut
2418 4499 2548 4536 cum
2569 4483 2830 4549 dicimus,
2864 4483 2986 4549 iste,
3023 4486 3143 4540 hinc
3172 4483 3288 4541 una
3317 4506 3422 4542 vox
3469 4493 3623 4545 aliud

1929 4554 2078 4632 apud
2110 4555 2351 4618 Graecos,
2386 4553 2540 4632 aliud
2576 4554 2725 4632 apud
2758 4570 2859 4606 nos
2905 4556 3205 4632 signiﬁcat.
3250 4558 3409 4632 Quod
3443 4577 3625 4632 genus

1927 4623 2121 4679 tamen
2151 4641 2270 4702 non
2301 4623 2671 4702 omnis-novit
2703 4639 2716 4676 :
2751 4640 2864 4677 non
2891 4623 3044 4702 enim
3072 4628 3380 4702 unicuique
3411 4623 3631 4702 pcrspi-

1929 4711 2101 4750 cuum
2133 4700 2236 4771 est,
2256 4693 2379 4771 _nisi
2405 4694 2505 4771 qui
2525 4694 2750 4771 linguas
2778 4700 2988 4771 nosset,
3021 4702 3119 4750 aut
3137 4693 3482 4771 quilinguas
3511 4693 3628 4759 dis-

1928 4765 2613 4846 putaret.‘itlte_ra‘forni‘a
2642 4769 2744 4830 est,
2776 4781 2904 4846 quae
2935 4767 2994 4820 in
3022 4765 3400 4846 una'quidei'n
3428 4773 3627 4846 lingua
3681 4774 3684 4775 ⁷

1927 4835 2061 4892 facit
2089 4835 2776 4916 amb_iguitatedeiversa
2793 4835 2993 4916 tamen
3014 4835 3222 4916 eorun'i
3247 4835 3628 4916 origine,qum

1927 4925 2046 4963 uno
2076 4905 2350 4985 vocabulo
2380 4905 2798 4985 signiﬁcantur,
2829 4909 2996 4985 quale
3025 4915 3120 4985 est
3165 4905 3532 4985 illud,'quo'd‘
3558 4917 3627 4970 de

1929 4983 2142 5050 nepote
2168 4977 2668 5050 supraposuimus.
2699 4977 2862 5050 Quod
2888 4995 3086 5034 rursus
3106 4981 3166 5035 in
3189 4983 3302 5038 duo
3320 4977 3622 5040 scinditur.

1929 5048 2044 5104 Aut
2065 5049 2168 5103 sub
2200 5048 2398 5103 eodem
2438 5064 2647 5120 genere
2671 5049 2857 5120 partis
2895 5051 3190 5120 orationis,
3245 5055 3388 5109 sicut
3418 5068 3628 5111 nomen

1932 5125 2018 5198 est
2047 5137 2250 5198 nepos,
2281 5119 2625 5198 cumiilium
2655 5119 2780 5198 ﬁlii,
2804 5125 3030 5198 _etcum
3057 5119 3627 5198 luxuriosumisigni-

1932 5191 2064 5246 ﬁcat
2088 5211 2103 5260 ;
2131 5189 2239 5244 aut
2268 5191 2372 5244 sub
2404 5189 2661 5258 diversis,
2695 5194 2759 5244 ut
2785 5191 2999 5247 dictum
3031 5199 3116 5248 est
3147 5213 3178 5248 a
3209 5196 3493 5263 Terentio,

2091 5278 2192 5336 Qui
2216 5277 2350 5342 scias
2375 5291 2500 5341 ergo
2530 5278 2666 5342 istuc
2699 5279 2803 5328 nisi
2825 5281 3076 5342 periclum
3101 5281 3321 5330 feceris?

2245 5340 2471 5402 (Terent.
2498 5340 2664 5391 Andr.
2686 5345 2792 5392 act.
2817 5340 2862 5402 3,
2894 5355 3032 5393 scen.
3060 5345 3105 5398 3,
3143 5357 3188 5392 υ.
3218 5345 3319 5406 33.)

1935 5429 2030 5484 sed
2065 5429 2235 5482 etiam
2268 5428 2410 5482 istuc
2440 5445 2783 5498 pronomen,
2815 5429 2960 5482 istuc
2989 5430 3343 5488 adverbium.
3401 5437 3523 5492 .lam
3567 5457 3630 5496 ex

1936 5499 2290 5581 utroquehid
2317 5506 2401 5552 est
2429 5505 2549 5553 arte
2579 5504 2634 5554 et
2663 5517 2770 5553 usu
2801 5501 3124 5581 verborum,
3159 5505 3308 5581 quod
3331 5576 3340 5581 _
3362 5506 3419 5560 in
3453 5513 3633 5581 aequi-

1935 5569 2098 5646 Yocis’
2119 5569 2351 5624 tertium
2381 5587 2563 5646 891193
2615 5585 3011 5646 posueramus:
3052 5576 3136 5646 ίίὲί
3173 5569 3633 5646 -δηώίευίίδίωη

1937 5643 2137 5696 formae
2160 5640 2688 5716 possunt_existere,
2723 5640 2961 5716 quotin
2981 5642 3205 5697 duobus
3243 5640 3635 5716 supérioribus

1937 5728 2332 5784 posueramus.
2393 5713 2585 5767 Restat
2636 5726 2770 5781 ergo
2827 5711 2966 5766 illud
3029 5729 3212 5783 genus
3275 5711 3634 5794 ambiguum,

2010 5838 2024 5869 ¹
2057 5836 2117 5884 In
2139 5837 2220 5899 B.,
2256 5833 2398 5898 quid.
2418 5834 2524 5896 Er.,
2549 5835 2693 5897 quin.
2741 5834 2826 5899 ΑΜ.

2678 5897 3284 5993 (Quarante-cz'nq.)
