  <div class='ocr_page' id='page_1' title='image "/cluster/home/n/w/nwhite01/storage/ocr_20150623/32/umn.31951002477326y/721.png"; bbox 0 0 4056 6368; ppageno 0'>
   <div class='ocr_carea' id='block_1_1' title="bbox 409 335 542 390">
    <p class='ocr_par' dir='ltr' id='par_1_1' title="bbox 409 335 542 390">
     <span class='ocr_line' id='line_1_1' title="bbox 409 335 542 390; baseline 0.008 -2"><span class='ocrx_word' id='word_1_1' title='bbox 409 335 542 390; x_wconf 74' lang='grc'><strong>1419</strong></span> 
     </span>
    </p>
   </div>
   <div class='ocr_carea' id='block_1_2' title="bbox 404 453 2090 536">
    <p class='ocr_par' dir='ltr' id='par_1_2' title="bbox 404 453 2090 536">
     <span class='ocr_line' id='line_1_2' title="bbox 404 453 2090 536; baseline -0.001 -27"><span class='ocrx_word' id='word_1_2' title='bbox 404 456 556 536; x_wconf 86' lang='lat' dir='ltr'>quod</span> <span class='ocrx_word' id='word_1_3' title='bbox 586 454 646 509; x_wconf 91' lang='lat' dir='ltr'>in</span> <span class='ocrx_word' id='word_1_4' title='bbox 675 454 900 536; x_wconf 79' lang='lat' dir='ltr'>scriptis</span> <span class='ocrx_word' id='word_1_5' title='bbox 929 454 1063 536; x_wconf 78' lang='lat' dir='ltr'>solis</span> <span class='ocrx_word' id='word_1_6' title='bbox 1090 454 1389 536; x_wconf 73' lang='lat' dir='ltr'>reperitur.</span> <span class='ocrx_word' id='word_1_7' title='bbox 1424 453 1597 536; x_wconf 71' lang='lat' dir='ltr'>cujus</span> <span class='ocrx_word' id='word_1_8' title='bbox 1634 458 1749 536; x_wconf 78' lang='lat' dir='ltr'>tres</span> <span class='ocrx_word' id='word_1_9' title='bbox 1780 458 1913 536; x_wconf 79' lang='lat' dir='ltr'>sunt</span> <span class='ocrx_word' id='word_1_10' title='bbox 1965 469 2090 525; x_wconf 86' lang='lat' dir='ltr'>spe-</span> 
     </span>
    </p>
   </div>
   <div class='ocr_carea' id='block_1_3' title="bbox 404 525 2090 597">
    <p class='ocr_par' dir='ltr' id='par_1_3' title="bbox 404 525 2090 597">
     <span class='ocr_line' id='line_1_3' title="bbox 404 525 2090 597; baseline -0.002 -16"><span class='ocrx_word' id='word_1_11' title='bbox 404 525 518 581; x_wconf 72' lang='lat' dir='ltr'>cies</span> <span class='ocrx_word' id='word_1_12' title='bbox 546 544 559 582; x_wconf 87' lang='lat'><strong>:</strong></span> <span class='ocrx_word' id='word_1_13' title='bbox 593 530 693 580; x_wconf 90' lang='lat' dir='ltr'>aut</span> <span class='ocrx_word' id='word_1_14' title='bbox 723 525 876 581; x_wconf 90' lang='lat' dir='ltr'>enim</span> <span class='ocrx_word' id='word_1_15' title='bbox 906 526 1087 597; x_wconf 89' lang='lat' dir='ltr'>spatio</span> <span class='ocrx_word' id='word_1_16' title='bbox 1115 525 1460 597; x_wconf 77' lang='lat' dir='ltr'>syllabarum</span> <span class='ocrx_word' id='word_1_17' title='bbox 1490 526 1553 578; x_wconf 82' lang='lat' dir='ltr'>iit</span> <span class='ocrx_word' id='word_1_18' title='bbox 1577 525 1687 579; x_wconf 83' lang='lat' dir='ltr'>tale</span> <span class='ocrx_word' id='word_1_19' title='bbox 1734 525 2090 597; x_wconf 86' lang='lat' dir='ltr'>ambiguum,</span> 
     </span>
    </p>
   </div>
   <div class='ocr_carea' id='block_1_4' title="bbox 402 595 2096 666">
    <p class='ocr_par' dir='ltr' id='par_1_4' title="bbox 402 595 2096 666">
     <span class='ocr_line' id='line_1_4' title="bbox 402 595 2096 666; baseline -0.002 -14"><span class='ocrx_word' id='word_1_20' title='bbox 402 600 501 651; x_wconf 89' lang='lat' dir='ltr'>aut</span> <span class='ocrx_word' id='word_1_21' title='bbox 526 597 809 664; x_wconf 87' lang='lat' dir='ltr'>acumine,</span> <span class='ocrx_word' id='word_1_22' title='bbox 842 595 1225 666; x_wconf 55' lang='lat' dir='ltr'>aut&#39;utroque.</span> <span class='ocrx_word' id='word_1_23' title='bbox 1262 596 1454 666; x_wconf 90' lang='lat' dir='ltr'>Spatio</span> <span class='ocrx_word' id='word_1_24' title='bbox 1486 601 1696 664; x_wconf 89' lang='lat' dir='ltr'>autem,</span> <span class='ocrx_word' id='word_1_25' title='bbox 1729 602 1796 651; x_wconf 91' lang='lat' dir='ltr'>ut</span> <span class='ocrx_word' id='word_1_26' title='bbox 1814 595 1943 651; x_wconf 90' lang='lat' dir='ltr'>cum</span> <span class='ocrx_word' id='word_1_27' title='bbox 1966 595 2096 649; x_wconf 86' lang='lat' dir='ltr'>scri-</span> 
     </span>
    </p>
   </div>
   <div class='ocr_carea' id='block_1_5' title="bbox 401 666 2093 738">
    <p class='ocr_par' dir='ltr' id='par_1_5' title="bbox 401 666 2093 738">
     <span class='ocr_line' id='line_1_5' title="bbox 401 666 2093 738; baseline -0.001 -16"><span class='ocrx_word' id='word_1_28' title='bbox 401 669 573 735; x_wconf 80' lang='lat' dir='ltr'>bitur,</span> <span class='ocrx_word' id='word_1_29' title='bbox 607 669 781 735; x_wconf 91' lang='lat' dir='ltr'>venit,</span> <span class='ocrx_word' id='word_1_30' title='bbox 815 668 883 722; x_wconf 90' lang='lat' dir='ltr'>de</span> <span class='ocrx_word' id='word_1_31' title='bbox 904 673 1159 737; x_wconf 87' lang='lat' dir='ltr'>tempore</span> <span class='ocrx_word' id='word_1_32' title='bbox 1184 667 1466 720; x_wconf 90' lang='lat' dir='ltr'>incertum</span> <span class='ocrx_word' id='word_1_33' title='bbox 1502 672 1603 733; x_wconf 88' lang='lat' dir='ltr'>est,</span> <span class='ocrx_word' id='word_1_34' title='bbox 1643 672 1880 738; x_wconf 83' lang='lat' dir='ltr'><strong>propter</strong></span> <span class='ocrx_word' id='word_1_35' title='bbox 1907 666 2093 721; x_wconf 89' lang='lat' dir='ltr'>occul-</span> 
     </span>
    </p>
   </div>
   <div class='ocr_carea' id='block_1_6' title="bbox 400 737 2095 819">
    <p class='ocr_par' dir='ltr' id='par_1_6' title="bbox 400 737 2095 819">
     <span class='ocr_line' id='line_1_6' title="bbox 400 737 2095 819; baseline -0.001 -27"><span class='ocrx_word' id='word_1_36' title='bbox 400 744 528 819; x_wconf 68' lang='lat' dir='ltr'>tum</span> <span class='ocrx_word' id='word_1_37' title='bbox 556 739 757 819; x_wconf 71' lang='lat' dir='ltr'>primae</span> <span class='ocrx_word' id='word_1_38' title='bbox 788 739 1015 819; x_wconf 75' lang='lat' dir='ltr'>syllabae</span> <span class='ocrx_word' id='word_1_39' title='bbox 1042 738 1317 819; x_wconf 80' lang='lat' dir='ltr'>spatium.</span> <span class='ocrx_word' id='word_1_40' title='bbox 1344 737 1864 819; x_wconf 73' lang='lat' dir='ltr'>Acumineautem,</span> <span class='ocrx_word' id='word_1_41' title='bbox 1886 742 1948 791; x_wconf 92' lang='lat' dir='ltr'>ut</span> <span class='ocrx_word' id='word_1_42' title='bbox 1964 752 2095 819; x_wconf 82' lang='lat' dir='ltr'>cum</span> 
     </span>
    </p>
   </div>
   <div class='ocr_carea' id='block_1_7' title="bbox 402 808 2097 880">
    <p class='ocr_par' dir='ltr' id='par_1_7' title="bbox 402 808 2097 880">
     <span class='ocr_line' id='line_1_7' title="bbox 402 808 2097 880; baseline -0.001 -17"><span class='ocrx_word' id='word_1_43' title='bbox 402 808 685 877; x_wconf 84' lang='lat' dir='ltr'>scribitur,</span> <span class='ocrx_word' id='word_1_44' title='bbox 720 808 889 879; x_wconf 91' lang='lat' dir='ltr'>pone,</span> <span class='ocrx_word' id='word_1_45' title='bbox 938 812 1131 863; x_wconf 90' lang='lat' dir='ltr'>utrum</span> <span class='ocrx_word' id='word_1_46' title='bbox 1160 808 1230 863; x_wconf 90' lang='lat' dir='ltr'>ab</span> <span class='ocrx_word' id='word_1_47' title='bbox 1261 823 1327 864; x_wconf 92' lang='lat' dir='ltr'>eo</span> <span class='ocrx_word' id='word_1_48' title='bbox 1373 809 1526 880; x_wconf 91' lang='lat' dir='ltr'>quod</span> <span class='ocrx_word' id='word_1_49' title='bbox 1566 812 1651 864; x_wconf 90' lang='lat' dir='ltr'>est</span> <span class='ocrx_word' id='word_1_50' title='bbox 1692 825 1871 880; x_wconf 90' lang='lat' dir='ltr'>pono,</span> <span class='ocrx_word' id='word_1_51' title='bbox 1918 824 1993 863; x_wconf 88' lang='lat' dir='ltr'>an</span> <span class='ocrx_word' id='word_1_52' title='bbox 2034 811 2097 861; x_wconf 88' lang='lat' dir='ltr'>ut</span> 
     </span>
    </p>
   </div>
   <div class='ocr_carea' id='block_1_8' title="bbox 405 880 667 935">
    <p class='ocr_par' dir='ltr' id='par_1_8' title="bbox 405 880 667 935">
     <span class='ocr_line' id='line_1_8' title="bbox 405 880 667 935; baseline -0.004 -1"><span class='ocrx_word' id='word_1_53' title='bbox 405 880 621 935; x_wconf 89' lang='lat' dir='ltr'>dictum</span> <span class='ocrx_word' id='word_1_54' title='bbox 652 895 667 934; x_wconf 88' lang='lat'><strong>:</strong></span> 
     </span>
    </p>
   </div>
   <div class='ocr_carea' id='block_1_9' title="bbox 1748 327 2497 387">
    <p class='ocr_par' dir='ltr' id='par_1_9' title="bbox 1748 327 2497 387">
     <span class='ocr_line' id='line_1_9' title="bbox 1748 327 2497 387; baseline -0.004 -1"><span class='ocrx_word' id='word_1_55' title='bbox 1748 332 1751 333; x_wconf 56' lang='grc'><strong><em>⁷</em></strong></span> <span class='ocrx_word' id='word_1_56' title='bbox 1770 329 2195 387; x_wconf 66' lang='lat' dir='ltr'>CATEGORIIE</span> <span class='ocrx_word' id='word_1_57' title='bbox 2234 327 2497 385; x_wconf 86' lang='lat' dir='ltr'>DECEM.</span> 
     </span>
    </p>
   </div>
   <div class='ocr_carea' id='block_1_10' title="bbox 3792 325 3935 379">
    <p class='ocr_par' dir='ltr' id='par_1_10' title="bbox 3792 325 3935 379">
     <span class='ocr_line' id='line_1_10' title="bbox 3792 325 3935 379; baseline 0 0"><span class='ocrx_word' id='word_1_58' title='bbox 3792 325 3935 379; x_wconf 75' lang='grc'>1420</span> 
     </span>
    </p>
   </div>
   <div class='ocr_carea' id='block_1_11' title="bbox 2260 447 3932 515">
    <p class='ocr_par' dir='ltr' id='par_1_11' title="bbox 2260 447 3932 515">
     <span class='ocr_line' id='line_1_11' title="bbox 2260 447 3932 515; baseline -0.004 -14"><span class='ocrx_word' id='word_1_59' title='bbox 2260 453 2403 502; x_wconf 88' lang='lat' dir='ltr'>Pone</span> <span class='ocrx_word' id='word_1_60' title='bbox 2431 464 2674 515; x_wconf 87' lang='lat' dir='ltr'>sequens,</span> <span class='ocrx_word' id='word_1_61' title='bbox 2696 462 2939 515; x_wconf 83' lang='lat' dir='ltr'>namque</span> <span class='ocrx_word' id='word_1_62' title='bbox 2956 450 3096 499; x_wconf 86' lang='lat' dir='ltr'>hanc</span> <span class='ocrx_word' id='word_1_63' title='bbox 3125 448 3341 515; x_wconf 77' lang='lat' dir='ltr'>dederat</span> <span class='ocrx_word' id='word_1_64' title='bbox 3369 448 3701 515; x_wconf 79' lang='lat' dir='ltr'>Proserpina</span> <span class='ocrx_word' id='word_1_65' title='bbox 3729 447 3932 512; x_wconf 80' lang='lat' dir='ltr'>legem.</span> 
     </span>
    </p>
   </div>
   <div class='ocr_carea' id='block_1_12' title="bbox 2923 511 3565 576">
    <p class='ocr_par' dir='ltr' id='par_1_12' title="bbox 2923 511 3565 576">
     <span class='ocr_line' id='line_1_12' title="bbox 2923 511 3565 576; baseline -0.003 -14"><span class='ocrx_word' id='word_1_66' title='bbox 2923 513 3131 576; x_wconf 80' lang='lat' dir='ltr'>(Georg.</span> <span class='ocrx_word' id='word_1_67' title='bbox 3164 511 3255 564; x_wconf 78' lang='lat' dir='ltr'>liv.</span> <span class='ocrx_word' id='word_1_68' title='bbox 3280 514 3327 571; x_wconf 75' lang='grc'>4,</span> <span class='ocrx_word' id='word_1_69' title='bbox 3357 526 3404 562; x_wconf 82' lang='lat' dir='ltr'>v.</span> <span class='ocrx_word' id='word_1_70' title='bbox 3429 512 3565 574; x_wconf 75' lang='grc'>487.)</span> 
     </span>
    </p>
   </div>
   <div class='ocr_carea' id='block_1_13' title="bbox 2200 591 3932 664">
    <p class='ocr_par' dir='ltr' id='par_1_13' title="bbox 2200 591 3932 664">
     <span class='ocr_line' id='line_1_13' title="bbox 2200 591 3932 664; baseline -0.002 -15"><span class='ocrx_word' id='word_1_71' title='bbox 2200 594 2483 650; x_wconf 90' lang='lat' dir='ltr'>incertum</span> <span class='ocrx_word' id='word_1_72' title='bbox 2512 597 2599 648; x_wconf 89' lang='lat' dir='ltr'>est</span> <span class='ocrx_word' id='word_1_73' title='bbox 2624 596 2855 664; x_wconf 83' lang='lat' dir='ltr'><strong>propter</strong></span> <span class='ocrx_word' id='word_1_74' title='bbox 2894 593 3169 664; x_wconf 77' lang='lat' dir='ltr'>latentem</span> <span class='ocrx_word' id='word_1_75' title='bbox 3213 591 3496 664; x_wconf 85' lang='lat' dir='ltr'>acuminis</span> <span class='ocrx_word' id='word_1_76' title='bbox 3544 591 3772 646; x_wconf 90' lang='lat' dir='ltr'>locum.</span> <span class='ocrx_word' id='word_1_77' title='bbox 3802 592 3932 664; x_wconf 79' lang='lat' dir='ltr'>__At-</span> 
     </span>
    </p>
   </div>
   <div class='ocr_carea' id='block_1_14' title="bbox 2200 660 3933 735">
    <p class='ocr_par' dir='ltr' id='par_1_14' title="bbox 2200 660 3933 735">
     <span class='ocr_line' id='line_1_14' title="bbox 2200 660 3933 735; baseline -0.003 -16"><span class='ocrx_word' id='word_1_78' title='bbox 2200 681 2333 719; x_wconf 91' lang='lat' dir='ltr'>vero</span> <span class='ocrx_word' id='word_1_79' title='bbox 2362 681 2430 719; x_wconf 90' lang='lat' dir='ltr'>ex</span> <span class='ocrx_word' id='word_1_80' title='bbox 2460 660 2701 735; x_wconf 80' lang='lat' dir='ltr'>utroque</span> <span class='ocrx_word' id='word_1_81' title='bbox 2728 660 2817 731; x_wconf 72' lang='lat' dir='ltr'>lit,</span> <span class='ocrx_word' id='word_1_82' title='bbox 2849 667 2914 717; x_wconf 89' lang='lat' dir='ltr'>ut</span> <span class='ocrx_word' id='word_1_83' title='bbox 2941 663 3003 717; x_wconf 93' lang='lat' dir='ltr'>in</span> <span class='ocrx_word' id='word_1_84' title='bbox 3031 663 3425 735; x_wconf 69' lang='lat' dir='ltr'>superioribus</span> <span class='ocrx_word' id='word_1_85' title='bbox 3450 663 3523 735; x_wconf 87' lang='lat' dir='ltr'>de</span> <span class='ocrx_word' id='word_1_86' title='bbox 3551 663 3767 735; x_wconf 83' lang='lat' dir='ltr'>lepore</span> <span class='ocrx_word' id='word_1_87' title='bbox 3785 660 3933 715; x_wconf 88' lang='lat' dir='ltr'>dixi-</span> 
     </span>
    </p>
   </div>
   <div class='ocr_carea' id='block_1_15' title="bbox 2202 733 3934 805">
    <p class='ocr_par' dir='ltr' id='par_1_15' title="bbox 2202 733 3934 805">
     <span class='ocr_line' id='line_1_15' title="bbox 2202 733 3934 805; baseline -0.003 -16"><span class='ocrx_word' id='word_1_88' title='bbox 2202 752 2367 801; x_wconf 87' lang='lat' dir='ltr'>mus;</span> <span class='ocrx_word' id='word_1_89' title='bbox 2399 751 2535 789; x_wconf 89' lang='lat' dir='ltr'>nam</span> <span class='ocrx_word' id='word_1_90' title='bbox 2565 733 2681 789; x_wconf 79' lang='lat' dir='ltr'>non</span> <span class='ocrx_word' id='word_1_91' title='bbox 2710 735 2896 788; x_wconf 92' lang='lat' dir='ltr'>solum</span> <span class='ocrx_word' id='word_1_92' title='bbox 2947 733 3331 805; x_wconf 83' lang='lat' dir='ltr'>producenda,</span> <span class='ocrx_word' id='word_1_93' title='bbox 3381 734 3483 805; x_wconf 88' lang='lat' dir='ltr'>sed</span> <span class='ocrx_word' id='word_1_94' title='bbox 3538 733 3814 805; x_wconf 80' lang='lat' dir='ltr'>acuenda</span> <span class='ocrx_word' id='word_1_95' title='bbox 3844 737 3934 785; x_wconf 87' lang='lat' dir='ltr'>est</span> 
     </span>
    </p>
   </div>
   <div class='ocr_carea' id='block_1_16' title="bbox 2202 803 3935 877">
    <p class='ocr_par' dir='ltr' id='par_1_16' title="bbox 2202 803 3935 877">
     <span class='ocr_line' id='line_1_16' title="bbox 2202 803 3935 877; baseline -0.003 -16"><span class='ocrx_word' id='word_1_96' title='bbox 2202 807 2372 861; x_wconf 88' lang='lat' dir='ltr'>etiam</span> <span class='ocrx_word' id='word_1_97' title='bbox 2402 806 2721 877; x_wconf 87' lang='lat' dir='ltr'>penultima</span> <span class='ocrx_word' id='word_1_98' title='bbox 2748 803 2968 877; x_wconf 74' lang='lat' dir='ltr'>syllaba</span> <span class='ocrx_word' id='word_1_99' title='bbox 2990 805 3160 875; x_wconf 86' lang='lat' dir='ltr'><strong>hujus</strong></span> <span class='ocrx_word' id='word_1_100' title='bbox 3180 804 3365 877; x_wconf 77' lang='lat' dir='ltr'>verbi,</span> <span class='ocrx_word' id='word_1_101' title='bbox 3383 804 3432 858; x_wconf 90' lang='lat' dir='ltr'>si</span> <span class='ocrx_word' id='word_1_102' title='bbox 3455 804 3528 858; x_wconf 90' lang='lat' dir='ltr'>ab</span> <span class='ocrx_word' id='word_1_103' title='bbox 3556 820 3629 858; x_wconf 91' lang='lat' dir='ltr'>eo</span> <span class='ocrx_word' id='word_1_104' title='bbox 3646 803 3815 875; x_wconf 90' lang='lat' dir='ltr'>quod</span> <span class='ocrx_word' id='word_1_105' title='bbox 3844 808 3935 856; x_wconf 88' lang='lat' dir='ltr'>est</span> 
     </span>
    </p>
   </div>
   <div class='ocr_carea' id='block_1_17' title="bbox 2201 874 3702 949">
    <p class='ocr_par' dir='ltr' id='par_1_17' title="bbox 2201 874 3702 949">
     <span class='ocr_line' id='line_1_17' title="bbox 2201 874 3702 949; baseline -0.002 -17"><span class='ocrx_word' id='word_1_106' title='bbox 2201 879 2378 949; x_wconf 87' lang='lat' dir='ltr'>lepos,</span> <span class='ocrx_word' id='word_1_107' title='bbox 2407 874 2523 932; x_wconf 82' lang='lat' dir='ltr'>non</span> <span class='ocrx_word' id='word_1_108' title='bbox 2554 876 2624 931; x_wconf 88' lang='lat' dir='ltr'>ab</span> <span class='ocrx_word' id='word_1_109' title='bbox 2654 891 2720 932; x_wconf 91' lang='lat' dir='ltr'>eo</span> <span class='ocrx_word' id='word_1_110' title='bbox 2752 874 2905 948; x_wconf 83' lang='lat' dir='ltr'>quod</span> <span class='ocrx_word' id='word_1_111' title='bbox 2938 881 3024 931; x_wconf 90' lang='lat' dir='ltr'>est</span> <span class='ocrx_word' id='word_1_112' title='bbox 3050 874 3233 947; x_wconf 84' lang='lat' dir='ltr'>lepus,</span> <span class='ocrx_word' id='word_1_113' title='bbox 3266 874 3557 931; x_wconf 88' lang='lat' dir='ltr'>deﬂexum</span> <span class='ocrx_word' id='word_1_114' title='bbox 3590 874 3702 930; x_wconf 73' lang='lat' dir='ltr'>est.</span> 
     </span>
    </p>
   </div>
   <div class='ocr_carea' id='block_1_18' title="bbox 1826 1100 2457 1180">
    <p class='ocr_par' dir='ltr' id='par_1_18' title="bbox 1826 1100 2457 1180">
     <span class='ocr_line' id='line_1_18' title="bbox 1826 1100 2457 1180; baseline 0 -2"><span class='ocrx_word' id='word_1_115' title='bbox 1826 1100 2457 1180; x_wconf 89' lang='lat' dir='ltr'>ADMONITIO</span> 
     </span>
    </p>
   </div>
   <div class='ocr_carea' id='block_1_19' title="bbox 1716 1257 2600 1324">
    <p class='ocr_par' dir='ltr' id='par_1_19' title="bbox 1716 1257 2600 1324">
     <span class='ocr_line' id='line_1_19' title="bbox 1716 1257 2600 1324; baseline 0 -11"><span class='ocrx_word' id='word_1_116' title='bbox 1716 1259 1805 1314; x_wconf 88' lang='lat' dir='ltr'>DE</span> <span class='ocrx_word' id='word_1_117' title='bbox 1841 1258 2180 1324; x_wconf 86' lang='lat' dir='ltr'>SEQUENTI</span> <span class='ocrx_word' id='word_1_118' title='bbox 2220 1257 2600 1314; x_wconf 89' lang='lat' dir='ltr'>OPUSCULO.</span> 
     </span>
    </p>
   </div>
   <div class='ocr_carea' id='block_1_20' title="bbox 474 1379 3929 1452">
    <p class='ocr_par' dir='ltr' id='par_1_20' title="bbox 474 1379 3929 1452">
     <span class='ocr_line' id='line_1_20' title="bbox 474 1379 3929 1452; baseline -0.001 -16"><span class='ocrx_word' id='word_1_119' title='bbox 474 1380 827 1452; x_wconf 87' lang='lat' dir='ltr'>Opusculum</span> <span class='ocrx_word' id='word_1_120' title='bbox 857 1381 927 1436; x_wconf 91' lang='lat' dir='ltr'>de</span> <span class='ocrx_word' id='word_1_121' title='bbox 957 1380 1153 1452; x_wconf 89' lang='lat' dir='ltr'>decem</span> <span class='ocrx_word' id='word_1_122' title='bbox 1175 1380 1485 1452; x_wconf 88' lang='lat' dir='ltr'>Categoriis</span> <span class='ocrx_word' id='word_1_123' title='bbox 1512 1380 1910 1452; x_wconf 87' lang='lat' dir='ltr'>castigavimus</span> <span class='ocrx_word' id='word_1_124' title='bbox 1938 1382 2126 1437; x_wconf 90' lang='lat' dir='ltr'>denuo</span> <span class='ocrx_word' id='word_1_125' title='bbox 2156 1381 2225 1436; x_wconf 92' lang='lat' dir='ltr'>ad</span> <span class='ocrx_word' id='word_1_126' title='bbox 2257 1381 2382 1436; x_wconf 85' lang='lat' dir='ltr'>Mss.</span> <span class='ocrx_word' id='word_1_127' title='bbox 2419 1384 2662 1452; x_wconf 83' lang='lat' dir='ltr'>septem,</span> <span class='ocrx_word' id='word_1_128' title='bbox 2693 1395 2724 1435; x_wconf 91' lang='lat' dir='ltr'>e</span> <span class='ocrx_word' id='word_1_129' title='bbox 2753 1379 2961 1451; x_wconf 84' lang='lat' dir='ltr'><strong>quibus</strong></span> <span class='ocrx_word' id='word_1_130' title='bbox 2990 1380 3387 1436; x_wconf 88' lang='lat' dir='ltr'>Germanensis</span> <span class='ocrx_word' id='word_1_131' title='bbox 3415 1384 3797 1452; x_wconf 85' lang='lat' dir='ltr'>pervetustus</span> <span class='ocrx_word' id='word_1_132' title='bbox 3829 1396 3929 1434; x_wconf 89' lang='lat' dir='ltr'>co-</span> 
     </span>
    </p>
   </div>
   <div class='ocr_carea' id='block_1_21' title="bbox 402 1450 3625 1523">
    <p class='ocr_par' dir='ltr' id='par_1_21' title="bbox 402 1450 3625 1523">
     <span class='ocr_line' id='line_1_21' title="bbox 402 1450 3625 1523; baseline 0 -18"><span class='ocrx_word' id='word_1_133' title='bbox 402 1452 505 1506; x_wconf 86' lang='lat' dir='ltr'>dex</span> <span class='ocrx_word' id='word_1_134' title='bbox 522 1450 657 1506; x_wconf 68' lang='lat' dir='ltr'>haec</span> <span class='ocrx_word' id='word_1_135' title='bbox 684 1450 746 1505; x_wconf 91' lang='lat' dir='ltr'>in</span> <span class='ocrx_word' id='word_1_136' title='bbox 763 1451 918 1505; x_wconf 89' lang='lat' dir='ltr'>illius</span> <span class='ocrx_word' id='word_1_137' title='bbox 944 1451 1133 1506; x_wconf 88' lang='lat' dir='ltr'>fronte</span> <span class='ocrx_word' id='word_1_138' title='bbox 1164 1450 1431 1523; x_wconf 79' lang='lat' dir='ltr'>praefert:</span> <span class='ocrx_word' id='word_1_139' title='bbox 1464 1450 1721 1521; x_wconf 76' lang='lat' dir='ltr'>Prologus</span> <span class='ocrx_word' id='word_1_140' title='bbox 1745 1453 2009 1508; x_wconf 84' lang='lat' dir='ltr'>Alchuini</span> <span class='ocrx_word' id='word_1_141' title='bbox 2037 1453 2111 1508; x_wconf 85' lang='lat' dir='ltr'>ad</span> <span class='ocrx_word' id='word_1_142' title='bbox 2136 1452 2403 1507; x_wconf 85' lang='lat' dir='ltr'>Karolum</span> <span class='ocrx_word' id='word_1_143' title='bbox 2429 1450 2744 1519; x_wconf 74' lang='lat' dir='ltr'>Augustum</span> <span class='ocrx_word' id='word_1_144' title='bbox 2769 1450 2931 1522; x_wconf 80' lang='lat' dir='ltr'>super</span> <span class='ocrx_word' id='word_1_145' title='bbox 2958 1452 3269 1519; x_wconf 87' lang='lat' dir='ltr'>Categorias</span> <span class='ocrx_word' id='word_1_146' title='bbox 3296 1450 3625 1521; x_wconf 72' lang='lat' dir='ltr'>Augustini.</span> 
     </span>
    </p>
   </div>
   <div class='ocr_carea' id='block_1_22' title="bbox 556 1550 1824 1610">
    <p class='ocr_par' dir='ltr' id='par_1_22' title="bbox 556 1550 1824 1610">
     <span class='ocr_line' id='line_1_22' title="bbox 556 1550 1824 1610; baseline 0.001 -12"><span class='ocrx_word' id='word_1_147' title='bbox 556 1550 799 1598; x_wconf 90' lang='lat' dir='ltr'>Continet</span> <span class='ocrx_word' id='word_1_148' title='bbox 829 1550 926 1599; x_wconf 90' lang='lat' dir='ltr'>iste</span> <span class='ocrx_word' id='word_1_149' title='bbox 955 1550 1133 1599; x_wconf 88' lang='lat' dir='ltr'>decem</span> <span class='ocrx_word' id='word_1_150' title='bbox 1163 1554 1369 1599; x_wconf 65' lang='lat' dir='ltr'>natura;</span> <span class='ocrx_word' id='word_1_151' title='bbox 1394 1551 1555 1600; x_wconf 89' lang='lat' dir='ltr'>verba</span> <span class='ocrx_word' id='word_1_152' title='bbox 1582 1550 1824 1610; x_wconf 86' lang='lat' dir='ltr'>libellus;</span> 
     </span>
    </p>
   </div>
   <div class='ocr_carea' id='block_1_23' title="bbox 557 1611 1957 1675">
    <p class='ocr_par' dir='ltr' id='par_1_23' title="bbox 557 1611 1957 1675">
     <span class='ocr_line' id='line_1_23' title="bbox 557 1611 1957 1675; baseline 0.001 -16"><span class='ocrx_word' id='word_1_153' title='bbox 557 1612 685 1675; x_wconf 53' lang='lat' dir='ltr'>Quae</span> <span class='ocrx_word' id='word_1_154' title='bbox 704 1612 810 1674; x_wconf 88' lang='lat' dir='ltr'>jam</span> <span class='ocrx_word' id='word_1_155' title='bbox 842 1612 999 1675; x_wconf 83' lang='lat' dir='ltr'>verba</span> <span class='ocrx_word' id='word_1_156' title='bbox 1023 1616 1204 1661; x_wconf 89' lang='lat' dir='ltr'>tenent</span> <span class='ocrx_word' id='word_1_157' title='bbox 1225 1626 1419 1669; x_wconf 90' lang='lat' dir='ltr'>rerum,</span> <span class='ocrx_word' id='word_1_158' title='bbox 1445 1613 1647 1661; x_wconf 82' lang='lat' dir='ltr'>ratione</span> <span class='ocrx_word' id='word_1_159' title='bbox 1678 1611 1957 1675; x_wconf 89' lang='lat' dir='ltr'>stupenda,</span> 
     </span>
    </p>
   </div>
   <div class='ocr_carea' id='block_1_24' title="bbox 557 1673 2018 1736">
    <p class='ocr_par' dir='ltr' id='par_1_24' title="bbox 557 1673 2018 1736">
     <span class='ocr_line' id='line_1_24' title="bbox 557 1673 2018 1736; baseline 0.001 -15"><span class='ocrx_word' id='word_1_160' title='bbox 557 1673 721 1736; x_wconf 80' lang='lat' dir='ltr'>Omne</span> <span class='ocrx_word' id='word_1_161' title='bbox 744 1674 884 1736; x_wconf 91' lang='lat' dir='ltr'>quod</span> <span class='ocrx_word' id='word_1_162' title='bbox 915 1673 970 1721; x_wconf 92' lang='lat' dir='ltr'>in</span> <span class='ocrx_word' id='word_1_163' title='bbox 1000 1677 1239 1736; x_wconf 91' lang='lat' dir='ltr'>nostrum</span> <span class='ocrx_word' id='word_1_164' title='bbox 1265 1674 1456 1735; x_wconf 88' lang='lat' dir='ltr'>poterit</span> <span class='ocrx_word' id='word_1_165' title='bbox 1479 1675 1757 1723; x_wconf 89' lang='lat' dir='ltr'>decurrere</span> <span class='ocrx_word' id='word_1_166' title='bbox 1769 1673 2018 1723; x_wconf 67' lang='lat' dir='ltr'>sensum.</span> 
     </span>
    </p>
   </div>
   <div class='ocr_carea' id='block_1_25' title="bbox 556 1735 1886 1798">
    <p class='ocr_par' dir='ltr' id='par_1_25' title="bbox 556 1735 1886 1798">
     <span class='ocr_line' id='line_1_25' title="bbox 556 1735 1886 1798; baseline 0.002 -15"><span class='ocrx_word' id='word_1_167' title='bbox 556 1735 655 1798; x_wconf 87' lang='lat' dir='ltr'>Qui</span> <span class='ocrx_word' id='word_1_168' title='bbox 684 1735 822 1798; x_wconf 87' lang='lat' dir='ltr'>legat</span> <span class='ocrx_word' id='word_1_169' title='bbox 849 1735 1121 1798; x_wconf 85' lang='lat' dir='ltr'>ingenium</span> <span class='ocrx_word' id='word_1_170' title='bbox 1149 1739 1382 1783; x_wconf 85' lang='lat' dir='ltr'>veterum</span> <span class='ocrx_word' id='word_1_171' title='bbox 1414 1736 1651 1785; x_wconf 90' lang='lat' dir='ltr'>mirabile</span> <span class='ocrx_word' id='word_1_172' title='bbox 1682 1736 1886 1796; x_wconf 83' lang='lat' dir='ltr'>laudet;</span> 
     </span>
    </p>
   </div>
   <div class='ocr_carea' id='block_1_26' title="bbox 551 1797 1743 1859">
    <p class='ocr_par' dir='ltr' id='par_1_26' title="bbox 551 1797 1743 1859">
     <span class='ocr_line' id='line_1_26' title="bbox 551 1797 1743 1859; baseline 0.002 -14"><span class='ocrx_word' id='word_1_173' title='bbox 551 1797 720 1859; x_wconf 85' lang='lat' dir='ltr'>Atque</span> <span class='ocrx_word' id='word_1_174' title='bbox 744 1797 901 1846; x_wconf 71' lang='lat' dir='ltr'>auum</span> <span class='ocrx_word' id='word_1_175' title='bbox 925 1797 1134 1847; x_wconf 81' lang='lat' dir='ltr'>studeat</span> <span class='ocrx_word' id='word_1_176' title='bbox 1160 1798 1251 1846; x_wconf 88' lang='lat' dir='ltr'>tali</span> <span class='ocrx_word' id='word_1_177' title='bbox 1282 1810 1522 1847; x_wconf 89' lang='lat' dir='ltr'>exercere</span> <span class='ocrx_word' id='word_1_178' title='bbox 1548 1798 1743 1858; x_wconf 90' lang='lat' dir='ltr'>labore,</span> 
     </span>
    </p>
   </div>
   <div class='ocr_carea' id='block_1_27' title="bbox 2354 1547 3661 1599">
    <p class='ocr_par' dir='ltr' id='par_1_27' title="bbox 2354 1547 3661 1599">
     <span class='ocr_line' id='line_1_27' title="bbox 2354 1547 3661 1599; baseline -0.002 -1"><span class='ocrx_word' id='word_1_179' title='bbox 2354 1549 2625 1598; x_wconf 88' lang='lat' dir='ltr'>Exornans</span> <span class='ocrx_word' id='word_1_180' title='bbox 2653 1547 2819 1597; x_wconf 83' lang='lat' dir='ltr'>titulis</span> <span class='ocrx_word' id='word_1_181' title='bbox 2846 1548 2965 1599; x_wconf 67' lang='lat' dir='ltr'>vitai</span> <span class='ocrx_word' id='word_1_182' title='bbox 2994 1549 3115 1598; x_wconf 86' lang='lat' dir='ltr'>data</span> <span class='ocrx_word' id='word_1_183' title='bbox 3134 1552 3368 1599; x_wconf 81' lang='lat' dir='ltr'>tempora</span> <span class='ocrx_word' id='word_1_184' title='bbox 3395 1548 3661 1598; x_wconf 76' lang='lat' dir='ltr'>honestis.</span> 
     </span>
    </p>
   </div>
   <div class='ocr_carea' id='block_1_28' title="bbox 2355 1611 3677 1674">
    <p class='ocr_par' dir='ltr' id='par_1_28' title="bbox 2355 1611 3677 1674">
     <span class='ocr_line' id='line_1_28' title="bbox 2355 1611 3677 1674; baseline -0.001 -14"><span class='ocrx_word' id='word_1_185' title='bbox 2355 1612 2506 1674; x_wconf 60' lang='lat' dir='ltr'>iiunc</span> <span class='ocrx_word' id='word_1_186' title='bbox 2535 1611 2829 1674; x_wconf 80' lang='lat' dir='ltr'>Augustino</span> <span class='ocrx_word' id='word_1_187' title='bbox 2854 1611 3053 1674; x_wconf 82' lang='lat' dir='ltr'>placuit</span> <span class='ocrx_word' id='word_1_188' title='bbox 3078 1611 3362 1674; x_wconf 84' lang='lat' dir='ltr'>transferre</span> <span class='ocrx_word' id='word_1_189' title='bbox 3393 1611 3677 1674; x_wconf 87' lang='lat' dir='ltr'>magistro,</span> 
     </span>
    </p>
   </div>
   <div class='ocr_carea' id='block_1_29' title="bbox 2355 1672 3575 1735">
    <p class='ocr_par' dir='ltr' id='par_1_29' title="bbox 2355 1672 3575 1735">
     <span class='ocr_line' id='line_1_29' title="bbox 2355 1672 3575 1735; baseline 0 -14"><span class='ocrx_word' id='word_1_190' title='bbox 2355 1672 2428 1722; x_wconf 90' lang='lat' dir='ltr'>De</span> <span class='ocrx_word' id='word_1_191' title='bbox 2456 1672 2693 1722; x_wconf 82' lang='lat' dir='ltr'>veterum</span> <span class='ocrx_word' id='word_1_192' title='bbox 2724 1672 2873 1735; x_wconf 71' lang='lat' dir='ltr'>gazis</span> <span class='ocrx_word' id='word_1_193' title='bbox 2892 1674 3199 1735; x_wconf 75' lang='lat' dir='ltr'>Graecorum</span> <span class='ocrx_word' id='word_1_194' title='bbox 3223 1673 3368 1721; x_wconf 87' lang='lat' dir='ltr'>clave</span> <span class='ocrx_word' id='word_1_195' title='bbox 3390 1672 3575 1721; x_wconf 84' lang='lat' dir='ltr'>latina.</span> 
     </span>
    </p>
   </div>
   <div class='ocr_carea' id='block_1_30' title="bbox 2355 1734 3837 1798">
    <p class='ocr_par' dir='ltr' id='par_1_30' title="bbox 2355 1734 3837 1798">
     <span class='ocr_line' id='line_1_30' title="bbox 2355 1734 3837 1798; baseline -0.001 -14"><span class='ocrx_word' id='word_1_196' title='bbox 2355 1735 2522 1798; x_wconf 84' lang='lat' dir='ltr'>Quem</span> <span class='ocrx_word' id='word_1_197' title='bbox 2541 1735 2656 1792; x_wconf 87' lang='lat' dir='ltr'>tibi,</span> <span class='ocrx_word' id='word_1_198' title='bbox 2673 1797 2677 1798; x_wconf 20' lang='grc' dir='ltr'><em>ν</em></span> <span class='ocrx_word' id='word_1_199' title='bbox 2693 1734 2799 1798; x_wconf 77' lang='lat' dir='ltr'>Rex</span> <span class='ocrx_word' id='word_1_200' title='bbox 2822 1749 3065 1798; x_wconf 85' lang='lat' dir='ltr'>magnus,</span> <span class='ocrx_word' id='word_1_201' title='bbox 3095 1734 3295 1798; x_wconf 60' lang='lat' dir='ltr'>sophiae</span> <span class='ocrx_word' id='word_1_202' title='bbox 3325 1739 3571 1798; x_wconf 86' lang='lat' dir='ltr'>sextator,</span> <span class='ocrx_word' id='word_1_203' title='bbox 3596 1738 3837 1798; x_wconf 82' lang='lat' dir='ltr'>amator.</span> 
     </span>
    </p>
   </div>
   <div class='ocr_carea' id='block_1_31' title="bbox 2354 1796 3770 1860">
    <p class='ocr_par' dir='ltr' id='par_1_31' title="bbox 2354 1796 3770 1860">
     <span class='ocr_line' id='line_1_31' title="bbox 2354 1796 3770 1860; baseline 0.001 -15"><span class='ocrx_word' id='word_1_204' title='bbox 2354 1797 2572 1846; x_wconf 86' lang='lat' dir='ltr'>Munere</span> <span class='ocrx_word' id='word_1_205' title='bbox 2592 1797 2683 1859; x_wconf 88' lang='lat' dir='ltr'>qui</span> <span class='ocrx_word' id='word_1_206' title='bbox 2712 1796 2804 1846; x_wconf 89' lang='lat' dir='ltr'>tali</span> <span class='ocrx_word' id='word_1_207' title='bbox 2831 1796 3046 1860; x_wconf 81' lang='lat' dir='ltr'>gaudes,</span> <span class='ocrx_word' id='word_1_208' title='bbox 3077 1796 3235 1846; x_wconf 76' lang='lat' dir='ltr'>modo</span> <span class='ocrx_word' id='word_1_209' title='bbox 3264 1797 3416 1846; x_wconf 89' lang='lat' dir='ltr'>mitto</span> <span class='ocrx_word' id='word_1_210' title='bbox 3441 1796 3770 1859; x_wconf 85' lang='lat' dir='ltr'>legendum.</span> 
     </span>
    </p>
   </div>
   <div class='ocr_carea' id='block_1_32' title="bbox 400 1885 3928 1956">
    <p class='ocr_par' dir='ltr' id='par_1_32' title="bbox 400 1885 3928 1956">
     <span class='ocr_line' id='line_1_32' title="bbox 400 1885 3928 1956; baseline 0.001 -14"><span class='ocrx_word' id='word_1_211' title='bbox 400 1888 693 1952; x_wconf 74' lang='lat' dir='ltr'>Categoria:</span> <span class='ocrx_word' id='word_1_212' title='bbox 720 1886 1031 1941; x_wconf 77' lang='lat' dir='ltr'>Aristotelis</span> <span class='ocrx_word' id='word_1_213' title='bbox 1062 1887 1129 1941; x_wconf 87' lang='lat' dir='ltr'>ab</span> <span class='ocrx_word' id='word_1_214' title='bbox 1157 1887 1465 1956; x_wconf 81' lang='lat' dir='ltr'>Augustino</span> <span class='ocrx_word' id='word_1_215' title='bbox 1503 1888 1568 1942; x_wconf 89' lang='lat' dir='ltr'>de</span> <span class='ocrx_word' id='word_1_216' title='bbox 1605 1903 1775 1955; x_wconf 69' lang='lat' dir='ltr'>graeco</span> <span class='ocrx_word' id='word_1_217' title='bbox 1805 1890 1864 1942; x_wconf 89' lang='lat' dir='ltr'>in</span> <span class='ocrx_word' id='word_1_218' title='bbox 1904 1888 2143 1943; x_wconf 87' lang='lat' dir='ltr'>latinum</span> <span class='ocrx_word' id='word_1_219' title='bbox 2186 1890 2426 1941; x_wconf 65' lang='lat' dir='ltr'>mutatae.</span> <span class='ocrx_word' id='word_1_220' title='bbox 2474 1885 2710 1941; x_wconf 89' lang='lat' dir='ltr'>Eosdem</span> <span class='ocrx_word' id='word_1_221' title='bbox 2740 1902 2934 1941; x_wconf 90' lang='lat' dir='ltr'>versus</span> <span class='ocrx_word' id='word_1_222' title='bbox 2973 1885 3241 1941; x_wconf 78' lang='lat' dir='ltr'>exhibent</span> <span class='ocrx_word' id='word_1_223' title='bbox 3268 1888 3367 1943; x_wconf 84' lang='lat' dir='ltr'>Ms.</span> <span class='ocrx_word' id='word_1_224' title='bbox 3421 1886 3812 1942; x_wconf 82' lang='lat' dir='ltr'>Michaelinus</span> <span class='ocrx_word' id='word_1_225' title='bbox 3868 1897 3928 1945; x_wconf 90' lang='lat' dir='ltr'>et</span> 
     </span>
    </p>
   </div>
   <div class='ocr_carea' id='block_1_33' title="bbox 398 1957 3917 2029">
    <p class='ocr_par' dir='ltr' id='par_1_33' title="bbox 398 1957 3917 2029">
     <span class='ocr_line' id='line_1_33' title="bbox 398 1957 3917 2029; baseline 0.001 -19"><span class='ocrx_word' id='word_1_226' title='bbox 398 1957 1106 2029; x_wconf 23' lang='lat' dir='ltr'>Amerbachianaﬂeditio,</span> <span class='ocrx_word' id='word_1_227' title='bbox 1168 1959 1265 2029; x_wconf 84' lang='lat' dir='ltr'>sed</span> <span class='ocrx_word' id='word_1_228' title='bbox 1317 1958 1798 2029; x_wconf 89' lang='lat' dir='ltr'>superscriptione</span> <span class='ocrx_word' id='word_1_229' title='bbox 1852 1959 1951 2013; x_wconf 89' lang='lat' dir='ltr'>illa</span> <span class='ocrx_word' id='word_1_230' title='bbox 1995 1960 2207 2029; x_wconf 88' lang='lat' dir='ltr'>carent,</span> <span class='ocrx_word' id='word_1_231' title='bbox 2266 1959 2523 2029; x_wconf 74' lang='lat' dir='ltr'>Prologus</span> <span class='ocrx_word' id='word_1_232' title='bbox 2580 1957 2862 2029; x_wconf 78' lang='lat' dir='ltr'>Alchuini,</span> <span class='ocrx_word' id='word_1_233' title='bbox 2906 1962 3025 2029; x_wconf 89' lang='lat' dir='ltr'>etc.</span> <span class='ocrx_word' id='word_1_234' title='bbox 3058 1958 3244 2029; x_wconf 73' lang='lat' dir='ltr'>istud</span> <span class='ocrx_word' id='word_1_235' title='bbox 3298 1958 3508 2029; x_wconf 88' lang='lat' dir='ltr'>ipsum,</span> <span class='ocrx_word' id='word_1_236' title='bbox 3567 1958 3917 2028; x_wconf 84' lang='lat' dir='ltr'>opinamur,</span> 
     </span>
    </p>
   </div>
   <div class='ocr_carea' id='block_1_34' title="bbox 399 2027 3921 2099">
    <p class='ocr_par' dir='ltr' id='par_1_34' title="bbox 399 2027 3921 2099">
     <span class='ocr_line' id='line_1_34' title="bbox 399 2027 3921 2099; baseline 0.002 -18"><span class='ocrx_word' id='word_1_237' title='bbox 399 2027 738 2098; x_wconf 91' lang='lat' dir='ltr'>opusculum</span> <span class='ocrx_word' id='word_1_238' title='bbox 771 2028 831 2081; x_wconf 93' lang='lat' dir='ltr'>in</span> <span class='ocrx_word' id='word_1_239' title='bbox 860 2028 960 2082; x_wconf 89' lang='lat' dir='ltr'>lib.</span> <span class='ocrx_word' id='word_1_240' title='bbox 996 2031 1017 2082; x_wconf 78' lang='grc'><strong>1</strong></span> <span class='ocrx_word' id='word_1_241' title='bbox 1058 2028 1126 2082; x_wconf 90' lang='lat' dir='ltr'>de</span> <span class='ocrx_word' id='word_1_242' title='bbox 1159 2027 1791 2083; x_wconf 42' lang='lat' dir='ltr'>Odonis—Cluniacensis</span> <span class='ocrx_word' id='word_1_243' title='bbox 1817 2028 2037 2084; x_wconf 86' lang='lat' dir='ltr'>abbatis</span> <span class='ocrx_word' id='word_1_244' title='bbox 2082 2029 2194 2082; x_wconf 87' lang='lat' dir='ltr'>vita</span> <span class='ocrx_word' id='word_1_245' title='bbox 2220 2028 2554 2099; x_wconf 84' lang='lat' dir='ltr'>designatur</span> <span class='ocrx_word' id='word_1_246' title='bbox 2582 2027 2734 2083; x_wconf 86' lang='lat' dir='ltr'>hisce</span> <span class='ocrx_word' id='word_1_247' title='bbox 2763 2028 2985 2083; x_wconf 84' lang='lat' dir='ltr'>verbis:</span> <span class='ocrx_word' id='word_1_248' title='bbox 3036 2028 3149 2084; x_wconf 85' lang='lat' dir='ltr'>Odo</span> <span class='ocrx_word' id='word_1_249' title='bbox 3195 2030 3280 2083; x_wconf 89' lang='lat' dir='ltr'>his</span> <span class='ocrx_word' id='word_1_250' title='bbox 3323 2027 3512 2082; x_wconf 73' lang='lat' dir='ltr'>diebus</span> <span class='ocrx_word' id='word_1_251' title='bbox 3562 2027 3711 2083; x_wconf 79' lang='lat' dir='ltr'>adiit</span> <span class='ocrx_word' id='word_1_252' title='bbox 3745 2032 3921 2087; x_wconf 82' lang='lat' dir='ltr'>Pari-</span> 
     </span>
    </p>
   </div>
   <div class='ocr_carea' id='block_1_35' title="bbox 395 2099 1898 2170">
    <p class='ocr_par' dir='ltr' id='par_1_35' title="bbox 395 2099 1898 2170">
     <span class='ocr_line' id='line_1_35' title="bbox 395 2099 1898 2170; baseline 0.001 -17"><span class='ocrx_word' id='word_1_253' title='bbox 395 2102 558 2165; x_wconf 86' lang='lat' dir='ltr'>sium,</span> <span class='ocrx_word' id='word_1_254' title='bbox 591 2099 773 2167; x_wconf 86' lang='lat' dir='ltr'>ibique</span> <span class='ocrx_word' id='word_1_255' title='bbox 803 2100 1152 2153; x_wconf 87' lang='lat' dir='ltr'>Dialecticam</span> <span class='ocrx_word' id='word_1_256' title='bbox 1174 2100 1229 2154; x_wconf 94' lang='lat' dir='ltr'>S.</span> <span class='ocrx_word' id='word_1_257' title='bbox 1259 2100 1560 2170; x_wconf 77' lang='lat' dir='ltr'>Augustini</span> <span class='ocrx_word' id='word_1_258' title='bbox 1584 2101 1827 2154; x_wconf 86' lang='lat' dir='ltr'>Deodato</span> <span class='ocrx_word' id='word_1_259' title='bbox 1850 2101 1898 2169; x_wconf 80' lang='lat' dir='ltr'><em>ﬁ</em></span> 
     </span>
    </p>
   </div>
   <div class='ocr_carea' id='block_1_36' title="bbox 1901 2099 3924 2170">
    <p class='ocr_par' dir='ltr' id='par_1_36' title="bbox 1901 2099 3924 2170">
     <span class='ocr_line' id='line_1_36' title="bbox 1901 2099 3924 2170; baseline 0.002 -16"><span class='ocrx_word' id='word_1_260' title='bbox 1901 2101 1970 2154; x_wconf 86' lang='lat' dir='ltr'>lio</span> <span class='ocrx_word' id='word_1_261' title='bbox 1998 2115 2094 2154; x_wconf 89' lang='lat' dir='ltr'>suo</span> <span class='ocrx_word' id='word_1_262' title='bbox 2126 2102 2194 2170; x_wconf 87' lang='lat' dir='ltr'>(a)</span> <span class='ocrx_word' id='word_1_263' title='bbox 2233 2101 2457 2155; x_wconf 87' lang='lat' dir='ltr'>missam</span> <span class='ocrx_word' id='word_1_264' title='bbox 2493 2100 2747 2169; x_wconf 81' lang='lat' dir='ltr'>perlegit,</span> <span class='ocrx_word' id='word_1_265' title='bbox 2773 2103 2825 2154; x_wconf 87' lang='lat' dir='ltr'>et</span> <span class='ocrx_word' id='word_1_266' title='bbox 2858 2100 3201 2155; x_wconf 81' lang='lat' dir='ltr'>Marcianum</span> <span class='ocrx_word' id='word_1_267' title='bbox 3230 2102 3289 2154; x_wconf 87' lang='lat' dir='ltr'>in</span> <span class='ocrx_word' id='word_1_268' title='bbox 3334 2099 3657 2154; x_wconf 78' lang='lat' dir='ltr'>liberalibus</span> <span class='ocrx_word' id='word_1_269' title='bbox 3688 2103 3924 2158; x_wconf 86' lang='lat' dir='ltr'>artibus</span> 
     </span>
    </p>
   </div>
   <div class='ocr_carea' id='block_1_37' title="bbox 394 2170 2688 2240">
    <p class='ocr_par' dir='ltr' id='par_1_37' title="bbox 394 2170 2688 2240">
     <span class='ocr_line' id='line_1_37' title="bbox 394 2170 2688 2240; baseline 0.001 -18"><span class='ocrx_word' id='word_1_270' title='bbox 394 2171 707 2237; x_wconf 75' lang='lat' dir='ltr'>frequenter</span> <span class='ocrx_word' id='word_1_271' title='bbox 726 2171 1024 2223; x_wconf 73' lang='lat' dir='ltr'>(actitavit:</span> <span class='ocrx_word' id='word_1_272' title='bbox 1052 2177 1428 2239; x_wconf 60' lang='lat' dir='ltr'>praceptorem</span> <span class='ocrx_word' id='word_1_273' title='bbox 1450 2173 1651 2240; x_wconf 85' lang='lat' dir='ltr'>quippe</span> <span class='ocrx_word' id='word_1_274' title='bbox 1678 2174 1737 2225; x_wconf 89' lang='lat' dir='ltr'>in</span> <span class='ocrx_word' id='word_1_275' title='bbox 1757 2172 1841 2225; x_wconf 90' lang='lat' dir='ltr'>his</span> <span class='ocrx_word' id='word_1_276' title='bbox 1872 2172 2116 2225; x_wconf 84' lang='lat' dir='ltr'>omnibus</span> <span class='ocrx_word' id='word_1_277' title='bbox 2148 2170 2338 2225; x_wconf 79' lang='lat' dir='ltr'>habuit</span> <span class='ocrx_word' id='word_1_278' title='bbox 2364 2172 2688 2237; x_wconf 73' lang='lat' dir='ltr'>Remigium.</span> 
     </span>
    </p>
   </div>
   <div class='ocr_carea' id='block_1_38' title="bbox 465 2240 2099 2311">
    <p class='ocr_par' dir='ltr' id='par_1_38' title="bbox 465 2240 2099 2311">
     <span class='ocr_line' id='line_1_38' title="bbox 465 2240 2099 2311; baseline 0.001 -18"><span class='ocrx_word' id='word_1_279' title='bbox 465 2240 660 2311; x_wconf 88' lang='lat' dir='ltr'>Itaque</span> <span class='ocrx_word' id='word_1_280' title='bbox 683 2240 805 2309; x_wconf 90' lang='lat' dir='ltr'>jam</span> <span class='ocrx_word' id='word_1_281' title='bbox 838 2240 975 2295; x_wconf 90' lang='lat' dir='ltr'>olim</span> <span class='ocrx_word' id='word_1_282' title='bbox 1000 2240 1161 2294; x_wconf 88' lang='lat' dir='ltr'>istius</span> <span class='ocrx_word' id='word_1_283' title='bbox 1187 2241 1446 2310; x_wconf 89' lang='lat' dir='ltr'>opusculi</span> <span class='ocrx_word' id='word_1_284' title='bbox 1468 2248 1664 2295; x_wconf 89' lang='lat' dir='ltr'>auctor</span> <span class='ocrx_word' id='word_1_285' title='bbox 1689 2241 2027 2296; x_wconf 87' lang='lat' dir='ltr'>credebatur</span> <span class='ocrx_word' id='word_1_286' title='bbox 2052 2244 2099 2295; x_wconf 87' lang='lat' dir='ltr'>A</span> 
     </span>
    </p>
   </div>
   <div class='ocr_carea' id='block_1_39' title="bbox 393 2309 2100 2383">
    <p class='ocr_par' dir='ltr' id='par_1_39' title="bbox 393 2309 2100 2383">
     <span class='ocr_line' id='line_1_39' title="bbox 393 2309 2100 2383; baseline 0.001 -20"><span class='ocrx_word' id='word_1_287' title='bbox 393 2309 981 2383; x_wconf 15' lang='lat' dir='ltr'>fuisseinemoneseit.</span> <span class='ocrx_word' id='word_1_288' title='bbox 1027 2312 1093 2365; x_wconf 90' lang='lat' dir='ltr'>Et</span> <span class='ocrx_word' id='word_1_289' title='bbox 1113 2309 1269 2383; x_wconf 83' lang='lat' dir='ltr'>certe</span> <span class='ocrx_word' id='word_1_290' title='bbox 1297 2328 1581 2383; x_wconf 89' lang='lat' dir='ltr'>nusquam</span> <span class='ocrx_word' id='word_1_291' title='bbox 1609 2312 1727 2383; x_wconf 91' lang='lat' dir='ltr'>ipse</span> <span class='ocrx_word' id='word_1_292' title='bbox 1750 2312 2014 2366; x_wconf 86' lang='lat' dir='ltr'>meminit</span> <span class='ocrx_word' id='word_1_293' title='bbox 2042 2327 2100 2365; x_wconf 91' lang='lat' dir='ltr'>se</span> 
     </span>
    </p>
   </div>
   <div class='ocr_carea' id='block_1_40' title="bbox 396 2380 3468 2454">
    <p class='ocr_par' dir='ltr' id='par_1_40' title="bbox 396 2380 3468 2454">
     <span class='ocr_line' id='line_1_40' title="bbox 396 2380 3468 2454; baseline 0.001 -21"><span class='ocrx_word' id='word_1_294' title='bbox 396 2396 548 2454; x_wconf 81' lang='lat' dir='ltr'>mus,</span> <span class='ocrx_word' id='word_1_295' title='bbox 582 2380 1093 2454; x_wconf 84' lang='lat' dir='ltr'>deprehenduntur</span> <span class='ocrx_word' id='word_1_296' title='bbox 1112 2381 1201 2435; x_wconf 91' lang='lat' dir='ltr'>hic</span> <span class='ocrx_word' id='word_1_297' title='bbox 1230 2389 1379 2437; x_wconf 67' lang='lat' dir='ltr'>notae</span> <span class='ocrx_word' id='word_1_298' title='bbox 1412 2380 1792 2454; x_wconf 55' lang='lat' dir='ltr'>eadem&#39;libri</span> <span class='ocrx_word' id='word_1_299' title='bbox 1819 2383 1887 2437; x_wconf 90' lang='lat' dir='ltr'>de</span> <span class='ocrx_word' id='word_1_300' title='bbox 1920 2382 2219 2454; x_wconf 84' lang='lat' dir='ltr'>Dialectica</span> <span class='ocrx_word' id='word_1_301' title='bbox 2237 2381 2299 2436; x_wconf 90' lang='lat' dir='ltr'>in</span> <span class='ocrx_word' id='word_1_302' title='bbox 2317 2380 2428 2454; x_wconf 79' lang='lat' dir='ltr'>lib.</span> <span class='ocrx_word' id='word_1_303' title='bbox 2466 2385 2485 2435; x_wconf 81' lang='lat' dir='ltr'>l</span> <span class='ocrx_word' id='word_1_304' title='bbox 2527 2383 2796 2451; x_wconf 86' lang='lat' dir='ltr'>Retract.,</span> <span class='ocrx_word' id='word_1_305' title='bbox 2822 2398 2945 2452; x_wconf 86' lang='lat' dir='ltr'>cap.</span> <span class='ocrx_word' id='word_1_306' title='bbox 2979 2380 3031 2454; x_wconf 63' lang='lat' dir='ltr'>ti,</span> <span class='ocrx_word' id='word_1_307' title='bbox 3065 2382 3391 2448; x_wconf 89' lang='lat' dir='ltr'>memorati,</span> <span class='ocrx_word' id='word_1_308' title='bbox 3430 2400 3468 2454; x_wconf 89' lang='lat' dir='ltr'>q</span> 
     </span>
    </p>
   </div>
   <div class='ocr_carea' id='block_1_41' title="bbox 2104 2256 2181 2366">
    <p class='ocr_par' dir='ltr' id='par_1_41' title="bbox 2104 2256 2181 2366">
     <span class='ocr_line' id='line_1_41' title="bbox 2104 2256 2181 2366; baseline 0 0"><span class='ocrx_word' id='word_1_309' title='bbox 2104 2256 2181 2366; x_wconf 61' lang='lat' dir='ltr'>“i</span> 
     </span>
    </p>
   </div>
   <div class='ocr_carea' id='block_1_42' title="bbox 2171 2310 3919 2383">
    <p class='ocr_par' dir='ltr' id='par_1_42' title="bbox 2171 2310 3919 2383">
     <span class='ocr_line' id='line_1_42' title="bbox 2171 2310 3919 2383; baseline 0.001 -17"><span class='ocrx_word' id='word_1_310' title='bbox 2171 2328 2202 2366; x_wconf 90' lang='lat' dir='ltr'>e</span> <span class='ocrx_word' id='word_1_311' title='bbox 2241 2310 2553 2383; x_wconf 78' lang='lat' dir='ltr'>Categoriis</span> <span class='ocrx_word' id='word_1_312' title='bbox 2583 2314 2845 2366; x_wconf 87' lang='lat' dir='ltr'>tractasse</span> <span class='ocrx_word' id='word_1_313' title='bbox 2868 2310 3100 2383; x_wconf 53' lang='lat' dir='ltr'>{neque</span> <span class='ocrx_word' id='word_1_314' title='bbox 3129 2326 3283 2378; x_wconf 88' lang='lat' dir='ltr'>vero,</span> <span class='ocrx_word' id='word_1_315' title='bbox 3316 2311 3403 2383; x_wconf 85' lang='lat' dir='ltr'>uti</span> <span class='ocrx_word' id='word_1_316' title='bbox 3432 2328 3608 2382; x_wconf 89' lang='lat' dir='ltr'>supra</span> <span class='ocrx_word' id='word_1_317' title='bbox 3636 2313 3919 2368; x_wconf 86' lang='lat' dir='ltr'>observa-</span> 
     </span>
    </p>
   </div>
   <div class='ocr_carea' id='block_1_43' title="bbox 2187 2240 3921 2311">
    <p class='ocr_par' dir='ltr' id='par_1_43' title="bbox 2187 2240 3921 2311">
     <span class='ocr_line' id='line_1_43' title="bbox 2187 2240 3921 2311; baseline 0.002 -17"><span class='ocrx_word' id='word_1_318' title='bbox 2187 2240 2425 2307; x_wconf 87' lang='lat' dir='ltr'>ustinus,</span> <span class='ocrx_word' id='word_1_319' title='bbox 2484 2240 2577 2311; x_wconf 90' lang='lat' dir='ltr'>cui</span> <span class='ocrx_word' id='word_1_320' title='bbox 2608 2240 2719 2294; x_wconf 88' lang='lat' dir='ltr'>alia</span> <span class='ocrx_word' id='word_1_321' title='bbox 2759 2240 3056 2311; x_wconf 89' lang='lat' dir='ltr'>complura</span> <span class='ocrx_word' id='word_1_322' title='bbox 3095 2256 3129 2295; x_wconf 88' lang='lat' dir='ltr'>a</span> <span class='ocrx_word' id='word_1_323' title='bbox 3173 2240 3460 2295; x_wconf 86' lang='lat' dir='ltr'>veteribus</span> <span class='ocrx_word' id='word_1_324' title='bbox 3508 2240 3654 2295; x_wconf 90' lang='lat' dir='ltr'>falso</span> <span class='ocrx_word' id='word_1_325' title='bbox 3685 2242 3921 2299; x_wconf 85' lang='lat' dir='ltr'>tributa</span> 
     </span>
    </p>
   </div>
   <div class='ocr_carea' id='block_1_44' title="bbox 3473 2384 3919 2441">
    <p class='ocr_par' dir='ltr' id='par_1_44' title="bbox 3473 2384 3919 2441">
     <span class='ocr_line' id='line_1_44' title="bbox 3473 2384 3919 2441; baseline 0.013 -6"><span class='ocrx_word' id='word_1_326' title='bbox 3473 2399 3602 2436; x_wconf 86' lang='lat' dir='ltr'>nem</span> <span class='ocrx_word' id='word_1_327' title='bbox 3637 2384 3919 2441; x_wconf 85' lang='lat' dir='ltr'>videlicet</span> 
     </span>
    </p>
   </div>
   <div class='ocr_carea' id='block_1_45' title="bbox 400 2451 3923 2534">
    <p class='ocr_par' dir='ltr' id='par_1_45' title="bbox 400 2451 3923 2534">
     <span class='ocr_line' id='line_1_45' title="bbox 400 2451 3923 2534; baseline 0.002 -30"><span class='ocrx_word' id='word_1_328' title='bbox 400 2451 614 2534; x_wconf 81' lang='lat' dir='ltr'>dialogi</span> <span class='ocrx_word' id='word_1_329' title='bbox 645 2451 833 2534; x_wconf 66' lang='lat' dir='ltr'>forma</span> <span class='ocrx_word' id='word_1_330' title='bbox 850 2452 1173 2534; x_wconf 78' lang='lat' dir='ltr'>scripserat,</span> <span class='ocrx_word' id='word_1_331' title='bbox 1209 2453 1663 2534; x_wconf 39' lang='lat' dir='ltr'>eoqueﬂcons&#39;ilio</span> <span class='ocrx_word' id='word_1_332' title='bbox 1694 2458 1757 2534; x_wconf 79' lang='lat' dir='ltr'>ut</span> <span class='ocrx_word' id='word_1_333' title='bbox 1784 2469 1889 2534; x_wconf 82' lang='lat' dir='ltr'>per</span> <span class='ocrx_word' id='word_1_334' title='bbox 1914 2452 2232 2534; x_wconf 82' lang='lat' dir='ltr'>corporalia</span> <span class='ocrx_word' id='word_1_335' title='bbox 2262 2453 2333 2507; x_wconf 92' lang='lat' dir='ltr'>ad</span> <span class='ocrx_word' id='word_1_336' title='bbox 2373 2452 2750 2534; x_wconf 78' lang='lat' dir='ltr'>incorporalia</span> <span class='ocrx_word' id='word_1_337' title='bbox 2778 2451 3105 2534; x_wconf 72' lang='lat' dir='ltr'>perveniret</span> <span class='ocrx_word' id='word_1_338' title='bbox 3133 2457 3232 2506; x_wconf 91' lang='lat' dir='ltr'>aut</span> <span class='ocrx_word' id='word_1_339' title='bbox 3279 2451 3531 2534; x_wconf 55' lang='lat' dir='ltr'>deferet.</span> <span class='ocrx_word' id='word_1_340' title='bbox 3568 2453 3923 2534; x_wconf 44' lang='lat' dir='ltr'>Yidesnpraa-</span> 
     </span>
    </p>
   </div>
   <div class='ocr_carea' id='block_1_46' title="bbox 391 2522 3911 2594">
    <p class='ocr_par' dir='ltr' id='par_1_46' title="bbox 391 2522 3911 2594">
     <span class='ocr_line' id='line_1_46' title="bbox 391 2522 3911 2594; baseline 0.002 -19"><span class='ocrx_word' id='word_1_341' title='bbox 391 2526 551 2594; x_wconf 84' lang='lat' dir='ltr'>terea</span> <span class='ocrx_word' id='word_1_342' title='bbox 584 2523 783 2594; x_wconf 86' lang='lat' dir='ltr'>quanti</span> <span class='ocrx_word' id='word_1_343' title='bbox 807 2522 941 2594; x_wconf 75' lang='lat' dir='ltr'>facit</span> <span class='ocrx_word' id='word_1_344' title='bbox 969 2522 1133 2575; x_wconf 89' lang='lat' dir='ltr'>istius</span> <span class='ocrx_word' id='word_1_345' title='bbox 1164 2522 1424 2594; x_wconf 82' lang='lat' dir='ltr'>opusculi</span> <span class='ocrx_word' id='word_1_346' title='bbox 1453 2524 1695 2593; x_wconf 88' lang='lat' dir='ltr'>scriptor</span> <span class='ocrx_word' id='word_1_347' title='bbox 1722 2522 2102 2578; x_wconf 74' lang='lat' dir='ltr'>Aristotelicas</span> <span class='ocrx_word' id='word_1_348' title='bbox 2128 2524 2481 2593; x_wconf 69' lang='lat' dir='ltr'>caategorias,</span> <span class='ocrx_word' id='word_1_349' title='bbox 2512 2522 2653 2594; x_wconf 79' lang='lat' dir='ltr'>quas</span> <span class='ocrx_word' id='word_1_350' title='bbox 2675 2522 2803 2594; x_wconf 90' lang='lat' dir='ltr'>jugi</span> <span class='ocrx_word' id='word_1_351' title='bbox 2834 2523 3049 2588; x_wconf 91' lang='lat' dir='ltr'>labore,</span> <span class='ocrx_word' id='word_1_352' title='bbox 3079 2539 3302 2577; x_wconf 90' lang='lat' dir='ltr'>necnon</span> <span class='ocrx_word' id='word_1_353' title='bbox 3323 2523 3623 2578; x_wconf 87' lang='lat' dir='ltr'>Themistii</span> <span class='ocrx_word' id='word_1_354' title='bbox 3643 2522 3911 2594; x_wconf 65' lang='lat' dir='ltr'>philoso-</span> 
     </span>
    </p>
   </div>
   <div class='ocr_carea' id='block_1_47' title="bbox 392 2592 3911 2719">
    <p class='ocr_par' dir='ltr' id='par_1_47' title="bbox 392 2592 3911 2719">
     <span class='ocr_line' id='line_1_47' title="bbox 392 2592 3911 2719; baseline 0.002 -73"><span class='ocrx_word' id='word_1_355' title='bbox 392 2593 495 2673; x_wconf 78' lang='lat' dir='ltr'>phi</span> <span class='ocrx_word' id='word_1_356' title='bbox 526 2592 856 2673; x_wconf 73' lang='lat' dir='ltr'>magisterio</span> <span class='ocrx_word' id='word_1_357' title='bbox 886 2609 943 2646; x_wconf 88' lang='lat' dir='ltr'>se</span> <span class='ocrx_word' id='word_1_358' title='bbox 992 2600 1311 2647; x_wconf 89' lang='lat' dir='ltr'>assecutum</span> <span class='ocrx_word' id='word_1_359' title='bbox 1342 2593 1513 2648; x_wconf 82' lang='lat' dir='ltr'>fuisse</span> <span class='ocrx_word' id='word_1_360' title='bbox 1535 2594 1844 2719; x_wconf 59' lang='lat' dir='ltr'>(profitetur</span> <span class='ocrx_word' id='word_1_361' title='bbox 1871 2609 1884 2650; x_wconf 91' lang='lat'>:</span> <span class='ocrx_word' id='word_1_362' title='bbox 1933 2610 2065 2649; x_wconf 92' lang='lat' dir='ltr'>cum</span> <span class='ocrx_word' id='word_1_363' title='bbox 2093 2610 2123 2649; x_wconf 93' lang='lat' dir='ltr'>e</span> <span class='ocrx_word' id='word_1_364' title='bbox 2152 2592 2347 2648; x_wconf 85' lang='lat' dir='ltr'>contra</span> <span class='ocrx_word' id='word_1_365' title='bbox 2392 2592 2771 2663; x_wconf 64' lang='lat' dir='ltr'>Augustinus</span> <span class='ocrx_word' id='word_1_366' title='bbox 2791 2594 2850 2647; x_wconf 92' lang='lat' dir='ltr'>in</span> <span class='ocrx_word' id='word_1_367' title='bbox 2882 2594 2980 2647; x_wconf 92' lang='lat' dir='ltr'>lib.</span> <span class='ocrx_word' id='word_1_368' title='bbox 3012 2594 3044 2647; x_wconf 87' lang='grc'><strong>5</strong></span> <span class='ocrx_word' id='word_1_369' title='bbox 3072 2599 3272 2647; x_wconf 89' lang='lat' dir='ltr'>contra</span> <span class='ocrx_word' id='word_1_370' title='bbox 3298 2595 3612 2657; x_wconf 72' lang='lat' dir='ltr'>lulianum,</span> <span class='ocrx_word' id='word_1_371' title='bbox 3644 2592 3780 2666; x_wconf 75' lang='lat' dir='ltr'>cap.</span> <span class='ocrx_word' id='word_1_372' title='bbox 3819 2601 3911 2658; x_wconf 68' lang='grc'>14,</span> 
     </span>
     <span class='ocr_line' id='line_1_48' title="bbox 392 2663 3911 2719; baseline 0.001 -3"><span class='ocrx_word' id='word_1_373' title='bbox 392 2663 476 2716; x_wconf 83' lang='grc' dir='ltr'>ιΙΙι</span> <span class='ocrx_word' id='word_1_374' title='bbox 520 2665 842 2717; x_wconf 79' lang='lat' dir='ltr'>adversario</span> <span class='ocrx_word' id='word_1_375' title='bbox 891 2679 992 2717; x_wconf 91' lang='lat' dir='ltr'>suo</span> <span class='ocrx_word' id='word_1_376' title='bbox 1039 2664 1360 2719; x_wconf 79' lang='lat' dir='ltr'>exprobret.</span> <span class='ocrx_word' id='word_1_377' title='bbox 1414 2680 1529 2719; x_wconf 86' lang='lat' dir='ltr'>auo</span> <span class='ocrx_word' id='word_1_378' title='bbox 1618 2666 1928 2719; x_wconf 80' lang='lat' dir='ltr'>Aristotelis</span> <span class='ocrx_word' id='word_1_379' title='bbox 1956 2667 2252 2719; x_wconf 76' lang='lat' dir='ltr'>categorias</span> <span class='ocrx_word' id='word_1_380' title='bbox 2299 2666 2614 2719; x_wconf 76' lang='lat' dir='ltr'>insipienter</span> <span class='ocrx_word' id='word_1_381' title='bbox 2643 2666 2846 2719; x_wconf 79' lang='lat' dir='ltr'>sapiat.</span> <span class='ocrx_word' id='word_1_382' title='bbox 2892 2680 3099 2719; x_wconf 79' lang='lat' dir='ltr'>easque</span> <span class='ocrx_word' id='word_1_383' title='bbox 3120 2664 3177 2718; x_wconf 89' lang='lat' dir='ltr'>in</span> <span class='ocrx_word' id='word_1_384' title='bbox 3228 2665 3321 2719; x_wconf 89' lang='lat' dir='ltr'>lib.</span> <span class='ocrx_word' id='word_1_385' title='bbox 3372 2666 3406 2719; x_wconf 83' lang='grc'><strong>4</strong></span> <span class='ocrx_word' id='word_1_386' title='bbox 3438 2666 3911 2719; x_wconf 88' lang='lat' dir='ltr'>Confessionum.</span> 
     </span>
    </p>
   </div>
   <div class='ocr_carea' id='block_1_48' title="bbox 391 2662 1529 2743">
    <p class='ocr_par' dir='ltr' id='par_1_48' title="bbox 391 2662 1529 2743">
     <span class='ocr_line' id='line_1_49' title="bbox 391 2662 1529 2743; baseline 0.003 -27"><span class='ocrx_word' id='word_1_387' title='bbox 391 2662 476 2716; x_wconf 89' lang='lat' dir='ltr'>illi</span> <span class='ocrx_word' id='word_1_388' title='bbox 520 2662 842 2743; x_wconf 63' lang='lat' dir='ltr'>adyersario</span> <span class='ocrx_word' id='word_1_389' title='bbox 891 2679 992 2717; x_wconf 90' lang='lat' dir='ltr'>suo</span> <span class='ocrx_word' id='word_1_390' title='bbox 1039 2664 1360 2743; x_wconf 75' lang='lat' dir='ltr'>exprobret,</span> <span class='ocrx_word' id='word_1_391' title='bbox 1414 2680 1529 2735; x_wconf 93' lang='lat' dir='ltr'>quo</span> 
     </span>
    </p>
   </div>
   <div class='ocr_carea' id='block_1_49' title="bbox 1618 2664 3914 2734">
    <p class='ocr_par' dir='ltr' id='par_1_49' title="bbox 1618 2664 3914 2734">
     <span class='ocr_line' id='line_1_50' title="bbox 1618 2664 3914 2734; baseline 0.001 -15"><span class='ocrx_word' id='word_1_392' title='bbox 1618 2666 1928 2719; x_wconf 80' lang='lat' dir='ltr'>Aristotelis</span> <span class='ocrx_word' id='word_1_393' title='bbox 1956 2667 2252 2731; x_wconf 74' lang='lat' dir='ltr'>categorias</span> <span class='ocrx_word' id='word_1_394' title='bbox 2299 2666 2614 2734; x_wconf 82' lang='lat' dir='ltr'>insipienter</span> <span class='ocrx_word' id='word_1_395' title='bbox 2643 2666 2846 2733; x_wconf 87' lang='lat' dir='ltr'>sapiat,</span> <span class='ocrx_word' id='word_1_396' title='bbox 2892 2680 3099 2734; x_wconf 88' lang='lat' dir='ltr'>easque</span> <span class='ocrx_word' id='word_1_397' title='bbox 3120 2664 3177 2718; x_wconf 89' lang='lat' dir='ltr'>in</span> <span class='ocrx_word' id='word_1_398' title='bbox 3228 2665 3321 2719; x_wconf 89' lang='lat' dir='ltr'>lib.</span> <span class='ocrx_word' id='word_1_399' title='bbox 3372 2666 3406 2719; x_wconf 84' lang='grc'><strong>4</strong></span> <span class='ocrx_word' id='word_1_400' title='bbox 3438 2664 3914 2731; x_wconf 79' lang='lat' dir='ltr'>Confessionum,</span> 
     </span>
    </p>
   </div>
   <div class='ocr_carea' id='block_1_50' title="bbox 394 2734 3915 2806">
    <p class='ocr_par' dir='ltr' id='par_1_50' title="bbox 394 2734 3915 2806">
     <span class='ocr_line' id='line_1_51' title="bbox 394 2734 3915 2806; baseline 0.002 -19"><span class='ocrx_word' id='word_1_401' title='bbox 394 2750 518 2803; x_wconf 88' lang='lat' dir='ltr'>cap.</span> <span class='ocrx_word' id='word_1_402' title='bbox 542 2734 830 2806; x_wconf 71' lang='lat' dir='ltr'>_16,_nullo</span> <span class='ocrx_word' id='word_1_403' title='bbox 851 2750 909 2787; x_wconf 91' lang='lat' dir='ltr'>se</span> <span class='ocrx_word' id='word_1_404' title='bbox 934 2734 1181 2806; x_wconf 83' lang='lat' dir='ltr'>negotio,</span> <span class='ocrx_word' id='word_1_405' title='bbox 1220 2740 1275 2806; x_wconf 89' lang='lat' dir='ltr'>et</span> <span class='ocrx_word' id='word_1_406' title='bbox 1303 2734 1517 2806; x_wconf 89' lang='lat' dir='ltr'>absque</span> <span class='ocrx_word' id='word_1_407' title='bbox 1542 2736 1803 2806; x_wconf 86' lang='lat' dir='ltr'>magistri</span> <span class='ocrx_word' id='word_1_408' title='bbox 1833 2735 1917 2789; x_wconf 85' lang='lat' dir='ltr'>sui</span> <span class='ocrx_word' id='word_1_409' title='bbox 1945 2735 2199 2789; x_wconf 90' lang='lat' dir='ltr'>subsidio</span> <span class='ocrx_word' id='word_1_410' title='bbox 2230 2735 2592 2806; x_wconf 19' lang='lat' dir='ltr'>intellexisse;</span> <span class='ocrx_word' id='word_1_411' title='bbox 2627 2734 2880 2806; x_wconf 78' lang='lat' dir='ltr'>testatur.</span> <span class='ocrx_word' id='word_1_412' title='bbox 2930 2738 3114 2806; x_wconf 85' lang='lat' dir='ltr'>Atque</span> <span class='ocrx_word' id='word_1_413' title='bbox 3144 2735 3238 2789; x_wconf 88' lang='lat' dir='ltr'>hic</span> <span class='ocrx_word' id='word_1_414' title='bbox 3273 2735 3561 2790; x_wconf 80' lang='lat' dir='ltr'>Aristoteli</span> <span class='ocrx_word' id='word_1_415' title='bbox 3603 2738 3915 2794; x_wconf 88' lang='lat' dir='ltr'>Platonem</span> 
     </span>
    </p>
   </div>
   <div class='ocr_carea' id='block_1_51' title="bbox 393 2804 3498 2877">
    <p class='ocr_par' dir='ltr' id='par_1_51' title="bbox 393 2804 3498 2877">
     <span class='ocr_line' id='line_1_52' title="bbox 393 2804 3498 2877; baseline 0.001 -20"><span class='ocrx_word' id='word_1_416' title='bbox 393 2804 769 2877; x_wconf 77' lang='lat' dir='ltr'>anteferebat,</span> <span class='ocrx_word' id='word_1_417' title='bbox 803 2810 866 2858; x_wconf 91' lang='lat' dir='ltr'>ut</span> <span class='ocrx_word' id='word_1_418' title='bbox 904 2805 1099 2877; x_wconf 68' lang='lat' dir='ltr'>videre</span> <span class='ocrx_word' id='word_1_419' title='bbox 1128 2809 1211 2859; x_wconf 91' lang='lat' dir='ltr'>est</span> <span class='ocrx_word' id='word_1_420' title='bbox 1240 2805 1301 2859; x_wconf 92' lang='lat' dir='ltr'>in</span> <span class='ocrx_word' id='word_1_421' title='bbox 1332 2804 1440 2860; x_wconf 55' lang='lat' dir='ltr'>lib:</span> <span class='ocrx_word' id='word_1_422' title='bbox 1465 2808 1496 2860; x_wconf 93' lang='lat'>8</span> <span class='ocrx_word' id='word_1_423' title='bbox 1523 2806 1592 2860; x_wconf 90' lang='lat' dir='ltr'>de</span> <span class='ocrx_word' id='word_1_424' title='bbox 1623 2804 1859 2861; x_wconf 85' lang='lat' dir='ltr'>Civitate</span> <span class='ocrx_word' id='word_1_425' title='bbox 1893 2806 2010 2872; x_wconf 90' lang='lat' dir='ltr'>Dei,</span> <span class='ocrx_word' id='word_1_426' title='bbox 2039 2822 2161 2877; x_wconf 89' lang='lat' dir='ltr'>cap.</span> <span class='ocrx_word' id='word_1_427' title='bbox 2191 2808 2291 2873; x_wconf 77' lang='lat' dir='ltr'>l2;</span> <span class='ocrx_word' id='word_1_428' title='bbox 2320 2805 2416 2860; x_wconf 92' lang='lat' dir='ltr'>ille</span> <span class='ocrx_word' id='word_1_429' title='bbox 2446 2804 2599 2859; x_wconf 88' lang='lat' dir='ltr'>haud</span> <span class='ocrx_word' id='word_1_430' title='bbox 2639 2804 2810 2877; x_wconf 85' lang='lat' dir='ltr'>dubie</span> <span class='ocrx_word' id='word_1_431' title='bbox 2861 2805 3091 2877; x_wconf 63' lang='lat' dir='ltr'>caeteris</span> <span class='ocrx_word' id='word_1_432' title='bbox 3111 2805 3498 2877; x_wconf 84' lang='lat' dir='ltr'>Aristotelem,</span> 
     </span>
    </p>
   </div>
   <div class='ocr_carea' id='block_1_52' title="bbox 3542 2806 3917 2880">
    <p class='ocr_par' dir='ltr' id='par_1_52' title="bbox 3542 2806 3917 2880">
     <span class='ocr_line' id='line_1_53' title="bbox 3542 2806 3917 2880; baseline 0.016 -21"><span class='ocrx_word' id='word_1_433' title='bbox 3542 2806 3646 2877; x_wconf 89' lang='lat' dir='ltr'>qui</span> <span class='ocrx_word' id='word_1_434' title='bbox 3676 2809 3752 2863; x_wconf 85' lang='lat' dir='ltr'>ab</span> <span class='ocrx_word' id='word_1_435' title='bbox 3784 2809 3917 2880; x_wconf 89' lang='lat' dir='ltr'>ipso</span> 
     </span>
    </p>
   </div>
   <div class='ocr_carea' id='block_1_53' title="bbox 389 2874 3917 2952">
    <p class='ocr_par' dir='ltr' id='par_1_53' title="bbox 389 2874 3917 2952">
     <span class='ocr_line' id='line_1_54' title="bbox 389 2874 3917 2952; baseline 0.002 -25"><span class='ocrx_word' id='word_1_436' title='bbox 389 2874 767 2952; x_wconf 64' lang='lat' dir='ltr'>Philosophus</span> <span class='ocrx_word' id='word_1_437' title='bbox 796 2874 1077 2952; x_wconf 76' lang='lat' dir='ltr'>vocitatur</span> <span class='ocrx_word' id='word_1_438' title='bbox 1096 2892 1201 2946; x_wconf 90' lang='lat' dir='ltr'>per</span> <span class='ocrx_word' id='word_1_439' title='bbox 1222 2877 1702 2952; x_wconf 76' lang='lat' dir='ltr'>antonomasiam.</span> <span class='ocrx_word' id='word_1_440' title='bbox 1736 2876 1883 2931; x_wconf 91' lang='lat' dir='ltr'>Illud</span> <span class='ocrx_word' id='word_1_441' title='bbox 1907 2874 2291 2952; x_wconf 70' lang='lat' dir='ltr'>demumnon</span> <span class='ocrx_word' id='word_1_442' title='bbox 2310 2881 2393 2931; x_wconf 87' lang='lat' dir='ltr'>est</span> <span class='ocrx_word' id='word_1_443' title='bbox 2415 2876 2881 2952; x_wconf 71' lang='lat' dir='ltr'>praetereundum</span> <span class='ocrx_word' id='word_1_444' title='bbox 2909 2875 3153 2952; x_wconf 77' lang='lat' dir='ltr'>silentio,</span> <span class='ocrx_word' id='word_1_445' title='bbox 3175 2876 3449 2952; x_wconf 87' lang='lat' dir='ltr'>Adeodati</span> <span class='ocrx_word' id='word_1_446' title='bbox 3482 2874 3722 2952; x_wconf 80' lang='lat' dir='ltr'>nomen,</span> <span class='ocrx_word' id='word_1_447' title='bbox 3745 2874 3917 2952; x_wconf 75' lang='lat' dir='ltr'>quod</span> 
     </span>
    </p>
   </div>
   <div class='ocr_carea' id='block_1_54' title="bbox 392 2944 3918 3021">
    <p class='ocr_par' dir='ltr' id='par_1_54' title="bbox 392 2944 3918 3021">
     <span class='ocr_line' id='line_1_55' title="bbox 392 2944 3918 3021; baseline 0.002 -23"><span class='ocrx_word' id='word_1_448' title='bbox 392 2944 648 3021; x_wconf 5' lang='lat' dir='ltr'>inpeditis</span> <span class='ocrx_word' id='word_1_449' title='bbox 673 2945 920 3021; x_wconf 80' lang='lat' dir='ltr'>habetur</span> <span class='ocrx_word' id='word_1_450' title='bbox 954 2944 1119 2999; x_wconf 82' lang='lat' dir='ltr'>initio</span> <span class='ocrx_word' id='word_1_451' title='bbox 1148 2953 1278 3021; x_wconf 84' lang='lat' dir='ltr'>post</span> <span class='ocrx_word' id='word_1_452' title='bbox 1309 2947 1502 3013; x_wconf 90' lang='lat' dir='ltr'>verba,</span> <span class='ocrx_word' id='word_1_453' title='bbox 1534 2964 1563 3003; x_wconf 91' lang='grc' dir='ltr'>ο</span> <span class='ocrx_word' id='word_1_454' title='bbox 1582 2948 1686 3017; x_wconf 82' lang='lat' dir='ltr'>ﬁli,</span> <span class='ocrx_word' id='word_1_455' title='bbox 1720 2963 1837 3002; x_wconf 91' lang='lat' dir='ltr'>non</span> <span class='ocrx_word' id='word_1_456' title='bbox 1866 2947 2108 3019; x_wconf 87' lang='lat' dir='ltr'>reperiri</span> <span class='ocrx_word' id='word_1_457' title='bbox 2146 2947 2208 3001; x_wconf 91' lang='lat' dir='ltr'>in</span> <span class='ocrx_word' id='word_1_458' title='bbox 2244 2947 2368 3003; x_wconf 84' lang='lat' dir='ltr'>Mss.</span> <span class='ocrx_word' id='word_1_459' title='bbox 2418 2944 2529 3002; x_wconf 80' lang='lat' dir='ltr'>nisi</span> <span class='ocrx_word' id='word_1_460' title='bbox 2570 2946 2717 3002; x_wconf 87' lang='lat' dir='ltr'>forte</span> <span class='ocrx_word' id='word_1_461' title='bbox 2763 2963 2796 3001; x_wconf 87' lang='lat' dir='ltr'>a</span> <span class='ocrx_word' id='word_1_462' title='bbox 2841 2946 3089 3002; x_wconf 89' lang='lat' dir='ltr'>secunda</span> <span class='ocrx_word' id='word_1_463' title='bbox 3118 2962 3297 3002; x_wconf 92' lang='lat' dir='ltr'>manu</span> <span class='ocrx_word' id='word_1_464' title='bbox 3332 2947 3397 3002; x_wconf 90' lang='lat' dir='ltr'>in</span> <span class='ocrx_word' id='word_1_465' title='bbox 3440 2944 3789 3021; x_wconf 59' lang='lat' dir='ltr'>marginali&#39;</span> <span class='ocrx_word' id='word_1_466' title='bbox 3812 2961 3918 3006; x_wconf 84' lang='lat' dir='ltr'>aut</span> 
     </span>
    </p>
   </div>
   <div class='ocr_carea' id='block_1_55' title="bbox 393 3014 1463 3088">
    <p class='ocr_par' dir='ltr' id='par_1_55' title="bbox 393 3014 1463 3088">
     <span class='ocr_line' id='line_1_56' title="bbox 393 3014 1463 3088; baseline 0.004 -20"><span class='ocrx_word' id='word_1_467' title='bbox 393 3014 746 3088; x_wconf 82' lang='lat' dir='ltr'>interlineari</span> <span class='ocrx_word' id='word_1_468' title='bbox 780 3016 960 3085; x_wconf 88' lang='lat' dir='ltr'>spatio</span> <span class='ocrx_word' id='word_1_469' title='bbox 990 3014 1463 3088; x_wconf 68' lang='lat' dir='ltr'>superscriptum.</span> 
     </span>
    </p>
   </div>
   <div class='ocr_carea' id='block_1_56' title="bbox 456 3060 3917 3151">
    <p class='ocr_par' dir='ltr' id='par_1_56' title="bbox 456 3060 3917 3151">
     <span class='ocr_line' id='line_1_57' title="bbox 456 3060 3917 3151; baseline 0.005 -25"><span class='ocrx_word' id='word_1_470' title='bbox 456 3060 1527 3151; x_wconf 45' lang='lat' dir='ltr'>(&#39;5)?figiirsigﬁa&#39;ei&quot;§13;;é&amp;£iiius.</span> <span class='ocrx_word' id='word_1_471' title='bbox 1555 3101 1583 3137; x_wconf 92' lang='lat' dir='ltr'>e</span> <span class='ocrx_word' id='word_1_472' title='bbox 1614 3088 1805 3151; x_wconf 84' lang='lat' dir='ltr'>quibus</span> <span class='ocrx_word' id='word_1_473' title='bbox 1849 3087 2071 3137; x_wconf 88' lang='lat' dir='ltr'>Michael</span> <span class='ocrx_word' id='word_1_474' title='bbox 2118 3060 2174 3137; x_wconf 82' lang='lat' dir='ltr'>in</span> <span class='ocrx_word' id='word_1_475' title='bbox 2207 3087 2445 3151; x_wconf 88' lang='lat' dir='ltr'>margine</span> <span class='ocrx_word' id='word_1_476' title='bbox 2481 3086 2556 3135; x_wconf 87' lang='lat' dir='ltr'>sic</span> <span class='ocrx_word' id='word_1_477' title='bbox 2579 3085 2742 3136; x_wconf 87' lang='lat' dir='ltr'>habet</span> <span class='ocrx_word' id='word_1_478' title='bbox 2768 3100 2780 3135; x_wconf 90' lang='lat'><strong>:</strong></span> <span class='ocrx_word' id='word_1_479' title='bbox 2816 3104 2843 3135; x_wconf 73' lang='grc' dir='ltr'><strong>α</strong></span> <span class='ocrx_word' id='word_1_480' title='bbox 2873 3087 2977 3136; x_wconf 84' lang='lat' dir='ltr'>Has</span> <span class='ocrx_word' id='word_1_481' title='bbox 3006 3086 3307 3150; x_wconf 88' lang='lat' dir='ltr'>Categorias</span> <span class='ocrx_word' id='word_1_482' title='bbox 3334 3088 3634 3140; x_wconf 81' lang='lat' dir='ltr'>transmisit</span> <span class='ocrx_word' id='word_1_483' title='bbox 3664 3090 3779 3143; x_wconf 85' lang='lat' dir='ltr'>ﬁlio</span> <span class='ocrx_word' id='word_1_484' title='bbox 3812 3107 3917 3143; x_wconf 86' lang='lat' dir='ltr'>suo</span> 
     </span>
    </p>
   </div>
   <div class='ocr_carea' id='block_1_57' title="bbox 391 3148 1024 3198">
    <p class='ocr_par' dir='ltr' id='par_1_57' title="bbox 391 3148 1024 3198">
     <span class='ocr_line' id='line_1_58' title="bbox 391 3148 1024 3198; baseline 0.002 -4"><span class='ocrx_word' id='word_1_485' title='bbox 391 3163 419 3194; x_wconf 80' lang='grc' dir='ltr'><strong><em>α</em></strong></span> <span class='ocrx_word' id='word_1_486' title='bbox 443 3148 659 3197; x_wconf 89' lang='lat' dir='ltr'>nomine</span> <span class='ocrx_word' id='word_1_487' title='bbox 682 3148 972 3198; x_wconf 88' lang='lat' dir='ltr'>Adeodato.</span> <span class='ocrx_word' id='word_1_488' title='bbox 995 3163 1024 3195; x_wconf 69' lang='grc' dir='ltr'><strong>π</strong></span> 
     </span>
    </p>
   </div>
   <div class='ocr_carea' id='block_1_58' title="bbox 1245 3380 3038 3506">
    <p class='ocr_par' dir='ltr' id='par_1_58' title="bbox 1245 3380 3038 3506">
     <span class='ocr_line' id='line_1_59' title="bbox 1245 3380 3038 3506; baseline -0.001 -2"><span class='ocrx_word' id='word_1_489' title='bbox 1245 3380 2317 3506; x_wconf 72' lang='lat' dir='ltr'>CATEGOBUE</span> <span class='ocrx_word' id='word_1_490' title='bbox 2416 3380 3038 3504; x_wconf 87' lang='lat' dir='ltr'><strong>DECEM</strong></span> 
     </span>
    </p>
   </div>
   <div class='ocr_carea' id='block_1_59' title="bbox 1446 3577 2824 3645">
    <p class='ocr_par' dir='ltr' id='par_1_59' title="bbox 1446 3577 2824 3645">
     <span class='ocr_line' id='line_1_60' title="bbox 1446 3577 2824 3645; baseline -0.001 -3"><span class='ocrx_word' id='word_1_491' title='bbox 1446 3578 1558 3642; x_wconf 87' lang='lat' dir='ltr'>EX</span> <span class='ocrx_word' id='word_1_492' title='bbox 1626 3577 2216 3644; x_wconf 83' lang='lat' dir='ltr'>ARISTOTELE</span> <span class='ocrx_word' id='word_1_493' title='bbox 2289 3577 2824 3645; x_wconf 71' lang='lat' dir='ltr'>DECERPTAE.</span> 
     </span>
    </p>
   </div>
   <div class='ocr_carea' id='block_1_60' title="bbox 388 3715 2084 3787">
    <p class='ocr_par' dir='ltr' id='par_1_60' title="bbox 388 3715 2084 3787">
     <span class='ocr_line' id='line_1_61' title="bbox 388 3715 2084 3787; baseline -0.002 -10"><span class='ocrx_word' id='word_1_494' title='bbox 388 3718 614 3777; x_wconf 83' lang='lat' dir='ltr'>CAPUT</span> <span class='ocrx_word' id='word_1_495' title='bbox 652 3715 947 3772; x_wconf 81' lang='lat' dir='ltr'>PRIMUM.</span> <span class='ocrx_word' id='word_1_496' title='bbox 978 3743 1046 3755; x_wconf 95' lang='lat'><strong><em>—</em></strong></span> <span class='ocrx_word' id='word_1_497' title='bbox 1074 3717 1148 3770; x_wconf 88' lang='lat' dir='ltr'>De</span> <span class='ocrx_word' id='word_1_498' title='bbox 1176 3717 1451 3787; x_wconf 75' lang='lat' dir='ltr'>oratione:</span> <span class='ocrx_word' id='word_1_499' title='bbox 1489 3720 1537 3771; x_wconf 88' lang='lat' dir='ltr'>et</span> <span class='ocrx_word' id='word_1_500' title='bbox 1565 3732 1730 3786; x_wconf 88' lang='lat' dir='ltr'>quam</span> <span class='ocrx_word' id='word_1_501' title='bbox 1759 3717 1866 3772; x_wconf 88' lang='lat' dir='ltr'>late</span> <span class='ocrx_word' id='word_1_502' title='bbox 1894 3721 2084 3787; x_wconf 81' lang='lat' dir='ltr'>pateat</span> 
     </span>
    </p>
   </div>
   <div class='ocr_carea' id='block_1_61' title="bbox 962 3785 1497 3855">
    <p class='ocr_par' dir='ltr' id='par_1_61' title="bbox 962 3785 1497 3855">
     <span class='ocr_line' id='line_1_62' title="bbox 962 3785 1497 3855; baseline 0.004 -15"><span class='ocrx_word' id='word_1_503' title='bbox 962 3788 1288 3855; x_wconf 77' lang='lat' dir='ltr'>signiﬁcatio</span> <span class='ocrx_word' id='word_1_504' title='bbox 1315 3785 1497 3843; x_wconf 78' lang='grc' dir='ltr'>οὐσίας.</span> 
     </span>
    </p>
   </div>
   <div class='ocr_carea' id='block_1_62' title="bbox 457 3856 2077 3928">
    <p class='ocr_par' dir='ltr' id='par_1_62' title="bbox 457 3856 2077 3928">
     <span class='ocr_line' id='line_1_63' title="bbox 457 3856 2077 3928; baseline -0.002 -12"><span class='ocrx_word' id='word_1_505' title='bbox 457 3862 598 3917; x_wconf 88' lang='lat' dir='ltr'>Cum</span> <span class='ocrx_word' id='word_1_506' title='bbox 647 3856 833 3913; x_wconf 90' lang='lat' dir='ltr'>omnis</span> <span class='ocrx_word' id='word_1_507' title='bbox 863 3856 1100 3911; x_wconf 87' lang='lat' dir='ltr'>scientia</span> <span class='ocrx_word' id='word_1_508' title='bbox 1152 3857 1566 3928; x_wconf 87' lang='lat' dir='ltr'>disciplinaque</span> <span class='ocrx_word' id='word_1_509' title='bbox 1599 3857 1810 3911; x_wconf 88' lang='lat' dir='ltr'>artium</span> <span class='ocrx_word' id='word_1_510' title='bbox 1833 3857 2077 3913; x_wconf 85' lang='lat' dir='ltr'>diversa-</span> 
     </span>
    </p>
   </div>
   <div class='ocr_carea' id='block_1_63' title="bbox 385 3927 2077 3998">
    <p class='ocr_par' dir='ltr' id='par_1_63' title="bbox 385 3927 2077 3998">
     <span class='ocr_line' id='line_1_64' title="bbox 385 3927 2077 3998; baseline -0.004 -10"><span class='ocrx_word' id='word_1_511' title='bbox 385 3948 517 3988; x_wconf 92' lang='lat' dir='ltr'>rum</span> <span class='ocrx_word' id='word_1_512' title='bbox 543 3947 657 3985; x_wconf 91' lang='lat' dir='ltr'>non</span> <span class='ocrx_word' id='word_1_513' title='bbox 688 3928 800 3983; x_wconf 89' lang='lat' dir='ltr'>nisi</span> <span class='ocrx_word' id='word_1_514' title='bbox 824 3927 1080 3983; x_wconf 88' lang='lat' dir='ltr'>oratione</span> <span class='ocrx_word' id='word_1_515' title='bbox 1106 3932 1401 3998; x_wconf 89' lang='lat' dir='ltr'>tractetur,</span> <span class='ocrx_word' id='word_1_516' title='bbox 1434 3927 1624 3983; x_wconf 85' lang='lat' dir='ltr'>nullus</span> <span class='ocrx_word' id='word_1_517' title='bbox 1652 3935 1867 3995; x_wconf 89' lang='lat' dir='ltr'>tamen,</span> <span class='ocrx_word' id='word_1_518' title='bbox 1898 3945 1931 3983; x_wconf 90' lang='grc' dir='ltr'>ο</span> <span class='ocrx_word' id='word_1_519' title='bbox 1973 3928 2077 3995; x_wconf 85' lang='lat' dir='ltr'>ﬁli,</span> 
     </span>
    </p>
   </div>
   <div class='ocr_carea' id='block_1_64' title="bbox 384 3997 2079 4079">
    <p class='ocr_par' dir='ltr' id='par_1_64' title="bbox 384 3997 2079 4079">
     <span class='ocr_line' id='line_1_65' title="bbox 384 3997 2079 4079; baseline -0.003 -21"><span class='ocrx_word' id='word_1_520' title='bbox 384 4004 445 4058; x_wconf 93' lang='lat' dir='ltr'>in</span> <span class='ocrx_word' id='word_1_521' title='bbox 477 4001 677 4079; x_wconf 80' lang='lat' dir='ltr'>quovis</span> <span class='ocrx_word' id='word_1_522' title='bbox 701 4015 909 4079; x_wconf 77' lang='lat' dir='ltr'>genere</span> <span class='ocrx_word' id='word_1_523' title='bbox 942 3998 1164 4079; x_wconf 82' lang='lat' dir='ltr'>pollens</span> <span class='ocrx_word' id='word_1_524' title='bbox 1195 3998 1461 4079; x_wconf 74' lang='lat' dir='ltr'>inventus</span> <span class='ocrx_word' id='word_1_525' title='bbox 1489 4004 1596 4079; x_wconf 84' lang='lat' dir='ltr'>est,</span> <span class='ocrx_word' id='word_1_526' title='bbox 1628 3998 1729 4079; x_wconf 82' lang='lat' dir='ltr'>qui</span> <span class='ocrx_word' id='word_1_527' title='bbox 1783 3999 1884 4079; x_wconf 82' lang='lat' dir='ltr'>de_</span> <span class='ocrx_word' id='word_1_528' title='bbox 1900 3997 2079 4079; x_wconf 69' lang='lat' dir='ltr'>ipsius</span> 
     </span>
    </p>
   </div>
   <div class='ocr_carea' id='block_1_65' title="bbox 386 4069 2076 4140">
    <p class='ocr_par' dir='ltr' id='par_1_65' title="bbox 386 4069 2076 4140">
     <span class='ocr_line' id='line_1_66' title="bbox 386 4069 2076 4140; baseline -0.003 -11"><span class='ocrx_word' id='word_1_529' title='bbox 386 4069 661 4129; x_wconf 76' lang='lat' dir='ltr'>orationis</span> <span class='ocrx_word' id='word_1_530' title='bbox 686 4069 855 4125; x_wconf 77' lang='lat' dir='ltr'>vellet</span> <span class='ocrx_word' id='word_1_531' title='bbox 880 4069 1102 4140; x_wconf 89' lang='lat' dir='ltr'>origine</span> <span class='ocrx_word' id='word_1_532' title='bbox 1142 4069 1492 4140; x_wconf 85' lang='lat' dir='ltr'>principiove</span> <span class='ocrx_word' id='word_1_533' title='bbox 1529 4069 1807 4140; x_wconf 85' lang='lat' dir='ltr'>tractare.</span> <span class='ocrx_word' id='word_1_534' title='bbox 1862 4069 2076 4140; x_wconf 88' lang='lat' dir='ltr'>Idcirco</span> 
     </span>
    </p>
   </div>
   <div class='ocr_carea' id='block_1_66' title="bbox 383 4138 2075 4220">
    <p class='ocr_par' dir='ltr' id='par_1_66' title="bbox 383 4138 2075 4220">
     <span class='ocr_line' id='line_1_67' title="bbox 383 4138 2075 4220; baseline -0.004 -21"><span class='ocrx_word' id='word_1_535' title='bbox 383 4144 660 4220; x_wconf 70' lang='lat' dir='ltr'>miranda</span> <span class='ocrx_word' id='word_1_536' title='bbox 676 4146 761 4196; x_wconf 89' lang='lat' dir='ltr'>est</span> <span class='ocrx_word' id='word_1_537' title='bbox 782 4138 1095 4220; x_wconf 75' lang='lat' dir='ltr'>Aristotelis</span> <span class='ocrx_word' id='word_1_538' title='bbox 1125 4138 1453 4220; x_wconf 72' lang='lat' dir='ltr'>philosophi</span> <span class='ocrx_word' id='word_1_539' title='bbox 1482 4139 1800 4220; x_wconf 77' lang='lat' dir='ltr'>diligentia,</span> <span class='ocrx_word' id='word_1_540' title='bbox 1821 4139 1922 4210; x_wconf 93' lang='lat' dir='ltr'>qui</span> <span class='ocrx_word' id='word_1_541' title='bbox 1959 4140 2075 4220; x_wconf 84' lang='lat' dir='ltr'>dis-</span> 
     </span>
    </p>
   </div>
   <div class='ocr_carea' id='block_1_67' title="bbox 384 4209 2074 4281">
    <p class='ocr_par' dir='ltr' id='par_1_67' title="bbox 384 4209 2074 4281">
     <span class='ocr_line' id='line_1_68' title="bbox 384 4209 2074 4281; baseline -0.003 -11"><span class='ocrx_word' id='word_1_542' title='bbox 384 4215 609 4270; x_wconf 79' lang='lat' dir='ltr'>serendi</span> <span class='ocrx_word' id='word_1_543' title='bbox 629 4213 699 4266; x_wconf 91' lang='lat' dir='ltr'>de</span> <span class='ocrx_word' id='word_1_544' title='bbox 730 4211 997 4266; x_wconf 87' lang='lat' dir='ltr'>omnibus</span> <span class='ocrx_word' id='word_1_545' title='bbox 1017 4209 1277 4281; x_wconf 85' lang='lat' dir='ltr'>cupidus,</span> <span class='ocrx_word' id='word_1_546' title='bbox 1308 4209 1377 4265; x_wconf 87' lang='lat' dir='ltr'>ab</span> <span class='ocrx_word' id='word_1_547' title='bbox 1400 4209 1773 4281; x_wconf 79' lang='lat' dir='ltr'>ipsiusccepit</span> <span class='ocrx_word' id='word_1_548' title='bbox 1795 4209 2074 4277; x_wconf 82' lang='lat' dir='ltr'>examine,</span> 
     </span>
    </p>
   </div>
   <div class='ocr_carea' id='block_1_68' title="bbox 385 4280 2076 4357">
    <p class='ocr_par' dir='ltr' id='par_1_68' title="bbox 385 4280 2076 4357">
     <span class='ocr_line' id='line_1_69' title="bbox 385 4280 2076 4357; baseline -0.002 -19"><span class='ocrx_word' id='word_1_549' title='bbox 385 4301 558 4357; x_wconf 88' lang='lat' dir='ltr'>quam</span> <span class='ocrx_word' id='word_1_550' title='bbox 590 4283 759 4357; x_wconf 82' lang='lat' dir='ltr'>sciret</span> <span class='ocrx_word' id='word_1_551' title='bbox 795 4287 851 4357; x_wconf 90' lang='lat' dir='ltr'>e_t</span> <span class='ocrx_word' id='word_1_552' title='bbox 880 4280 1321 4357; x_wconf 56' lang='lat' dir='ltr'>praetermissam</span> <span class='ocrx_word' id='word_1_553' title='bbox 1354 4280 1652 4357; x_wconf 83' lang='lat' dir='ltr'>a_cunctis,</span> <span class='ocrx_word' id='word_1_554' title='bbox 1692 4280 1769 4357; x_wconf 26' lang='lat' dir='ltr'>iet</span> <span class='ocrx_word' id='word_1_555' title='bbox 1792 4281 2076 4357; x_wconf 69' lang='lat' dir='ltr'>omnibus</span> 
     </span>
    </p>
   </div>
   <div class='ocr_carea' id='block_1_69' title="bbox 382 4349 2076 4422">
    <p class='ocr_par' dir='ltr' id='par_1_69' title="bbox 382 4349 2076 4422">
     <span class='ocr_line' id='line_1_70' title="bbox 382 4349 2076 4422; baseline -0.003 -12"><span class='ocrx_word' id='word_1_556' title='bbox 382 4349 780 4410; x_wconf 72' lang='lat' dir='ltr'>necessariam.</span> <span class='ocrx_word' id='word_1_557' title='bbox 815 4353 866 4404; x_wconf 91' lang='lat' dir='ltr'>Is</span> <span class='ocrx_word' id='word_1_558' title='bbox 882 4349 1070 4421; x_wconf 39' lang='lat' dir='ltr'>“igitur</span> <span class='ocrx_word' id='word_1_559' title='bbox 1117 4367 1228 4422; x_wconf 84' lang='lat' dir='ltr'>nos</span> <span class='ocrx_word' id='word_1_560' title='bbox 1255 4349 1446 4403; x_wconf 92' lang='lat' dir='ltr'>docuit</span> <span class='ocrx_word' id='word_1_561' title='bbox 1503 4367 1571 4405; x_wconf 89' lang='lat' dir='ltr'>ex</span> <span class='ocrx_word' id='word_1_562' title='bbox 1620 4354 1745 4404; x_wconf 88' lang='lat' dir='ltr'>octo</span> <span class='ocrx_word' id='word_1_563' title='bbox 1769 4350 1904 4422; x_wconf 83' lang='lat' dir='ltr'>his,</span> <span class='ocrx_word' id='word_1_564' title='bbox 1935 4367 2076 4422; x_wconf 89' lang='lat' dir='ltr'>quas</span> 
     </span>
    </p>
   </div>
   <div class='ocr_carea' id='block_1_70' title="bbox 384 4420 2074 4497">
    <p class='ocr_par' dir='ltr' id='par_1_70' title="bbox 384 4420 2074 4497">
     <span class='ocr_line' id='line_1_71' title="bbox 384 4420 2074 4497; baseline -0.002 -18"><span class='ocrx_word' id='word_1_565' title='bbox 384 4422 743 4497; x_wconf 85' lang='lat' dir='ltr'>grammatici</span> <span class='ocrx_word' id='word_1_566' title='bbox 766 4420 957 4497; x_wconf 83' lang='lat' dir='ltr'>partes</span> <span class='ocrx_word' id='word_1_567' title='bbox 986 4420 1260 4497; x_wconf 87' lang='lat' dir='ltr'>orationis</span> <span class='ocrx_word' id='word_1_568' title='bbox 1288 4421 1895 4497; x_wconf 10' lang='lat' dir='ltr'>vocant,.eamfsolem_</span> <span class='ocrx_word' id='word_1_569' title='bbox 1919 4420 2074 4497; x_wconf 70' lang='lat' dir='ltr'>recte</span> 
     </span>
    </p>
   </div>
   <div class='ocr_carea' id='block_1_71' title="bbox 384 4490 2076 4566">
    <p class='ocr_par' dir='ltr' id='par_1_71' title="bbox 384 4490 2076 4566">
     <span class='ocr_line' id='line_1_72' title="bbox 384 4490 2076 4566; baseline -0.002 -16"><span class='ocrx_word' id='word_1_570' title='bbox 384 4490 657 4566; x_wconf 70' lang='lat' dir='ltr'>appellari</span> <span class='ocrx_word' id='word_1_571' title='bbox 686 4490 960 4566; x_wconf 75' lang='lat' dir='ltr'>orationis</span> <span class='ocrx_word' id='word_1_572' title='bbox 986 4496 1228 4566; x_wconf 75' lang='lat' dir='ltr'>pertem,</span> <span class='ocrx_word' id='word_1_573' title='bbox 1261 4506 1389 4566; x_wconf 67' lang='lat' dir='ltr'>quae</span> <span class='ocrx_word' id='word_1_574' title='bbox 1418 4490 1696 4566; x_wconf 86' lang='lat' dir='ltr'>indicaret</span> <span class='ocrx_word' id='word_1_575' title='bbox 1722 4490 1961 4563; x_wconf 88' lang='lat' dir='ltr'>aliquid,</span> <span class='ocrx_word' id='word_1_576' title='bbox 1982 4508 2076 4548; x_wconf 90' lang='lat' dir='ltr'>vo-</span> 
     </span>
    </p>
   </div>
   <div class='ocr_carea' id='block_1_72' title="bbox 382 4562 2074 4635">
    <p class='ocr_par' dir='ltr' id='par_1_72' title="bbox 382 4562 2074 4635">
     <span class='ocr_line' id='line_1_73' title="bbox 382 4562 2074 4635; baseline -0.002 -14"><span class='ocrx_word' id='word_1_577' title='bbox 382 4562 699 4635; x_wconf 72' lang='lat' dir='ltr'>cabuloque</span> <span class='ocrx_word' id='word_1_578' title='bbox 729 4562 1003 4633; x_wconf 81' lang='lat' dir='ltr'>signaret.</span> <span class='ocrx_word' id='word_1_579' title='bbox 1026 4563 1224 4634; x_wconf 88' lang='lat' dir='ltr'>Itaque</span> <span class='ocrx_word' id='word_1_580' title='bbox 1252 4563 1401 4635; x_wconf 83' lang='lat' dir='ltr'>solas</span> <span class='ocrx_word' id='word_1_581' title='bbox 1430 4562 1705 4635; x_wconf 85' lang='lat' dir='ltr'>orationis</span> <span class='ocrx_word' id='word_1_582' title='bbox 1734 4562 1943 4635; x_wconf 86' lang='lat' dir='ltr'>partes,</span> <span class='ocrx_word' id='word_1_583' title='bbox 1972 4578 2074 4617; x_wconf 87' lang='lat' dir='ltr'>au-</span> 
     </span>
    </p>
   </div>
   <div class='ocr_carea' id='block_1_73' title="bbox 381 4633 2069 4705">
    <p class='ocr_par' dir='ltr' id='par_1_73' title="bbox 381 4633 2069 4705">
     <span class='ocr_line' id='line_1_74' title="bbox 381 4633 2069 4705; baseline -0.001 -14"><span class='ocrx_word' id='word_1_584' title='bbox 381 4643 536 4692; x_wconf 91' lang='lat' dir='ltr'>ctore</span> <span class='ocrx_word' id='word_1_585' title='bbox 564 4633 882 4699; x_wconf 66' lang='lat' dir='ltr'>Aristotele,</span> <span class='ocrx_word' id='word_1_586' title='bbox 917 4633 1214 4705; x_wconf 22' lang='lat' dir='ltr'>nomenﬁet</span> <span class='ocrx_word' id='word_1_587' title='bbox 1236 4634 1473 4687; x_wconf 89' lang='lat' dir='ltr'>verbum</span> <span class='ocrx_word' id='word_1_588' title='bbox 1503 4633 1777 4688; x_wconf 89' lang='lat' dir='ltr'>debemus</span> <span class='ocrx_word' id='word_1_589' title='bbox 1797 4634 2069 4705; x_wconf 89' lang='lat' dir='ltr'>accipere:</span> 
     </span>
    </p>
   </div>
   <div class='ocr_carea' id='block_1_74' title="bbox 381 4704 2074 4785">
    <p class='ocr_par' dir='ltr' id='par_1_74' title="bbox 381 4704 2074 4785">
     <span class='ocr_line' id='line_1_75' title="bbox 381 4704 2074 4785; baseline -0.001 -24"><span class='ocrx_word' id='word_1_590' title='bbox 381 4713 611 4785; x_wconf 75' lang='lat' dir='ltr'>caeteras</span> <span class='ocrx_word' id='word_1_591' title='bbox 638 4721 772 4759; x_wconf 88' lang='lat' dir='ltr'>vero</span> <span class='ocrx_word' id='word_1_592' title='bbox 800 4721 866 4785; x_wconf 87' lang='lat' dir='ltr'>ex</span> <span class='ocrx_word' id='word_1_593' title='bbox 894 4704 1159 4785; x_wconf 75' lang='lat' dir='ltr'>his_fieri,</span> <span class='ocrx_word' id='word_1_594' title='bbox 1176 4709 1240 4785; x_wconf 78' lang='lat' dir='ltr'>et</span> <span class='ocrx_word' id='word_1_595' title='bbox 1264 4704 1632 4785; x_wconf 80' lang='lat' dir='ltr'>compagines</span> <span class='ocrx_word' id='word_1_596' title='bbox 1664 4704 1936 4785; x_wconf 71' lang='lat' dir='ltr'>orationis</span> <span class='ocrx_word' id='word_1_597' title='bbox 1973 4721 2074 4775; x_wconf 93' lang='lat' dir='ltr'>po-</span> 
     </span>
    </p>
   </div>
   <div class='ocr_carea' id='block_1_75' title="bbox 378 4775 2073 4847">
    <p class='ocr_par' dir='ltr' id='par_1_75' title="bbox 378 4775 2073 4847">
     <span class='ocr_line' id='line_1_76' title="bbox 378 4775 2073 4847; baseline -0.001 -15"><span class='ocrx_word' id='word_1_598' title='bbox 378 4779 512 4845; x_wconf 89' lang='lat' dir='ltr'>tius,</span> <span class='ocrx_word' id='word_1_599' title='bbox 541 4791 714 4847; x_wconf 89' lang='lat' dir='ltr'>quam</span> <span class='ocrx_word' id='word_1_600' title='bbox 734 4781 924 4847; x_wconf 87' lang='lat' dir='ltr'>partes</span> <span class='ocrx_word' id='word_1_601' title='bbox 952 4776 1074 4846; x_wconf 90' lang='lat' dir='ltr'>ejus</span> <span class='ocrx_word' id='word_1_602' title='bbox 1103 4775 1308 4831; x_wconf 89' lang='lat' dir='ltr'>debere</span> <span class='ocrx_word' id='word_1_603' title='bbox 1333 4775 1886 4847; x_wconf 27' lang='lat' dir='ltr'>nominarioNomen</span> <span class='ocrx_word' id='word_1_604' title='bbox 1915 4791 2073 4830; x_wconf 88' lang='lat' dir='ltr'>nam-</span> 
     </span>
    </p>
   </div>
   <div class='ocr_carea' id='block_1_76' title="bbox 379 4845 2069 4921">
    <p class='ocr_par' dir='ltr' id='par_1_76' title="bbox 379 4845 2069 4921">
     <span class='ocr_line' id='line_1_77' title="bbox 379 4845 2069 4921; baseline -0.002 -17"><span class='ocrx_word' id='word_1_605' title='bbox 379 4865 491 4921; x_wconf 90' lang='lat' dir='ltr'>que</span> <span class='ocrx_word' id='word_1_606' title='bbox 520 4845 826 4921; x_wconf 73' lang='lat' dir='ltr'>personam</span> <span class='ocrx_word' id='word_1_607' title='bbox 853 4845 1221 4921; x_wconf 75' lang='lat' dir='ltr'>demonstrat,</span> <span class='ocrx_word' id='word_1_608' title='bbox 1260 4846 1499 4921; x_wconf 77' lang='lat' dir='ltr'>verbum</span> <span class='ocrx_word' id='word_1_609' title='bbox 1529 4846 1667 4921; x_wconf 87' lang='lat' dir='ltr'>quid</span> <span class='ocrx_word' id='word_1_610' title='bbox 1712 4845 1954 4921; x_wconf 77' lang='lat' dir='ltr'>quisque</span> <span class='ocrx_word' id='word_1_611' title='bbox 1981 4847 2069 4901; x_wconf 90' lang='lat' dir='ltr'>fa-</span> 
     </span>
    </p>
   </div>
   <div class='ocr_carea' id='block_1_77' title="bbox 379 4916 2068 4990">
    <p class='ocr_par' dir='ltr' id='par_1_77' title="bbox 379 4916 2068 4990">
     <span class='ocr_line' id='line_1_78' title="bbox 379 4916 2068 4990; baseline -0.002 -15"><span class='ocrx_word' id='word_1_612' title='bbox 379 4916 454 4975; x_wconf 70' lang='lat' dir='ltr'>cit</span> <span class='ocrx_word' id='word_1_613' title='bbox 480 4916 820 4990; x_wconf 77' lang='lat' dir='ltr'>patiaturve.</span> <span class='ocrx_word' id='word_1_614' title='bbox 853 4917 1068 4971; x_wconf 89' lang='lat' dir='ltr'>Dehinc</span> <span class='ocrx_word' id='word_1_615' title='bbox 1114 4933 1343 4990; x_wconf 86' lang='lat' dir='ltr'>quoque</span> <span class='ocrx_word' id='word_1_616' title='bbox 1380 4917 1500 4990; x_wconf 75' lang='lat' dir='ltr'>hoc</span> <span class='ocrx_word' id='word_1_617' title='bbox 1529 4916 1768 4990; x_wconf 83' lang='lat' dir='ltr'>docente</span> <span class='ocrx_word' id='word_1_618' title='bbox 1797 4916 2068 4972; x_wconf 89' lang='lat' dir='ltr'>debemus</span> 
     </span>
    </p>
   </div>
   <div class='ocr_carea' id='block_1_78' title="bbox 380 4987 2067 5058">
    <p class='ocr_par' dir='ltr' id='par_1_78' title="bbox 380 4987 2067 5058">
     <span class='ocr_line' id='line_1_79' title="bbox 380 4987 2067 5058; baseline -0.002 -12"><span class='ocrx_word' id='word_1_619' title='bbox 380 4987 693 5057; x_wconf 72' lang='lat' dir='ltr'>advertere,</span> <span class='ocrx_word' id='word_1_620' title='bbox 726 5002 839 5058; x_wconf 91' lang='lat' dir='ltr'>quo</span> <span class='ocrx_word' id='word_1_621' title='bbox 897 4987 1238 5057; x_wconf 82' lang='lat' dir='ltr'>compendio</span> <span class='ocrx_word' id='word_1_622' title='bbox 1264 4987 1540 5058; x_wconf 89' lang='lat' dir='ltr'>paulatim</span> <span class='ocrx_word' id='word_1_623' title='bbox 1569 4987 1752 5042; x_wconf 90' lang='lat' dir='ltr'>oratio</span> <span class='ocrx_word' id='word_1_624' title='bbox 1784 4991 2067 5042; x_wconf 87' lang='lat' dir='ltr'>coarctata</span> 
     </span>
    </p>
   </div>
   <div class='ocr_carea' id='block_1_79' title="bbox 377 5058 2067 5131">
    <p class='ocr_par' dir='ltr' id='par_1_79' title="bbox 377 5058 2067 5131">
     <span class='ocr_line' id='line_1_80' title="bbox 377 5058 2067 5131; baseline -0.002 -15"><span class='ocrx_word' id='word_1_625' title='bbox 377 5077 481 5131; x_wconf 92' lang='lat' dir='ltr'>per</span> <span class='ocrx_word' id='word_1_626' title='bbox 501 5059 709 5131; x_wconf 84' lang='lat' dir='ltr'>gradus</span> <span class='ocrx_word' id='word_1_627' title='bbox 739 5059 939 5111; x_wconf 87' lang='lat' dir='ltr'>cuncta</span> <span class='ocrx_word' id='word_1_628' title='bbox 982 5074 1125 5131; x_wconf 43' lang='lat' dir='ltr'>quas</span> <span class='ocrx_word' id='word_1_629' title='bbox 1139 5062 1271 5131; x_wconf 82' lang='lat' dir='ltr'>sunt</span> <span class='ocrx_word' id='word_1_630' title='bbox 1298 5074 1415 5131; x_wconf 86' lang='lat' dir='ltr'>uno</span> <span class='ocrx_word' id='word_1_631' title='bbox 1444 5058 1721 5131; x_wconf 83' lang='lat' dir='ltr'>vocabulo</span> <span class='ocrx_word' id='word_1_632' title='bbox 1734 5063 1907 5131; x_wconf 80' lang='lat' dir='ltr'>capta</span> <span class='ocrx_word' id='word_1_633' title='bbox 1934 5074 2067 5113; x_wconf 89' lang='lat' dir='ltr'>con-</span> 
     </span>
    </p>
   </div>
   <div class='ocr_carea' id='block_1_80' title="bbox 376 5128 2071 5199">
    <p class='ocr_par' dir='ltr' id='par_1_80' title="bbox 376 5128 2071 5199">
     <span class='ocr_line' id='line_1_81' title="bbox 376 5128 2071 5199; baseline -0.002 -12"><span class='ocrx_word' id='word_1_634' title='bbox 376 5128 628 5187; x_wconf 74' lang='lat' dir='ltr'>cluserit.</span> <span class='ocrx_word' id='word_1_635' title='bbox 663 5130 805 5184; x_wconf 89' lang='lat' dir='ltr'>Nam</span> <span class='ocrx_word' id='word_1_636' title='bbox 835 5143 963 5181; x_wconf 91' lang='lat' dir='ltr'>cum</span> <span class='ocrx_word' id='word_1_637' title='bbox 994 5128 1067 5181; x_wconf 90' lang='lat' dir='ltr'>sit</span> <span class='ocrx_word' id='word_1_638' title='bbox 1095 5128 1317 5182; x_wconf 89' lang='lat' dir='ltr'>diversa</span> <span class='ocrx_word' id='word_1_639' title='bbox 1344 5128 1892 5199; x_wconf 88' lang='lat' dir='ltr'>innumerabilisque</span> <span class='ocrx_word' id='word_1_640' title='bbox 1920 5145 2071 5184; x_wconf 92' lang='lat' dir='ltr'>mor-</span> 
     </span>
    </p>
   </div>
   <div class='ocr_carea' id='block_1_81' title="bbox 298 5198 2065 5271">
    <p class='ocr_par' dir='ltr' id='par_1_81' title="bbox 298 5198 2065 5271">
     <span class='ocr_line' id='line_1_82' title="bbox 298 5198 2065 5271; baseline -0.001 -14"><span class='ocrx_word' id='word_1_641' title='bbox 298 5237 306 5246; x_wconf 88' lang='lat'><strong><em>-</em></strong></span> <span class='ocrx_word' id='word_1_642' title='bbox 380 5204 582 5258; x_wconf 87' lang='lat' dir='ltr'>talium</span> <span class='ocrx_word' id='word_1_643' title='bbox 610 5198 984 5271; x_wconf 85' lang='lat' dir='ltr'>nuncupatio,</span> <span class='ocrx_word' id='word_1_644' title='bbox 1016 5213 1121 5253; x_wconf 91' lang='lat' dir='ltr'>nec</span> <span class='ocrx_word' id='word_1_645' title='bbox 1139 5200 1542 5268; x_wconf 90' lang='lat' dir='ltr'>comprehendi</span> <span class='ocrx_word' id='word_1_646' title='bbox 1563 5199 1743 5270; x_wconf 90' lang='lat' dir='ltr'>possit</span> <span class='ocrx_word' id='word_1_647' title='bbox 1766 5198 2065 5255; x_wconf 76' lang='lat' dir='ltr'>nominum</span> 
     </span>
    </p>
   </div>
   <div class='ocr_carea' id='block_1_82' title="bbox 378 5270 2064 5337">
    <p class='ocr_par' dir='ltr' id='par_1_82' title="bbox 378 5270 2064 5337">
     <span class='ocr_line' id='line_1_83' title="bbox 378 5270 2064 5337; baseline -0.001 -10"><span class='ocrx_word' id='word_1_648' title='bbox 378 5278 498 5328; x_wconf 85' lang='lat' dir='ltr'>tam</span> <span class='ocrx_word' id='word_1_649' title='bbox 526 5272 641 5326; x_wconf 88' lang='lat' dir='ltr'>lata</span> <span class='ocrx_word' id='word_1_650' title='bbox 660 5270 974 5337; x_wconf 85' lang='lat' dir='ltr'>diversitas,</span> <span class='ocrx_word' id='word_1_651' title='bbox 1000 5285 1118 5323; x_wconf 92' lang='lat' dir='ltr'>uno</span> <span class='ocrx_word' id='word_1_652' title='bbox 1172 5274 1365 5323; x_wconf 90' lang='lat' dir='ltr'>tamen</span> <span class='ocrx_word' id='word_1_653' title='bbox 1404 5271 1681 5325; x_wconf 90' lang='lat' dir='ltr'>vocabulo</span> <span class='ocrx_word' id='word_1_654' title='bbox 1712 5286 1845 5324; x_wconf 91' lang='lat' dir='ltr'>eum</span> <span class='ocrx_word' id='word_1_655' title='bbox 1874 5271 2064 5325; x_wconf 89' lang='lat' dir='ltr'>homi-</span> 
     </span>
    </p>
   </div>
   <div class='ocr_carea' id='block_1_83' title="bbox 378 5338 2067 5408">
    <p class='ocr_par' dir='ltr' id='par_1_83' title="bbox 378 5338 2067 5408">
     <span class='ocr_line' id='line_1_84' title="bbox 378 5338 2067 5408; baseline -0.001 -11"><span class='ocrx_word' id='word_1_656' title='bbox 378 5359 511 5398; x_wconf 91' lang='lat' dir='ltr'>nem</span> <span class='ocrx_word' id='word_1_657' title='bbox 541 5342 769 5408; x_wconf 84' lang='lat' dir='ltr'>dixeris,</span> <span class='ocrx_word' id='word_1_658' title='bbox 803 5340 987 5395; x_wconf 90' lang='lat' dir='ltr'>noscis</span> <span class='ocrx_word' id='word_1_659' title='bbox 1037 5355 1253 5393; x_wconf 91' lang='lat' dir='ltr'>omnes.</span> <span class='ocrx_word' id='word_1_660' title='bbox 1313 5338 1585 5395; x_wconf 90' lang='lat' dir='ltr'>Similiter</span> <span class='ocrx_word' id='word_1_661' title='bbox 1640 5345 1697 5395; x_wconf 89' lang='lat' dir='ltr'>et</span> <span class='ocrx_word' id='word_1_662' title='bbox 1724 5344 1947 5408; x_wconf 64' lang='lat' dir='ltr'>caetera,</span> <span class='ocrx_word' id='word_1_663' title='bbox 2003 5346 2067 5396; x_wconf 91' lang='lat' dir='ltr'>ut</span> 
     </span>
    </p>
   </div>
   <div class='ocr_carea' id='block_1_84' title="bbox 376 5408 2063 5485">
    <p class='ocr_par' dir='ltr' id='par_1_84' title="bbox 376 5408 2063 5485">
     <span class='ocr_line' id='line_1_85' title="bbox 376 5408 2063 5485; baseline -0.002 -17"><span class='ocrx_word' id='word_1_664' title='bbox 376 5430 557 5485; x_wconf 88' lang='lat' dir='ltr'>equus</span> <span class='ocrx_word' id='word_1_665' title='bbox 584 5414 677 5467; x_wconf 91' lang='lat' dir='ltr'>ille</span> <span class='ocrx_word' id='word_1_666' title='bbox 707 5410 873 5485; x_wconf 63' lang='grc' dir='ltr'>ξαντός</span> <span class='ocrx_word' id='word_1_667' title='bbox 894 5412 983 5485; x_wconf 81' lang='lat' dir='ltr'>vel</span> <span class='ocrx_word' id='word_1_668' title='bbox 1016 5410 1190 5474; x_wconf 78' lang='grc' dir='ltr'>αἴθριος</span> <span class='ocrx_word' id='word_1_669' title='bbox 1220 5408 1309 5463; x_wconf 88' lang='lat' dir='ltr'>vel</span> <span class='ocrx_word' id='word_1_670' title='bbox 1339 5408 1452 5485; x_wconf 66' lang='lat' dir='ltr'>8_?oc,</span> <span class='ocrx_word' id='word_1_671' title='bbox 1482 5412 1565 5465; x_wconf 91' lang='lat' dir='ltr'>vel</span> <span class='ocrx_word' id='word_1_672' title='bbox 1600 5412 1693 5465; x_wconf 92' lang='lat' dir='ltr'>ille</span> <span class='ocrx_word' id='word_1_673' title='bbox 1739 5416 1931 5485; x_wconf 65' lang='lat' dir='ltr'>atque</span> <span class='ocrx_word' id='word_1_674' title='bbox 1944 5411 2063 5485; x_wconf 86' lang='lat' dir='ltr'>ille.</span> 
     </span>
    </p>
   </div>
   <div class='ocr_carea' id='block_1_85' title="bbox 376 5481 2064 5555">
    <p class='ocr_par' dir='ltr' id='par_1_85' title="bbox 376 5481 2064 5555">
     <span class='ocr_line' id='line_1_86' title="bbox 376 5481 2064 5555; baseline -0.001 -16"><span class='ocrx_word' id='word_1_675' title='bbox 376 5481 447 5539; x_wconf 75' lang='lat' dir='ltr'>Et</span> <span class='ocrx_word' id='word_1_676' title='bbox 472 5499 799 5555; x_wconf 85' lang='lat' dir='ltr'>quanquam</span> <span class='ocrx_word' id='word_1_677' title='bbox 833 5482 904 5535; x_wconf 90' lang='lat' dir='ltr'>sit</span> <span class='ocrx_word' id='word_1_678' title='bbox 942 5483 1146 5536; x_wconf 92' lang='lat' dir='ltr'>horum</span> <span class='ocrx_word' id='word_1_679' title='bbox 1205 5481 1507 5535; x_wconf 90' lang='lat' dir='ltr'>nominum</span> <span class='ocrx_word' id='word_1_680' title='bbox 1561 5481 2064 5555; x_wconf 20' lang='lat' dir='ltr'>quoquejinfinito</span> 
     </span>
    </p>
   </div>
   <div class='ocr_carea' id='block_1_86' title="bbox 374 5552 2061 5624">
    <p class='ocr_par' dir='ltr' id='par_1_86' title="bbox 374 5552 2061 5624">
     <span class='ocr_line' id='line_1_87' title="bbox 374 5552 2061 5624; baseline -0.002 -15"><span class='ocrx_word' id='word_1_681' title='bbox 374 5552 828 5624; x_wconf 76' lang='lat' dir='ltr'>comprehensio,</span> <span class='ocrx_word' id='word_1_682' title='bbox 860 5569 1070 5623; x_wconf 91' lang='lat' dir='ltr'>equum</span> <span class='ocrx_word' id='word_1_683' title='bbox 1101 5559 1292 5606; x_wconf 86' lang='lat' dir='ltr'>tamen</span> <span class='ocrx_word' id='word_1_684' title='bbox 1322 5568 1451 5606; x_wconf 90' lang='lat' dir='ltr'>cum</span> <span class='ocrx_word' id='word_1_685' title='bbox 1479 5552 1607 5624; x_wconf 78' lang='lat' dir='ltr'>quis</span> <span class='ocrx_word' id='word_1_686' title='bbox 1646 5552 1866 5624; x_wconf 83' lang='lat' dir='ltr'>dixerit,</span> <span class='ocrx_word' id='word_1_687' title='bbox 1899 5569 2061 5606; x_wconf 90' lang='lat' dir='ltr'>mon-</span> 
     </span>
    </p>
   </div>
   <div class='ocr_carea' id='block_1_87' title="bbox 374 5622 2061 5695">
    <p class='ocr_par' dir='ltr' id='par_1_87' title="bbox 374 5622 2061 5695">
     <span class='ocr_line' id='line_1_88' title="bbox 374 5622 2061 5695; baseline -0.002 -16"><span class='ocrx_word' id='word_1_688' title='bbox 374 5622 573 5680; x_wconf 82' lang='lat' dir='ltr'>strabit</span> <span class='ocrx_word' id='word_1_689' title='bbox 599 5640 817 5678; x_wconf 90' lang='lat' dir='ltr'>omnes.</span> <span class='ocrx_word' id='word_1_690' title='bbox 852 5622 917 5676; x_wconf 87' lang='lat' dir='ltr'>Et</span> <span class='ocrx_word' id='word_1_691' title='bbox 942 5624 989 5675; x_wconf 90' lang='lat' dir='ltr'>si</span> <span class='ocrx_word' id='word_1_692' title='bbox 1010 5624 1136 5695; x_wconf 86' lang='lat' dir='ltr'>quis</span> <span class='ocrx_word' id='word_1_693' title='bbox 1156 5624 1433 5695; x_wconf 86' lang='lat' dir='ltr'>leonibus,</span> <span class='ocrx_word' id='word_1_694' title='bbox 1459 5622 1611 5695; x_wconf 83' lang='lat' dir='ltr'>quod</span> <span class='ocrx_word' id='word_1_695' title='bbox 1642 5622 1769 5695; x_wconf 84' lang='lat' dir='ltr'>ﬁeri</span> <span class='ocrx_word' id='word_1_696' title='bbox 1790 5624 1955 5695; x_wconf 90' lang='lat' dir='ltr'>solet,</span> <span class='ocrx_word' id='word_1_697' title='bbox 1973 5624 2061 5677; x_wconf 89' lang='lat' dir='ltr'>vel</span> 
     </span>
    </p>
   </div>
   <div class='ocr_carea' id='block_1_88' title="bbox 371 5693 2060 5763">
    <p class='ocr_par' dir='ltr' id='par_1_88' title="bbox 371 5693 2060 5763">
     <span class='ocr_line' id='line_1_89' title="bbox 371 5693 2060 5763; baseline -0.002 -12"><span class='ocrx_word' id='word_1_698' title='bbox 371 5696 553 5751; x_wconf 90' lang='lat' dir='ltr'>bobus</span> <span class='ocrx_word' id='word_1_699' title='bbox 585 5696 844 5763; x_wconf 88' lang='lat' dir='ltr'>imponat</span> <span class='ocrx_word' id='word_1_700' title='bbox 870 5694 1121 5760; x_wconf 90' lang='lat' dir='ltr'>nomina,</span> <span class='ocrx_word' id='word_1_701' title='bbox 1150 5694 1207 5748; x_wconf 91' lang='lat' dir='ltr'>in</span> <span class='ocrx_word' id='word_1_702' title='bbox 1237 5693 1582 5750; x_wconf 80' lang='lat' dir='ltr'>immensum</span> <span class='ocrx_word' id='word_1_703' title='bbox 1596 5693 1848 5747; x_wconf 85' lang='lat' dir='ltr'>tenditur</span> <span class='ocrx_word' id='word_1_704' title='bbox 1864 5694 2060 5747; x_wconf 90' lang='lat' dir='ltr'>unius-</span> 
     </span>
    </p>
   </div>
   <div class='ocr_carea' id='block_1_89' title="bbox 368 5763 2063 5835">
    <p class='ocr_par' dir='ltr' id='par_1_89' title="bbox 368 5763 2063 5835">
     <span class='ocr_line' id='line_1_90' title="bbox 368 5763 2063 5835; baseline -0.001 -16"><span class='ocrx_word' id='word_1_705' title='bbox 368 5767 644 5835; x_wconf 76' lang='lat' dir='ltr'>cujusque</span> <span class='ocrx_word' id='word_1_706' title='bbox 693 5763 962 5835; x_wconf 84' lang='lat' dir='ltr'>cognitio,</span> <span class='ocrx_word' id='word_1_707' title='bbox 1020 5768 1074 5818; x_wconf 86' lang='lat' dir='ltr'>et</span> <span class='ocrx_word' id='word_1_708' title='bbox 1126 5766 1272 5819; x_wconf 87' lang='lat' dir='ltr'>acies</span> <span class='ocrx_word' id='word_1_709' title='bbox 1306 5767 1513 5822; x_wconf 90' lang='lat' dir='ltr'>mentis</span> <span class='ocrx_word' id='word_1_710' title='bbox 1562 5764 1935 5821; x_wconf 88' lang='lat' dir='ltr'>obtunditur:</span> <span class='ocrx_word' id='word_1_711' title='bbox 1964 5764 2063 5819; x_wconf 91' lang='lat' dir='ltr'>sed</span> 
     </span>
    </p>
   </div>
   <div class='ocr_carea' id='block_1_90' title="bbox 369 5834 2060 5907">
    <p class='ocr_par' dir='ltr' id='par_1_90' title="bbox 369 5834 2060 5907">
     <span class='ocr_line' id='line_1_91' title="bbox 369 5834 2060 5907; baseline -0.001 -16"><span class='ocrx_word' id='word_1_712' title='bbox 369 5851 497 5891; x_wconf 90' lang='lat' dir='ltr'>cum</span> <span class='ocrx_word' id='word_1_713' title='bbox 530 5835 775 5901; x_wconf 87' lang='lat' dir='ltr'>leonem,</span> <span class='ocrx_word' id='word_1_714' title='bbox 808 5834 893 5887; x_wconf 90' lang='lat' dir='ltr'>vel</span> <span class='ocrx_word' id='word_1_715' title='bbox 924 5838 1149 5888; x_wconf 90' lang='lat' dir='ltr'>taurum</span> <span class='ocrx_word' id='word_1_716' title='bbox 1182 5836 1413 5907; x_wconf 85' lang='lat' dir='ltr'>dixeris,</span> <span class='ocrx_word' id='word_1_717' title='bbox 1462 5852 1664 5893; x_wconf 91' lang='lat' dir='ltr'>omnes</span> <span class='ocrx_word' id='word_1_718' title='bbox 1693 5835 1793 5907; x_wconf 92' lang='lat' dir='ltr'>qui</span> <span class='ocrx_word' id='word_1_719' title='bbox 1845 5834 2060 5906; x_wconf 89' lang='lat' dir='ltr'>ubique</span> 
     </span>
    </p>
   </div>
   <div class='ocr_carea' id='block_1_91' title="bbox 2196 3713 3909 3784">
    <p class='ocr_par' dir='ltr' id='par_1_91' title="bbox 2196 3713 3909 3784">
     <span class='ocr_line' id='line_1_92' title="bbox 2196 3713 3909 3784; baseline 0.002 -13"><span class='ocrx_word' id='word_1_720' title='bbox 2196 3720 2346 3784; x_wconf 90' lang='lat' dir='ltr'>sunt,</span> <span class='ocrx_word' id='word_1_721' title='bbox 2382 3717 2486 3772; x_wconf 90' lang='lat' dir='ltr'>sub</span> <span class='ocrx_word' id='word_1_722' title='bbox 2517 3731 2629 3770; x_wconf 92' lang='lat' dir='ltr'>uno</span> <span class='ocrx_word' id='word_1_723' title='bbox 2659 3713 2893 3770; x_wconf 90' lang='lat' dir='ltr'>nomine</span> <span class='ocrx_word' id='word_1_724' title='bbox 2923 3718 3142 3768; x_wconf 66' lang='lat' dir='ltr'>naturas</span> <span class='ocrx_word' id='word_1_725' title='bbox 3180 3714 3493 3771; x_wconf 89' lang='lat' dir='ltr'>succidunt.</span> <span class='ocrx_word' id='word_1_726' title='bbox 3529 3716 3750 3772; x_wconf 87' lang='lat' dir='ltr'>Verum</span> <span class='ocrx_word' id='word_1_727' title='bbox 3784 3735 3909 3774; x_wconf 87' lang='lat' dir='ltr'>ora-</span> 
     </span>
    </p>
   </div>
   <div class='ocr_carea' id='block_1_92' title="bbox 2190 3785 3905 3858">
    <p class='ocr_par' dir='ltr' id='par_1_92' title="bbox 2190 3785 3905 3858">
     <span class='ocr_line' id='line_1_93' title="bbox 2190 3785 3905 3858; baseline 0.003 -16"><span class='ocrx_word' id='word_1_728' title='bbox 2190 3788 2365 3842; x_wconf 90' lang='lat' dir='ltr'>tionis</span> <span class='ocrx_word' id='word_1_729' title='bbox 2391 3788 2492 3853; x_wconf 91' lang='lat' dir='ltr'>vis,</span> <span class='ocrx_word' id='word_1_730' title='bbox 2536 3802 2681 3858; x_wconf 44' lang='lat' dir='ltr'>quas</span> <span class='ocrx_word' id='word_1_731' title='bbox 2697 3785 2929 3858; x_wconf 82' lang='lat' dir='ltr'>inﬁnita</span> <span class='ocrx_word' id='word_1_732' title='bbox 2984 3800 3195 3856; x_wconf 87' lang='lat' dir='ltr'>genera</span> <span class='ocrx_word' id='word_1_733' title='bbox 3242 3787 3583 3858; x_wconf 91' lang='lat' dir='ltr'>procreandi</span> <span class='ocrx_word' id='word_1_734' title='bbox 3617 3790 3905 3847; x_wconf 85' lang='lat' dir='ltr'>varietate</span> 
     </span>
    </p>
   </div>
   <div class='ocr_carea' id='block_1_93' title="bbox 2192 3856 3901 3937">
    <p class='ocr_par' dir='ltr' id='par_1_93' title="bbox 2192 3856 3901 3937">
     <span class='ocr_line' id='line_1_94' title="bbox 2192 3856 3901 3937; baseline 0.003 -25"><span class='ocrx_word' id='word_1_735' title='bbox 2192 3857 2434 3937; x_wconf 76' lang='lat' dir='ltr'>singulis</span> <span class='ocrx_word' id='word_1_736' title='bbox 2455 3856 2741 3937; x_wconf 76' lang='lat' dir='ltr'>vocabulis</span> <span class='ocrx_word' id='word_1_737' title='bbox 2762 3856 3146 3937; x_wconf 41' lang='lat' dir='ltr'>coll-igaverat,</span> <span class='ocrx_word' id='word_1_738' title='bbox 3171 3856 3378 3937; x_wconf 82' lang='lat' dir='ltr'>parum</span> <span class='ocrx_word' id='word_1_739' title='bbox 3404 3857 3603 3937; x_wconf 61' lang='lat' dir='ltr'>fecisse</span> <span class='ocrx_word' id='word_1_740' title='bbox 3635 3859 3901 3937; x_wconf 87' lang='lat' dir='ltr'>visa_est,</span> 
     </span>
    </p>
   </div>
   <div class='ocr_carea' id='block_1_94' title="bbox 2189 3928 3906 4002">
    <p class='ocr_par' dir='ltr' id='par_1_94' title="bbox 2189 3928 3906 4002">
     <span class='ocr_line' id='line_1_95' title="bbox 2189 3928 3906 4002; baseline 0.002 -19"><span class='ocrx_word' id='word_1_741' title='bbox 2189 3928 2301 3983; x_wconf 90' lang='lat' dir='ltr'>nisi</span> <span class='ocrx_word' id='word_1_742' title='bbox 2330 3928 2531 4002; x_wconf 85' lang='lat' dir='ltr'>eadem</span> <span class='ocrx_word' id='word_1_743' title='bbox 2561 3931 2845 4002; x_wconf 80' lang='lat' dir='ltr'>coarctata</span> <span class='ocrx_word' id='word_1_744' title='bbox 2862 3928 2922 3981; x_wconf 92' lang='lat' dir='ltr'>in</span> <span class='ocrx_word' id='word_1_745' title='bbox 2953 3943 3131 4002; x_wconf 83' lang='lat' dir='ltr'>unum</span> <span class='ocrx_word' id='word_1_746' title='bbox 3152 3928 3430 4002; x_wconf 81' lang='lat' dir='ltr'>singulari</span> <span class='ocrx_word' id='word_1_747' title='bbox 3456 3932 3906 4002; x_wconf 90' lang='lat' dir='ltr'>nuncupatione</span> 
     </span>
    </p>
   </div>
   <div class='ocr_carea' id='block_1_95' title="bbox 2189 3998 3905 4073">
    <p class='ocr_par' dir='ltr' id='par_1_95' title="bbox 2189 3998 3905 4073">
     <span class='ocr_line' id='line_1_96' title="bbox 2189 3998 3905 4073; baseline 0.003 -20"><span class='ocrx_word' id='word_1_748' title='bbox 2189 4000 2569 4073; x_wconf 51' lang='lat' dir='ltr'>eoncluderet:</span> <span class='ocrx_word' id='word_1_749' title='bbox 2605 3999 2854 4073; x_wconf 82' lang='lat' dir='ltr'>Ideoque</span> <span class='ocrx_word' id='word_1_750' title='bbox 2879 4002 2939 4073; x_wconf 88' lang='lat' dir='ltr'>et</span> <span class='ocrx_word' id='word_1_751' title='bbox 2956 3998 3265 4073; x_wconf 81' lang='lat' dir='ltr'>hominem</span> <span class='ocrx_word' id='word_1_752' title='bbox 3290 4003 3347 4053; x_wconf 89' lang='lat' dir='ltr'>et</span> <span class='ocrx_word' id='word_1_753' title='bbox 3375 3999 3555 4073; x_wconf 66' lang='lat' dir='ltr'>(eram</span> <span class='ocrx_word' id='word_1_754' title='bbox 3575 3998 3905 4073; x_wconf 25' lang='lat' dir='ltr'>Aet—equum</span> 
     </span>
    </p>
   </div>
   <div class='ocr_carea' id='block_1_96' title="bbox 2189 4068 3905 4142">
    <p class='ocr_par' dir='ltr' id='par_1_96' title="bbox 2189 4068 3905 4142">
     <span class='ocr_line' id='line_1_97' title="bbox 2189 4068 3905 4142; baseline 0.003 -19"><span class='ocrx_word' id='word_1_755' title='bbox 2189 4068 2330 4124; x_wconf 86' lang='lat' dir='ltr'>dixit</span> <span class='ocrx_word' id='word_1_756' title='bbox 2358 4070 2592 4142; x_wconf 83' lang='lat' dir='ltr'>animal,</span> <span class='ocrx_word' id='word_1_757' title='bbox 2621 4068 3223 4142; x_wconf 34' lang='lat' dir='ltr'>dans’cunctisnomen</span> <span class='ocrx_word' id='word_1_758' title='bbox 3250 4069 3405 4141; x_wconf 90' lang='lat' dir='ltr'>quod</span> <span class='ocrx_word' id='word_1_759' title='bbox 3430 4068 3905 4142; x_wconf 72' lang='lat' dir='ltr'>omniaposside~</span> 
     </span>
    </p>
   </div>
   <div class='ocr_carea' id='block_1_97' title="bbox 2186 4140 3905 4210">
    <p class='ocr_par' dir='ltr' id='par_1_97' title="bbox 2186 4140 3905 4210">
     <span class='ocr_line' id='line_1_98' title="bbox 2186 4140 3905 4210; baseline 0.003 -17"><span class='ocrx_word' id='word_1_760' title='bbox 2186 4144 2292 4196; x_wconf 89' lang='lat' dir='ltr'>ret.</span> <span class='ocrx_word' id='word_1_761' title='bbox 2321 4142 2433 4196; x_wconf 90' lang='lat' dir='ltr'>Nec</span> <span class='ocrx_word' id='word_1_762' title='bbox 2462 4140 2653 4194; x_wconf 90' lang='lat' dir='ltr'>minus</span> <span class='ocrx_word' id='word_1_763' title='bbox 2684 4155 2751 4193; x_wconf 87' lang='lat' dir='ltr'>ea</span> <span class='ocrx_word' id='word_1_764' title='bbox 2773 4156 2901 4210; x_wconf 66' lang='lat' dir='ltr'>qua:</span> <span class='ocrx_word' id='word_1_765' title='bbox 2930 4140 3052 4194; x_wconf 85' lang='lat' dir='ltr'>sine</span> <span class='ocrx_word' id='word_1_766' title='bbox 3082 4140 3279 4194; x_wconf 87' lang='lat' dir='ltr'>anima</span> <span class='ocrx_word' id='word_1_767' title='bbox 3303 4145 3457 4205; x_wconf 90' lang='lat' dir='ltr'>sunt,</span> <span class='ocrx_word' id='word_1_768' title='bbox 3488 4140 3658 4197; x_wconf 80' lang='lat' dir='ltr'>brevi</span> <span class='ocrx_word' id='word_1_769' title='bbox 3673 4159 3746 4198; x_wconf 85' lang='lat' dir='ltr'>ex</span> <span class='ocrx_word' id='word_1_770' title='bbox 3785 4143 3905 4199; x_wconf 89' lang='lat' dir='ltr'>im-</span> 
     </span>
    </p>
   </div>
   <div class='ocr_carea' id='block_1_98' title="bbox 2188 4210 3904 4271">
    <p class='ocr_par' dir='ltr' id='par_1_98' title="bbox 2188 4210 3904 4271">
     <span class='ocr_line' id='line_1_99' title="bbox 2188 4210 3904 4271; baseline 0.003 -6"><span class='ocrx_word' id='word_1_771' title='bbox 2188 4225 2386 4265; x_wconf 88' lang='lat' dir='ltr'>mensa</span> <span class='ocrx_word' id='word_1_772' title='bbox 2411 4210 2893 4265; x_wconf 88' lang='lat' dir='ltr'>demonstratione</span> <span class='ocrx_word' id='word_1_773' title='bbox 2912 4210 3157 4271; x_wconf 75' lang='lat' dir='ltr'>signavit</span> <span class='ocrx_word' id='word_1_774' title='bbox 3182 4228 3194 4265; x_wconf 92' lang='lat'>:</span> <span class='ocrx_word' id='word_1_775' title='bbox 3219 4227 3352 4265; x_wconf 90' lang='lat' dir='ltr'>nam</span> <span class='ocrx_word' id='word_1_776' title='bbox 3371 4227 3501 4266; x_wconf 89' lang='lat' dir='ltr'>cum</span> <span class='ocrx_word' id='word_1_777' title='bbox 3528 4212 3601 4266; x_wconf 91' lang='lat' dir='ltr'>sit</span> <span class='ocrx_word' id='word_1_778' title='bbox 3639 4213 3820 4269; x_wconf 89' lang='lat' dir='ltr'>arbor</span> <span class='ocrx_word' id='word_1_779' title='bbox 3842 4222 3904 4271; x_wconf 90' lang='lat' dir='ltr'>et</span> 
     </span>
    </p>
   </div>
   <div class='ocr_carea' id='block_1_99' title="bbox 2186 4281 3901 4356">
    <p class='ocr_par' dir='ltr' id='par_1_99' title="bbox 2186 4281 3901 4356">
     <span class='ocr_line' id='line_1_100' title="bbox 2186 4281 3901 4356; baseline 0.002 -20"><span class='ocrx_word' id='word_1_780' title='bbox 2186 4281 2348 4356; x_wconf 73' lang='lat' dir='ltr'>nucis</span> <span class='ocrx_word' id='word_1_781' title='bbox 2370 4286 2425 4336; x_wconf 91' lang='lat' dir='ltr'>et</span> <span class='ocrx_word' id='word_1_782' title='bbox 2453 4281 3031 4356; x_wconf 69' lang='lat' dir='ltr'>castaneaaetglandis</span> <span class='ocrx_word' id='word_1_783' title='bbox 3060 4287 3116 4336; x_wconf 89' lang='lat' dir='ltr'>et</span> <span class='ocrx_word' id='word_1_784' title='bbox 3130 4281 3625 4356; x_wconf 8' lang='lat' dir='ltr'>mali,pcaeteraque</span> <span class='ocrx_word' id='word_1_785' title='bbox 3642 4284 3901 4356; x_wconf 87' lang='lat' dir='ltr'>inexpli-</span> 
     </span>
    </p>
   </div>
   <div class='ocr_carea' id='block_1_100' title="bbox 2185 4351 3903 4427">
    <p class='ocr_par' dir='ltr' id='par_1_100' title="bbox 2185 4351 3903 4427">
     <span class='ocr_line' id='line_1_101' title="bbox 2185 4351 3903 4427; baseline 0.003 -21"><span class='ocrx_word' id='word_1_786' title='bbox 2185 4351 2388 4427; x_wconf 79' lang='lat' dir='ltr'>eabilia</span> <span class='ocrx_word' id='word_1_787' title='bbox 2416 4368 2626 4427; x_wconf 86' lang='lat' dir='ltr'>genera</span> <span class='ocrx_word' id='word_1_788' title='bbox 2663 4353 3043 4427; x_wconf 78' lang='lat' dir='ltr'>virgultorum</span> <span class='ocrx_word' id='word_1_789' title='bbox 3069 4372 3084 4419; x_wconf 88' lang='lat'><strong>;</strong></span> <span class='ocrx_word' id='word_1_790' title='bbox 3114 4353 3419 4427; x_wconf 74' lang='lat' dir='ltr'>surculum</span> <span class='ocrx_word' id='word_1_791' title='bbox 3437 4351 3668 4427; x_wconf 71' lang='lat' dir='ltr'>vocans,</span> <span class='ocrx_word' id='word_1_792' title='bbox 3697 4351 3903 4427; x_wconf 73' lang='lat' dir='ltr'>singu-</span> 
     </span>
    </p>
   </div>
   <div class='ocr_carea' id='block_1_101' title="bbox 2183 4422 3903 4487">
    <p class='ocr_par' dir='ltr' id='par_1_101' title="bbox 2183 4422 3903 4487">
     <span class='ocr_line' id='line_1_102' title="bbox 2183 4422 3903 4487; baseline 0.003 -11"><span class='ocrx_word' id='word_1_793' title='bbox 2183 4422 2289 4477; x_wconf 88' lang='lat' dir='ltr'>lari</span> <span class='ocrx_word' id='word_1_794' title='bbox 2320 4422 2516 4477; x_wconf 86' lang='lat' dir='ltr'>omnia</span> <span class='ocrx_word' id='word_1_795' title='bbox 2560 4426 2617 4477; x_wconf 86' lang='lat' dir='ltr'>et</span> <span class='ocrx_word' id='word_1_796' title='bbox 2663 4422 2951 4477; x_wconf 90' lang='lat' dir='ltr'>communi</span> <span class='ocrx_word' id='word_1_797' title='bbox 2982 4424 3256 4477; x_wconf 89' lang='lat' dir='ltr'>vocabulo</span> <span class='ocrx_word' id='word_1_798' title='bbox 3286 4423 3569 4487; x_wconf 85' lang='lat' dir='ltr'>astrinxit,</span> <span class='ocrx_word' id='word_1_799' title='bbox 3611 4422 3903 4483; x_wconf 71' lang='lat' dir='ltr'>Similiter</span> 
     </span>
    </p>
   </div>
   <div class='ocr_carea' id='block_1_102' title="bbox 2183 4493 3905 4565">
    <p class='ocr_par' dir='ltr' id='par_1_102' title="bbox 2183 4493 3905 4565">
     <span class='ocr_line' id='line_1_103' title="bbox 2183 4493 3905 4565; baseline 0.003 -18"><span class='ocrx_word' id='word_1_800' title='bbox 2183 4498 2654 4548; x_wconf 86' lang='lat' dir='ltr'>ornamentorum</span> <span class='ocrx_word' id='word_1_801' title='bbox 2682 4493 2930 4565; x_wconf 84' lang='lat' dir='ltr'>diversos</span> <span class='ocrx_word' id='word_1_802' title='bbox 2963 4494 3181 4565; x_wconf 84' lang='lat' dir='ltr'>lapides</span> <span class='ocrx_word' id='word_1_803' title='bbox 3231 4494 3637 4565; x_wconf 89' lang='lat' dir='ltr'>compendiose</span> <span class='ocrx_word' id='word_1_804' title='bbox 3669 4500 3905 4553; x_wconf 85' lang='lat' dir='ltr'>vocavit</span> 
     </span>
    </p>
   </div>
   <div class='ocr_carea' id='block_1_103' title="bbox 2183 4510 3901 4645">
    <p class='ocr_par' dir='ltr' id='par_1_103' title="bbox 2183 4510 3901 4645">
     <span class='ocr_line' id='line_1_104' title="bbox 2183 4510 3901 4619; baseline 0.003 -72"><span class='ocrx_word' id='word_1_805' title='bbox 2183 4510 2654 4548; x_wconf 84' lang='lat' dir='ltr'>ornamentorum</span> <span class='ocrx_word' id='word_1_806' title='bbox 2682 4510 2930 4547; x_wconf 80' lang='lat' dir='ltr'>diversos</span> <span class='ocrx_word' id='word_1_807' title='bbox 2963 4510 3181 4619; x_wconf 68' lang='lat' dir='ltr'>lapides</span> <span class='ocrx_word' id='word_1_808' title='bbox 3231 4510 3637 4565; x_wconf 83' lang='lat' dir='ltr'>compendiose</span> <span class='ocrx_word' id='word_1_809' title='bbox 3669 4510 3901 4553; x_wconf 75' lang='lat' dir='ltr'>vocant</span> 
     </span>
     <span class='ocr_line' id='line_1_105' title="bbox 2183 4564 3901 4645; baseline 0.003 -27"><span class='ocrx_word' id='word_1_810' title='bbox 2183 4579 2459 4645; x_wconf 84' lang='lat' dir='ltr'>gemmas.</span> <span class='ocrx_word' id='word_1_811' title='bbox 2490 4566 2780 4619; x_wconf 89' lang='lat' dir='ltr'>Postremo</span> <span class='ocrx_word' id='word_1_812' title='bbox 2800 4564 2942 4645; x_wconf 69' lang='lat' dir='ltr'>licet</span> <span class='ocrx_word' id='word_1_813' title='bbox 2982 4580 3017 4645; x_wconf 80' lang='lat' dir='ltr'>a</span> <span class='ocrx_word' id='word_1_814' title='bbox 3059 4564 3205 4619; x_wconf 90' lang='lat' dir='ltr'>unde</span> <span class='ocrx_word' id='word_1_815' title='bbox 3229 4570 3603 4645; x_wconf 79' lang='lat' dir='ltr'>prospexerat</span> <span class='ocrx_word' id='word_1_816' title='bbox 3626 4567 3901 4645; x_wconf 79' lang='lat' dir='ltr'>dispersa</span> 
     </span>
    </p>
   </div>
   <div class='ocr_carea' id='block_1_104' title="bbox 2180 4634 3899 4706">
    <p class='ocr_par' dir='ltr' id='par_1_104' title="bbox 2180 4634 3899 4706">
     <span class='ocr_line' id='line_1_106' title="bbox 2180 4634 3899 4706; baseline 0.004 -18"><span class='ocrx_word' id='word_1_817' title='bbox 2180 4634 2392 4704; x_wconf 90' lang='lat' dir='ltr'>passim</span> <span class='ocrx_word' id='word_1_818' title='bbox 2422 4651 2633 4706; x_wconf 89' lang='lat' dir='ltr'>genera</span> <span class='ocrx_word' id='word_1_819' title='bbox 2663 4634 2893 4706; x_wconf 90' lang='lat' dir='ltr'>speciali</span> <span class='ocrx_word' id='word_1_820' title='bbox 2923 4640 3061 4689; x_wconf 89' lang='lat' dir='ltr'>nota</span> <span class='ocrx_word' id='word_1_821' title='bbox 3087 4634 3415 4702; x_wconf 76' lang='lat' dir='ltr'>concilians,</span> <span class='ocrx_word' id='word_1_822' title='bbox 3447 4642 3643 4691; x_wconf 89' lang='lat' dir='ltr'>tamen</span> <span class='ocrx_word' id='word_1_823' title='bbox 3661 4634 3899 4706; x_wconf 67' lang='lat' dir='ltr'>ingenti</span> 
     </span>
    </p>
   </div>
   <div class='ocr_carea' id='block_1_105' title="bbox 2182 4705 3897 4782">
    <p class='ocr_par' dir='ltr' id='par_1_105' title="bbox 2182 4705 3897 4782">
     <span class='ocr_line' id='line_1_107' title="bbox 2182 4705 3897 4782; baseline 0.004 -23"><span class='ocrx_word' id='word_1_824' title='bbox 2182 4705 2444 4782; x_wconf 80' lang='lat' dir='ltr'>quodam</span> <span class='ocrx_word' id='word_1_825' title='bbox 2461 4711 2519 4761; x_wconf 89' lang='lat' dir='ltr'>et</span> <span class='ocrx_word' id='word_1_826' title='bbox 2527 4705 2724 4782; x_wconf 76' lang='lat' dir='ltr'>capaci</span> <span class='ocrx_word' id='word_1_827' title='bbox 2752 4706 2823 4760; x_wconf 89' lang='lat' dir='ltr'>ad</span> <span class='ocrx_word' id='word_1_828' title='bbox 2848 4705 3136 4782; x_wconf 76' lang='lat' dir='ltr'>infinitum</span> <span class='ocrx_word' id='word_1_829' title='bbox 3158 4706 3391 4761; x_wconf 89' lang='lat' dir='ltr'>nomine</span> <span class='ocrx_word' id='word_1_830' title='bbox 3411 4723 3583 4762; x_wconf 89' lang='lat' dir='ltr'>omne</span> <span class='ocrx_word' id='word_1_831' title='bbox 3601 4705 3897 4782; x_wconf 75' lang='lat' dir='ltr'>quidquid</span> 
     </span>
    </p>
   </div>
   <div class='ocr_carea' id='block_1_106' title="bbox 2182 4775 3896 4849">
    <p class='ocr_par' dir='ltr' id='par_1_106' title="bbox 2182 4775 3896 4849">
     <span class='ocr_line' id='line_1_108' title="bbox 2182 4775 3896 4849; baseline 0.004 -19"><span class='ocrx_word' id='word_1_832' title='bbox 2182 4775 2266 4831; x_wconf 85' lang='lat' dir='ltr'>est</span> <span class='ocrx_word' id='word_1_833' title='bbox 2294 4775 2782 4849; x_wconf 81' lang='lat' dir='ltr'>comprehenderis</span> <span class='ocrx_word' id='word_1_834' title='bbox 2832 4776 2974 4849; x_wconf 84' lang='lat' dir='ltr'>dixit</span> <span class='ocrx_word' id='word_1_835' title='bbox 3010 4775 3204 4849; x_wconf 61' lang='lat' dir='ltr'>piatam,</span> <span class='ocrx_word' id='word_1_836' title='bbox 3238 4782 3395 4833; x_wconf 83' lang='lat' dir='ltr'>extra</span> <span class='ocrx_word' id='word_1_837' title='bbox 3439 4775 3638 4849; x_wconf 52' lang='lat' dir='ltr'>quam_</span> <span class='ocrx_word' id='word_1_838' title='bbox 3663 4775 3896 4837; x_wconf 55' lang='lat' dir='ltr'>nec-in-</span> 
     </span>
    </p>
   </div>
   <div class='ocr_carea' id='block_1_107' title="bbox 2178 4846 3896 4920">
    <p class='ocr_par' dir='ltr' id='par_1_107' title="bbox 2178 4846 3896 4920">
     <span class='ocr_line' id='line_1_109' title="bbox 2178 4846 3896 4920; baseline 0.005 -20"><span class='ocrx_word' id='word_1_839' title='bbox 2178 4847 2357 4901; x_wconf 88' lang='lat' dir='ltr'>veniri</span> <span class='ocrx_word' id='word_1_840' title='bbox 2387 4846 2627 4920; x_wconf 80' lang='lat' dir='ltr'>aliquid,</span> <span class='ocrx_word' id='word_1_841' title='bbox 2656 4863 2761 4902; x_wconf 89' lang='lat' dir='ltr'>nec</span> <span class='ocrx_word' id='word_1_842' title='bbox 2789 4846 3025 4920; x_wconf 81' lang='lat' dir='ltr'>cogitari</span> <span class='ocrx_word' id='word_1_843' title='bbox 3080 4851 3287 4918; x_wconf 91' lang='lat' dir='ltr'>potest.</span> <span class='ocrx_word' id='word_1_844' title='bbox 3341 4846 3477 4903; x_wconf 67' lang='lat' dir='ltr'>Haec</span> <span class='ocrx_word' id='word_1_845' title='bbox 3528 4854 3614 4920; x_wconf 87' lang='lat' dir='ltr'>est</span> <span class='ocrx_word' id='word_1_846' title='bbox 3642 4867 3763 4906; x_wconf 88' lang='lat' dir='ltr'>una</span> <span class='ocrx_word' id='word_1_847' title='bbox 3820 4854 3896 4909; x_wconf 90' lang='lat' dir='ltr'>de</span> 
     </span>
    </p>
   </div>
   <div class='ocr_carea' id='block_1_108' title="bbox 2178 4918 3893 5001">
    <p class='ocr_par' dir='ltr' id='par_1_108' title="bbox 2178 4918 3893 5001">
     <span class='ocr_line' id='line_1_110' title="bbox 2178 4918 3893 5001; baseline 0.004 -30"><span class='ocrx_word' id='word_1_848' title='bbox 2178 4918 2725 5001; x_wconf 46' lang='lat' dir='ltr'>categoriis‘dece‘m.</span> <span class='ocrx_word' id='word_1_849' title='bbox 2763 4918 3083 5001; x_wconf 72' lang='lat' dir='ltr'>Appelletas</span> <span class='ocrx_word' id='word_1_850' title='bbox 3112 4934 3244 5000; x_wconf 77' lang='lat' dir='ltr'>vero</span> <span class='ocrx_word' id='word_1_851' title='bbox 3293 4919 3608 5001; x_wconf 66' lang='lat' dir='ltr'>categorias</span> <span class='ocrx_word' id='word_1_852' title='bbox 3637 4928 3893 5001; x_wconf 78' lang='lat' dir='ltr'>constat,</span> 
     </span>
    </p>
   </div>
   <div class='ocr_carea' id='block_1_109' title="bbox 2176 4988 3893 5065">
    <p class='ocr_par' dir='ltr' id='par_1_109' title="bbox 2176 4988 3893 5065">
     <span class='ocr_line' id='line_1_111' title="bbox 2176 4988 3893 5065; baseline 0.005 -24"><span class='ocrx_word' id='word_1_853' title='bbox 2176 4994 2483 5065; x_wconf 85' lang='lat' dir='ltr'>propterea</span> <span class='ocrx_word' id='word_1_854' title='bbox 2497 4990 2663 5065; x_wconf 11' lang='lat' dir='ltr'>equod</span> <span class='ocrx_word' id='word_1_855' title='bbox 2677 5004 2809 5065; x_wconf 69' lang='lat' dir='ltr'>non</span> <span class='ocrx_word' id='word_1_856' title='bbox 2835 4988 3053 5065; x_wconf 76' lang='lat' dir='ltr'>possint</span> <span class='ocrx_word' id='word_1_857' title='bbox 3081 4989 3192 5065; x_wconf 76' lang='lat' dir='ltr'>nisi</span> <span class='ocrx_word' id='word_1_858' title='bbox 3221 4988 3587 5065; x_wconf 71' lang='lat' dir='ltr'>exsubjeetis</span> <span class='ocrx_word' id='word_1_859' title='bbox 3619 4988 3893 5065; x_wconf 87' lang='lat' dir='ltr'>agnosci,</span> 
     </span>
    </p>
   </div>
   <div class='ocr_carea' id='block_1_110' title="bbox 2179 5058 3897 5135">
    <p class='ocr_par' dir='ltr' id='par_1_110' title="bbox 2179 5058 3897 5135">
     <span class='ocr_line' id='line_1_112' title="bbox 2179 5058 3897 5135; baseline 0.004 -22"><span class='ocrx_word' id='word_1_860' title='bbox 2179 5058 2240 5113; x_wconf 82' lang='grc' dir='ltr'>ὡς</span> <span class='ocrx_word' id='word_1_861' title='bbox 2259 5058 2383 5106; x_wconf 67' lang='grc' dir='ltr'>διὰτά</span> <span class='ocrx_word' id='word_1_862' title='bbox 2411 5058 2554 5106; x_wconf 60' lang='lat' dir='ltr'>nvi-39</span> <span class='ocrx_word' id='word_1_863' title='bbox 2577 5058 2853 5135; x_wconf 53' lang='grc' dir='ltr'>λςκθξῖσαιὶ</span> <span class='ocrx_word' id='word_1_864' title='bbox 2872 5058 3009 5135; x_wconf 79' lang='lat' dir='ltr'>Quis</span> <span class='ocrx_word' id='word_1_865' title='bbox 3034 5059 3192 5135; x_wconf 75' lang='lat' dir='ltr'>enim</span> <span class='ocrx_word' id='word_1_866' title='bbox 3215 5060 3354 5135; x_wconf 85' lang='lat' dir='ltr'>quid</span> <span class='ocrx_word' id='word_1_867' title='bbox 3383 5058 3456 5115; x_wconf 82' lang='lat' dir='ltr'>sit</span> <span class='ocrx_word' id='word_1_868' title='bbox 3497 5058 3686 5117; x_wconf 64' lang='lat' dir='ltr'>homo</span> <span class='ocrx_word' id='word_1_869' title='bbox 3704 5058 3897 5135; x_wconf 78' lang='lat' dir='ltr'>possit</span> 
     </span>
    </p>
   </div>
   <div class='ocr_carea' id='block_1_111' title="bbox 2178 5129 3895 5203">
    <p class='ocr_par' dir='ltr' id='par_1_111' title="bbox 2178 5129 3895 5203">
     <span class='ocr_line' id='line_1_113' title="bbox 2178 5129 3895 5203; baseline 0.005 -20"><span class='ocrx_word' id='word_1_870' title='bbox 2178 5146 2501 5203; x_wconf 84' lang='lat' dir='ltr'>agnoscere,</span> <span class='ocrx_word' id='word_1_871' title='bbox 2531 5130 2643 5203; x_wconf 80' lang='lat' dir='ltr'>nisi</span> <span class='ocrx_word' id='word_1_872' title='bbox 2669 5129 2918 5203; x_wconf 79' lang='lat' dir='ltr'>aliquem</span> <span class='ocrx_word' id='word_1_873' title='bbox 2943 5129 3373 5203; x_wconf 74' lang='lat' dir='ltr'>sibihomihem</span> <span class='ocrx_word' id='word_1_874' title='bbox 3402 5138 3578 5203; x_wconf 88' lang='lat' dir='ltr'>ponat</span> <span class='ocrx_word' id='word_1_875' title='bbox 3594 5129 3731 5190; x_wconf 77' lang='lat' dir='ltr'>ante</span> <span class='ocrx_word' id='word_1_876' title='bbox 3755 5153 3895 5192; x_wconf 89' lang='lat' dir='ltr'>ocu-</span> 
     </span>
    </p>
   </div>
   <div class='ocr_carea' id='block_1_112' title="bbox 2174 5199 3894 5275">
    <p class='ocr_par' dir='ltr' id='par_1_112' title="bbox 2174 5199 3894 5275">
     <span class='ocr_line' id='line_1_114' title="bbox 2174 5199 3894 5275; baseline 0.006 -22"><span class='ocrx_word' id='word_1_877' title='bbox 2174 5199 2278 5275; x_wconf 81' lang='lat' dir='ltr'>los,</span> <span class='ocrx_word' id='word_1_878' title='bbox 2312 5201 2475 5271; x_wconf 88' lang='lat' dir='ltr'>quasi</span> <span class='ocrx_word' id='word_1_879' title='bbox 2493 5200 2824 5275; x_wconf 79' lang='lat' dir='ltr'>subjectum</span> <span class='ocrx_word' id='word_1_880' title='bbox 2854 5200 3120 5275; x_wconf 81' lang='lat' dir='ltr'>homini?</span> <span class='ocrx_word' id='word_1_881' title='bbox 3145 5202 3225 5257; x_wconf 91' lang='lat' dir='ltr'>Ne</span> <span class='ocrx_word' id='word_1_882' title='bbox 3246 5199 3447 5275; x_wconf 76' lang='lat' dir='ltr'>autem</span> <span class='ocrx_word' id='word_1_883' title='bbox 3472 5206 3894 5275; x_wconf 85' lang='lat' dir='ltr'>progrediente</span> 
     </span>
    </p>
   </div>
   <div class='ocr_carea' id='block_1_113' title="bbox 2175 5270 3894 5345">
    <p class='ocr_par' dir='ltr' id='par_1_113' title="bbox 2175 5270 3894 5345">
     <span class='ocr_line' id='line_1_115' title="bbox 2175 5270 3894 5345; baseline 0.006 -21"><span class='ocrx_word' id='word_1_884' title='bbox 2175 5270 2440 5345; x_wconf 75' lang='lat' dir='ltr'>tractatu,</span> <span class='ocrx_word' id='word_1_885' title='bbox 2472 5271 2549 5345; x_wconf 90' lang='lat' dir='ltr'>_in</span> <span class='ocrx_word' id='word_1_886' title='bbox 2574 5270 2686 5341; x_wconf 89' lang='lat' dir='ltr'>quo</span> <span class='ocrx_word' id='word_1_887' title='bbox 2739 5270 2984 5345; x_wconf 79' lang='lat' dir='ltr'>plurinis</span> <span class='ocrx_word' id='word_1_888' title='bbox 3041 5273 3316 5344; x_wconf 89' lang='lat' dir='ltr'>exemplis</span> <span class='ocrx_word' id='word_1_889' title='bbox 3366 5270 3511 5345; x_wconf 70' lang='lat' dir='ltr'>opus</span> <span class='ocrx_word' id='word_1_890' title='bbox 3541 5270 3643 5341; x_wconf 70' lang='lat' dir='ltr'>est,</span> <span class='ocrx_word' id='word_1_891' title='bbox 3678 5278 3894 5335; x_wconf 87' lang='lat' dir='ltr'>eadem</span> 
     </span>
    </p>
   </div>
   <div class='ocr_carea' id='block_1_114' title="bbox 2174 5341 3896 5426">
    <p class='ocr_par' dir='ltr' id='par_1_114' title="bbox 2174 5341 3896 5426">
     <span class='ocr_line' id='line_1_116' title="bbox 2174 5341 3896 5426; baseline 0.006 -31"><span class='ocrx_word' id='word_1_892' title='bbox 2174 5341 2591 5426; x_wconf 43' lang='lat' dir='ltr'>ad‘d&#39;ocendum</span> <span class='ocrx_word' id='word_1_893' title='bbox 2622 5341 2859 5426; x_wconf 76' lang='lat' dir='ltr'>nomine.</span> <span class='ocrx_word' id='word_1_894' title='bbox 2885 5341 3261 5426; x_wconf 39' lang='lat' dir='ltr'>‘repeta&#39;ntur,</span> <span class='ocrx_word' id='word_1_895' title='bbox 3291 5360 3357 5399; x_wconf 90' lang='lat' dir='ltr'>ac</span> <span class='ocrx_word' id='word_1_896' title='bbox 3383 5341 3534 5426; x_wconf 56' lang='lat' dir='ltr'>saepe</span> <span class='ocrx_word' id='word_1_897' title='bbox 3570 5347 3896 5426; x_wconf 77' lang='lat' dir='ltr'>accidat__ut</span> 
     </span>
    </p>
   </div>
   <div class='ocr_carea' id='block_1_115' title="bbox 2174 5412 3890 5491">
    <p class='ocr_par' dir='ltr' id='par_1_115' title="bbox 2174 5412 3890 5491">
     <span class='ocr_line' id='line_1_117' title="bbox 2174 5412 3890 5491; baseline 0.007 -26"><span class='ocrx_word' id='word_1_898' title='bbox 2174 5412 2263 5491; x_wconf 81' lang='lat' dir='ltr'>vel</span> <span class='ocrx_word' id='word_1_899' title='bbox 2284 5413 2567 5491; x_wconf 84' lang='lat' dir='ltr'>Hortensii</span> <span class='ocrx_word' id='word_1_900' title='bbox 2579 5414 2680 5491; x_wconf 85' lang='lat' dir='ltr'>vel_</span> <span class='ocrx_word' id='word_1_901' title='bbox 2696 5412 2863 5491; x_wconf 78' lang='lat' dir='ltr'>altius</span> <span class='ocrx_word' id='word_1_902' title='bbox 2883 5412 3155 5491; x_wconf 84' lang='lat' dir='ltr'>hominis,</span> <span class='ocrx_word' id='word_1_903' title='bbox 3176 5416 3263 5469; x_wconf 90' lang='lat' dir='ltr'>vel</span> <span class='ocrx_word' id='word_1_904' title='bbox 3294 5412 3558 5491; x_wconf 85' lang='lat' dir='ltr'>superius</span> <span class='ocrx_word' id='word_1_905' title='bbox 3588 5418 3890 5491; x_wconf 81' lang='lat' dir='ltr'>animalis,</span> 
     </span>
    </p>
   </div>
   <div class='ocr_carea' id='block_1_116' title="bbox 2172 5483 3890 5557">
    <p class='ocr_par' dir='ltr' id='par_1_116' title="bbox 2172 5483 3890 5557">
     <span class='ocr_line' id='line_1_118' title="bbox 2172 5483 3890 5557; baseline 0.007 -21"><span class='ocrx_word' id='word_1_906' title='bbox 2172 5483 2565 5557; x_wconf 78' lang='lat' dir='ltr'>velexcelsius</span> <span class='ocrx_word' id='word_1_907' title='bbox 2596 5483 2745 5557; x_wconf 60' lang='lat' dir='ltr'>usige</span> <span class='ocrx_word' id='word_1_908' title='bbox 2791 5484 3147 5557; x_wconf 85' lang='lat' dir='ltr'>frequentata</span> <span class='ocrx_word' id='word_1_909' title='bbox 3206 5483 3468 5557; x_wconf 79' lang='lat' dir='ltr'>exempla</span> <span class='ocrx_word' id='word_1_910' title='bbox 3496 5487 3557 5541; x_wconf 91' lang='lat' dir='ltr'>in</span> <span class='ocrx_word' id='word_1_911' title='bbox 3582 5483 3890 5549; x_wconf 76' lang='lat' dir='ltr'>fastidium</span> 
     </span>
    </p>
   </div>
   <div class='ocr_carea' id='block_1_117' title="bbox 2172 5553 3890 5626">
    <p class='ocr_par' dir='ltr' id='par_1_117' title="bbox 2172 5553 3890 5626">
     <span class='ocr_line' id='line_1_119' title="bbox 2172 5553 3890 5626; baseline 0.008 -19"><span class='ocrx_word' id='word_1_912' title='bbox 2172 5553 2495 5626; x_wconf 81' lang='lat' dir='ltr'>reciderent</span> <span class='ocrx_word' id='word_1_913' title='bbox 2517 5573 2531 5620; x_wconf 91' lang='lat'><strong>;</strong></span> <span class='ocrx_word' id='word_1_914' title='bbox 2560 5553 2670 5607; x_wconf 88' lang='lat' dir='ltr'>alia</span> <span class='ocrx_word' id='word_1_915' title='bbox 2689 5553 2777 5608; x_wconf 90' lang='lat' dir='ltr'>his</span> <span class='ocrx_word' id='word_1_916' title='bbox 2806 5553 3099 5626; x_wconf 78' lang='lat' dir='ltr'>vocabula,</span> <span class='ocrx_word' id='word_1_917' title='bbox 3122 5555 3330 5626; x_wconf 90' lang='lat' dir='ltr'>quibus</span> <span class='ocrx_word' id='word_1_918' title='bbox 3374 5553 3449 5612; x_wconf 72' lang='lat' dir='ltr'>ad</span> <span class='ocrx_word' id='word_1_919' title='bbox 3477 5558 3890 5620; x_wconf 86' lang='lat' dir='ltr'>disserendum</span> 
     </span>
    </p>
   </div>
   <div class='ocr_carea' id='block_1_118' title="bbox 2170 5624 3891 5698">
    <p class='ocr_par' dir='ltr' id='par_1_118' title="bbox 2170 5624 3891 5698">
     <span class='ocr_line' id='line_1_120' title="bbox 2170 5624 3891 5698; baseline 0.008 -21"><span class='ocrx_word' id='word_1_920' title='bbox 2170 5624 2500 5698; x_wconf 77' lang='lat' dir='ltr'>philosophi</span> <span class='ocrx_word' id='word_1_921' title='bbox 2533 5628 2844 5692; x_wconf 89' lang='lat' dir='ltr'>uterentur,</span> <span class='ocrx_word' id='word_1_922' title='bbox 2876 5625 3099 5679; x_wconf 84' lang='lat' dir='ltr'>inﬂexit</span> <span class='ocrx_word' id='word_1_923' title='bbox 3122 5624 3363 5698; x_wconf 61' lang='lat' dir='ltr'>{itaque</span> <span class='ocrx_word' id='word_1_924' title='bbox 3398 5630 3797 5694; x_wconf 80' lang='lat' dir='ltr'>Hortensium.</span> <span class='ocrx_word' id='word_1_925' title='bbox 3830 5644 3891 5691; x_wconf 90' lang='lat' dir='ltr'>et</span> 
     </span>
    </p>
   </div>
   <div class='ocr_carea' id='block_1_119' title="bbox 2170 5695 3885 5774">
    <p class='ocr_par' dir='ltr' id='par_1_119' title="bbox 2170 5695 3885 5774">
     <span class='ocr_line' id='line_1_121' title="bbox 2170 5695 3885 5774; baseline 0.006 -25"><span class='ocrx_word' id='word_1_926' title='bbox 2170 5695 2331 5774; x_wconf 77' lang='lat' dir='ltr'>nueis</span> <span class='ocrx_word' id='word_1_927' title='bbox 2356 5696 2649 5774; x_wconf 29' lang='lat' dir='ltr'>‘arbprem,</span> <span class='ocrx_word' id='word_1_928' title='bbox 2680 5700 2996 5774; x_wconf 36' lang='lat' dir='ltr'>et.equum</span> <span class='ocrx_word' id='word_1_929' title='bbox 3050 5695 3359 5774; x_wconf 58' lang='lat' dir='ltr'>Xanthum,</span> <span class='ocrx_word' id='word_1_930' title='bbox 3396 5703 3452 5753; x_wconf 85' lang='lat' dir='ltr'>et</span> <span class='ocrx_word' id='word_1_931' title='bbox 3490 5699 3591 5774; x_wconf 83' lang='lat' dir='ltr'>hic</span> <span class='ocrx_word' id='word_1_932' title='bbox 3638 5703 3885 5774; x_wconf 85' lang='lat' dir='ltr'>similia,</span> 
     </span>
    </p>
   </div>
   <div class='ocr_carea' id='block_1_120' title="bbox 2170 5763 3882 5837">
    <p class='ocr_par' dir='ltr' id='par_1_120' title="bbox 2170 5763 3882 5837">
     <span class='ocr_line' id='line_1_122' title="bbox 2170 5763 3882 5837; baseline 0.008 -26"><span class='ocrx_word' id='word_1_933' title='bbox 2170 5763 2395 5825; x_wconf 80' lang='grc' dir='ltr'>αἰσθητὰ,</span> <span class='ocrx_word' id='word_1_934' title='bbox 2450 5766 2626 5828; x_wconf 77' lang='grc' dir='ltr'>ἄτομα,</span> <span class='ocrx_word' id='word_1_935' title='bbox 2684 5763 2937 5829; x_wconf 56' lang='grc' dir='ltr'>ἐνάριΘ-μα,</span> <span class='ocrx_word' id='word_1_936' title='bbox 2984 5766 3263 5830; x_wconf 73' lang='grc' dir='ltr'>χαθέιαστα</span> <span class='ocrx_word' id='word_1_937' title='bbox 3308 5770 3531 5824; x_wconf 81' lang='lat' dir='ltr'>vocavit</span> <span class='ocrx_word' id='word_1_938' title='bbox 3568 5788 3581 5826; x_wconf 87' lang='lat'><strong>:</strong></span> <span class='ocrx_word' id='word_1_939' title='bbox 3644 5763 3882 5837; x_wconf 64' lang='grc' dir='ltr'>αἱσΘητὰξ</span> 
     </span>
    </p>
   </div>
   <div class='ocr_carea' id='block_1_121' title="bbox 2171 5836 3885 5911">
    <p class='ocr_par' dir='ltr' id='par_1_121' title="bbox 2171 5836 3885 5911">
     <span class='ocr_line' id='line_1_123' title="bbox 2171 5836 3885 5911; baseline 0.009 -21"><span class='ocrx_word' id='word_1_940' title='bbox 2171 5836 2321 5906; x_wconf 91' lang='lat' dir='ltr'>quod</span> <span class='ocrx_word' id='word_1_941' title='bbox 2368 5841 2520 5892; x_wconf 88' lang='lat' dir='ltr'>tactu</span> <span class='ocrx_word' id='word_1_942' title='bbox 2578 5838 2931 5903; x_wconf 89' lang='lat' dir='ltr'>sentiantur;</span> <span class='ocrx_word' id='word_1_943' title='bbox 2959 5838 3139 5900; x_wconf 76' lang='grc' dir='ltr'>ἄτομα,</span> <span class='ocrx_word' id='word_1_944' title='bbox 3189 5840 3345 5911; x_wconf 88' lang='lat' dir='ltr'>quod</span> <span class='ocrx_word' id='word_1_945' title='bbox 3400 5840 3577 5898; x_wconf 89' lang='lat' dir='ltr'>dividi</span> <span class='ocrx_word' id='word_1_946' title='bbox 3608 5850 3667 5900; x_wconf 89' lang='lat' dir='ltr'>et</span> <span class='ocrx_word' id='word_1_947' title='bbox 3700 5852 3885 5905; x_wconf 84' lang='lat' dir='ltr'>secari</span> 
     </span>
    </p>
   </div>
  </div>
