4056 6356
424 316 558 371 1423

704 435 929 489 CAPUT
958 434 1023 489 V.
1054 462 1123 473 —
1159 433 1476 489 Substantia
1503 438 1552 488 et
1585 433 1831 489 accidens

494 506 688 560 Restat
718 511 778 559 ut
810 520 1010 558 eorum
1052 520 1180 575 quae
1220 510 1374 573 sunt,
1423 521 1535 575 quo
1578 512 1744 576 pacto
1789 505 2121 560 Aristoteles

422 576 765 640 tractaverit,
797 592 1146 629 enarremus.
1188 576 1331 630 Sunt
1361 576 1535 647 igitur
1564 578 1660 630 illa
1700 593 1828 646 qua:
1858 582 1958 630 aut
1991 594 2119 647 per-

425 647 669 716 cipimus
698 646 976 712 sensibus,
1000 653 1099 700 aut
1125 653 1314 700 mente
1338 646 1750 714 etcogitatione
1775 646 2116 717 colligimus.

426 717 698 771 Sensibus
728 722 987 788 tenemus
1009 733 1137 788 quas
1159 723 1256 771 aut
1276 717 1540 784 videndo,
1569 723 1667 771 aut
1696 720 2116 785 contrectando,

430 792 527 841 aut
567 787 872 859 audiendo,
905 792 1004 842 aut
1031 787 1342 859 gustando,
1373 794 1473 842 aut
1502 789 1795 843 odorando
1826 790 2118 859 cognosci-

428 857 819 930 musLMente,
850 863 912 930 ut
947 874 1077 930 cum
1110 858 1237 930 quis
1266 875 1500 930 equum,
1532 864 1631 912 aut
1661 857 1975 927 hominem,
2022 864 2121 915 aut

332 960 343 973 ι
428 927 726 999 quodlibet
771 928 984 1001 animal
1031 927 1234 1001 viderit
1265 946 1278 994 ;
1310 927 1637 1000 quanquam
1695 946 1873 983 unum
1918 947 2120 1001 corpus

429 1015 548 1053 esse
580 999 1241 1071 respondeattintelligit
1270 1010 1461 1053 tamen
1489 999 1686 1053 multis
1711 1001 1966 1071 partibus
1999 999 2118 1055 esse

428 1076 775 1123 concretum.
808 1069 1101 1140 Siquidem
1131 1071 1240 1123 alia
1261 1086 1391 1137 pars
1417 1071 1488 1124 sit
1507 1069 1731 1141 capitis,
1754 1072 1864 1125 alia
1886 1072 2115 1141 pedum,

429 1146 879 1212 casterorumque
907 1142 1314 1212 membrorum,
1338 1141 1397 1193 in
1427 1141 1549 1211 ipso
1571 1142 1750 1210 capite
1782 1150 1971 1212 partes
1992 1159 2119 1196 suas

430 1227 593 1293 aures
616 1211 880 1293 habeant,
913 1211 1118 1293 habeat
1135 1212 1439 1293 propriam
1472 1212 1691 1293 lingua.
1728 1214 1869 1293 Ipsa;
1890 1229 2120 1293 quoque

428 1288 619 1352 partes
650 1283 891 1351 singulae
924 1283 1102 1335 multa
1130 1281 1186 1334 in
1218 1298 1275 1353 se
1303 1281 1722 1353 habeantqum
1754 1281 1931 1337 dividi
1957 1281 2119 1337 etse-

428 1353 620 1423 parari
650 1353 901 1423 possint:
938 1358 1000 1405 ut
1026 1368 1155 1423 caro
1184 1352 1260 1423 sit
1289 1353 1463 1417 aliud,
1500 1352 1655 1407 aliud
1688 1354 1930 1419 corium,
1966 1355 2121 1409 aliud

427 1438 607 1493 venas,
643 1422 797 1476 aliud
829 1422 1011 1488 nervi,
1045 1422 1202 1475 aliud
1231 1422 1439 1491 capilli.
1478 1424 1621 1493 Ergo
1663 1424 1781 1477 haec
1812 1430 2002 1478 mente
2032 1426 2120 1479 vel

427 1492 716 1546 intellectu
750 1493 1089 1565 colligimus,
1127 1492 1199 1546 ad
1228 1509 1356 1563 quas
1387 1492 1573 1546 nostri,
1597 1510 1791 1547 sensus
1822 1500 2119 1565 penetrare

427 1578 544 1633 non
570 1570 826 1633 possunt.
857 1564 1289 1617 Consideramus
1319 1565 1490 1617 etiam
1511 1565 1629 1631 illa,
1657 1572 1712 1618 et
1732 1564 1911 1619 animi
1934 1567 2119 1620 inten-

427 1632 583 1688 tione
627 1634 1020 1705 cognoscimus
1061 1636 1149 1687 vel
1179 1634 1496 1700 hominem,
1546 1636 1634 1688 vel
1680 1636 1835 1690 aliud
1886 1637 2115 1705 animal,

428 1720 695 1787 crescere,
716 1721 1027 1784 senescere,
1053 1719 1205 1787 nunc
1226 1710 1395 1770 stare,
1423 1721 1576 1759 nunc
1601 1721 1827 1759 movere
1854 1723 2077 1787 gressus
2101 1726 2114 1775 ;

424 1776 593 1849 modo
624 1775 1171 1849 angi_curis,_mod_o
1205 1791 1403 1849 secura
1443 1781 1633 1829 mente
1673 1775 2113 1849 conquiescere;

428 1846 668 1929 sanitate
708 1845 847 1925 alias
886 1845 1203 1929 fruihalias
1229 1846 1488 1929 dolorem
1534 1848 1765 1927 perpeti
1784 1843 1817 1913 ;”
1845 1843 1911 1902 e'x
1948 1843 2114 1929 nigro

427 1917 640 1988 album,
662 1916 892 1988 nigrum
917 1933 982 1970 ex
1006 1916 1135 1988 albo
1158 1917 1346 1970 colore
1369 1916 1581 1971 mutari
1606 1934 1619 1984 ;
1644 1916 1897 1988 peritum
1928 1935 1991 1972 ex
2012 1916 2117 1974 im-

466 1987 627 2059 erito,
663 1986 891 2040 doctum
923 2003 991 2040 ex
1035 1986 1296 2059 indocto;
1345 2004 1409 2059 ex
1453 1986 1751 2059 mansueto
1791 1989 2000 2059 ferum,
2048 2008 2117 2045 ex

448 2057 599 2129 “croci
656 2063 1035 2111 mansuetum.
1098 2059 1242 2111 Dum
1284 2058 1460 2128 igitur
1510 2058 1581 2111 iis
1635 2076 1763 2129 qum
1809 2065 1956 2125 sunt,
1987 2057 2117 2116 alia

424 2128 699 2201 sensibus,
727 2128 845 2201 alia
860 2128 1143 2201 mentibus
1167 2129 1522 2201 colligantur,
1547 2128 1809 2201 separare
1835 2130 1956 2185 haec
1981 2148 2114 2201 pro-

422 2198 561 2267 priis
608 2199 939 2252 nominibus
994 2200 1253 2252 homines
1313 2199 1522 2253 eruditi
1577 2200 1938 2255 maluerunt:
1971 2198 2027 2256 et
2055 2203 2113 2257 id

424 2269 574 2338 quod
599 2269 955 2339 dignoscitur
974 2270 1251 2333 sensibus,
1267 2269 1387 2338 jam
1409 2270 1519 2323 dici
1549 2278 1733 2338 θύσειν,
1758 2271 1902 2325 illud
1923 2278 2113 2328 autem

424 2339 579 2409 quod
608 2339 784 2413 animi
811 2344 1055 2413 tractatu
1078 2340 1385 2413 colligitur,
1418 2356 1481 2393 ac
1503 2357 1651 2410 saepe
1681 2348 1955 2409 mutatur,
1988 2367 2111 2413 συμ-

423 2417 645 2483 ϐξὸηκὸς,
675 2410 735 2464 id
765 2415 846 2463 est
877 2411 1155 2477 accidens,
1189 2410 1485 2483 neminare
1514 2413 1830 2466 voluerunt.
1867 2414 1930 2467 Et
1962 2410 2109 2483 quo-

422 2481 579 2533 niam
625 2482 684 2533 in
726 2486 1097 2551 permanente
1147 2481 1270 2534 usia
1315 2497 1382 2533 ea
1427 2497 1555 2551 quae
1597 2483 1882 2548 accidunt,
1929 2481 2111 2537 inesse

422 2556 757 2623 noscuntur,
787 2551 970 2623 ipsam
996 2551 1546 2623 ιιείᾶωγὺποκείμενον,
1572 2552 1628 2607 id
1657 2559 1759 2618 est,
1792 2554 2107 2623 subjacens,

423 2625 481 2674 et
505 2637 623 2696 non
654 2621 712 2674 in
743 2622 994 2691 subjecto
1023 2622 1300 2696 appellari
1338 2623 1661 2696 voluerunt,
1694 2624 1791 2696 illa
1822 2621 1951 2696 vero
1981 2641 2111 2696 quas

423 2692 783 2764 accidunt,pév
813 2698 1128 2764 ὑποκειμένῳ,
1158 2692 1216 2764 id
1250 2694 1417 2746 estin
1445 2694 1778 2764 subjacenti,
1812 2692 2100 2751 dixerunt.

422 2761 555 2845 Siue
586 2762 758 2815 dubio
798 2766 988 2842 tamen
1015 2761 1434 2845 .i‘lludnoportet
1475 2780 1508 2817 a
1548 2761 1711 2845 nobis
1753 2766 2000 2845 agnosci,
2046 2772 2111 2821 ut

420 2833 703 2906 potiorem
728 2833 893 2906 usian
914 2833 1296 2906 accidentibus
1315 2834 1576 2906 dicimus,
1597 2835 1673 2887 sic
1694 2833 1887 2904 potius
1904 2846 2106 2906 ἄτομον,

420 2904 508 2975 vel
533 2910 847 2970 κιθὲκαστον,
879 2903 935 2957 id
962 2910 1045 2956 est
1066 2904 1217 2957 hunc
1240 2905 1536 2959 hominem
1560 2907 1650 2958 vel
1678 2903 1830 2959 hunc
1856 2903 2103 2975 leonem,

420 2972 488 3027 iis
518 2989 646 3043 quae
692 2975 907 3027 fuerint
935 2975 1282 3040 communia,
1325 2978 1411 3030 vel
1442 2975 1735 3030 communi
1760 2984 1956 3032 vocata
1984 2972 2108 3032 ani;

418 3044 661 3098 malium
690 3045 939 3111 nomine,
972 3046 1240 3114 judicare.

421 3114 646 3170 CAPUT
674 3116 767 3172 VI.
808 3145 877 3156 --
910 3116 1039 3182 Quae
1076 3117 1333 3170 dicuntur
1385 3115 1450 3170 dc
1504 3117 1757 3186 subjecto,
1812 3133 1931 3186 qua
1985 3124 2113 3174 sunt

1098 3190 1156 3240 in
1180 3187 1434 3255 subjecto.

492 3256 709 3309 Rursus
730 3256 800 3309 ad
820 3272 886 3328 ea
897 3272 1025 3327 quas
1048 3258 1461 3325 signiﬁcantur,
1476 3257 1805 3311 Aristoteles
1821 3275 2110 3328 regressus

424 3329 528 3406 est,
549 3331 701 3406 quot
728 3327 917 3406 m‘od‘is
938 3343 1004 3406 ea
1023 3343 1153 3406 qua:
1174 3333 1305 3379 sunt
1325 3328 1633 3406 signiﬁcari
1656 3327 1921 3406 assolent,
1946 3346 2108 3406 mon-

425 3400 723 3467 straturus.
758 3398 833 3449 Ex
862 3397 951 3467 his
978 3397 1154 3467 igitur
1184 3414 1311 3467 qua:
1342 3405 1495 3464 sunt,
1518 3399 1631 3451 alia
1658 3400 1726 3451 de
1757 3399 2008 3467 subjecto
2040 3400 2110 3453 si-

423 3465 785 3536 gniﬁcantur,
831 3471 887 3520 et
934 3465 1291 3535 in'subjecto
1323 3482 1437 3519 non
1476 3473 1626 3533 sunt,
1677 3473 1739 3521 ut
1777 3465 1976 3522 homo.
2031 3471 2107 3524 De

423 3536 676 3610 subjecto
719 3536 949 3610 quidem
985 3537 1355 3606 signiﬁcatur,
1387 3538 1585 3608 aliquo
1617 3539 1886 3610 homine;
1922 3556 2105 3610 neque

423 3607 579 3660 enim
607 3608 781 3680 homo
798 3608 920 3680 dici
947 3614 1156 3678 posset,
1182 3609 1289 3661 nisi
1312 3614 1457 3661 esset
1484 3607 1690 3679 aliquis
1709 3610 1787 3680 de
1817 3626 1930 3680 quo
1960 3607 2105 3665 dice-

419 3682 597 3732 retur.
634 3678 698 3731 In
727 3678 974 3748 subjecto
1004 3686 1194 3733 autem
1222 3680 1376 3732 nullo
1407 3684 1506 3744 est,
1543 3678 1670 3732 cum
1702 3678 1927 3749 ipse—sit
1957 3682 2100 3749 usia,

420 3764 593 3818 quam
630 3750 894 3828 superius
923 3750 1171 3829 diximus
1202 3750 1257 3803 in
1288 3750 1459 3829 nullo
1501 3766 1755 3829 unquam
1788 3751 2102 3829 subjacenti

419 3834 539 3873 esse
564 3836 577 3885 ;
609 3820 820 3890 quippe
851 3836 981 3874 cum
1011 3821 1083 3875 sit
1110 3821 1329 3874 caeteris
1358 3821 1480 3890 ipsa
1510 3820 1781 3890 subjecta.
1817 3820 1941 3875 Alia
1970 3839 2102 3876 vero

417 3904 522 3971 nec
535 3890 607 3971 in
638 3892 889 3959 subjecto
919 3898 1067 3971 sunt,
1083 3892 1297 3971 ‘necde
1321 3892 1575 3971 subjecto
1602 3891 2017 3971 signiﬁcantur,
2041 3899 2103 3971 ut

417 3964 499 4032 est
531 3960 755 4025 Cicero;
788 3978 891 4015 nec
920 3962 979 4015 in
1014 3963 1266 4032 subjecto
1296 3968 1399 4027 est,
1428 3960 1568 4032 quia
1596 3960 1716 4015 usia
1745 3968 1863 4028 est;
1899 3960 2009 4017 nec
2031 3964 2101 4019 de

415 4030 668 4103 subjecto
696 4032 888 4103 aliquo
910 4030 1281 4103 signiﬁcatur,
1306 4030 1590 4103 siquidem
1621 4049 1752 4087 cum
1774 4050 1806 4087 a
1833 4050 1891 4086 se
1913 4039 2101 4089 ortum

412 4102 752 4175 vocabulum
776 4102 1025 4175 iteneat,
1084 4120 1267 4175 neque
1325 4102 1567 4172 intelligi
1618 4104 1795 4173 possit
1847 4104 2095 4159 aliunde.

413 4171 573 4245 Dicta
600 4179 732 4226 sunt
761 4173 873 4227 duo
902 4190 1031 4244 quas
1061 4174 1129 4228 ad
1161 4171 1324 4228 usian
1348 4171 1654 4245 pertinent,
1688 4190 1799 4245 quo
1828 4180 1993 4243 pacto
2022 4176 2098 4229 si-

411 4243 777 4314 gniﬁcentur,
809 4243 1055 4313 quorum
1086 4245 1346 4314 superius
1368 4251 1547 4310 κοινὸν,
1581 4244 1638 4298 id
1659 4243 1741 4297 est
1761 4261 2093 4314 commune;

409 4312 669 4371 inferius,
701 4312 1015 4379 καθιξὶιαστον,
1060 4314 1118 4367 id
1149 4312 1235 4368 est
1263 4314 1550 4383 singulare
1579 4314 1806 4370 dicitur.
1846 4316 2003 4369 Nunc
2033 4312 2097 4371 ea

411 4397 538 4464 quin
562 4387 775 4464 suntex
795 4383 1203 4464 accidentibus,
1224 4385 1496 4464 quoniam
1515 4385 1685 4437 modo
1706 4385 2099 4464 signiﬁcentur

410 4453 829 4525 dicendumpest
860 4453 1199 4525 Suntigitur
1219 4472 1284 4508 ex
1308 4454 1377 4507 iis
1402 4455 1511 4507 alia
1533 4471 1661 4525 qua).
1686 4462 1743 4509 et
1760 4453 1818 4509 in
1846 4457 2094 4525 subjecto

409 4530 559 4590 sunt,
595 4530 651 4577 et
688 4523 1082 4593 signiﬁcantur
1124 4526 1193 4579 de
1226 4526 1496 4595 subjecto,
1528 4523 1594 4578 tit
1623 4530 1708 4579 est
1744 4523 1980 4581 scientia
2007 4529 2093 4582 vel

406 4595 579 4668 color.
615 4595 758 4649 Sunt
787 4596 937 4650 enim
968 4596 1028 4649 in
1075 4596 1327 4668 subjecto
1363 4597 1577 4668 aliquo,
1610 4596 1668 4650 id
1698 4603 1782 4651 est
1808 4596 1869 4651 in
1899 4599 2091 4653 animo

406 4666 494 4739 vel
525 4681 760 4739 corpore
786 4682 798 4719 :
832 4684 1019 4739 neque
1047 4666 1198 4721 enim
1230 4666 1848 4739 scientia’potest‘esse,
1883 4669 1990 4722 nisi
2021 4670 2094 4724 sit

403 4734 597 4789 anima
610 4734 859 4808 subjecta
870 4734 984 4808 qua
994 4739 1377 4804 contineatur;
1402 4734 1513 4792 nec
1526 4734 1841 4808 signiﬁcari
1853 4740 2088 4794 scientia

402 4811 609 4876 posset,
641 4806 749 4859 nisi
779 4808 846 4860 de
886 4806 1141 4881 Eubjecta
1170 4809 1539 4881 grammatica
1565 4806 1699 4863 :Vvel
1739 4810 1895 4864 color
1935 4811 2087 4881 quis-

400 4892 574 4961 quam
599 4883 789 4961 posset
814 4894 963 4960 esse,
984 4879 1095 4961 nisi
1123 4880 1760 4961 in‘subjeetoocorpore;
1790 4896 1891 4933 nec
1912 4879 2086 4961 signis

399 4947 557 5028 ﬁcari
594 4953 813 5028 posset,
859 4948 968 5028 nisi
1010 4950 1091 5028 de
1126 4947 1378 5028 subjecto
1418 4947 1610 5028 aliquo
1656 4952 1875 5028 colore:
1909 4947 1987 5005 ita
2023 4952 2089 5007 ﬁt

396 5022 547 5091 utet
588 5018 649 5072 in
691 5019 944 5089 subjecto
988 5018 1116 5091 sint,
1165 5018 1245 5075 et'
1265 5022 1333 5075 de
1379 5018 1629 5091 subjecto
1669 5021 2082 5091 signiﬁcentur.

395 5088 522 5160 Alia
552 5106 684 5145 vero
729 5088 863 5144 sunt
900 5105 967 5142 ex
1008 5088 1210 5144 iisdem
1240 5088 1586 5160 συμϐεϐτρὶόσι,
1617 5090 1675 5145 id
1714 5088 1797 5144 est
1826 5092 2084 5147 acciden-

394 5159 567 5232 tibus,
600 5177 727 5231 quae
758 5161 818 5214 in
850 5161 1103 5229 subjecto
1133 5161 1367 5231 quidem
1409 5159 1700 5226 sunt,rsed
1732 5163 1801 5216 de
1831 5164 2081 5232 subjecto

393 5231 631 5303 minime
657 5232 1071 5303 signiﬁcantur,
1097 5237 1160 5284 ut
1188 5236 1299 5303 est,
1323 5232 1443 5285 haec
1464 5232 1853 5303 grammatica,
1878 5231 1963 5287 vel
1990 5235 2082 5289 hic

394 5301 555 5355 albus
584 5301 758 5357 color.
799 5305 862 5357 In
893 5303 1141 5371 subjecto
1169 5302 1401 5371 quidem
1432 5301 1583 5369 sunt,
1614 5303 1807 5356 animo
1839 5305 1925 5357 vel
1955 5322 2078 5359 cor-

434 5388 552 5444 ore,
575 5374 643 5427 de
661 5375 912 5444 subjecto
935 5381 1125 5427 autem
1147 5388 1260 5425 non
1280 5373 1691 5443 signiﬁcantur.
1714 5375 1905 5444 Neque
1923 5376 2078 5431 enim

412 5442 480 5514 iis
509 5443 735 5497 aliunde
762 5442 1100 5499 vocabulum
1128 5442 1357 5514 pendet,
1392 5444 1489 5497 sed
1517 5460 1617 5514 suo
1640 5449 1693 5496 et
1722 5442 1949 5514 speciali
1980 5462 2078 5499 no-

387 5513 542 5567 mine
585 5514 973 5583 designantur.
1012 5516 1074 5569 In
1112 5513 1182 5568 iis
1214 5513 1758 5586 quoqueaccidens'
1791 5516 2072 5585 superius,

387 5598 691 5637 commune
724 5586 1103 5651 nominamus,
1144 5584 1379 5639 inferius
1416 5585 1507 5639 ubi
1531 5584 1652 5653 jam
1692 5591 1841 5638 certa
1862 5584 1962 5639 ires
1992 5593 2075 5641 est

385 5669 490 5723 pro
518 5661 696 5724 parte,
723 5657 829 5709 hoc
848 5662 929 5709 est
949 5664 1245 5711 καθέηκα-τον
1276 5657 1501 5711 dicitur.
1533 5656 1740 5727 Verum
1761 5672 1832 5708 ne
1856 5657 2073 5727 aliquid

383 5738 504 5796 non
534 5732 792 5796 apertum
830 5727 1123 5796 praeterire
1169 5728 1494 5783 Aristoteles
1545 5726 1982 5794 existimaretur,
2016 5733 2073 5782 et

384 5793 640 5850 oriundis
670 5793 1078 5867 quaestionibus
1118 5799 1470 5855 occasionem
1514 5800 1671 5854 daret
1703 5797 1771 5852 de
1816 5813 1882 5852 eo
1913 5793 2066 5869 qdod

1806 310 2233 368 CATEGORIAE
2271 308 2536 366 DECEM.

3806 306 3824 355 l
3838 304 3925 356 Ωιι

2226 433 2289 488 in
2318 432 2571 503 subjecto
2601 435 2708 499 est,
2737 429 2918 503 voluit
2944 431 3183 503 tractare
3208 428 3565 503 diligentius,
3593 442 3661 481 ac
3685 426 3924 503 deﬁnire

2228 504 2365 575 quid
2394 497 2561 575 esset,
2591 505 2654 556 ut
2672 497 3154 575 calumniantibus
3186 497 3374 575 aditus
3402 500 3798 575 clauderetur.
3834 497 3929 551 Dc-

2226 569 2351 629 ﬁuit
2382 590 2518 644 ergo
2549 574 2611 627 in
2649 573 2914 644 subjecto;
2940 586 3061 624 esse
3092 570 3240 641 quod
3286 570 3351 644 inp
3375 571 3553 624 altero
3583 574 3675 644 est
3710 569 3929 640 aliquo,

2228 662 2346 700 non
2377 640 2599 715 ut'pars
2642 643 2715 697 sit
2752 640 3037 725 quaedam,
3086 640 3538 725 nequesine‘eo
3577 640 3639 694 in
3683 656 3807 725 quo
3854 646 3932 693 est

2228 721 2412 787 potest
2440 711 2695 786 unquam
2734 711 2879 768 esse.
2923 714 3051 767 hac
3086 711 3343 766 deﬁnitio
3388 712 3593 791 addita.
3627 717 3932 836 propterea

2229 793 2333 836 est.
2366 786 2502 836 quia
2547 785 2658 836 dici
2708 789 2898 836 nosset
2933 784 3177 836 digitum
3216 784 3301 836 vel
3346 784 3549 836 uedem
3578 799 3640 836 1n
3670 798 3743 835 su
3791 787 3932 836 lecto

2229 783 2333 854 est,
2366 786 2502 858 quia
2536 783 2658 858 'dici
2707 789 2898 856 posset
2933 784 3177 858 digitum
3216 784 3301 858 vel
3346 783 3640 858 pedemin
3670 783 3933 858 subjecto

2229 852 2462 923 esscfid
2492 863 2577 910 est
2605 856 2663 910 in
2694 852 2928 925 corpore
2964 874 2979 921 ;
3004 852 3116 908 hoc
3157 854 3333 925 igitur
3362 853 3603 925 exclusit
3631 859 3806 907 cauta
3838 852 3931 906 de-

2229 927 2507 989 ﬁnitione,
2542 924 2871 981 dicendo’id
2903 942 3023 977 esse
3061 925 3120 979 in
3150 924 3422 993 subjecto,
3456 924 3610 994 quod
3640 925 3771 994 ejus
3802 939 3934 994 pars

2228 1016 2347 1053 non
2376 1000 2449 1052 sit
2476 999 2537 1052 in
2566 1014 2679 1068 quo
2708 1003 2822 1050 est:
2855 996 3100 1068 digitum
3130 1002 3318 1049 autem
3350 997 3434 1048 vel
3465 995 3671 1068 pedem
3706 1004 3933 1068 partem

2229 1087 2348 1123 esse
2386 1065 2639 1140 corporis
2688 1072 2920 1140 constat.
2964 1066 3177 1140 Dehinc
3215 1082 3249 1119 a
3290 1065 3780 1140 calumniantibus
3821 1065 3933 1140 dici

2229 1146 2439 1212 posset,
2487 1135 2697 1210 aquam
2743 1137 3055 1212 Velvinum
3080 1136 3617 1212 _inquodnam_cado
3662 1135 3837 1212 quasi

2230 1205 2482 1281 subjecto
2516 1205 2636 1264 esse
2661 1226 2673 1263 :
2700 1209 2797 1281 sed
2817 1207 2873 1261 id
2902 1207 3038 1281 oriri
3066 1205 3227 1261 docta
3251 1206 3598 1281 deﬁnitione
3618 1205 3737 1281 non
3769 1205 3934 1273 sinit,

2228 1277 2441 1336 addens
2470 1281 2527 1335 id
2576 1296 2696 1333 esse
2738 1279 2797 1333 in
2845 1278 3116 1348 subjecto,
3159 1279 3312 1348 quod
3350 1277 3471 1331 sine
3515 1277 3786 1348 subjecto
3810 1292 3935 1330 esse

2229 1368 2342 1407 non
2376 1351 2584 1418 possit:
2628 1350 2827 1403 vinum
2856 1347 3064 1414 autem,
3112 1347 3200 1402 vel
3246 1363 3474 1418 aquam,
3518 1349 3643 1401 sine
3684 1347 3834 1401 cado
3877 1348 3937 1400 in

2229 1439 2343 1494 quo
2364 1418 2544 1494 fuerit,
2556 1437 2720 1494 posse
2742 1419 2883 1494 alibi
2896 1436 3036 1482 esse,
3062 1435 3176 1473 non
3196 1423 3381 1490 potest
3404 1418 3675 1494 dubitari.
3704 1419 3938 1494 Interea

2227 1488 2335 1547 lioc
2363 1495 2487 1547 loco
2518 1488 2791 1546 debemus
2821 1490 3112 1544 advertere
3141 1488 3255 1561 qua
3283 1494 3401 1542 arte
3438 1489 3698 1561 deﬁnitio
3732 1488 3933 1559 dispo-

2227 1570 2415 1619 natur.
2433 1564 2689 1617 Primum
2703 1563 2856 1616 enim
2870 1562 3014 1615 hanc
3026 1576 3129 1630 per
3140 1560 3483 1614 immensum
3499 1560 3661 1613 tendi
3674 1565 3937 1630 oportet,

2226 1633 2598 1704 incipientem
2645 1649 2679 1686 a
2717 1647 2968 1704 genere;
3009 1631 3218 1704 dehinc
3245 1630 3540 1704 paulatim
3584 1645 3688 1701 per
3736 1634 3939 1704 partes

2227 1700 2512 1785 currendq
2560 1700 3073 1785 perveZuireOdebet,
3103 1702 3175 1756 ad
3206 1700 3273 1785 id
3294 1701 3355 1755 in
3384 1717 3498 1785 quo
3525 1700 3717 1781 solum
3746 1700 3849 1781 est
3878 1700 3939 1754 id

2225 1776 2375 1847 quod
2408 1770 2798 1847 deﬁnitursllt
2833 1772 2873 1826 ii
2905 1772 3003 1847 qui
3033 1772 3196 1847 signa
3225 1770 3494 1847 formant,
3528 1771 3795 1847 primum
3828 1770 3938 1847 im-

2224 1842 2489 1901 mensum
2526 1845 2896 1913 subdoligunt
2924 1842 3202 1913 lapidem,
3239 1842 3442 1896 dehinc
3480 1842 3768 1912 paulatim
3821 1843 3939 1895 mi-

2225 1918 2452 1971 nuendo
2481 1921 2537 1970 et
2558 1914 2939 1969 abscindenda
2971 1913 3365 1983 superﬂua,ad
3388 1913 3720 1967 formandos
3734 1913 3935 1966 vultus

2224 1993 2281 2041 et
2307 1988 2563 2042 membra
2588 1985 2943 2057 perveniunt.
2967 1984 3055 2057 Sic
3074 1985 3328 2057 deﬁnitio
3351 2000 3381 2036 a
3402 2000 3609 2057 genere
3635 1983 3937 2057 incipiens

2223 2058 2458 2129 depulsa
2482 2054 2755 2129 paulatim
2777 2054 3495 2129 generalitateverborum,
3517 2054 3587 2129 ad
3615 2055 3934 2129 proprium

2224 2125 2685 2183 demonstrandae
2714 2125 2800 2181 rei
2813 2126 2999 2181 cubile
3030 2126 3211 2180 tendit
3239 2125 3523 2196 accedere.
3554 2125 3663 2179 Sed
3692 2125 3771 2196 ad
3798 2140 3938 2196 pro-

2222 2201 2473 2271 positum
2512 2203 2865 2276 revertamur
2892 2200 3209 2276 :_trac_tatus
3240 2195 3395 2276 enim
3430 2200 3551 2276 erat
3579 2196 3650 2250 de
3682 2195 3756 2249 iis
3798 2195 3933 2276 qua:

2222 2267 2354 2324 sunt
2370 2269 2857 2341 quemadmodum
2884 2267 3387 2341 signi_ﬁcentur,_de
3411 2268 3619 2341 quibus
3640 2267 3934 2341 quoniam

2214 2341 2332 2411 jam
2356 2336 2533 2394 multa
2553 2340 2703 2395 dicta
2720 2345 2868 2404 sunt,
2897 2337 3041 2393 illud
3062 2339 3401 2409 regulariter
3423 2336 3586 2391 nobis
3607 2336 3929 2411 tenendam

2221 2408 2324 2478 est,
2348 2412 2540 2464 omnia
2563 2418 2853 2478 καθέκαστα,
2881 2414 2965 2467 vel
2988 2418 3219 2482 ἑνάριθμα
3235 2447 3248 2470 ,
3273 2413 3357 2464 vel
3378 2418 3555 2478 ἄτομα,
3584 2408 3671 2482 vel
3693 2414 3928 2475 αἰσθητὰ,

2219 2482 2280 2535 id
2319 2487 2406 2535 est
2435 2482 2587 2535 hunc
2618 2482 2931 2551 hominem,
2964 2483 3051 2535 vel
3082 2480 3237 2535 hunc
3264 2496 3501 2550 equum,
3526 2483 3625 2551 vet
3652 2480 3813 2551 hanc
3842 2495 3931 2532 ar.

2218 2551 2419 2607 borem
2446 2553 2514 2606 de
2544 2553 2797 2618 subjecto
2819 2549 3131 2622 signiﬁcari
3151 2568 3265 2605 non
3289 2549 3481 2622 posse.
3501 2550 3615 2622 Sin
3637 2565 3776 2622 vero
3801 2549 3932 2622 haec

2220 2623 2416 2677 eadem
2448 2623 2517 2676 de
2565 2621 2950 2677 accidentibus
2980 2622 3211 2685 fuerint,
3246 2622 3302 2675 id
3333 2629 3419 2677 est
3453 2621 3545 2674 hic
3587 2621 3763 2685 color,
3802 2621 3932 2673 haec

2219 2693 2538 2762 disciplina,
2578 2693 2652 2763 in
2698 2693 2949 2763 subjecto
2994 2709 3114 2747 esse
3162 2708 3365 2762 posse:
3425 2690 3931 2763 quemodmodum

2218 2760 2379 2818 enim
2398 2762 2659 2833 superius
2690 2760 3145 2818 demonstratum
3163 2760 3269 2829 est,
3302 2760 3472 2818 omne
3500 2760 3771 2815 accidens
3798 2762 3930 2815 sine

2217 2834 2470 2905 subjecto
2493 2850 2612 2887 esse
2634 2849 2749 2887 non
2773 2839 2976 2905 potest.
2998 2834 3344 2904 Doctiigitur
3364 2849 3563 2888 sumus
3584 2848 3701 2902 quo
3726 2838 3926 2902 pacto,

2215 2905 2303 2959 vel
2326 2904 2671 2973 subjectum,
2702 2905 2791 2958 vel
2818 2904 2876 2958 in
2908 2908 3160 2975 subjecto
3189 2905 3473 2973 possimus
3500 2918 3838 2971 agnoscere.

2422 2976 2647 3030 CAPUT
2677 2975 2788 3029 VII.
2823 3006 2890 3016 —
2922 2974 3069 3042 Quid
3100 2985 3286 3042 genus,
3319 2974 3455 3044 quid
3486 2976 3711 3042 species.

2291 3046 2506 3099 Dehinc
2530 3062 2631 3098 nos
2652 3045 2982 3100 Aristoteles
3021 3048 3204 3111 docet,
3238 3050 3294 3099 et
3315 3046 3424 3113 ,illa
3454 3060 3583 3116 qua:
3604 3044 3695 3116 de
3724 3044 3927 3114 subje«

2218 3120 2306 3169 cto
2328 3116 2740 3188 signiﬁcantur,
2768 3133 2882 3188 qua
2908 3117 3127 3171 ratione
3153 3114 3489 3188 noscamusI
3508 3114 3691 3188 Inhis
3721 3121 3928 3188 autem

2218 3185 2460 3255 speciale
2489 3187 2631 3240 illud
2670 3185 2954 3257 estfquod
2991 3188 3190 3242 eadem
3226 3187 3286 3241 in
3316 3187 3439 3257 ipso
3470 3186 3724 3257 subjecto
3760 3185 3925 3240 inve-

2218 3259 2479 3329 niuntur,
2506 3273 2635 3329 quae
2657 3265 2795 3329 sunt
2810 3256 2869 3311 in
2889 3275 2955 3312 eo
2972 3260 3127 3329 quod
3146 3260 3215 3311 de
3237 3256 3490 3327 subjecto
3513 3256 3884 3329 signiﬁcatur
3907 3274 3920 3329 ξ

2217 3335 2280 3380 ut
2320 3328 2475 3381 enim
2518 3328 2725 3381 animal
2768 3328 2836 3399 de
2868 3327 3121 3398 subjecto
3151 3329 3523 3399 signiﬁcatur,
3557 3327 3796 3399 homine
3827 3328 3925 3381 vel

2218 3413 2385 3466 equo,
2401 3399 2478 3451 sic
2491 3404 2544 3451 et
2562 3400 2733 3451 homo
2753 3398 2821 3452 de
2835 3396 3085 3468 subjecto
3098 3396 3291 3468 aliquo
3310 3399 3542 3452 homine
3554 3396 3926 3468 significetur

2216 3484 2442 3521 necesse
2456 3474 2538 3521 est
2560 3484 2573 3521 :
2599 3469 2791 3522 Cicero
2821 3467 3013 3523 autem
3035 3476 3092 3524 et
3112 3467 3285 3524 homo
3306 3476 3391 3523 est
3411 3474 3466 3523 et
3479 3469 3712 3522 animal.
3745 3467 3923 3531 Qum-

2215 3554 2458 3609 cumque
2479 3538 2654 3608 igitur
2673 3539 2969 3607 praadicari
2991 3542 3060 3595 de
3087 3540 3320 3594 animali
3346 3543 3599 3609 possunt,
3625 3538 3834 3592 eadem
3864 3545 3926 3593 et

2215 3557 2458 3609 cumque
2479 3557 2654 3608 igitur
2673 3557 2969 3607 praedicari
2991 3557 3060 3595 de
3087 3557 3320 3594 animali
3385 3557 3599 3605 ossunt,
3625 3557 3834 3592 eadem
3864 3557 3921 3593 et

2215 3609 2284 3681 de
2306 3610 2617 3681 homineet
2634 3611 2896 3681 Cicerone
2909 3612 3307 3681 praedicantur.
3322 3557 3683 3680 (fuapropter
3699 3624 3769 3662 ea
3782 3625 3921 3680 quae

2211 3678 2273 3732 in
2299 3696 2385 3746 eo,
2409 3680 2559 3751 quod
2589 3680 2657 3733 de
2681 3678 2930 3751 subjecto
2954 3681 3327 3751 signiﬁcatur,
3351 3678 3835 3751 inveniuntur,ie_t
3855 3681 3923 3734 in

2211 3698 2273 3732 1n
2299 3698 2385 3746 eo,
2451 3698 2559 3734 uoo
2589 3698 2657 3733 de
2681 3698 2930 3751 sunjecto
2954 3698 3327 3751 Signincatur,
3351 3698 3748 3747 invemunmr,
3774 3698 3835 3733 et.
3855 3698 3919 3734 in

2211 3765 2278 3803 eo
2296 3698 2446 3821 quod
2471 3750 2787 3821 subjectum
2808 3757 2909 3817 est,
2933 3768 3159 3806 necesse
3177 3757 3262 3807 est
3280 3752 3555 3805 inveniri:
3582 3750 3715 3821 utsi
3732 3750 3919 3819 dicas,

2209 3820 2420 3875 animal
2451 3826 2537 3875 est
2563 3820 2713 3892 quod
2735 3821 2926 3876 cibum
2948 3823 3155 3893 capiat,
3182 3822 3338 3894 quod
3360 3822 3599 3894 mortale
3622 3820 3916 3894 sittquod

2209 3907 2378 3964 sensu
2396 3890 2721 3964 moveatur;
2742 3894 2950 3947 animal
2972 3890 3165 3947 autem
3183 3890 3251 3947 de
3269 3893 3524 3964 subjecto
3546 3890 3920 3963 signiﬁcatur

2207 3961 2476 4017 homine:
2511 3962 2711 4017 eadem
2740 3967 2934 4017 tamen
2963 3968 3018 4018 et
3042 3964 3110 4017 de
3136 3961 3509 4018 homine'dici
3540 3961 3774 4016 necesse
3802 3969 3914 4030 est,

2252 4049 2338 4105 ua:
2378 4034 2446 4087 de
2476 4033 2710 4105 animali
2740 4034 2889 4088 dicta
2937 4039 3088 4089 sunt.
3124 4034 3339 4089 Deinde
3377 4050 3507 4105 quae
3550 4033 3620 4087 de
3666 4032 3917 4087 homine

2247 4103 2357 4157 icta
2383 4104 2610 4165 fuerint,
2645 4105 2843 4158 eadem
2874 4110 2929 4159 et
2954 4106 3023 4159 de
3053 4105 3303 4159 Socrate.
3337 4103 3565 4159 Cértum
3591 4109 3793 4158 autem
3827 4110 3919 4159 est

2206 4174 2492 4228 Socratem
2537 4175 2853 4244 subjectum
2900 4192 3021 4229 esse
3069 4175 3312 4242 homini,
3360 4176 3654 4229 hominem
3706 4180 3911 4229 autem

2206 4244 2463 4316 animali.
2500 4245 2787 4316 Quidquid
2808 4245 3058 4316 igiturin
3080 4246 3171 4313 iis,
3200 4262 3328 4316 quae
3355 4246 3423 4300 de
3450 4246 3705 4315 subjecto
3723 4245 3913 4316 signi-

2204 4313 2466 4387 ficantur,
2499 4313 2729 4387 dictum
2758 4313 2945 4379 fuerit,
2982 4315 3138 4370 idem
3167 4313 3237 4370 et
3261 4317 3329 4371 de
3360 4316 3451 4381 iis,
3487 4313 3617 4387 quas
3647 4313 3913 4387 subjecta

2203 4385 2444 4458 dicimus
2473 4386 2892 4458 priedicabitur.
2931 4387 3292 4458 Regulariter
3320 4385 3523 4441 autem
3544 4386 3643 4439 illa
3674 4385 3914 4458 desub-

2196 4455 2345 4525 jecto
2403 4455 2814 4525 signiﬁcantur,
2868 4455 3165 4528 quasiper
3215 4457 3399 4527 seipsa
3450 4456 3722 4528 cognosci
3755 4472 3909 4528 gnon

2200 4532 2459 4650 possunt,
2483 4533 2546 4608 ut
2563 4528 2776 4581 animal
2792 4526 3036 4608 intelligi
3066 4526 3179 4582 non
3207 4526 3392 4598 potest
3415 4526 3614 4609 nisi’de
3639 4526 3909 4607 subjecto

2244 4613 2448 4650 omine.
2494 4614 2572 4650 51c
2603 4598 2778 4650 homo
2806 4599 3023 4650 adverti
3051 4615 3161 4650 non
3193 4603 3381 4650 potest
3409 4614 3519 4650 mst
3548 4597 3618 4650 de
3640 4597 3909 4650 subiecto

2244 4598 2449 4669 omine,
2494 4598 2572 4651 sic
2603 4598 2778 4652 homo
2806 4597 3023 4653 adverti
3051 4615 3161 4652 non
3193 4597 3381 4669 potest
3409 4598 3519 4669 nisi
3548 4597 3618 4651 de
3640 4597 3909 4667 subjecto

2198 4667 2390 4748 aliquo
2422 4669 2651 4749 homine
2678 4669 3058 4750 dignoscatur.
3088 4667 3246 4750 Nunc
3270 4667 3547 4750 quoniam
3574 4668 3905 4750 depatego-

2198 4738 2415 4792 riarum
2446 4738 2706 4794 omnium
2735 4738 3040 4809 generibus
3069 4744 3128 4793 et
3159 4738 3454 4809 speciebus
3487 4743 3541 4792 et
3571 4738 3906 4809 diiferentia

2196 4809 2487 4864 locuturus
2535 4814 2640 4878 est,
2681 4808 3105 4881 inspiciendum,
3160 4810 3318 4881 prius
3361 4808 3779 4881 videturquid
3831 4812 3907 4864 sit

2196 4896 2399 4960 genus,
2431 4881 2587 4960 quid_
2600 4879 2840 4960 species,
2854 4881 2999 4960 quid
3023 4879 3363 4960 ditfnerentia.
3388 4880 3579 4960 Genus
3601 4879 3784 4960 igitur
3812 4887 3904 4960 est

2196 4949 2349 5020 quod
2379 4949 2693 5005 secundum
2724 4949 2904 5005 multa
2951 4955 3006 5004 et
3047 4951 3387 5017 differentia,
3433 4949 3570 5021 quid
3603 4949 3676 5003 sit
3706 4951 3900 5020 specie

2195 5021 2514 5093 ostenditur
2550 5026 2741 5093 atque
2772 5021 3145 5093 signiﬁcatur,
3174 5025 3259 5093 Aut
3308 5026 3389 5075 est
3439 5020 3576 5074 usia.
3638 5021 3898 5076 Omnino

2193 5092 2428 5161 quidem
2474 5091 2651 5145 usiani
2688 5091 2972 5146 dicimus:
3026 5092 3123 5146 sed
3172 5091 3280 5147 hoc
3323 5106 3630 5146 commune
3670 5107 3897 5147 nomen

2191 5163 2379 5232 specie
2409 5168 2722 5232 separatur,
2755 5177 2884 5215 cum
2938 5160 3180 5216 dicimus
3226 5162 3439 5216 animal
3488 5162 3577 5216 vel
3611 5161 3891 5231 lapidem.

2190 5233 2273 5287 Ita
2303 5234 2366 5286 fit
2396 5238 2455 5287 ut
2485 5249 2599 5286 uno
2632 5233 2796 5303 quasi
2825 5232 3129 5303 conjuncta
3165 5233 3462 5299 vocabulo,
3501 5232 3688 5303 specie
3720 5249 3892 5303 sepa-

2188 5309 2406 5357 rentur.
2442 5304 2767 5357 Diiferentia
2800 5318 2933 5356 vero
2965 5308 3068 5369 est,
3102 5320 3230 5369 quze
3259 5304 3575 5357 secundum
3620 5304 3805 5357 multa
3837 5310 3897 5359 et

2188 5374 2530 5439 differentia,
2580 5389 2695 5426 non
2725 5372 2860 5445 quid
2906 5374 2995 5441 sit,
3042 5372 3139 5428 sed
3170 5375 3338 5445 quale
3370 5374 3434 5427 lit
3463 5373 3650 5445 specie
3681 5375 3893 5444 praedi-

2186 5451 2365 5516 catur,
2408 5448 2470 5497 ut
2520 5448 2604 5516 est
2653 5443 2861 5497 animal
2910 5443 3254 5514 gressutum,
3303 5443 3553 5516 volatile,
3602 5443 3887 5516 aquatile,

2183 5515 2368 5599 bipes,
2413 5514 2759 5599 quadrupes,
2810 5518 2998 5569 Genus
3043 5531 3178 5599 ergo
3219 5519 3277 5599 et
3328 5514 3890 5599 differentia‘specie

2183 5585 2593 5655 signiﬁcantur.
2632 5585 2740 5639 Sed
2773 5602 2952 5655 genus
2999 5587 3137 5656 quid
3187 5586 3276 5651 sit,
3305 5585 3646 5656 differentia
3685 5594 3886 5642 autem

2182 5656 2367 5727 qualis
2396 5656 2466 5727 sit
2492 5656 2696 5727 specie
2741 5660 2978 5726 possunt
3009 5655 3257 5725 agnosci.
3289 5655 3516 5725 Species
3545 5660 3740 5727 autem
3776 5665 3882 5723 est,

2181 5726 2353 5798 quam
2371 5726 2604 5798 quidam
2616 5734 2670 5780 et
2683 5727 2927 5781 formam
2948 5731 3171 5789 vocant,
3197 5742 3338 5798 quae,
3353 5726 3669 5798 secundum
3693 5730 3883 5783 multa

2179 5796 2235 5852 et
2267 5796 2607 5864 differentia,
2641 5798 2775 5868 quid
2819 5797 2892 5852 sit
2922 5812 3162 5854 numero
3188 5797 3532 5867 praedicatur
3566 5801 3744 5869 atque
3778 5816 3877 5855 co-
