4056 6380
417 326 435 378 l
446 326 546 381 427

409 450 528 504 solo
552 465 566 504 :
602 463 736 502 nam
767 451 818 503 et
841 448 1086 518 pecudes
1113 447 1306 502 cibum
1327 447 1576 518 capiunt,
1603 453 1658 503 et
1677 447 1812 504 ferae
1840 452 2099 503 currunt.

409 520 640 587 Quarto,
672 535 776 591 nec
805 518 866 573 in
896 520 1039 591 solo,
1068 534 1172 591 nec
1200 518 1260 572 in
1282 520 1466 591 omni,
1491 523 1554 591 ut
1585 519 1631 572 si
1664 519 1791 591 quis
1823 519 1881 574 in
1910 519 2101 573 homi-

410 591 499 646 nis
536 589 870 646 deﬁnitione
902 589 959 644 id
988 605 1106 661 esse
1136 589 1431 661 hominem
1479 590 1648 656 dicat,
1683 589 1861 661 'quod
1910 591 2103 644 album

415 665 530 727 est;
564 677 669 715 nec
693 661 753 715 in
783 661 920 728 solo,
951 676 1056 714 nec
1085 659 1146 713 in
1192 660 1350 714 omni
1397 664 1499 715 est.
1548 659 1747 731 Neque
1797 661 1954 716 enim
2007 666 2105 715 aut

412 733 587 786 homo
619 733 768 802 solus
788 731 1063 802 candidus
1084 731 1392 796 invenitur,
1426 734 1482 785 et
1506 747 1621 785 non
1642 732 1746 785 bos
1772 736 1872 786 aut
1899 747 2102 802 equus,

415 808 516 857 aut
542 802 728 874 omnis
756 801 928 874 homo
960 801 1120 855 albus
1147 807 1249 874 est.
1286 803 1405 856 Duo
1422 817 1557 872 ergo
1587 807 1738 869 sunt,
1771 817 1902 874 quai
1927 801 1999 857 ad
2017 803 2104 856 iu-

415 872 819 944 vestigandum
840 872 1093 944 aliquam
1136 872 1287 926 viam
1335 877 1657 926 monstrant
1688 878 1765 944 ret
1789 872 1932 939 duo,
1977 889 2104 944 qua:

416 942 632 998 certum
650 942 864 1015 aliquid
893 942 1213 1015 signiﬁcare
1234 959 1352 1015 non
1369 948 1622 1014 possunt.
1644 943 1700 998 ld
1725 944 1880 1015 quod
1900 942 2107 998 est—nec

416 1015 478 1084 in
508 1015 649 1079 solo,
681 1013 853 1067 ne’cin
875 1013 1052 1079 omni,
1069 1013 1211 1067 nihil
1234 1030 1301 1068 ex
1328 1013 1435 1067 hoc
1456 1013 1760 1083 possumus
1777 1030 2102 1084 agnoscere;

416 1083 698 1156 siquidem
725 1085 991 1156 generale
1023 1088 1126 1156 est.
1156 1086 1413 1138 Alterum
1444 1084 1504 1138 in
1535 1085 1710 1151 omni,
1744 1083 1935 1139 nonin
1963 1085 2103 1152 solo,

416 1155 534 1210 non
566 1155 735 1209 habet
783 1155 1200 1220 differentiam;
1234 1160 1648 1225 proptereaque
1707 1156 1968 1210 similiter
2017 1171 2106 1210 re-

417 1226 742 1296 spuendum
773 1230 874 1296 esti
931 1228 1051 1280 Duo
1084 1230 1215 1278 sunt
1245 1225 1496 1295 reliqua;
1550 1242 1678 1296 quas
1709 1227 1876 1280 certis
1909 1226 2106 1296 signis,

418 1243 442 1280 s
486 1242 742 1280 uenaum
773 1242 871 1279 esr.
932 1242 1051 1280 uuo
1084 1242 1215 1278 sunt
1245 1242 1496 1295 reliqua;
1550 1242 1678 1296 quas
1709 1242 1876 1280 certis
1909 1242 2106 1296 signis,

418 1242 480 1352 ig
505 1297 565 1350 in
595 1313 708 1367 quo
733 1295 966 1367 fuerint.
1001 1299 1268 1367 poterunt
1290 1296 1696 1360 demonstrare,
1731 1297 1788 1352 id
1807 1302 1891 1352 est
1912 1297 1970 1351 in
1992 1297 2110 1351 solo

421 1371 477 1422 et
500 1367 560 1420 in
590 1365 768 1421 omni.
797 1365 1057 1438 Dubitari
1073 1365 1225 1438 enim
1254 1382 1371 1420 non
1401 1372 1610 1438 potest,
1638 1367 1777 1438 quin
1807 1384 1935 1422 cum
1960 1369 2112 1422 inve-

419 1438 594 1500 neris,
626 1436 965 1508 pronunties
996 1436 1133 1508 quid
1155 1437 1225 1491 sit
1252 1438 1330 1504 id,
1362 1436 1423 1491 in
1451 1453 1565 1508 quo
1595 1436 1777 1492 inesse
1820 1438 2111 1508 cognosci-

420 1514 534 1589 tur.
555 1509 923 1589 Alterum‘est
946 1507 1176 1571 in'solo,
1214 1524 1343 1589 non
1385 1508 1444 1562 in
1471 1507 1658 1589 omni,
1680 1525 1838 1589 mon
1878 1507 2112 1589 quidem

422 1578 650 1632 virtutis
681 1577 956 1650 ejusdem,
1007 1583 1402 1650 verumtamen
1431 1579 1585 1650 quod
1630 1579 1699 1650 ad
1731 1577 2113 1634 deﬁniendam

424 1664 570 1720 remi
603 1647 916 1720 necessario
947 1649 1322 1720 quaerendum
1352 1647 1467 1720 sit,f
1485 1649 1811 1720 sigprimum
1860 1667 1976 1704 non
2007 1666 2115 1720 po—

425 1719 602 1790 tuerit
631 1718 911 1790 inveniri.
930 1719 1090 1772 Nunc
1120 1719 1295 1789 igitur
1325 1724 1389 1790 ut
1432 1718 1694 1790 designet
1739 1721 1923 1787 usian,
1956 1718 2027 1776 ab
2054 1721 2114 1774 in

427 1789 604 1856 omni,
619 1789 814 1843 nonin
837 1789 958 1860 solo
968 1789 1354 1859 argumentari
1373 1789 1592 1860 incipit,
1615 1807 1745 1845 cum
1765 1791 2118 1846 demonstrat

425 1875 546 1914 esse
575 1860 850 1930 secundas
873 1858 1054 1927 usias,
1067 1875 1220 1930 quas
1245 1860 1456 1914 idcirco
1483 1858 1760 1916 secundas
1809 1862 1946 1918 dicit
1971 1878 2112 1929 esse,

426 1931 562 2002 quia
663 1930 744 2012 ⁸ᾗῐι
768 1929 857 1983 his
885 1929 1131 2012 inveniri
1155 1931 1386 2000 poterit,
1420 1933 1576 2012 quod
1601 1932 1660 1986 in
1685 1932 1909 2012 primis.
1943 1933 2113 2012 Deni-

427 1999 538 2072 que
568 1999 703 2055 dicit
731 1999 1173 2072 communehoc
1203 2018 1321 2056 esse
1352 1999 1584 2056 cuilibet
1617 1999 1771 2071 ustas,
1806 2004 1947 2057 utin
1977 2005 2110 2058 sub-

419 2069 570 2144 jecto
599 2087 725 2144 non
746 2069 837 2125 sit.
873 2071 1014 2144 Cum
1044 2071 1219 2142 igitur
1248 2088 1350 2144 nec
1402 2089 1583 2143 genus
1631 2089 1734 2128 nec
1759 2069 1765 2071 V
1788 2073 2004 2144 species
2055 2073 2117 2128 in

422 2141 682 2212 subjecto
710 2141 1094 2209 inveniantur,
1152 2141 1518 2197 manifestum
1566 2141 2118 2199 eahinc—secundas

425 2212 580 2267 usias
613 2212 1174 2286 debere_nominari._
1198 2213 1411 2286 Deinde
1440 2214 1574 2268 hinc
1611 2231 1841 2286 quoque
1871 2215 2120 2270 ostendit

427 2298 608 2358 genus
621 2288 678 2337 et
693 2283 940 2358 speciem
968 2284 1245 2358 secundas
1263 2283 1416 2338 usias
1438 2300 1578 2358 esse,
1604 2283 1766 2358 quod
1778 2286 1973 2340 omnia
1989 2302 2118 2358 qua).

427 2353 561 2426 sunt
590 2353 650 2408 in
679 2353 954 2426 subjecto,
980 2369 1113 2408 cum
1142 2354 1209 2408 iis
1251 2371 1379 2426 quae
1411 2355 1519 2411 sibi
1545 2353 1798 2426 subjecta
1848 2353 2120 2424 suntfin-

427 2424 658 2498 terdum
679 2425 866 2478 solum
896 2439 1126 2498 nomen,
1156 2424 1488 2480 non—tamen
1515 2424 1863 2498 etrationem
1883 2431 2121 2498 possunt

427 2494 639 2567 habere
664 2510 1056 2567 eommunem.
1079 2496 1265 2567 Genus
1290 2501 1482 2567 autem
1509 2501 1565 2550 et
1587 2497 1802 2567 species
1829 2494 1959 2552 cum
1995 2498 2122 2552 sub-

431 2564 610 2636 jectis,
624 2565 682 2619 id
704 2571 928 2636 estcum
958 2564 1150 2636 aliquo
1183 2565 1413 2620 homine
1427 2564 1636 2621 certam
1685 2572 1741 2622 et
1764 2569 2002 2623 rationis
2015 2569 2117 2623 ha-

467 2639 565 2709 ent
617 2635 868 2709 nominis
912 2635 1269 2709 societatem._
1311 2638 1628 2709 monstratis
1677 2655 1815 2709 ergo
1860 2639 2120 2694 secundis

428 2705 588 2772 usiis,
615 2704 673 2759 id
699 2710 782 2776 est
806 2721 1014 2776 genere
1040 2711 1096 2760 et
1122 2706 1328 2775 specie,
1351 2707 1672 2762 differentia
1701 2704 1821 2764 sola
1850 2710 2117 2776 restabat,

427 2792 558 2900 qua:
587 2775 968 2830 consideranti
997 2776 1344 2847 diligentius,
1399 2780 1562 2850 quasi
1602 2780 1860 2834 accidens
1890 2797 2009 2835 esse
2038 2775 2120 2834 vi?

467 2851 611 2900 etur.
647 2846 940 2900 Siquidem
965 2847 1127 2900 bipes
1157 2850 1243 2900 vel
1273 2851 1512 2900 mortale
1547 2851 1632 2900 vel
1684 2851 1960 2900 rationale
1989 2867 2118 2900 cum

467 2851 611 2901 etur.
647 2846 940 2917 Siquidem
965 2846 1127 2917 bipes
1157 2850 1243 2902 vel
1273 2846 1512 2904 mortale
1547 2851 1632 2903 vel
1684 2851 1960 2906 rationale
1989 2867 2118 2906 cum

428 2917 640 2993 animal
668 2917 901 2993 dicitur,
925 2932 1045 2972 non
1072 2918 1328 2993 quid_sit,
1360 2921 1473 2993 sed
1491 2922 1658 2991 quale
1689 2921 1760 2975 sit
1786 2921 1975 2993 potius
2011 2923 2114 2976 de-

428 2991 799 3063 monstratur,
832 2987 1107 3063 ideoque
1149 2988 1369 3063 videtur
1424 2987 1539 3063 vim
1590 2987 2122 3063 tenere'qualitatis.

431 3059 640 3130 Verum
662 3058 889 3130 quando
912 3075 945 3112 a
967 3058 1174 3130 genere
1201 3060 1385 3130 prima
1417 3062 1598 3115 oritur
1617 3058 1957 3128 differentia,
1981 3068 2037 3118 et
2049 3064 2127 3117 sic

429 3129 688 3200 sequitur
719 3128 954 3200 species,
976 3128 1046 3184 'iu
1073 3128 1454 3186 accidentibus
1474 3149 1591 3186 non
1619 3133 1788 3188 debet
1811 3133 2121 3190 numerari.

427 3199 613 3273 Atque
671 3199 809 3273 ideo
853 3199 1184 3273 Aristoteles
1240 3217 1366 3256 eam
1419 3202 1835 3273 signiﬁcatione
1890 3205 2126 3273 quidem

430 3269 668 3324 mixtam
702 3270 861 3338 dixit,
882 3271 1087 3325 virtute
1115 3276 1306 3326 autem
1336 3269 1662 3328 inter'usias
1690 3269 2012 3330 habendam
2040 3276 2128 3330 de-

431 3340 631 3417 crevit:
667 3341 866 3417 eadem
897 3341 1049 3417 enim
1078 3342 1271 3417 in_hac
1302 3343 1546 3417 inveniri
1579 3346 1933 3417 pronuntiat,
1995 3363 2125 3417 quae

430 3414 488 3492 et
518 3410 578 3492 in
608 3411 826 3463 caeteris
846 3411 1188 3492 substantiis
1218 3410 1618 3492 reperiuntur}
1653 3415 1708 3470 id
1742 3421 1824 3470 est
1854 3410 2126 3492 curn-sub-

425 3481 576 3551 jecto
602 3496 780 3551 posse,
807 3485 863 3533 et
883 3495 1095 3534 nomen
1112 3487 1168 3535 et
1193 3481 1474 3537 rationem
1505 3484 1714 3540 habere
1743 3487 2119 3542 consimilem.

432 3551 575 3628 Cum
607 3551 761 3628 enim
789 3555 1114 3628 gressutum
1143 3553 1436 3628 hominem
1463 3554 1730 3628 dicimus,
1765 3557 1825 3610 in
1868 3557 2122 3628 subjecto

432 3621 672 3700 idem_et
699 3621 1058 3700 voeabuLum,
1103 3627 1170 3700 et
1218 3624 1340 3700 ejus
1370 3626 1649 3700 rationem
1692 3621 1893 3682 eadem
1925 3621 2124 3700 possu-

432 3709 560 3770 mus
573 3691 844 3770 invenire
878 3708 891 3747 :
924 3691 1180 3770 Socrates
1217 3691 1370 3750 enim
1403 3700 1456 3750 et
1486 3697 1656 3752 homo
1695 3703 1779 3752 est
1808 3702 1863 3752 et
1895 3691 2123 3770 gressu-

432 3768 542 3839 tus.
571 3762 844 3839 Similiter
870 3764 1237 3839 prosequitur
1265 3770 1466 3839 caetera
1524 3762 1982 3839 argumentando
2029 3787 2125 3825 va-

434 3834 597 3911 riata,
629 3833 1025 3911 demonstrans
1053 3833 1319 3911 Quasdam
1349 3833 1702 3911 inesse‘usiae
1744 3856 1873 3911 quae
1902 3842 2020 3896 sola
2068 3846 2123 3897 et

435 3905 621 3983 omnis
649 3904 1170 3983 habeat,_quaedam
1201 3923 1331 3983 quas
1360 3909 1480 3962 sola
1509 3915 1565 3963 et
1593 3925 1711 3964 non
1727 3904 1930 3975 omnis,
1966 3928 2124 3983 quaa-

433 3975 726 4051 damquaa
749 3975 943 4030 omnis
965 3983 1022 4051 e_t
1052 3993 1169 4051 non
1197 3975 1340 4051 sola,
1367 3983 1424 4033 et
1453 3983 1717 4051 quaedam
1746 3997 1850 4035 nec
1879 3975 2004 4036 sola
2019 3999 2124 4038 nec

435 4045 644 4122 omnis;
663 4046 800 4112 Quae
820 4046 1096 4122 quoniam
1111 4047 1169 4102 iu
1189 4045 1489 4122 Aristotele
1509 4051 1630 4122 ipso
1647 4052 1949 4106 manifesta
1968 4058 2121 4122 sunt,

435 4116 791 4199 superfluum
815 4116 998 4199 visum
1024 4122 1108 4172 est
1127 4119 1349 4199 aperire
1372 4137 1385 4174 :
1428 4116 1676 4199 maxime
1705 4138 1836 4199 cum
1885 4123 1977 4178 hic
2001 4116 2122 4199 ser;

433 4203 529 4271 mo
557 4204 672 4271 non
697 4188 1004 4271 transferre
1025 4188 1218 4271 omnia
1244 4206 1372 4271 quae
1402 4207 1435 4246 a
1463 4192 1809 4264 Philosopho
1835 4194 2122 4271 sunt_s_cri-

433 4258 919 4334 pta,_decreverit,
954 4260 1048 4314 sed
1074 4276 1141 4314 ea
1160 4258 1386 4331 planius
1433 4258 1713 4318 enarrare'
1730 4280 1858 4334 quae
1889 4264 2125 4320 rudibus

437 4328 772 4381 videbantur
800 4329 1055 4384 obscura.

577 4398 800 4452 CAPUT
828 4399 888 4452 Χ.
917 4427 988 4440 -
1015 4403 1089 4454 De
1113 4403 1436 4468 quantitate.
1483 4403 1693 4470 Quanto
1737 4405 1880 4459 nihil
1906 4409 1984 4459 est

711 4470 1060 4542 contrarium.
1096 4472 1393 4542 Contraria
1421 4488 1539 4542 qua
1575 4473 1849 4530 dicantur.

507 4537 797 4628 Rescripta
825 4539 1003 4611 igitur
1049 4541 1191 4610 usia,
1224 4543 1358 4624 quia
1383 4537 1610 4598 deﬁniri
1642 4560 1756 4626 non
1781 4545 1967 4628 potuit
1985 4563 2122 4628 Apro-

436 4613 563 4685 pter
593 4625 685 4685 eas
712 4627 907 4665 causas
937 4628 1078 4683 quas
1099 4613 1362 4685 superius
1389 4615 1718 4684 memoravi,
1747 4613 2124 4673 accidentium

435 4679 829 4736 deﬁnitionem
858 4679 1204 4740 necessarius
1233 4685 1374 4758 ordo
1405 4686 1686 4756 poscebat.
1706 4679 1973 4752 'Quorum
2000 4689 2122 4758 pri-

437 4760 728 4830 mum'est,
765 4759 1066 4830 quantum,
1098 4771 1203 4810 nec
1232 4756 1353 4811 sine
1373 4774 1567 4812 causa:
1592 4774 1726 4830 nam
1756 4775 1885 4813 cum
1912 4756 2122 4830 aliquid

434 4820 872 4899 viderimusfid
927 4820 1154 4899 necesse
1211 4831 1314 4899 est,
1363 4832 1639 4899 quantum
1684 4829 1775 4895 sit,
1820 4820 2120 4885 aestimare.

434 4891 721 4973 Quantum
751 4908 884 4946 vero
915 4895 1278 4973 sit,_iuveniri
1292 4891 1422 4973 Lno'n
1448 4904 1652 4973 potest,
1687 4891 2124 4973 nisifueritad-

433 4961 617 5041 hibita
645 4977 914 5041 mensura
938 4961 1256 5041 eollectum.
1286 4969 1343 5023 Si
1369 4961 1507 5041 ergo
1539 4961 1746 5025 omissa
1801 4971 2121 5036 latitudine,

436 5033 794 5112 solamquis
809 5033 1228 5104 longitudinem
1271 5033 1511 5112 voluerit
1548 5041 1793 5108 emetiri,
1829 5033 2123 5112 longitudo

436 5103 875 5180 sinetatitndine
898 5103 1180 5180 mensuras
1201 5110 1454 5180 subjecta
1510 5113 1714 5174 γραμμὴ
1745 5103 1968 5167 dicitur.
1998 5114 2122 5168 Non

437 5175 590 5251 quod
607 5175 760 5251 sitsit
778 5175 1076 5251 longitudo
1093 5179 1290 5251 aliqua
1303 5175 1433 5251 quae
1449 5187 1670 5238 careeat
1685 5182 2003 5245 latitudine,
2027 5185 2124 5238 sed

478 5245 590 5321 uod
619 5247 796 5321 sol_am
820 5245 947 5318 quis
968 5245 1211 5302 metiens
1234 5245 1651 5321 longitudinem
1671 5255 1903 5315 γραμμὴν
1935 5255 2140 5309 metiri.

435 5261 590 5369 quod
619 5261 796 5300 salam
820 5263 947 5318 quis
968 5261 1209 5302 metiens
1234 5261 1651 5321 longitudinem
1671 5261 1903 5315 γραμμὴν
1935 5261 2124 5309 metiri

444 5385 457 5392 _
476 5320 662 5392 mitur.
683 5318 920 5392 Emensa
932 5333 1064 5372 vero
1088 5335 1216 5392 cum
1233 5321 1587 5392 longitudine
1627 5323 1890 5388 latitudo,
1917 5325 2125 5379 dicitur

437 5385 701 5450 ἐπιφανείαο
724 5387 823 5443 Sin
853 5392 1043 5444 autem
1073 5395 1131 5444 et
1159 5385 1400 5446 altitudo
1429 5394 1601 5449 fuerit
1631 5385 1915 5449 mensura;
1944 5395 2124 5450 socia-

434 5462 778 5538 ta,.c.orpus
826 5465 1026 5514 cuncta
1047 5461 1383 5538 perficiunt.
1427 5463 1594 5538 Quod
1653 5470 1842 5538 tamen
1890 5482 2005 5520 non
2047 5467 2124 5520 ita

436 5528 764 5606 accipimus,
819 5528 1304 5606 quemadmodum
1359 5534 1605 5589 solemus
1655 5535 1908 5606 accipere
1957 5543 2122 5591 natu-

432 5599 552 5678 rale
595 5599 974 5678 corpusfnec
1031 5603 1100 5678 ad
1147 5605 1334 5678 usiam
1384 5606 1588 5660 reverti
1640 5599 1954 5678 videamur.
2017 5609 2122 5661 De-

433 5668 566 5749 inde
603 5668 876 5749 metimur
927 5676 982 5726 et
1033 5673 1242 5743 locum,
1298 5677 1358 5730 in
1425 5693 1539 5749 quo
1597 5677 1811 5749 aliquid
1843 5678 2120 5732 constitu-

431 5742 558 5793 tum
582 5744 683 5795 est.
711 5742 956 5823 Tempus
1011 5742 1242 5823 quoque
1298 5742 1582 5804 mensuras
1626 5742 1954 5819 subjicitur:
1987 5764 2123 5802 nam

435 5823 565 5863 cum
592 5815 854 5867 movetur
880 5813 1116 5884 aliquid,
1147 5813 1275 5887 ipso
1325 5826 1487 5876 motu
1533 5813 1760 5878 necesse
1789 5826 1871 5874 est
1902 5825 1956 5875 et
1985 5823 2122 5873 tem-

1802 323 2231 379 CATEGORIIE
2270 322 2532 379 DECEM.

3793 317 3970 372 1428

2205 446 2362 519 poris
2401 445 2637 519 habere
2686 459 3041 519 mensuram,
3095 459 3228 500 cum
3283 443 3531 519 dicimus
3579 443 3803 519 primo,
3835 442 3962 495 vel

2207 516 2477 579 secundo,
2555 517 2642 570 vel
2720 516 2889 571 tertio
2966 531 3116 570 anno
3189 517 3469 586 pervenit,
3533 516 3628 569 vel
3706 527 3966 578 mense,

2208 590 2297 643 vel
2330 589 2445 658 die,
2501 588 2589 661 vel
2641 587 2802 661 hora,
2859 586 2946 640 vel
2983 591 3316 661 momento.
3353 588 3466 661 Hoc
3516 587 3704 640 modo
3754 586 3973 661 igitur

2212 664 2490 730 quantum
2513 658 2585 712 sit
2617 658 2873 730 quidque
2915 657 3219 730 colligitur.
3257 658 3440 728 Ipsius
3483 664 3692 730 autem
3724 657 3972 727 quanti

2213 727 2367 784 aliud
2422 735 2505 784 est
2548 727 2863 795 cohaerens,
2895 727 3439 798 aliudseparatum.
3480 729 3806 783 Cohaerens
3849 730 3976 798 est

2211 817 2490 872 gramme,
2520 799 2848 870 epiphauia,
2883 815 3109 872 corpus,
3137 797 3296 872 locus
3337 804 3394 854 et
3428 804 3693 870 tempus.
3724 799 3817 872 _In_
3843 797 3968 851 his

2213 869 2366 925 enim
2393 869 2747 942 singularum
2776 869 3028 939 partium
3058 870 3334 924 terminos
3363 886 3479 924 non
3500 869 3702 942 putest
3722 869 3970 923 habere.

2214 941 2506 997 mensura.
2527 941 2706 996 Simul
2733 957 2982 1011 namque
3012 945 3073 994 ut
3095 957 3381 1010 grammes
3412 941 3608 995 medio
3645 946 3969 1011 punctum

2214 1014 2414 1084 ﬁgens,
2473 1012 2638 1083 quasi
2686 1015 2908 1084 certum
2965 1027 3251 1084 mensuras
3305 1012 3626 1084 terminum
3678 1011 3966 1075 dederis,

2214 1081 2589 1163 utrarumque
2617 1082 2889 1163 partium,
2923 1098 3051 1162 quae
3073 1081 3253 1163 divisa
3276 1098 3535 1152 gramme
3565 1081 3747 1163 facta;
3780 1087 3963 1163 sunt,

2215 1155 2278 1209 ﬁt
2305 1153 2709 1223 terminusille
2737 1153 3082 1218 communis,
3116 1158 3180 1206 ut
3209 1153 3491 1207 incertum
3538 1154 3616 1208 sit
3649 1154 3751 1207 cui
3782 1154 3960 1223 parti

2216 1225 2415 1278 afﬁxus
2445 1222 2722 1278 terminus
2749 1223 3042 1277 videatur:
3065 1223 3203 1276 adeo
3231 1239 3363 1348 pars
3401 1230 3654 1294 utraque
3689 1222 3808 1277 sibi
3840 1239 3959 1276 co-

2216 1295 2396 1348 haeret
2427 1300 2597 1348 atque
2626 1295 2926 1348 coniuncta
2957 1299 3060 1348 est.
3089 1295 3228 1348 Enin
3275 1294 3404 1348 auia
3442 1310 3712 1348 auouue.
3760 1294 3959 1348 simili

2214 1295 2396 1367 haeret
2427 1300 2597 1366 atque
2626 1295 2926 1367 conjuncta
2951 1299 3060 1367 est.
3089 1294 3404 1365 Epiphania
3442 1310 3732 1367 quoque,_
3760 1294 3960 1367 simili

2217 1366 2286 1422 de
2324 1363 2522 1427 causa;
2560 1363 2824 1436 connexa
2853 1364 3059 1436 dicitur
3090 1369 3146 1436 et
3195 1363 3535 1436 cohaerens,
3579 1363 3860 1436 Denique
3896 1366 3958 1417 si

2217 1436 2344 1508 quis
2368 1437 2513 1490 hanc
2541 1435 2796 1490 dividere
2827 1435 3087 1495 voluerit.
3122 1435 3181 1488 in
3213 1436 3353 1508 ejus,
3387 1435 3578 1490 medio
3607 1435 3958 1508 grammen

2217 1507 2395 1586 ponat
2423 1522 2649 1586 necesse
2698 1511 2826 1586 est:
2878 1522 3007 1586 cum
3055 1521 3311 1576 gramme
3341 1507 3482 1586 haec,
3512 1523 3649 1586 quae
3672 1507 3956 1586 epipha-

2217 1576 2375 1633 niam
2403 1577 2622 1638 dividit.
2657 1592 2726 1630 ex
2781 1576 2886 1647 hac
2939 1578 3080 1630 duas
3131 1587 3320 1646 partes
3368 1576 3605 1643 fecerit;
3667 1576 3958 1647 ipsarum

2219 1649 2462 1703 duarum
2493 1647 2744 1729 partium
2789 1645 2914 1727 ipsa
2937 1645 3224 1729 “gramine
3255 1648 3536 1729 terminus
3563 1645 3784 1720 incipit
3813 1663 3956 1701 esse

2220 1716 2578 1774 communis:
2612 1717 2691 1790 sic
2721 1716 3013 1790 enimsibi
3033 1733 3288 1790 connexa
3313 1723 3440 1790 est,
3463 1716 3713 1790 utunon'
3752 1735 3952 1790 appa-

2219 1795 2342 1845 reat
2367 1790 2458 1844 cui
2482 1788 2764 1860 terminus
2809 1787 3336 1860 videaturinﬁxus.
3390 1787 3672 1844 Similiter
3725 1787 3956 1860 corpus

2219 1861 2268 1915 si
2297 1860 2426 1932 quis
2463 1875 2652 1932 secare
2681 1859 2946 1932 voluerit,
2979 1858 3279 1932 dividendi
3330 1860 3592 1932 corporis
3639 1858 3954 1932 terminus

2221 1928 2478 2002 gra'mme
2491 1931 2579 1984 vel
2609 1928 2918 2002 epiphania
2947 1929 3018 2002 sit
3038 1935 3381 2002 necesserest
3403 1928 3567 2002 {ipsa
3599 1930 3768 1984 enim
3789 1947 3950 2002 pre-

2221 2000 2382 2069 cisio,
2403 2017 2576 2072 quam
2593 2015 2860 2072 gramme
2883 2000 3017 2054 facit
3037 2015 3166 2054 cum
3196 2000 3522 2072 epiphauia,
3574 2000 3823 2056 necesse
3856 2007 3953 2055 est

2221 2073 2283 2127 in
2312 2071 2516 2142 corpus
2566 2071 2873 2142 descendat
2896 2085 2940 2142 :_
2968 2075 3137 2142 atque
3191 2071 3320 2126 ideo
3348 2071 3634 2126 incertum
3667 2077 3784 2136 est,
3822 2072 3952 2126 sive

2221 2140 2498 2215 gramme,
2532 2141 2648 2196 sive
2675 2140 3268 2215 epiphauia.cuiparti
3288 2141 3602 2215 terminum
3635 2142 3948 2215 dederint,

2221 2212 2348 2268 cum
2379 2212 2556 2284 diviso
2588 2227 2826 2284 corpore
2850 2212 2911 2284 in
2948 2215 3191 2283 utraque
3217 2214 3384 2282 parte
3415 2213 3804 2284 epiphauiam
3843 2229 3952 2268 ne-

2224 2301 2375 2339 cesse
2403 2289 2490 2338 est
2531 2282 2816 2354 inveniris
2854 2282 3111 2353 Ideoque
3156 2299 3361 2354 corpus
3399 2282 3702 2338 cohaerens
3751 2291 3846 2338 est
3878 2284 3944 2338 in

2225 2373 2339 2427 quo
2368 2353 2758 2427 faciendarum
2789 2353 3034 2407 duarum
3057 2353 3308 2427 partium
3340 2354 3668 2427 communis
3695 2360 3945 2427 estster—

2225 2425 2430 2480 minus.
2469 2425 2767 2495 Temporis
2795 2439 3026 2495 quoque
3065 2425 3264 2478 similis
3295 2425 3441 2479 ratio
3492 2431 3601 2490 est,
3633 2426 3731 2480 cui
3785 2425 3940 2481 divi-

2224 2497 2410 2552 dendo
2461 2494 2508 2550 si
2562 2494 3151 2549 velimusterminum
3208 2496 3365 2565 dare,
3417 2495 3698 2562 dicamus,
3735 2497 3939 2551 modo.

2227 2568 2392 2622 Modo
2425 2571 2615 2621 autem
2646 2566 2796 2620 inter
2812 2567 3178 2637 praeteritum
3206 2569 3264 2620 et
3287 2566 3545 2621 futurum
3576 2574 3818 2637 tempus
3861 2568 3945 2622 ita

2226 2639 2526 2718 eonfusum
2580 2642 2682 2703 est,
2715 2640 2779 2690 ut
2805 2635 3088 2718 incertum
3119 2638 3191 2690 sit
3239 2638 3596 2718 quo_debeat
3649 2635 3939 2718 separari.

2228 2711 2404 2764 Locus
2432 2711 2621 2762 autem
2662 2707 2950 2779 quomodo
2994 2722 3201 2776 corpus
3228 2707 3635 2779 quodcumque
3677 2707 3942 2763 circum-

2229 2781 2340 2847 dat,
2375 2782 2430 2833 et
2459 2777 2709 2849 corporis
2730 2777 2983 2849 partibus
3012 2783 3359 2849 occupatur:
3388 2779 3467 2833 ita
3492 2777 3797 2834 communi
3822 2784 3941 2834 ter-

2226 2851 2382 2904 mino
2417 2848 2678 2919 partitur,
2712 2848 3194 2919 quemadmodum
3217 2848 3464 2922 partitur
3493 2855 3552 2904 et
3583 2867 3804 2922 corpus
3833 2867 3847 2905 :
3876 2867 3943 2904 ac

2230 2925 2536 2991 propterea
2565 2935 2698 2991 eum
2756 2934 2982 2973 necesse
3037 2922 3122 2972 est
3175 2919 3565 2974 cohaerentem
3614 2919 3937 2975 ut'caetera

2235 2990 2544 3046 nominari.
2582 2990 2852 3060 Separata
2903 3005 3036 3043 vero
3087 2996 3240 3056 sunt,
3299 3006 3576 3045 numerus
3612 2996 3671 3046 et
3723 2992 3940 3046 oratio.

2236 3063 2372 3127 Quis
2395 3061 2548 3115 enim
2578 3077 2695 3133 non
2723 3061 2976 3133 advertat
3004 3060 3530 3133 propriisterminis
3549 3078 3738 3116 unum
3769 3079 3939 3133 sepa-

2235 3137 2421 3187 ratum
2451 3147 2571 3187 esse
2593 3148 2624 3185 a
2666 3131 2906 3193 duobus,
2943 3131 3084 3186 duos
3112 3147 3146 3184 a
3174 3131 3354 3185 tribus
3374 3134 3404 3186 ?
3461 3133 3526 3187 Et
3573 3134 3637 3187 in
3667 3131 3942 3188 oratione

2234 3204 2472 3274 singulas
2500 3201 2732 3274 syllabas
2763 3205 3037 3273 separatas
3067 3205 3201 3274 sunt
3232 3215 3245 3258 :
3270 3207 3477 3257 natura
3503 3203 3660 3257 enim
3714 3209 3773 3258 et
3829 3220 3940 3259 nu-

2233 3273 2392 3328 mero
2442 3276 2837 3344 segregantur,
2882 3288 3022 3344 cum
3084 3273 3322 3344 alteram
3376 3273 3630 3340 brevem,
3691 3275 3940 3329 alteram

2229 3346 2480 3416 longam,
2511 3342 2782 3417 etunam
2809 3343 2896 3397 vel
2917 3343 3057 3417 duas
3082 3342 3342 3398 dicimus.
3386 3344 3673 3417 Nimirum
3693 3351 3945 3417 apparet

2229 3413 2372 3482 haec,
2404 3430 2534 3486 quas
2563 3413 2829 3488 diximus,
2862 3417 2918 3468 et
2940 3415 3320 3488 adquantum
3340 3415 3654 3485 pertinere,
3685 3413 3750 3471 et
3772 3413 3942 3488 sepa-

2230 3491 2353 3540 rata
2379 3484 2640 3556 oportere
2667 3484 3209 3556 nominariﬂorum
3239 3484 3587 3556 quantorum
3619 3484 3706 3540 est
3737 3492 3797 3540 et
3826 3484 3940 3540 alia

2231 3555 2585 3630 differentia:
2631 3570 2766 3630 nam
2817 3571 2882 3630 ex
2932 3555 3023 3610 his
3070 3555 3184 3609 alia
3228 3555 3379 3630 sunt,
3438 3573 3692 3630 quorum
3743 3564 3941 3630 partes

2231 3627 2574 3700 positionem
2630 3625 2866 3700 habent,
2879 3641 2963 3700 ex
2991 3641 3103 3697 qua
3136 3627 3316 3696 possit
3351 3625 3586 3697 agn'osci
3635 3625 3771 3699 qua}
3801 3645 3939 3700 pars

2233 3695 2440 3769 cuique
2463 3697 2742 3769 jungatur
2774 3712 2787 3750 :
2820 3695 2930 3751 alia
2957 3695 3089 3751 vero
3122 3695 3255 3751 sunt
3277 3695 3530 3769 quorum
3557 3695 3756 3768 partes
3787 3695 3940 3769 posi-

2232 3768 2448 3824 tionem
2471 3768 2687 3822 habere
2725 3783 2845 3822 non
2873 3772 3128 3839 possunt.
3164 3768 3510 3822 Positionem
3538 3773 3738 3824 autem
3786 3768 3938 3839 dico,

2235 3856 2366 3912 cum
2396 3840 2658 3912 videmus
2699 3837 2974 3910 cujusque
3019 3837 3103 3892 rei
3128 3839 3471 3912 Adexteram,
3506 3840 3733 3912 laevam,
3764 3837 3937 3912 supeé

2234 3911 2408 3977 riora,
2440 3909 2915 3983 inferioraLante,
2947 3913 3092 3983 post,
3125 3909 3318 3983 longe,
3371 3911 3551 3983 juxta.
3594 3910 3744 3966 Sunt
3801 3909 3937 3983 ergo

2235 3997 2479 4052 quorum
2498 3984 2689 4053 partes
2709 3978 2815 4053 sibi
2831 3978 3131 4053 manifesta
3144 3978 3427 4053 positione
3440 3982 3774 4053 junguntur
3793 3978 3935 4046 huic,

2235 4050 2519 4123 gramme,
2553 4050 2900 4131 __epiphania,
2957 4050 3604 4131 corpus,.locus.’Siv'e
3659 4053 3822 4131 enim
3883 4054 3940 4106 in

2235 4120 2514 4194 gramme,
2546 4120 2678 4194 sive
2707 4121 2774 4194 in
2801 4120 3283 4194 epipgania,ssive
3313 4122 3372 4176 in
3426 4122 3938 4194 quolibethorum

2235 4191 2434 4264 positis
2490 4191 2749 4264 terminis
2770 4195 2959 4261 partes
2988 4191 3206 4264 feceris,
3239 4191 3571 4263 quanquam
3604 4193 3716 4247 sibi
3746 4195 3938 4249 cohae-

2234 4263 2423 4318 rentes
2453 4263 2749 4318 videantur
2769 4267 2940 4334 atque
2961 4263 3300 4334 conjunctae,
3332 4269 3526 4317 tamen
3557 4263 3778 4319 adverti
3808 4282 3939 4320 cor-

2235 4335 2507 4416 poraliter
2544 4334 2694 4416 licet,
2726 4349 2853 4403 quae
2882 4349 3014 4404 pars
3045 4333 3141 4387 ubi
3172 4333 3268 4401 sit,
3289 4334 3382 4416 eui
3402 4334 3692 4416 vicinasit,
3723 4337 3939 4408 cuique

2259 4410 2526 4486 ungatur.
2558 4405 2702 4486 Sunt
2728 4419 2860 4457 vero
2891 4419 3136 4475 quorum
3190 4409 3380 4474 partes
3408 4405 3775 4486 positionem
3823 4405 3939 4486 non

2227 4422 2526 4531 iungatur.
2558 4422 2702 4459 eum;
2728 4422 2860 4457 vero
2891 4422 3136 4475 quorum
3190 4422 3380 4474 partes
3426 4422 3775 4486 posmonem
3823 4424 3939 4462 non

2277 4476 2466 4542 abent,
2497 4476 2637 4539 haec,
2675 4479 2921 4544 tempus,
2964 4489 3258 4541 numerus,
3300 4480 3501 4530 oratio.
3536 4477 3728 4532 Unum
3782 4478 3939 4532 enim

2235 4563 2364 4601 cum
2393 4546 2651 4608 dicimus,
2683 4545 2874 4616 ipsum
2903 4561 3210 4600 numerum
3263 4547 3449 4600 solum
3504 4546 3787 4614 dicentes,
3823 4566 3938 4603 non

2236 4617 2449 4690 aliquid
2471 4615 2841 4690 corporaliter
2864 4621 3250 4690 numerantes,
3275 4632 3390 4671 non
3407 4617 3669 4690 svidemus
3693 4620 3786 4690 vel
3817 4621 3939 4690 ejus

2235 4686 2490 4742 dextram
2518 4688 2606 4742 vel
2638 4686 2949 4758 sinistram:
2999 4687 3212 4758 quippe
3242 4703 3372 4741 cum
3401 4687 3461 4741 in
3492 4688 3667 4758 verbo
3698 4689 3776 4743 sit
3806 4686 3935 4744 tan-

2235 4763 2358 4814 tum
2381 4758 2442 4812 in
2458 4774 2618 4822 sono,
2643 4761 2697 4812 et
2716 4757 2776 4811 in
2792 4759 2948 4812 nullo
2965 4757 3037 4812 sit
3051 4757 3307 4827 corpore,
3331 4757 3678 4829 positionem
3698 4776 3934 4815 suarum

2233 4829 2484 4901 partium
2511 4845 2627 4883 non
2656 4832 2845 4901 potest
2874 4829 3284 4896 demonstrare,
3317 4828 3431 4901 nisi
3462 4829 3627 4901 forte?
3664 4831 3930 4901 ordinem

2235 4899 2558 4972 dixerimus,
2591 4900 2745 4972 quod
2768 4915 2949 4953 unum
2979 4903 3306 4972 sequuntur
3328 4899 3716 4972 duotpositio
3738 4908 3930 4957 autem

2235 4970 2294 5024 in
2322 4970 2409 5024 his
2438 4969 2730 5037 duntaxat,
2763 4986 2878 5024 non
2907 4969 3091 5040 potest
3119 4969 3384 5024 inveniri.
3443 4969 3721 5025 Similiter
3776 4977 3833 5028 et
3873 4973 3929 5027 in

2234 5046 2682 5122 tempore‘at‘que
2709 5056 2996 5122 sermone,
3024 5040 3270 5122 maxime
3309 5057 3437 5094 cum
3492 5041 3615 5122 hzec
3665 5059 3801 5122 mox
3857 5044 3927 5096 vi-

2234 5110 2474 5167 deantur
2502 5110 2637 5178 labi,
2663 5127 2793 5182 cum
2818 5110 3050 5182 dixeris,
3078 5116 3135 5165 et
3163 5116 3391 5182 tempus
3421 5113 3634 5179 currit;
3660 5117 3718 5166 et
3743 5129 3930 5169 sermo

2235 5199 2364 5237 cum
2396 5183 2652 5237 nondum
2685 5181 2868 5236 dictus
2900 5181 3093 5250 fuerit,
3146 5197 3264 5236 non
3291 5181 3416 5250 est;
3469 5187 3524 5236 et
3569 5199 3700 5237 cum
3752 5185 3932 5239 dictus

2234 5253 2425 5317 fuerit,
2456 5270 2569 5307 non
2622 5255 2877 5322 apparet,
2937 5252 3294 5307 Manifestum
3326 5258 3409 5307 est
3454 5252 3632 5321 igitur
3679 5255 3802 5309 hinc
3829 5256 3931 5310 tria

2234 5324 2574 5406 positionem
2605 5323 3245 5406 diversarumpartium
3265 5339 3382 5377 non
3432 5323 3674 5406 habere;
3699 5327 3929 5406 Proprie

2232 5394 2409 5463 igitur
2439 5395 2560 5450 huic
2584 5394 2720 5456 sola,
2757 5409 2886 5464 qua:
2925 5394 3073 5449 dicta
3121 5399 3254 5448 sunt
3282 5399 3494 5464 quanta
3521 5394 3924 5452 nominantur:

2235 5465 2281 5520 si
2311 5482 2423 5546 qna
2452 5481 2584 5546 vero
2610 5469 2818 5545 praeter
2831 5464 3223 5546 haec-inveniri
3251 5465 3563 5546 potuerint,
3594 5467 3926 5546 debentpro

2234 5534 2624 5591 accidentibus
2646 5534 2802 5606 poni.
2838 5535 2981 5590 Sunt
3010 5537 3164 5590 enim
3187 5537 3470 5606 quadam,
3504 5553 3635 5606 quia
3666 5534 3926 5594 acciden-

2233 5607 2386 5662 tibus
2416 5606 2552 5678 ipsis
2575 5606 2854 5678 accidunt,
2890 5611 2951 5678 ut
2979 5606 3026 5659 si
3079 5607 3353 5678 dicamus,
3387 5606 3636 5661 multum
3689 5609 3881 5664 album
3908 5632 3919 5674 ;

2231 5677 2536 5751 propterea
2561 5677 2812 5751 multum
2870 5677 3063 5751 album
3117 5677 3359 5751 dicitur,
3380 5693 3499 5751 non
3529 5678 3713 5751 quod
3743 5679 3923 5751 ipsum

2232 5746 2425 5802 album
2459 5747 2531 5801 sit
2558 5747 2923 5821 immensum,
2948 5748 3043 5802 sed
3075 5748 3239 5821 quod
3272 5746 3666 5821 epiphauiain
3697 5746 3815 5821 qua
3857 5753 3924 5806 al-

2231 5821 2368 5875 bum
2401 5823 2503 5888 est,
2541 5820 2720 5874 multa
2748 5823 3030 5874 cernatur.
3065 5819 3425 5875 Manifestum
3456 5824 3536 5874 est
3568 5819 3748 5890 igitur
3802 5841 3919 5878 cum
