4056 6404
120 312 304 369 1429

113 436 451 513 inultum
479 438 679 513 aibum
727 438 993 513 dicimus,
1025 454 1094 513 ex
1121 439 1445 513 epiphaniae
1476 441 1792 513 quantitate
1820 444 1903 498 al-

114 504 345 585 bum,
382 510 539 585 quod
568 510 654 563 illi
683 510 903 577 accidit,
928 504 1515 585 aestimaiifSimilitei'
1541 529 1672 585 cum
1700 514 1903 585 longos

118 528 345 578 num,
382 528 539 637 (ἔθου
568 528 654 563 un
683 528 903 577 accidit,
928 528 1217 565 sesumam.
1241 528 1515 568 Similiter
1541 529 1672 568 cum
1701 528 1902 585 longos

118 583 339 657 qetus
438 582 659 657 icimus,
699 597 819 636 non
861 583 1015 657 quod
1055 587 1211 636 actus
1258 582 1529 638 immensi
1566 584 1700 657 sint,
1741 584 1902 656 longi

119 647 488 726 dicuntur,
519 652 619 706 sed
648 647 733 707 ex
765 647 1039 726 temporis
1070 669 1359 726 mensura,
1396 671 1510 726 quo
1540 647 1903 710 continentur

120 724 343 797 aetiis
380 728 640 797 actuum,
671 723 958 793 quantitas
987 724 1326 779 aestimatur.
1370 723 1511 797 Illud
1551 731 1742 781 tamen
1772 744 1899 797 spe-

121 792 320 865 giaie
353 794 637 849 debemus
651 792 983 865 agnoscere,
998 799 1211 865 quanto
1229 796 1582 851 contrarium
1593 797 1740 852 nihil
1758 792 1896 853 esse.

124 862 533 935 Epiphania;
563 862 740 933 enim,
773 865 889 919 sive
934 862 1230 935 grammaa,
1266 867 1380 921 sive
1420 867 1645 922 duobus
1671 868 1895 934 cubitis,

124 934 293 989 sive
365 937 551 991 tribus
605 934 961 990 contrarium
1008 941 1095 991 est
1140 936 1306 992 nihil.
1359 938 1477 993 Nisi
1522 939 1668 993 forte
1708 955 1900 994 errore

129 1006 450 1075 quodam
479 1008 743 1078 multum
758 1012 815 1060 et
840 1007 1112 1078 exiguum
1141 1012 1412 1077 putemus
1442 1025 1563 1063 esse
1592 1009 1898 1076 contraria,

126 1091 318 1151 napi
339 1080 713 1151 advertentes
733 1076 855 1151 haec
883 1076 957 1131 in'
981 1076 1177 1151 eorum
1201 1095 1514 1151 numerum
1543 1095 1671 1151 qua:
1699 1081 1767 1135 ad
1797 1080 1898 1135 ali-

132 1147 327 1218 quid
375 1149 644 1204 dicuntur
683 1148 888 1203 debere
920 1149 1232 1204 transferri.
1267 1150 1419 1205 Nihil
1459 1147 1613 1205 enim
1652 1152 1900 1207 multum

132 1219 257 1301 Ecl
324 1220 608 1301 exiguum
645 1220 871 1300 dicitur,
906 1219 1016 1301 nisi
1060 1221 1225 1301 alteri
1267 1221 1439 1275 fuerit
1483 1228 1895 1301 comparatum.

136 1288 334 1344 Cum
367 1288 524 1346 enim
551 1290 792 1362 dicimus
821 1295 1075 1345 montem
1101 1291 1360 1359 brevem;
1386 1288 1751 1362 grandiorem
1779 1309 1899 1348 esse

137 1363 464 1442 aitemm,
508 1361 599 1416 cui
639 1365 1013 1442 comparatus
1064 1367 1170 1429 est,
1220 1361 1556 1442 indicamus.
1615 1365 1713 1419 Vel
1759 1379 1899 1442 cum

137 1431 442 1506 dicimus
471 1432 699 1506 grande
718 1431 868 1506 milii
914 1448 1197 1506 granum;
1230 1433 1655 1506 comparatione
1686 1435 1775 1489 sui
1805 1452 1900 1506 ge-

141 1502 496 1575 neris,in'
522 1520 636 1575 quo
684 1502 1178 1575 brevius’aliquid
1231 1502 1542 1574 invehitur,
1590 1505 1732 1560 illud
1774 1502 1898 1560 esse

142 1574 476 1647 grandius
506 1574 911 1647 monstramus.
943 1575 1022 1630 Ac
1058 1574 1364 1647 propterea
1392 1576 1763 1631 manifestum
1792 1582 1895 1644 est,

141 1646 445 1700 multum
493 1652 551 1700 et
594 1646 889 1719 exiguum,
918 1645 1259 1719 grandeet
1300 1646 1488 1719 breve,
1530 1663 1661 1719 cum
1703 1646 1897 1719 aliquo

146 1720 527 1787 comparata
571 1716 659 1770 sui
698 1715 1039 1771 vocabulum
1076 1715 1349 1787 reperire.
1385 1718 1497 1772 Nec
1526 1718 1586 1772 in
1633 1718 1743 1773 hoc
1778 1715 1898 1773 solo

144 1786 369 1869 errat,
402 1786 503 1869 qui
548 1790 712 1858 putat
757 1788 1005 1869 multum
1028 1798 1094 1868 et
1136 1786 1405 1869 exiguum
1436 1792 1649 1860 quanto
1691 1788 1898 1869 debere

144 1857 492 1929 conjungi,
535 1857 736 1913 verum
776 1858 950 1913 etiam
996 1857 1044 1911 si
1082 1857 1367 1913 existimet
1414 1857 1534 1913 esse
1580 1861 1896 1927 contraria;

148 1930 349 2000 quod
386 1929 511 1984 ﬁeri
550 1929 782 2001 penitus
819 1944 937 2001 nou
974 1933 1187 2001 potest.
1231 1931 1373 2001 Nam
1406 1929 1611 2001 sihasc
1644 1931 1897 2001 quodam

149 1998 389 2056 érrore
411 1998 637 2071 decepti
664 1998 950 2055 contraria
978 1998 1236 2063 dicimus,
1255 2000 1354 2071 fiet
1379 2004 1443 2054 ut
1469 2000 1529 2054 in
1550 1998 1682 2056 una
1694 2018 1756 2057 re
1780 2017 1895 2057 uno

150 2075 366 2142 atque
406 2070 609 2127 eodem
653 2075 913 2142 tempore
952 2071 1237 2142 contraria
1277 2070 1581 2126 videantur
1621 2072 1892 2128 incidere.

158 2141 320 2198 Uria
342 2142 496 2197 enim
523 2158 634 2209 res,
656 2146 718 2214 et
745 2141 929 2212 major
956 2157 991 2195 a
1017 2141 1261 2206 minore,
1296 2146 1353 2197 et
1380 2142 1568 2214 brevis
1597 2159 1630 2196 a
1655 2143 1893 2214 majore,

153 2229 313 2285 uno,
347 2218 520 2285 atque
567 2212 769 2268 eodem
815 2216 1072 2285 tempore
1117 2213 1328 2283 poterit
1370 2213 1707 2285 nominari:
1747 2212 1895 2285 quod

158 2283 319 2339 ﬁeri
350 2283 454 2339 nec
482 2299 678 2339 rerum
707 2287 913 2338 natura
940 2283 1174 2355 patitur,
1202 2299 1307 2355 nec
1339 2283 1481 2339 ratio
1510 2284 1634 2355 ipsa
1661 2283 1897 2354 perinit-

160 2356 276 2411 tit.
313 2356 393 2410 Ac
419 2360 726 2426 propterea
754 2370 957 2409 eorum
987 2354 1318 2426 repellenda
1346 2355 1628 2426 sententia
1656 2359 1760 2422 est,
1794 2355 1896 2426 qui

161 2424 583 2497 haeccredunt
610 2442 742 2497 esse
756 2424 1067 2497 contraria.
1088 2426 1199 2480 Nec
1224 2425 1407 2497 magis
1434 2424 1495 2479 in
1524 2430 1739 2497 quanto
1764 2424 1895 2481 con-

165 2496 477 2563 trarietas,
518 2512 692 2569 quam
728 2495 789 2569 in
828 2495 1040 2551 circulo
1087 2495 1371 2569 convideri
1414 2495 1620 2569 potest.
1666 2498 1894 2569 Veteres

167 2568 351 2623 enim
382 2566 554 2639 supra
582 2573 641 2623 et
663 2567 811 2622 infra
832 2571 1076 2639 propter
1096 2567 1223 2622 coeli
1237 2571 1534 2639 terraeque
1565 2566 1894 2622 distantiam

165 2637 480 2694 contraria
508 2638 614 2692 sibi
646 2654 765 2692 esse
802 2638 1097 2709 dixerunt,
1135 2637 1522 2709 undequaq’ue
1551 2654 1779 2693 versum
1816 2654 1896 2692 as-

168 2715 446 2765 serentes
478 2715 689 2765 terram
732 2708 927 2763 subter
971 2724 1113 2775 esse,
1145 2708 1353 2764 coelum
1392 2708 1581 2780 super.
1628 2710 1895 2764 Contem-

168 2780 480 2852 plantibus
525 2780 679 2852 enim
728 2780 892 2852 nobis
935 2783 1201 2852 naturam
1260 2796 1475 2848 rerum,
1534 2784 1706 2843 terra,
1763 2796 1893 2851 quae

166 2850 503 2931 videturiu
531 2851 760 2931 medio,‘
776 2850 989 2931 ubique
1020 2850 1219 2931 subtus
1249 2856 1335 2904 est
1366 2866 1380 2905 :
1414 2866 1548 2931 nam
1578 2854 1635 2905 et
1662 2850 1890 2931 antipo-

172 2922 288 3002 des
314 2922 516 2991 nostri,
538 2922 639 2993 qui
668 2921 834 3002 nebie
862 2921 1132 3002 dicuutur
1162 2922 1340 3002 (igere
1370 2921 1606 2975 adversa
1632 2922 1889 3002 vestigia,

171 2994 399 3065 (malum
429 2991 599 3065 super
627 3008 685 3047 se
733 2992 964 3065 habent.
1000 2992 1187 3065 Claret
1216 2991 1393 3065 igitur
1421 3007 1646 3063 semper
1677 2991 1891 3065 terram

176 3065 249 3144 in
272 3062 644 3144 inferioribus
666 3062 1053 3144 constitutam:
1079 3062 1294 3144 Deinde
1316 3063 1416 3117 illa
1442 3062 1673 3144 quoque
1694 3080 1727 3117 a
1753 3064 1893 3144 phy-

178 3136 325 3190 sicis
373 3134 643 3207 jungitur
692 3133 861 3207 ratio,
900 3132 1050 3205 quod
1085 3139 1407 3207 propterea
1459 3132 1892 3207 exradiversitate

176 3204 447 3262 locorum
492 3204 645 3261 terra
671 3206 814 3260 cmlo
852 3204 1136 3259 contraria
1165 3204 1269 3272 est,
1299 3204 1357 3275 id
1387 3209 1472 3259 est
1499 3204 1641 3261 illud
1668 3221 1895 3275 semper

178 3293 442 3343 sursum,
487 3277 612 3332 haec
655 3276 943 3339 deorsum,
994 3275 1149 3345 quod
1201 3274 1415 3345 omnia,
1462 3291 1591 3346 qua:
1636 3274 1893 3346 pondere

180 3348 388 3419 gravia
408 3352 563 3419 sunt,
586 3346 922 3401 naturaliter
942 3346 1205 3401 feruntur
1224 3346 1295 3419 ad
1324 3351 1565 3413 terram;
1589 3346 1673 3419 ad,
1688 3347 1894 3419 coelum

181 3416 327 3473 vero
376 3418 549 3473 levari
593 3433 820 3472 necesse
862 3422 961 3481 est,
1009 3433 1137 3487 quae
1183 3416 1449 3472 videntur
1499 3433 1620 3471 esse
1660 3418 1890 3473 leviora.

185 3491 338 3545 Hinc
390 3489 569 3561 igitur
625 3489 833 3561 ccelum
897 3492 1224 3561 terramque
1274 3488 1555 3561 contraria
1610 3488 1718 3543 sibi
1773 3505 1892 3561 esse

182 3558 491 3629 dixerunt;
542 3559 887 3631 quodrhanc
932 3559 1220 3631 deorsum,
1271 3558 1414 3614 illud
1457 3575 1587 3631 vero
1633 3560 1894 3631 superius

185 3631 468 3687 naturalis
513 3629 818 3686 necessitas
861 3629 1169 3685 collocavit.
1192 3631 1277 3701 Ex
1313 3630 1420 3701 hac
1454 3630 1632 3701 igitur
1674 3629 1893 3685 ratione

189 3703 421 3759 videtur
439 3701 859 3757 contrariorum
889 3702 1151 3757 omnium
1173 3700 1431 3756 definitio
1452 3700 1778 3756 censtituta.
1805 3701 1895 3755 Di-

183 3779 402 3829 cuntur
430 3773 583 3827 enim
615 3773 713 3827 illa
736 3788 856 3827 esse
882 3771 1191 3841 contraria,
1218 3788 1346 3843 quas
1373 3788 1503 3826 cum
1534 3771 1649 3843 sint
1678 3788 1743 3826 ex
1776 3788 1891 3826 uno

186 3845 511 3915 eodemque
552 3860 782 3915 genere,
813 3843 995 3898 multo
1022 3841 1291 3915 itamen'a
1313 3858 1379 3915 se
1409 3841 1592 3913 spatio
1621 3858 1892 3915 aeparanf

184 3921 302 3971 tur.
317 3912 436 3986 Sed
458 3912 581 3970 hinc
598 3914 699 3986 qui
719 3918 997 3986 asserunt,
1018 3913 1232 3986 habent
1257 3912 1549 3986 advertere
1573 3912 1893 3986 ad_aliquid

186 3985 358 4042 dictis
378 3986 568 4058 potius
582 3983 790 4058 debere
815 3984 1106 4058 conjungi.
1127 3984 1422 4058 Siquidem
1443 3983 1751 4058 supradiei
1776 3983 1894 4058 non

187 4054 401 4129 potest;
428 4057 626 4129 nisiiet
656 4054 1009 4129 iufrafuerit
1037 4054 1437 4129 designatum.
1478 4054 1640 4129 Quod
1670 4054 1716 4109 si
1746 4055 1897 4129 calu-

187 4125 403 4182 inniari
445 4127 951 4198 quibusdamlibet,
994 4142 1167 4198 supra
1193 4125 1270 4180 et
1314 4125 1465 4180 infra
1503 4126 1565 4180 in
1606 4126 1895 4198 categoria

188 4196 558 4270 magis,7quae
585 4198 689 4270 ubi
716 4196 1374 4270 dicitur,rvideri_potest
1404 4212 1419 4250 :
1450 4212 1581 4252 cum
1609 4196 1763 4270 enim
1794 4212 1891 4251 su-

186 4266 380 4340 pra'et
403 4266 553 4323 infra
583 4268 848 4338 dicimus,
872 4267 974 4323 ubi
1004 4266 1219 4340 aliquid
1246 4272 1498 4337 geratur,
1531 4267 1884 4340 agnoscitur.

188 4337 297 4397 Sed
328 4337 875 4420 haec,_ut.diximus,
904 4337 1284 4420 garrientium
1316 4343 1451 4392 sunt
1481 4355 1501 4420 ε
1539 4337 1642 4420 uos
1672 4337 1893 4420 vero‘i‘n

191 4415 409 4483 quanto
435 4410 658 4483 admitti
687 4408 1039 4483 contrarium
1070 4409 1299 4483 credere
1329 4425 1446 4463 non
1470 4408 1896 4483 debemusaAd:

191 4479 411 4537 {crtare
450 4480 671 4536 interea
707 4480 839 4535 licet
878 4480 1050 4551 hujus
1083 4479 1377 4551 occasione
1414 4484 1713 4551 tractatus,
1738 4480 1893 4551 aliud

192 4570 314 4608 esse
350 4568 524 4623 super
560 4557 617 4607 et
659 4552 851 4623 subter
887 4550 1178 4619 naturale;
1214 4550 1368 4623 aliud
1397 4567 1529 4605 vero
1556 4550 1721 4623 quod
1749 4550 1897 4605 circa

192 4640 318 4679 nos.
362 4621 630 4679 Naturale
678 4622 833 4677 enim
879 4638 997 4693 non
1046 4626 1232 4693 potest
1274 4621 1600 4688 immutari,
1636 4626 1893 4693 nostrum

191 4700 385 4750 autem
411 4693 758 4765 migratione
789 4692 1093 4765 hominum
1121 4696 1507 4765 commutatur
1538 4709 1551 4747 :
1579 4697 1645 4747 ut
1688 4692 1736 4746 si
1767 4692 1895 4765 quis

192 4782 323 4820 cum
353 4764 416 4820 in
458 4762 827 4819 inferioribus
864 4764 1058 4833 fuerit,
1091 4763 1164 4818 ad
1192 4762 1487 4833 superiora
1531 4762 1893 4830 conscendat,

192 4840 291 4891 aut
342 4852 377 4907 re
422 4835 828 4907 superioribus
878 4833 1015 4907 velit
1047 4832 1141 4890 ad
1192 4832 1467 4888 inferiora
1517 4833 1897 4907 descendere;

195 4906 391 4961 omnia
418 4904 525 4973 illi;
556 4922 685 4977 quae
724 4911 855 4961 ante
885 4904 1111 4961 fuerant
1152 4907 1598 4977 commutantur,
1627 4920 1757 4959 cum
1791 4905 1897 4960 de-

195 4977 506 5044 scendenti,
530 4975 800 5032 inferiora
831 4993 960 5048 quia
988 4976 1234 5048 fuerant,
1257 4975 1550 5048 superiora
1564 4980 1894 5048 cernantur.

195 5049 338 5103 Illud
388 5065 617 5119 quoque
667 5045 880 5119 quanto
942 5047 1111 5119 inest,
1161 5046 1222 5101 in
1273 5045 1430 5119 omni
1480 5045 1737 5119 quidem,
1784 5062 1897 5119 nou

195 5126 387 5175 tamen
406 5116 481 5173 in
525 5116 765 5185 solofut
794 5135 911 5173 non
939 5118 1177 5190 recipiat
1203 5118 1385 5190 magis
1415 5121 1470 5190 et
1500 5116 1710 5190 minus,
1742 5118 1897 5188 quod

197 5206 377 5261 graece
405 5189 622 5246 dictum
652 5195 734 5245 est
764 5196 955 5259 μᾶλλον
983 5188 1075 5246 καί
1090 5196 1258 5257 ἧττον.
1288 5188 1553 5261 Bipedale
1585 5188 1898 5261 enimcqu

198 5258 460 5332 dicimus,
492 5277 609 5315 non
639 5258 942 5331 possumus
971 5261 1128 5315 aliud
1166 5258 1426 5332 bipedale
1464 5258 1657 5332 magis
1674 5259 1760 5313 vel
1789 5259 1899 5314 mi-

199 5350 306 5387 nus
331 5331 538 5386 dicere.
567 5330 751 5387 Simili
781 5332 932 5385 enim
963 5332 1134 5386 modo
1162 5330 1423 5397 bipedale
1453 5330 1766 5385 secundum
1792 5333 1895 5397 est,

199 5350 306 5387 nus
331 5349 538 5386 uicere.
567 5349 751 5387 διωιιι
781 5349 932 5385 enim
963 5349 1134 5386 mooo
1163 5349 1220 5386 ω
1266 5349 1423 5386 eoale
1453 5349 1766 5385 secundum
1792 5349 1895 5397 esu,

199 5403 685 5474 quemadmodum
712 5407 769 5456 et
784 5402 1055 5474 primum.
1081 5349 1260 5467 Quodp
1262 5402 1308 5474 si
1330 5402 1485 5457 aliud
1509 5401 1621 5455 alio
1653 5401 1899 5474 amplius

201 5472 391 5537 fuerit,
411 5475 531 5544 jam
561 5490 679 5528 non
699 5472 994 5544 bipedalis,
1021 5474 1119 5527 sed
1149 5473 1383 5528 alterius
1413 5489 1694 5527 mensurae
1723 5472 1902 5544 susci-

203 5546 283 5617 pit
328 5543 559 5599 nomen.
595 5545 708 5599 Nec
739 5543 1013 5617 numerus
1043 5544 1226 5617 magis
1256 5548 1355 5598 aut
1401 5544 1593 5617 minus
1636 5543 1895 5617 sustinet,

203 5614 484 5688 siquidem
516 5621 627 5669 tres
656 5615 839 5686 magis
870 5619 967 5669 aut
995 5614 1186 5669 minus
1209 5619 1323 5667 tres
1350 5616 1647 5669 nominare
1671 5614 1902 5688 demen-

205 5685 285 5767 tia
308 5692 411 5742 est.
446 5688 511 5767 Iit
538 5685 775 5767 tempus
796 5702 911 5767 non
927 5690 1125 5767 potest
1157 5701 1278 5767 esse
1308 5685 1775 5767 tempore‘magis
1804 5688 1903 5767 aut

206 5758 413 5813 minus.
448 5757 633 5811 Claret
660 5755 838 5827 igitur
881 5755 970 5811 his
1002 5755 1273 5827 expositis
1306 5755 1485 5827 magis
1533 5760 1589 5810 et
1619 5756 1809 5811 minus
1840 5755 1900 5809 in

204 5834 416 5903 quanto
449 5826 838 5884 inveniri’non
868 5844 1052 5899 posse.
1088 5826 1391 5899 Proprium
1416 5826 1563 5883 vero
1593 5826 1815 5899 quanti,
1847 5832 1904 5882 et

1762 319 2154 376 APPENDIX.

3566 329 3702 385 1430

2012 443 2165 515 quod
2195 443 2445 517 inomni
2473 450 2529 517 et
2557 444 2619 500 in
2648 446 2767 500 solo
2800 446 3108 510 invenitur,
3132 448 3274 505 illud
3299 454 3402 517 est,
3426 453 3494 506 ut
3511 450 3709 506 omnia

2011 517 2133 595 ejus
2164 515 2324 585 paria
2352 521 2450 570 aut
2490 516 2733 595 imparia
2774 517 3055 595 dicantur,
3090 521 3160 574 Ut
3194 515 3468 576 numerus
3518 538 3623 595 par
3651 526 3708 577 et

2009 588 2221 657 impar;
2250 602 2369 660 non
2410 588 2647 660 aequalis
2685 596 2979 660 humerus,
3012 590 3060 643 si
3097 607 3203 660 par
3230 598 3346 659 est;
3390 597 3487 647 aut
3515 588 3564 647 si
3591 592 3704 647 im-

2009 673 2133 727 par,
2161 673 2277 711 non
2324 657 2624 733 inaequalis
2665 658 2903 733 dicatur.
2936 657 3474 733 Similiterque'ejus
3512 664 3706 719 omnia

2010 744 2127 782 non
2157 729 2418 805 aequalia,
2468 735 2565 805 aut
2592 729 2920 800 inaequalia,
2969 729 3266 805 sediparia
3313 729 3413 787 aut
3464 734 3707 805 imparia

2009 804 2433 875 nuncupantur.
2470 800 2685 875 caetera
2711 816 2844 875 vero
2871 818 3001 872 quas
3029 800 3406 875 ad'quantum
3434 800 3706 874 non—per-

2008 869 2212 954 tiueut,
2248 869 2459 954 similia
2481 870 2589 950 sibi
2621 870 2813 954 potius
2838 869 3011 943 quam
3038 869 3281 954 mquaiia
3305 869 3701 954 uominamus:

2008 944 2070 994 ut
2102 941 2296 995 album
2343 941 2472 995 albo
2522 940 2730 1010 simile,
2772 940 2873 997 aut
2910 960 3025 998 non
3071 940 3257 999 simile
3293 946 3531 1000 dicatur.
3588 948 3705 1000 Hoc

2007 1011 2163 1137 enim
2192 1012 2429 1136 vergilium
2469 1011 2792 1082 specialiter
2832 1012 2901 1067 iis
2932 1030 3062 1085 quas
3091 1016 3153 1070 in
3183 1022 3399 1087 quanto
3430 1020 3582 1083 sunt,
3618 1017 3701 1071 vi-

2047 1098 2076 1136 e
2106 1099 2174 1135 ur
2205 1099 2263 1136 in
2350 1099 2467 1137 um.

2047 1087 2174 1136 etur
2205 1082 2467 1137 infixum.

2008 1154 2232 1209 CAPUT
2256 1155 2343 1209 XI.
2375 1183 2445 1195 —
2471 1154 2567 1209 Ad
2601 1153 2833 1295 aliquid.
2988 1156 3201 1225 aliquid
3231 1157 3449 1228 quando
3478 1158 3698 1213 dicitur.

2094 1294 2103 1295 ί
2322 1294 2329 1295 ί
2796 1242 2914 1295 pos:
2941 1242 2994 1281 a.

2837 1242 2994 1281 οεηα.

2077 1294 2503 1364 Categoriarum
2522 1296 2691 1370 tertia
2711 1242 3139 1370 gﬁoigti'aﬁne
3160 1297 3239 1370 ad_
3249 1298 3486 1370 aliquid,
3517 1315 3701 1370 graece

2007 1372 2122 1436 πρός
2144 1388 2192 1421 τι
2218 1371 2499 1420 censetur.
2544 1367 2609 1421 Et
2637 1367 2873 1438 quidem
2924 1368 3072 1421 hanc
3114 1367 3363 1422 tertiam'
3379 1386 3498 1423 non
3523 1367 3698 1437 'ordo,

2007 1437 2101 1489 sed
2159 1441 2428 1490 tractatus
2479 1439 2783 1491 necessitas
2829 1438 2993 1492 fecit:
3055 1454 3187 1492 nam
3237 1443 3365 1495 nost
3423 1445 3702 1495 quantum

2007 1455 2101 1489 seu
2159 1455 2428 1490 tractatus
2479 1455 2783 1491 necessuas
2829 1455 2993 1492 recit:
3055 1455 3187 1492 nam
3237 1455 3365 1508 post
3423 1455 3700 1510 quantum

2007 1507 2174 1581 quale
2223 1507 2587 1581 sequebatur.
2650 1510 2860 1581 Verum
2892 1508 3188 1581 quoniam
3220 1510 3282 1581 in
3320 1510 3434 1564 fine
3480 1511 3700 1581 quanti,

2006 1578 2269 1652 quaedam
2288 1578 2554 1652 ejusdem
2577 1579 2805 1652 generis
2835 1580 2904 1634 ad
2933 1578 3150 1651 aliquid
3176 1578 3515 1635 videbantur
3538 1598 3703 1652 posse

2006 1648 2339 1731 transferri;
2375 1650 2522 1731 hanc
2556 1648 2926 1731 categoriam,
2969 1648 3099 1721 quae
3130 1656 3329 1731 quarta
3363 1648 3565 1731 fuerat,
3604 1668 3704 1706 ne-

2005 1719 2249 1774 cessario
2289 1719 2741 1793 _tertiam__voluit
2788 1719 3075 1793 ordinare,
3119 1719 3184 1776 ut
3222 1722 3485 1793 discussis
3535 1730 3703 1793 atque

2006 1789 2333 1844 monstratis
2381 1791 2668 1863 omnibus,
2720 1808 2847 1862 quae
2896 1792 3101 1863 cuique
3144 1792 3547 1863 convenirent,
3591 1789 3706 1849 ἷξες

2003 1876 2187 1986 quens
2217 1866 2341 1914 orta
2368 1861 2626 1915 confusio
2659 1861 3245 1933 solirereturflncipit
3290 1868 3481 1917 autem
3524 1880 3639 1917 non
3671 1881 3705 1919 a

2042 1931 2432 1985 efinitionihus
2460 1932 2574 1985 suis
2595 1932 2940 1986 Aristoteles.
2964 1934 3062 1986 sed
3092 1933 3162 1986 ab
3187 1950 3388 1986 eorum
3416 1934 3701 1986 terminis.

2042 1931 2432 1985 efinitionihus
2460 1932 2574 1985 suis
2595 1932 2940 1998 Aristoteles,
2964 1934 3062 1986 sed
3092 1931 3388 1987 ab‘eorum
3416 1934 3701 2001 terminis,

2004 2002 2105 2074 qui
2133 2006 2262 2056 ante
2292 2017 2351 2074 se
2383 2002 2453 2056 ad
2493 2002 2712 2074 aliquid
2758 2019 3058 2074 perperam
3091 2003 3330 2059 definire
3377 2005 3699 2060 voluerunt.

2004 2072 2088 2127 Ita
2100 2076 2308 2145 tamen
2329 2072 2449 2127 haec
2475 2072 2999 2145 debemus'audire,
3026 2075 3189 2145 quasi
3221 2076 3484 2129 tractatui
3516 2092 3701 2129 neces-

2002 2143 2166 2198 saria.
2198 2146 2397 2216 Astute
2427 2142 2582 2216 enim
2615 2148 2671 2199 et
2690 2145 2798 2216 dat
2839 2144 2952 2198 illis
2980 2142 3255 2199 auxilium
3301 2146 3697 2216 philosophus,

2002 2218 2058 2269 et
2086 2214 2371 2297 medelam
2400 2214 2546 2297 male
2569 2214 2778 2297 positis
2809 2216 3070 2296 terminis
3098 2214 3324 2297 qumrit,
3356 2214 3698 2297 postea‘suaz

2002 2284 2322 2357 prolatione
2361 2284 2660 2341 sententiae
2701 2286 2916 2353 omnia,
2948 2303 3079 2357 quas
3114 2284 3433 2357 improprie
3467 2287 3701 2342 deﬁnita

2003 2360 2177 2428 sunt,
2199 2357 2533 2427 repulsurus
2576 2366 2798 2428 περὶτοῦ
2825 2364 2942 2428 πρός
2966 2381 3031 2412 τι.
3080 2358 3166 2412 Ad
3192 2358 3409 2428 aliquid
3439 2374 3576 2427 ergo
3606 2374 3698 2412 ca-

2003 2426 2281 2500 tegoriam
2325 2443 2593 2482 vocamus
2640 2426 2789 2500 eam,
2838 2426 2966 2500 quas
2997 2429 3053 2482 id
3098 2429 3249 2499 quod
3280 2426 3365 2483 est
3394 2426 3602 2483 dicitur
3630 2445 3700 2482 ex

2002 2496 2202 2570 altero,
2236 2497 2356 2570 sine
2400 2501 2563 2568 cujus
2592 2496 2875 2553 societate'
2903 2516 3025 2553 esse
3072 2496 3191 2553 non
3220 2500 3416 2570 possit,
3446 2504 3501 2554 et
3540 2500 3701 2570 cujus

2002 2568 2084 2623 vis
2112 2568 2299 2622 omnis
2340 2584 2406 2623 ex
2448 2569 2682 2624 alterius
2711 2570 3110 2639 conjunctione
3146 2568 3470 2625 descendit:
3503 2576 3568 2624 ut
3594 2568 3699 2624 du-

2000 2640 2163 2711 plum
2201 2639 2399 2711 simpli
2434 2639 2653 2711 dicitur
2685 2641 2950 2710 duplum,
2996 2642 3181 2711 majus
3216 2641 3452 2695 minoris
3495 2641 3702 2695 dicitur

2003 2710 2213 2783 majus,
2254 2710 2441 2763 simile
2486 2710 2659 2783 simili
2700 2711 2908 2783 dicitur
2937 2710 3143 2783 simile.
3178 2712 3378 2783 ,Claret
3418 2711 3593 2783 igitur
3631 2712 3703 2767 ad

2001 2779 2217 2851 aliquid
2264 2796 2380 2851 non
2418 2796 2521 2834 sua
2553 2781 2627 2846 vi,
2659 2781 2757 2834 sed
2787 2781 3021 2836 alterius
3063 2779 3468 2851 conjunctione
3512 2783 3702 2836 consi-

2001 2850 2171 2923 stere.
2204 2850 2415 2923 Eodem
2446 2851 2616 2905 modo
2648 2852 2976 2922 accipienda
2999 2858 3130 2906 sunt
3158 2850 3365 2907 caetera
3390 2869 3518 2923 quae
3547 2854 3698 2923 ejus-

2003 2922 2133 2977 dem
2158 2921 2459 2992 categorite
2481 2938 2601 2975 esse
2622 2921 2955 2989 noscuntur,
2982 2927 3044 2975 ut
3068 2926 3152 2977 est
3175 2921 3425 2988 habitus;
3454 2921 3699 2992 affectio,

2001 2992 2316 3063 disciplina,
2385 2992 2613 3062 positio,
2685 3009 2903 3047 sensus.
2974 2994 3101 3047 Haec
3156 2992 3509 3059 Aristoteles,
3578 3002 3690 3061 ἕξιν,

2000 3073 2225 3130 διάθεσιν,
2272 3070 2563 3133 ἐπιστήμην,
2609 3071 2759 3133 Θέσιν,
2802 3071 3040 3131 αἴσθησιν,
3088 3063 3424 3117 nominavit.
3465 3064 3531 3118 Et
3576 3065 3700 3118 haec

2003 3136 2524 3207 namquependent
2553 3150 2621 3188 ex
2640 3135 3151 3207 altero.ASiquidem
3174 3134 3419 3207 habitus
3460 3134 3697 3207 alicujus

2002 3207 2087 3262 rei
2134 3205 2362 3261 habitus
2415 3205 2643 3265 dicitur,
2693 3210 2749 3259 et
2801 3205 3020 3260 affectio
3073 3205 3311 3276 alicujus
3356 3205 3422 3276 ad
3482 3205 3695 3276 aliquid

2004 3277 2244 3343 affectio,
2274 3280 2330 3330 et
2357 3276 2591 3330 scientia
2622 3281 2673 3330 et
2712 3276 2916 3347 positio
2948 3280 3003 3330 et
3031 3292 3229 3330 sensus
3272 3275 3447 3329 simili
3473 3275 3696 3347 ratione

2002 3352 2333 3404 noscuntur.
2366 3348 2491 3402 Non
2522 3363 2623 3401 nos
2653 3346 2842 3401 autem
2885 3347 3198 3418 perturbet,
3246 3347 3401 3417 quod
3434 3346 3693 3418 quaedam

2003 3420 2177 3490 hujus
2230 3418 2531 3488 categorias
2583 3434 2702 3490 esse
2759 3417 3086 3490 narrantur,
3142 3434 3272 3490 quae
3324 3422 3380 3470 et
3437 3417 3700 3490 qualitati

2000 3488 2269 3545 videntur
2304 3506 2425 3544 esse
2467 3489 2788 3558 conjuncta.
2845 3488 3080 3543 Habitus
3108 3489 3263 3542 enim
3294 3493 3349 3541 et
3394 3488 3613 3542 affectio
3644 3493 3702 3541 et

2002 3561 2238 3616 scientia
2268 3564 2325 3614 et
2351 3564 2555 3615 caetera
2586 3576 2716 3630 quas
2758 3575 2889 3614 cum
2918 3559 3006 3613 his
3049 3559 3201 3630 dicta
3246 3563 3399 3630 sunt,
3441 3558 3701 3630 qualitati

2004 3631 2268 3686 videntur
2309 3630 2557 3685 maxime
2594 3628 2916 3684 convenire.
2957 3630 3063 3685 Sed
3102 3628 3483 3684 differentiam
3527 3629 3698 3683 debe-

2001 3718 2131 3781 mus
2155 3702 2473 3781 advertere,
2495 3717 2609 3781 qua
2646 3700 2884 3781 haedum
2901 3700 3223 3781 categorias,
3247 3699 3303 3753 id
3325 3704 3409 3753 est
3431 3699 3697 3780 qualitas,

2002 3776 2057 3827 et
2102 3772 2175 3827 ad
2223 3771 2459 3843 aliquid,
2497 3770 2614 3843 sive
2660 3776 2777 3843 πρᾴς
2809 3793 2856 3825 τι
2890 3779 2973 3843 aut
3009 3776 3226 3843 ποιότης,
3269 3786 3327 3843 a_
3351 3786 3411 3823 se
3450 3770 3699 3843 invicem

2001 3839 2357 3915 separantur.
2391 3839 2621 3915 Quoties
2656 3839 2811 3915 enim
2842 3839 3076 3915 scientia
3107 3839 3419 3915 cujuslibet
3440 3839 3524 3894 rei
3568 3855 3698 3911 quae

2001 3910 2085 3969 sit
2100 3912 2332 3979 scibilis,
2365 3911 2601 3967 scientia
2644 3910 2873 3977 dicitur,
2906 3914 2963 3965 et
3012 3910 3211 3965 sensus
3241 3910 3347 3981 rei
3371 3910 3511 3981 ejus.
3567 3910 3697 3981 qua:

2002 3985 2075 4039 sit
2103 3982 2406 4050 sensibilis,
2432 3999 2629 4037 sensus
2658 3981 2893 4047 dicitur;
2920 3984 3057 4052 tunc
3081 3981 3153 4052 ad
3178 3980 3397 4052 aliquid
3421 3980 3696 4052 debemus

2002 4054 2292 4126 accipere;
2322 4059 2386 4126 at
2412 4069 2544 4126 cum
2568 4052 2805 4126 scientia
2823 4056 2921 4107 aut
2936 4051 3377 4126 disciplinanen
3402 4051 3488 4105 rei
3515 4052 3698 4121 cujus-

2000 4122 2163 4194 libet,
2192 4124 2291 4179 sed
2320 4123 2573 4179 hominis
2598 4123 2823 4194 dicitur,
2860 4122 3193 4194 qualitatem
3224 4122 3496 4194 debemus
3523 4138 3699 4194 agno-

2002 4192 2173 4251 scere.
2227 4197 2358 4250 Hzec
2396 4198 2480 4249 est
2522 4193 2753 4249 interim
2807 4192 3147 4262 differentia,
3201 4192 3334 4247 licet
3376 4192 3424 4247 si
3468 4193 3696 4263 proprie

1997 4265 2556 4346 hauebategoriam,
2607 4281 2735 4346 quae
2784 4264 2853 4319 ad
2889 4263 3114 4346 aliquid
3159 4263 3385 4329 dicitur,
3429 4264 3697 4346 yolumus

2001 4337 2260 4401 definire,
2295 4333 2356 4391 u't
2387 4353 2417 4390 a
2446 4333 2664 4390 caeteris
2684 4340 2978 4406 separetur
2993 4333 3092 4405 “(iu
3124 4351 3324 4406 omnes
3351 4333 3507 4406 enim
3535 4334 3699 4389 vide-

2001 4413 2096 4464 tur
2125 4409 2433 4476 incurrere)
2460 4427 2475 4473 ;
2505 4407 2618 4462 alio
2650 4405 2821 4462 modo
2852 4423 2979 4460 eam
3018 4406 3255 4461 deﬁnire
3300 4405 3592 4469 debemus,
3627 4420 3699 4459 ne

2002 4495 2227 4551 semper
2266 4494 2475 4550 parum
2520 4478 3007 4551 considerantibus
3049 4493 3210 4551 error
3247 4476 3493 4551 oriatur.
3544 4477 3701 4551 Tune

2004 4546 2144 4621 ergo
2164 4555 2217 4604 et
2258 4546 2389 4604 vere
2420 4552 2477 4603 et
2510 4548 2741 4621 proprie
2771 4549 2858 4621 ad,
2886 4547 3103 4621 aliquid
3126 4546 3375 4621 dicitur,
3415 4562 3572 4621 cum_
3594 4547 3699 4621 sub

2003 4616 2119 4677 un'o
2147 4624 2277 4676 ortu
2306 4616 2727 4691 atqueoccasu,
2759 4622 2816 4672 et
2846 4618 2900 4673 id
2937 4616 3093 4689 quod
3115 4617 3401 4691 jungitur,
3433 4621 3491 4672 et
3518 4616 3575 4672 id
3606 4617 3699 4672 cui

1999 4687 2628 4771 jungitur,_invenitur:
2652 4694 2716 4771 ut
2732 4693 2872 4771 puta
2895 4687 3086 4743 servus
3099 4687 3156 4771 et
3170 4687 3455 4771 d‘eminus,
3478 4693 3702 4771 utru‘m-

2005 4758 2233 4835 que'vel
2262 4761 2430 4835 simu!
2454 4765 2560 4828 est,
2589 4761 2677 4814 vel
2703 4758 2871 4835 simul
2903 4775 3017 4835 uon
3038 4763 3150 4835 est.
3185 4758 3405 4813 Etenim
3436 4775 3566 4813 cum
3593 4760 3701 4814 do-

2004 4830 2228 4889 minum
2251 4831 2481 4897 dixeris,
2504 4830 2819 4885 necessario
2851 4830 3053 4885 existet
3073 4834 3130 4883 et
3154 4845 3380 4897 servus;
3413 4846 3542 4884 cum
3570 4847 3699 4883 vero

2004 4904 2301 4960 dominum
2322 4901 2541 4966 tuleris,
2566 4917 2669 4955 nec
2686 4917 2880 4956 servus
2899 4900 3447 4972 apparet.Similiter
3461 4902 3701 4970 duplum

2005 4980 2062 5031 et
2099 4975 2393 5047 simplum,
2436 4973 2783 5047 alterutrum
2822 4987 2885 5047 se
2922 4971 3010 5026 vel
3047 4971 3344 5047 perimunt
3384 4972 3472 5047 vel
3511 4975 3697 5047 osten-

2004 5047 2185 5103 dunt:
2212 5041 2539 5116 ’apparente
2568 5043 2723 5116 enim
2752 5042 2948 5116 duplo,
2978 5041 3231 5116 nascitur
3259 5042 3528 5111 simplum
3533 5041 3703 5116 _;_du-

2048 5119 2099 5172 lo
2126 5110 2425 5189 pereunte,
2466 5131 2570 5189 nec
2600 5110 3113 5189 simplumpoterit
3135 5110 3495 5189 permanere.
3529 5110 3701 5189 Simi:

2029 5182 2251 5256 iterque
2278 5186 2328 5241 si
2376 5185 2650 5256 simplum
2695 5182 2814 5239 non
2853 5182 2942 5249 sit,
2987 5201 3089 5239 nec
3116 5182 3353 5256 duplum
3402 5186 3522 5256 est;
3568 5188 3625 5256 at
3656 5182 3704 5235 si

2006 5204 2137 5244 mer
2180 5204 2251 5241 ue
2278 5204 2328 5241 St
2376 5204 2650 5256 amplum
2695 5204 2814 5239 non
2853 5204 2942 5249 su,
2987 5204 3089 5239 nec
3116 5204 3353 5254 nuptum
3402 5204 3522 5248 ess;
3568 5204 3625 5237 at
3656 5204 3702 5235 δι

2006 5204 2278 5340 εξῐιξρῗιιῐι)
2308 5256 2499 5325 fuerit,
2533 5261 2587 5311 et
2614 5256 2856 5340 duplum
2880 5255 3198 5340 necessario
3230 5252 3544 5340 apparebit.
3566 5253 3702 5333 Spe-

2004 5324 2224 5385 cialiter
2252 5333 2443 5383 tamen
2476 5324 2539 5382 ac
2568 5324 2926 5398 regulariter,
2966 5331 3028 5381 ut
3054 5327 3176 5381 haec
3204 5324 3489 5398 categoria
3518 5324 3703 5398 mani-

2007 5400 2204 5457 festius
2227 5399 2613 5470 diguoscatur,
2635 5395 2781 5470 base
2803 5399 2892 5470 via
2909 5395 3026 5470 est,
3061 5412 3173 5470 qua
3204 5395 3477 5449 debemus
3506 5395 3704 5449 adver-

2007 5476 2147 5540 tere,
2171 5466 2460 5525 non'recte
2481 5469 2593 5526 dici
2622 5470 2693 5525 ad
2714 5467 2947 5540 aliquid,
2972 5466 3089 5540 nisi;
3111 5482 3242 5521 cum
3262 5473 3560 5540 itaQémcrrov
3589 5474 3705 5536 πρὸς

2007 5536 2307 5613 καθέᾷιαστρν
2328 5547 2639 5613 ἀναφέρεται,
2670 5542 2775 5595 hoc
2797 5536 2888 5613 est
2906 5538 3199 5613 singulare
3216 5537 3286 5592 ad
3308 5536 3596 5613 singulare
3611 5553 3707 5613 _r_e-

2008 5614 2207 5670 fertur.
2240 5612 2298 5668 Si
2337 5607 2570 5684 quidem
2618 5607 2749 5684 cum
2783 5607 3327 5684 dicimusdupium,
3370 5607 3493 5684 sine
3531 5608 3704 5684 dubio

2010 5700 2127 5766 neu
2158 5678 2522 5766 generaliter,
2554 5680 3008 5766 sedIspecialiter
3030 5678 3410 5766 hoe’duplum
3440 5678 3705 5766 dicimus,

2011 5756 2067 5811 et
2094 5750 2268 5827 hujus
2311 5754 2509 5827 simpli
2539 5750 3074 5827 duplumdicimus.
3117 5753 3196 5827 Ac
3234 5750 3537 5827 propterea
3574 5755 3709 5827 tuuc

2013 5843 2143 5883 vere
2177 5820 2258 5882 'ad
2298 5820 2514 5895 aliquid
2555 5820 2841 5894 categoria
2869 5827 2971 5891 est,
3014 5820 3258 5895 quoties,
3305 5820 3461 5878 verbi
3506 5820 3709 5894 gratia,
