4056 6418
1754 336 2179 393 CATEGORL‘E
2220 328 2503 393 DECEM.‘
3763 325 3952 379 1432

2173 463 2510 530 pennatum,
2532 457 2619 530 vel
2639 455 2840 530 capitis
2865 454 3172 530 capitatam
3197 470 3211 508 :
3239 453 3296 530 id
3317 467 3576 524 namque
3605 451 3712 523 qui
3742 451 3956 506 dixe—

2175 528 2266 596 rit,
2317 529 2671 583 irridebitur.
2723 528 2850 581 Esse
2894 528 3043 579 enim
3093 529 3364 596 pennato,
3416 540 3534 578 non
3583 539 3654 577 ex
3694 535 3954 596 peritia

2176 593 2492 666 descendit;
2536 615 2719 670 neque
2780 613 2971 666 penna
3019 593 3370 670 ex'pcnnato
3397 599 3650 648 constat.
3685 593 3954 670 Simili:

2175 675 2371 742 terque
2400 665 2708 742 capitatim
2739 665 2853 721 non
2880 673 3099 742 constat
3119 665 3205 720 fex
3245 667 3462 742 capite,_
3484 681 3685 736 neque
3725 681 3848 742 cap
3857 665 3954 742 fit

2175 759 2240 795 ex
2278 733 2530 812 capitato
2573 740 2796 793 videtur
2837 737 3162 812 consistere.
3196 741 3269 791 At
3312 733 3466 808 quod
3508 733 3645 790 vere
3680 737 3758 789 ad
3795 733 3953 812 alli-

2175 813 2310 884 quid
2353 807 2566 866 dicitur
2612 810 2864 884 converti
2905 825 3010 884 per
3055 808 3203 884 vices
3245 807 3456 878 potest,
3505 813 3571 860 ut
3619 807 3948 884 superius

375 337 500 391 1431

371 458 657 513 Socratem
688 457 1002 529 Chrysippo
1043 458 1284 513 dicimus
1313 474 1432 512 esse
1467 461 1623 513 vultu
1673 458 2055 515 consimilem.

371 529 652 584 Caeterum
685 545 798 599 quo
827 534 989 600 pacto
1040 530 1123 582 vel
1173 530 1320 600 quis,
1355 531 1439 584 vel
1470 531 1557 583 cui
1591 530 1661 584 sit
1709 531 1911 585 similis
1967 532 2065 584 de-

374 600 839 666 monstrabimus,
867 599 976 653 nisi
1004 604 1059 652 et
1088 599 1213 670 quis
1239 600 1436 653 similis
1453 601 1543 666 sit,
1574 606 1628 654 et
1650 601 1740 654 cui
1769 602 1841 654 sit
1865 601 2066 654 similis

375 671 748 742 personaliter
791 670 1142 742 indicemus?
1174 671 1280 724 Sed
1319 675 1451 724 sunt
1493 672 1764 742 quidnam
1806 672 1904 742 qui
1934 673 2067 726 huic

377 741 696 796 deﬁnitioni
725 741 955 812 rvelintr
984 757 1208 794 movere
1266 741 1612 812 superfluam
1669 741 2062 812 quaastionem,

378 816 693 893 asserentes
720 811 960 864 inveniri
988 828 1150 881 posse
1173 811 1480 893 ad‘ali‘quid
1499 811 1724 893 dictum
1754 815 1903 884 quod
1935 819 2066 893 ante

377 883 464 946 sit,
484 885 538 935 et
554 886 746 953 postea
768 887 1027 935 nascatur
1058 883 1206 952 quod
1234 883 1302 937 de
1329 883 1452 953 ipso
1484 883 1682 938 debeat
1709 883 2062 953 nuncupari;

381 957 440 1007 ut
463 956 583 1022 jam
631 952 925 1005 videantur
973 953 1094 1006 haec
1125 954 1238 1008 duo
1271 970 1373 1006 nec
1412 959 1538 1007 ortu
1588 971 1691 1007 nec
1721 952 1920 1007 occasu
1959 955 2067 1008 sibi

380 1040 498 1077 csse
528 1023 826 1091 conjuncta
853 1039 865 1076 :
900 1039 964 1076 ac
993 1023 1132 1094 dant
1175 1025 1436 1094 exempla
1475 1025 1681 1077 scibilis
1711 1030 1767 1078 et
1795 1025 2063 1092 scientiae,

378 1098 689 1146 asserentes
737 1093 1106 1165 anteiscibile
1138 1093 1418 1162 fuisse,’et
1464 1100 1588 1165 post
1620 1096 1742 1164 ejus
1773 1095 2069 1150 scientiam

378 1167 758 1236 consecutam.
777 1165 818 1236 Υ
822 1180 850 1236 e
859 1164 942 1217 rbi
955 1165 1134 1236 gratia
1148 1166 1294 1234 apud
1311 1164 1684 1236 geometricos
1703 1171 1829 1218 ante
1845 1175 2067 1235 γραμμῆ,

378 1236 465 1288 vel
495 1233 738 1288 circulus
777 1234 900 1306 fuit,
935 1235 1029 1288 sed
1061 1233 1258 1289 eorum
1297 1233 1531 1289 scientia
1560 1241 1752 1306 postea
1776 1252 1808 1288 a
1830 1233 2070 1306 sapien-

378 1306 531 1377 tibus
561 1305 974 1373 comprehensa
1002 1310 1122 1377 est:
1154 1305 1575 1377 proptereaque
1601 1311 1728 1361 ante
1759 1305 1931 1360 fuisse
1962 1309 2068 1359 sci-

378 1376 512 1447 bile,
547 1376 604 1428 in
652 1391 764 1444 quo
812 1377 990 1445 possit
1035 1376 1267 1430 scientia
1299 1376 1552 1446 reperiri.
1588 1379 1699 1430 Hoc
1733 1381 2068 1447 argumento

379 1446 557 1517 igitur
586 1449 908 1500 monstrant
939 1448 1117 1500 multa
1154 1464 1271 1519 esse
1303 1449 1471 1519 hujus
1510 1446 1828 1518 categorias,
1865 1448 2071 1519 quibus

380 1533 493 1570 non
522 1521 578 1569 et
610 1521 768 1568 ortus
791 1521 847 1568 et
891 1532 1118 1569 occasus
1163 1518 1422 1572 videatur
1468 1534 1586 1572 esse
1637 1518 1972 1572 communis.
2007 1519 2072 1571 Et

382 1586 666 1640 sensibilis
711 1586 864 1639 enim
909 1603 1218 1659 sensusque
1253 1590 1593 1659 exemplum
1638 1589 1812 1643 simili
1854 1589 2071 1642 ratione

381 1665 642 1730 constare
687 1657 1070 1730 contendunt:
1116 1657 1394 1730 siquidem
1434 1657 1728 1713 sensibilia
1774 1664 1905 1713 ante
1951 1660 2070 1712 fue-

382 1730 518 1784 rint.
568 1728 855 1800 Elementa
901 1728 1054 1782 enim
1089 1728 1314 1799 quibus
1363 1745 1533 1784 omne
1581 1745 1788 1800 corpus
1833 1734 2068 1795 constat,

380 1808 511 1853 ante
559 1798 808 1871 fuerunt,
863 1813 1036 1867 quam
1094 1798 1300 1871 corpus
1347 1817 1410 1854 ex
1470 1798 1832 1871 hisaliquod
1881 1816 2072 1854 nasce-

383 1875 572 1942 retur,_
601 1868 659 1920 in
691 1883 819 1942 quo
836 1884 1033 1942 sensus
1068 1868 1348 1924 existeret.
1385 1871 1482 1924 His
1513 1868 2072 1942 igiturfargumentis

381 1939 684 2012 ostendunt
715 1937 1103 1994 deﬁnitionem
1133 1942 1455 2012 categorias,
1490 1937 1617 2010 quae
1651 1941 1718 1994 ad
1749 1937 1958 2012 aliquid
1993 1942 2072 1994 di-

382 2011 550 2082 citur,
591 2024 706 2062 non
758 2012 907 2062 recte
965 2026 1083 2064 esse
1132 2011 1387 2065 deﬁxam.
1442 2014 1568 2065 Haec
1625 2013 1809 2066 solent
1844 2011 2069 2082 iparum

380 2081 685 2150 diligenter
714 2083 975 2134 naturam
1003 2098 1194 2136 rerum
1225 2083 1512 2136 intuentes
1550 2087 1821 2136 astruere.
1869 2081 2073 2137 Omnia

380 2151 532 2205 enim
564 2165 692 2221 qua:
721 2154 869 2224 sunt,
917 2155 1013 2224 aut
1057 2153 1307 2224 naturali
1350 2153 1608 2224 potentia
1648 2153 1912 2206 dicuntur
1951 2169 2071 2206 esse

381 2226 479 2276 aut
553 2218 882 2290 operatione
959 2222 1224 2294 faciendi,
1293 2218 1433 2294 quas
1505 2224 1682 2278 Graeci
1751 2231 1954 2292 δύναμιν
1992 2233 2074 2278 καὶ

381 2299 624 2364 ἐνέργειαν
680 2295 902 2364 vocant.
961 2293 1108 2357 Quas
1185 2294 1231 2346 si
1297 2293 1424 2364 quis
1488 2310 1749 2364 separare
1809 2295 2069 2354 voluerit,

380 2360 507 2435 nec
539 2363 656 2416 ulla
705 2360 972 2417 societate
1011 2360 1356 2418 confundere
1402 2360 1681 2434 intelliget
1735 2365 1805 2417 ad
1855 2364 2072 2435 aliquid

381 2433 597 2505 dictum
627 2447 743 2488 non
774 2447 939 2501 posse
969 2451 1088 2489 esse
1121 2435 1240 2489 sine
1270 2436 1468 2501 altero,
1505 2433 1665 2505 cujus
1697 2451 1816 2488 esse
1845 2433 2068 2488 dicitur.

380 2504 574 2576 Scibili
603 2505 755 2560 enim
789 2511 1010 2576 γραμμῆ,
1041 2505 1154 2558 sive
1179 2505 1410 2571 circulo,
1438 2506 1500 2558 in
1543 2504 1664 2576 ipso
1693 2510 2072 2576 ortuqnaturaz

382 2574 617 2646 scientia
663 2574 1005 2631 sociata’est.
1038 2576 1229 2646 Simul
1267 2591 1536 2646 namque
1566 2574 1658 2629 ‘ut
1711 2574 1905 2629 scibile
1951 2591 2072 2629 esse

379 2644 568 2715 coepit,
603 2646 800 2701 habuit
852 2645 1143 2700 scientiam
1192 2645 1300 2711 sui,
1332 2644 1700 2701 sed—necdum
1732 2653 1963 2716 ἑνεργεια,
2016 2647 2069 2699 id

383 2719 467 2768 est
513 2718 840 2784 operatione
889 2721 1200 2771 monstrata
1239 2720 1340 2770 est.
1388 2718 1507 2770 Non
1556 2733 1689 2786 ergo
1730 2721 1865 2769 tunc
1903 2717 2075 2786 coepit

383 2801 504 2858 esse
552 2786 784 2858 scientia
828 2788 970 2858 ejus,
1019 2787 1242 2858 quando
1285 2787 1452 2856 coapit
1495 2787 1738 2857 operari,
1789 2788 1887 2840 sed
1943 2803 2072 2841 cum

382 2855 504 2926 ipso
526 2857 706 2911 scibili
726 2855 980 2922 orta'est,
1003 2855 1253 2928 operatio
1277 2855 1471 2928 postea
1491 2855 1577 2911 est
1603 2863 1925 2911 consecuta.
1953 2857 2072 2911 Dis-

383 2930 815 2998 cernereenim
874 2945 975 2982 nos
1033 2932 1255 2998 oportet
1318 2928 1667 2998 operationis
1721 2928 2068 2982 exordium:

381 3000 516 3050 tunc
555 2997 708 3052 enim
749 3015 1052 3070 possumus
1072 2997 1375 3052 advertere
1408 2998 1700 3052 scientiam
1731 3015 1860 3052 cum
1891 2998 2072 3070 scibili

382 3083 499 3121 esse
547 3069 926 3138 procreatam,
973 3070 1364 3139 operationem
1413 3086 1540 3123 vero
1589 3070 1710 3139 ejus
1741 3069 2070 3139 apparuisse

380 3140 966 3212 posteajndagatione
988 3140 1376 3212 prudentium.
1401 3140 1618 3204 Quibus
1639 3140 1907 3210 depulsis,
1932 3139 2072 3212 opti-

381 3224 472 3261 ma
502 3209 761 3265 deﬁnitio
796 3216 877 3264 est
907 3211 975 3265 ad
989 3209 1217 3281 aliquid
1243 3211 1592 3281 relatorum,
1635 3209 1858 3280 semper
1896 3209 2068 3264 easi-

380 3280 616 3351 mulvel
649 3282 954 3351 exstingui,
990 3282 1075 3334 vel
1101 3280 1272 3334 nasci.
1302 3281 1446 3334 Illud
1475 3297 1608 3334 sane
1642 3281 1915 3334 debemus
1946 3297 2065 3334 me-

381 3349 561 3422 moria
600 3349 887 3422 continere
927 3368 1039 3405 non
1083 3351 1385 3422 omniaad
1431 3352 1646 3422 aliquid
1686 3352 1834 3405 dicta
1871 3351 2073 3406 iisdem

381 3419 599 3492 casibus
629 3421 828 3492 referri
857 3423 926 3475 ad
959 3439 1024 3474 ea
1049 3422 1254 3492 quibus
1275 3419 1624 3492 junguntur;
1657 3423 1751 3475 sed
1784 3423 1895 3475 alia
1920 3423 2076 3491 geni-

378 3489 697 3562 tivocasui,
736 3492 842 3544 alia
877 3489 1084 3558 dativo,
1127 3489 1409 3562 pleraque
1430 3493 1673 3545 ablativo
1705 3489 1971 3562 copulari.
2012 3495 2074 3547 Et

381 3559 631 3633 genitivo
668 3562 928 3633 quidem,
963 3567 1025 3614 ut
1054 3559 1245 3614 servus
1297 3559 1531 3633 domini,
1572 3559 1812 3633 duplum
1847 3563 2064 3632 simpli.

382 3630 598 3702 _D_ativo,
634 3630 820 3686 simile.
854 3633 1046 3700 simili,
1079 3649 1184 3702 par
1211 3631 1351 3702 pari.
1399 3630 1674 3686 Ablativo
1698 3649 1851 3701 vero,
1889 3630 2073 3687 sensi-

377 3699 490 3772 bile
528 3718 694 3755 sensu
726 3699 1241 3772 sensibile,rséibile
1275 3703 1510 3757 scientia
1543 3703 1752 3771 scibile,
1788 3699 1843 3758 et
1869 3710 2074 3759 caetera

375 3771 725 3841 hujusmodi,
771 3790 899 3844 quae
937 3771 1105 3828 variis
1149 3773 1370 3828 casibus
1411 3774 1644 3828 alterius
1674 3775 1940 3828 societate
1973 3791 2072 3829 ne-

377 3846 627 3915 ctuntur.
658 3845 808 3899 Inest
837 3849 1030 3899 autem
1075 3845 1206 3898 huic
1237 3845 1534 3915 categorize
1565 3850 1620 3898 et
1658 3845 1762 3899 soli
1805 3851 1862 3900 et
1891 3846 2068 3914 omni,

377 3918 441 3966 ut
457 3912 923 3986 interconjuncta
943 3916 1075 3984 duo,
1101 3931 1229 3986 quas
1250 3931 1314 3969 ex
1337 3912 1394 3968 se
1414 3916 1722 3986 pendeant,
1747 3915 1818 3970 sit
1855 3912 2074 3970 alterna

375 3984 692 4058 conversio,
729 3984 856 4056 quae
896 4003 1078 4058 graece
1116 3984 1324 4040 dicitur
1361 3984 1674 4058 ἀνῖτιστροςρή.
1721 3988 1789 4058 Ut
1831 3987 2072 4058 duplum

375 4053 566 4129 simpli
589 4053 816 4129 dicitiir,
849 4053 1200 4129 et'simplum
1231 4057 1410 4129 dupli,
1441 4062 1498 4110 et
1523 4053 1714 4129 servus
1742 4053 1980 4129 domini,
2016 4062 2073 4129 et

375 4074 566 4123 sunpu
589 4074 816 4126 cicuur,
849 4074 905 4111 et
931 4074 1200 4129 simplum
1231 4074 1303 4111 ou
1355 4074 1410 4123 ιι,
1441 4074 1498 4110 et
1523 4074 1714 4111 servus
1742 4074 1980 4125 domini,
2016 4074 2071 4113 et

375 4124 639 4179 dominus
670 4127 832 4199 servi.
867 4129 1118 4199 Apparet
1146 4144 1282 4199 ergo
1310 4074 1432 4181 haec
1473 4127 1734 4199 copulata
1771 4127 1977 4182 vicaria
2011 4128 2071 4183 in

373 4200 550 4270 semet
579 4197 1242 4270 replicatione—converti,
1277 4198 1325 4251 si
1355 4203 1546 4270 tamen
1577 4197 1818 4270 scienter
1850 4203 1908 4253 et
1934 4214 2069 4270 pru-

373 4265 570 4337 denter
597 4265 704 4322 ista
733 4269 830 4324 fiat
858 4269 1169 4324 conversio.
1205 4270 1343 4322 Nam
1377 4268 1422 4322 si
1451 4268 1714 4337 imperite
1743 4269 1865 4322 haec
1906 4265 2068 4324 voca-

373 4336 507 4410 bula
537 4345 958 4410 convertantur,
995 4340 1177 4394 oritur
1208 4355 1414 4409 magna
1443 4336 1699 4392 confusio
1724 4355 1736 4392 :
1774 4343 1834 4392 ut
1865 4339 1911 4410 si
1941 4341 2069 4410 quis

371 4406 637 4479 imperite
685 4409 911 4477 dixerit,
943 4406 1069 4463 avis
1105 4406 1376 4479 pennam,
1417 4411 1588 4479 stulta
1627 4409 1918 4463 conversio
1956 4406 2065 4464 cst.

371 4477 496 4559 rion
525 4479 674 4532 enim
701 4496 890 4550 penna
917 4477 1396 4559 omnis—avisest:
1423 4478 1470 4559 si
1493 4479 1724 4559 quidem
1755 4484 1888 4534 sunt
1916 4497 2070 4551 quae-

369 4547 500 4602 dam
520 4547 742 4620 penna—e,
759 4567 888 4622 quae
906 4567 1022 4604 non
1044 4555 1174 4622 sunt
1191 4550 1399 4622 avium,
1417 4547 1831 4622 utcicadarum,
1849 4547 2069 4605 musca-

370 4634 520 4692 rum,
544 4620 1011 4692 caeterorumque
1029 4620 1384 4686 animalium,
1415 4637 1542 4692 quas
1565 4621 1832 4674 similiter
1860 4627 2066 4677 natura

368 4689 644 4762 formavit.
667 4691 825 4754 Quod
848 4689 1047 4762 si'quis
1059 4707 1307 4762 pennam
1326 4689 1553 4762 pen'nati
1577 4707 1821 4762 pennam
1836 4693 2063 4760 dixerit,

367 4761 530 4883 quasi
559 4765 682 4814 rata
711 4761 1000 4815 conversio
1039 4761 1139 4816 est.
1173 4764 1286 4816 Hoc
1324 4761 1444 4817 loco
1477 4761 1700 4816 libitum
1745 4768 1848 4828 est,
1895 4779 2061 4834 quas-

405 4845 496 4883 am
527 4831 808 4883 tenebras.
845 4849 972 4883 eum
1003 4849 1294 4883 emergere
1317 4849 1380 4883 ex
1407 4833 1830 4883 catecoriarum
1859 4833 2061 4883 simili-

405 4845 496 4904 arn
527 4831 808 4904 tenebras,
845 4849 972 4904 quae
1003 4849 1294 4900 emergere
1317 4849 1380 4886 ex
1407 4833 1830 4903 categoriarum
1859 4831 2062 4887 simili-

365 4900 562 4955 tudine
595 4900 1133 4975 assolentfaperire.
1167 4904 1460 4975 Siquidem
1493 4900 1623 4958 cum
1649 4903 1891 4975 dicimus
1919 4921 2062 4974 pen-

364 4987 498 5048 nam
529 4973 780 5048 pennati,
815 4977 872 5026 et
899 4973 1068 5044 caput
1103 4973 1351 5048 capitati,
1396 4975 1658 5048 videmur
1693 4973 2061 5048 usiaepartes

365 5041 840 5115 inpaccidentibus
873 5041 1106 5115 ponere.
1155 5041 1348 5100 Penna
1392 5046 1543 5099 enim
1575 5045 1695 5098 sine
1727 5041 1899 5099 dubio
1929 5063 2061 5115 pars

363 5113 501 5168 usiaz
531 5119 632 5186 est,
667 5115 753 5168 vel
781 5113 956 5185 caput
982 5117 1067 5169 vel
1098 5132 1318 5184 manus,
1350 5133 1478 5186 quas
1513 5116 1557 5169 si
1579 5117 1646 5169 ad
1671 5116 1888 5186 aliquid
1918 5113 2060 5170 refe-

362 5190 579 5257 rantur,
615 5185 762 5238 inter
784 5186 948 5257 iusias
981 5190 1037 5239 et
1075 5187 1143 5240 ad
1173 5185 1386 5257 aliquid
1427 5187 1711 5241 videbitur
1747 5185 1904 5239 nulla
1935 5202 2056 5241 esse

361 5254 642 5310 discretio.
678 5257 749 5311 Ut
777 5256 954 5328 igitur
981 5254 1312 5311 amoveatur
1350 5257 1614 5312 universa
1646 5256 1923 5322 confusio,
1956 5259 2055 5311 ad-

359 5330 576 5407 vertere
615 5343 715 5381 nos
751 5333 996 5409 oportet.
1020 5344 1132 5452 qqo
1174 5332 1355 5406 pacto,
1387 5333 1444 5408 et
1481 5345 1611 5382 vere
1642 5328 1955 5408 et'proprie
1986 5329 2055 5384 ad

359 5396 575 5452 aliamd
625 5397 924 5452 deﬁnitum
955 5403 1044 5452 snt.
1100 5404 1154 5452 ta
1175 5414 1330 5452 enim
1360 5415 1480 5452 eius
1503 5399 1758 5452 deﬁnitio
1781 5415 1838 5451 se
1863 5399 2051 5452 habet.

359 5395 575 5469 aliquid
625 5395 924 5453 deﬁnitum
955 5395 1054 5453 sit:
1074 5395 1154 5452 Ita
1175 5395 1330 5452 enim
1360 5399 1480 5468 ejus
1503 5395 1758 5453 deﬁnitio
1781 5395 2051 5469 se'habet,

359 5471 423 5518 ut
453 5467 673 5541 dicatur
699 5470 767 5522 ad
797 5470 1030 5541 aliquid,
1064 5470 1227 5540 cujus
1255 5469 1309 5522 id
1342 5467 1492 5539 quod
1522 5473 1606 5541 est
1633 5470 1845 5538 pendet
1873 5485 1940 5522 ex
1969 5467 2052 5523 al;

355 5539 738 5612 tero,‘cu_ique
769 5539 993 5594 necesse
1025 5541 1095 5594 sit
1124 5539 1510 5612 singulariter,
1540 5539 1709 5612 idest
1733 5547 2049 5612 metuo-my,

355 5607 562 5680 vicaria
591 5607 663 5662 in
682 5617 860 5665 semet
897 5607 1519 5666 mutatione'convcrti.
1565 5611 1681 5664 Hoc
1707 5612 1834 5680 quis
1858 5607 2048 5664 censi-4

359 5677 574 5746 derata,
624 5681 886 5750 reperiet,
923 5698 1029 5755 nec
1074 5683 1308 5755 pennati
1357 5698 1628 5755 pennam,
1681 5677 1780 5735 nec
1818 5681 2050 5755 capitati

359 5700 574 5746 υθτειιο,
624 5700 886 5750 reperiet,
923 5700 1029 5736 nec
1074 5700 1308 5806 pennati
1357 5700 1628 5755 pennam,
1681 5700 1780 5735 nec
1818 5700 2050 5750 capltau

356 5754 526 5818 caput
559 5755 708 5825 recte
737 5753 1015 5825 possead
1045 5770 1076 5805 a
1103 5754 1256 5825 iquid
1301 5753 1625 5809 nominari:
1658 5769 1772 5825 non
1804 5754 1954 5806 enim
1987 5756 2050 5806 ut

355 5821 588 5890 pennati
619 5837 866 5892 pennam
895 5821 1159 5892 dicimus;
1188 5826 1266 5879 sic
1294 5841 1595 5896 possumus
1624 5824 1810 5880 dicere
1840 5839 2046 5894 pennae

2175 875 2440 947 diximus,
2484 875 2933 936 dominus-servi
2980 875 3266 940 dominus;
3311 884 3367 932 et
3414 894 3614 931 servus
3663 875 3942 931 domini

2175 970 2366 1007 servus
2399 969 2412 1007 ἒ
2449 957 2504 1006 0t
2551 967 2743 1006 l‘llI‘SllS
2785 951 3066 1004 SllbU‘RCtO
3113 965 3274 1002 servo
3317 949 3586 1003 dominus
3624 964 3751 1001 non
3785 953 3939 1006 est,

2177 1029 2394 1077 remoto
2435 1024 2667 1077 domino
2708 1037 2810 1075 nec
2850 1037 3042 1074 servus
3081 1024 3336 1090 apparet.
3379 1021 3713 1073 Pennatum
3756 1034 3942 1072 vero

2176 1111 2295 1148 esse
2324 1111 2360 1164 p
2386 1094 2554 1159 iterit,
2586 1093 2755 1147 etiam
2781 1108 2972 1162 penna
3000 1095 3302 1164 pereunte;
3323 1094 3380 1164 _e_t
3402 1106 3633 1143 rursum
3669 1105 3936 1164 penna,

2175 1161 2449 1235 pereunte
2476 1169 2747 1234 pennato,
2778 1161 2964 1235 potest
2993 1162 3717 1235 esse.AConsiderata_ergo
3749 1161 3936 1235 deﬁ-

2175 1232 2393 1290 nitione
2424 1232 2592 1305 hujus
2621 1233 2942 1305 categoriaa,
2975 1233 3186 1305 poterit
3223 1233 3396 1305 etiam
3427 1232 3795 1305 confusionis
3829 1247 3930 1284 ex

2177 1302 2550 1360 similitudine
2600 1302 2804 1360 exortae
2845 1302 3107 1357 discretio
3156 1302 3681 1373 reperiri.7Eodem
3724 1307 3933 1373 pacto

2176 1393 2480 1448 possumus
2510 1377 2654 1429 hanc
2683 1374 3025 1448 categoriam
3058 1379 3113 1426 et
3147 1372 3647 1448 ab"oppositortim
3681 1372 3931 1448 simili-

2176 1443 2374 1502 tudine
2403 1463 2683 1516 separare.
2709 1443 2848 1499 Nam
2879 1450 2936 1498 et
2961 1443 3223 1514 opposita
3253 1444 3932 1516 ἀντικείμξναηΑΓὶβῇοῐε-

2178 1519 2258 1572 les
2304 1515 2482 1582 vocat,
2524 1517 2828 1588 quamdam
2878 1516 3048 1588 hujus
3094 1516 3398 1588 categorias
3445 1515 3934 1588 similitudines];

2179 1588 2430 1642 reddunt
2456 1604 2468 1640 :
2499 1583 2782 1658 siquidem
2811 1583 3058 1658 calidum
3089 1591 3144 1638 et
3168 1586 3442 1658 frigidum
3475 1585 3754 1658 videntur
3784 1583 3932 1637 sibi

2179 1656 2881 1729 oppositioniisccietateg
2907 1657 3254 1729 conjuncta:
3303 1656 3399 1729 sed
3455 1656 3714 1729 calidum
3775 1671 3932 1708 non

2179 1726 2371 1800 frigidi
2417 1728 2686 1800 calidum,
2719 1729 2812 1800 sed
2847 1727 3065 1800 ifrigido
3117 1726 3448 1800 oppositum
3489 1727 3785 1800 dicimus;
3847 1731 3929 1779 et

2173 1797 2392 1871 justum
2443 1815 2558 1852 non
2597 1798 2793 1871 injusti
2837 1799 3076 1871 justum,
3121 1797 3217 1850 sed
3265 1797 3485 1871 injuste
3527 1797 3926 1871 contrarium

2179 1815 2392 1871 justum
2443 1815 2558 1852 non
2597 1815 2793 1867 injusu
2837 1815 3076 1922 juswm,
3121 1815 3217 1850 seu
3265 1815 3476 1866 injusw
3527 1815 3924 1850 contrarium

2179 1870 2558 1924 nominamus.
2589 1869 2832 1923 Aristote
2860 1885 2917 1922 es
2937 1868 3190 1938 quidem,
3215 1872 3281 1920 ut
3309 1869 3370 1920 in
3399 1867 3692 1938 principio
3719 1868 3924 1938 hujus

2179 1941 2478 2011 categorias
2507 1939 2774 2002 diximus,
2807 1941 2986 1992 multa
3027 1939 3290 2011 exempla
3318 1938 3615 2011 proponit,
3649 1955 3786 2011 quas
3827 1938 3921 1991 ad

2179 2008 2328 2065 hanc
2355 2028 2468 2064 non
2500 2011 2604 2064 sub
2633 2016 2785 2064 certa
2813 2011 2996 2064 forma
3029 2008 3311 2079 pertinere
3341 2008 3919 2074 videantur,’volens

2179 2083 2248 2136 de
2278 2081 2755 2152 consequentibus
2784 2081 3200 2152 reprehendere
3219 2079 3362 2152 vitia
3385 2089 3760 2152 caeterorum,
3789 2079 3916 2150 qui

2179 2149 2532 2229 hanc‘secus
2578 2151 2814 2229 deﬁnire
2851 2149 3178 2229 voluerunt.
3217 2149 3490 2229 Denique
3513 2149 3914 2229 et.vir_tutem

2180 2223 2409 2276 malitia!
2441 2227 2497 2276 et
2521 2222 2768 2275 scientia:
2799 2220 3202 2290 ignorantiam,
3235 2220 3396 2290 quasi
3427 2220 3494 2274 ad
3524 2220 3752 2291 aliquid
3784 2236 3914 2290 po-

2181 2293 2310 2364 suit,
2342 2309 2522 2364 eaque
2555 2293 2693 2346 dixit
2721 2308 2904 2364 posse;
2925 2291 3580 2364 reciperecontrarium,
3616 2307 3743 2364 non
3773 2308 3909 2362 quo

2181 2363 2258 2416 ita
2285 2379 2373 2416 res
2400 2361 2666 2435 postulet,
2690 2361 2789 2416 sed
2811 2367 2870 2416 ut
2891 2361 3116 2416 indocte
3146 2361 3728 2435 dissere_ntium_vitia_
3759 2361 3908 2432 pios-

2180 2438 2263 2487 set
2283 2431 2601 2488 ostendere.
2636 2435 2764 2487 Hinc
2790 2449 3056 2503 namque,
3082 2436 3142 2484 ut
3171 2431 3433 2500 superius
3453 2431 3907 2502 explicavimus,

2182 2504 2445 2574 opposita
2461 2505 2653 2574 potius
2680 2520 2850 2574 quam
2878 2504 2946 2557 ad
2973 2503 3188 2574 aliquid
3213 2503 3362 2556 dicta
3383 2503 3700 2572 judicanda
3733 2509 3904 2557 sunt.

2183 2573 2314 2629 Mihi
2349 2573 2498 2637 vero,
2531 2579 2594 2646 ut
2623 2579 2678 2627 et
2697 2573 2815 2646 ipsi
2846 2573 3129 2646 Aristoteli
3158 2574 3362 2646 placet,
3394 2574 3579 2646 magis
3611 2580 3671 2628 et
3694 2575 3909 2646 minus

2181 2647 2303 2700 ha’c
2346 2645 2651 2715 categoria,
2681 2643 2797 2699 non
2844 2644 3032 2715 omnis
3071 2643 3328 2715 quidem,
3361 2659 3466 2697 nec
3500 2643 3626 2698 sola
3664 2645 3913 2699 videtur

2181 2733 2345 2787 posse
2371 2714 2674 2784 suscipere.
2710 2715 2904 2769 Simile
2931 2714 3083 2768 enim
3106 2714 3368 2787 cuilibet,
3393 2720 3450 2768 et
3470 2715 3654 2783 magis
3676 2715 3907 2780 simile,

2181 2785 2237 2840 et
2278 2787 2467 2840 minus
2510 2787 2702 2857 simile
2745 2801 3046 2857 possumus
3088 2785 3293 2857 dicere.
3343 2786 3452 2857 Sed
3499 2787 3607 2839 hoc
3652 2802 3783 2857 non
3837 2787 3906 2840 in

2181 2857 2468 2918 omnibus,
2499 2861 2561 2910 ut
2596 2855 2906 2928 dixi,'qua:
2943 2859 3076 2909 sunt
3110 2855 3179 2908 ad
3219 2855 3436 2928 aliquid
3475 2856 3692 2926 poterit
3725 2857 3904 2910 inve-

2183 2928 2310 2981 niri.
2341 2929 2594 2998 Namque
2625 2943 2727 2981 nec
2759 2927 2942 2998 magis
2967 2931 3149 2996 pater,
3171 2942 3276 2998 nec
3303 2927 3492 2998 minus
3516 2932 3682 2996 pater
3695 2932 3905 2997 potest

2182 2998 2324 3064 dici;
2358 3014 2462 3051 nec
2502 2996 2697 3051 minus
2743 2996 2913 3060 ﬁlius,
2951 3001 3048 3050 aut
3096 2997 3278 3067 magis
3317 2996 3508 3064 tilias;
3541 3013 3647 3051 nec
3690 2996 3903 3051 minus

2181 3069 2440 3138 duplum,
2474 3073 2570 3122 aut
2599 3068 2781 3138 magis
2807 3069 3062 3138 duplum.
3094 3069 3216 3121 Non
3245 3083 3350 3121 nos
3378 3073 3570 3121 autem
3603 3069 3794 3137 fallat,
3829 3075 3904 3122 ut

2178 3145 2444 3210 putemus
2488 3139 2557 3192 ad
2604 3139 2820 3210 aliquid
2866 3154 2985 3192 esse
3025 3138 3267 3210 quoties,
3300 3138 3456 3191 verbi
3495 3139 3703 3209 gratia,
3737 3139 3895 3192 dici-

2179 3209 2328 3275 mus,
2350 3211 2510 3280 cujus
2540 3209 2738 3280 equus,
2769 3211 2854 3264 vel
2879 3210 3039 3280 cujus
3061 3209 3303 3279 lignum,
3327 3209 3412 3262 vel
3443 3211 3608 3279 cujus
3626 3210 3855 3264 fundus
3881 3228 3895 3264 :

2179 3281 2301 3334 haec
2331 3279 2485 3334 enim
2523 3279 2841 3349 dominum,
2876 3279 2963 3334 vel
2992 3279 3336 3350 possidentis
3365 3295 3674 3349 personam
3728 3297 3902 3334 mon-

2182 3352 2437 3415 strantia,
2471 3367 2590 3406 non
2620 3351 2688 3404 ad
2719 3351 2935 3422 aliquid
2975 3351 3121 3404 dicta
3148 3356 3428 3422 censenda
3457 3356 3616 3404 sunt.
3659 3353 3741 3406 De
3773 3367 3902 3422 qua

2181 3422 2465 3491 categoria
2513 3427 2791 3492 quantum
2816 3421 3155 3493 ipotuimus,
3204 3421 3634 3491 explanavimus
3682 3439 3713 3493 :7
3754 3421 3899 3476 licet

2181 3498 2338 3546 tanta
2380 3491 2685 3546 huic’cum
2729 3491 2947 3546 caeteris
2991 3491 3248 3545 videatur
3291 3507 3411 3544 esse
3450 3492 3785 3562 permixtio,
3831 3500 3899 3546 ut.

2182 3563 2300 3634 ipse
2331 3579 2559 3633 quoque
2597 3564 2923 3616 Aristoteles
2961 3563 3130 3632 hujus
3161 3561 3566 3616 discretionem
3609 3565 3768 3618 haud
3803 3566 3897 3617 fa-

2180 3635 2283 3687 cile
2316 3633 2609 3704 repcrerit,
2647 3634 2806 3703 cujus
2850 3634 3019 3688 etiam
3053 3635 3223 3703 longa
3264 3649 3326 3686 ac
3357 3634 3629 3688 diuturna
3662 3651 3784 3688 non
3816 3635 3900 3688 sit

2182 3704 2449 3758 indecens
2479 3705 2824 3758 retractatio.

2181 3776 2406 3830 CAPUT
2437 3776 2548 3829 ΧΠ.
2576 3805 2644 3816 --
2664 3779 2736 3830 De
2757 3777 3038 3845 qualitate.
3069 3777 3279 3845 Species
3305 3776 3594 3844 qualitatis
3624 3780 3894 3844 quatuor,

2253 3846 2500 3900 Habitus.
2535 3847 2782 3916 A/fectio.
2823 3850 3065 3901 Potentia
3093 3848 3385 3902 naturalis.
3418 3848 3657 3901 Passivae
3697 3849 3886 3915 quali-

2253 3920 2387 3970 tates
2400 3957 2412 3968 .

2251 3987 2412 4040 Nunc
2463 3987 2531 4041 de
2570 3987 2840 4058 qualitate
2886 3991 3212 4055 tractemus,
3245 3987 3560 4043 secundum
3609 4003 3791 4058 quam
3823 4004 3897 4043 ea

2181 4072 2309 4128 qua:
2341 4061 2492 4126 sunt,
2524 4058 2716 4128 qualia
2743 4064 3166 4128 nuncupantur.
3201 4059 3360 4113 Multi
3389 4064 3580 4112 autem
3613 4066 3897 4128 quaerunt

2181 4127 2321 4198 quid
2349 4128 2431 4201 sit
2473 4127 2837 4201 qualitastet
2878 4127 3017 4200 quid
3066 4130 3252 4200 quale,
3293 4145 3537 4201 quorum
3578 4127 3762 4201 facilis
3804 4146 3895 4183 se-

2179 4198 2400 4268 paratio
2456 4204 2559 4252 est.
2590 4269 2596 4271 Α
2622 4198 2960 4262 Qualitatem
3005 4198 3266 4271 namque
3309 4198 3566 4271 fdicimus
3623 4200 3890 4254 dulcedi-

2180 4284 2355 4341 nem,‘
2390 4269 2799 4341 austeritatem,
2858 4269 3202 4336 albedinem',
3262 4269 3644 4341 nigredinem.
3701 4271 3889 4334 Quale

2180 4355 2310 4392 vero
2341 4338 2703 4412 intelligitur,
2734 4341 3180 4412 quotiesalbum
3213 4338 3446 4412 aliquid,
3468 4341 3555 4412 vel
3581 4341 3772 4408 dulce,
3797 4345 3888 4397 vel

2178 4415 2484 4481 austerum,
2516 4411 2600 4463 vel
2651 4411 2880 4481 nigrum
2923 4411 3190 4466 dicimus.
3232 4411 3385 4466 Licet
3413 4411 3744 4465 Aristoteles
3787 4412 3884 4466 in-

2179 4480 2508 4534 ditferenter
2535 4485 2593 4553 et
2614 4480 3018 4552 pro’qualitate
3050 4483 3217 4553 quale
3246 4483 3525 4552 posuerit,
3552 4487 3609 4534 et
3638 4483 3888 4552 qualita-

2176 4555 2417 4624 tempro
2445 4552 2619 4624 quali,
2643 4557 3056 4624 proptereaque
3071 4552 3249 4606 etiam
3271 4569 3376 4605 nos
3403 4553 3670 4624 eumdem
3699 4555 3888 4608 secuti

2177 4621 2384 4694 similia
2407 4621 2772 4694 senserimus}
2805 4621 3175 4677 Hanc'autem
3201 4623 3543 4693 categoriam
3571 4629 3889 4694 propterea

2175 4692 2396 4764 cmtcris
2438 4692 2814 4764 difficiliorem
2854 4695 3068 4760 volunt,
3113 4694 3246 4764 quia
3278 4692 3497 4747 facilius
3545 4692 3722 4764 quam
3768 4712 3882 4749 caa-

2173 4767 2309 4836 terae
2331 4762 2388 4815 in
2413 4779 2612 4836 omnes
2636 4763 2860 4836 videtur
2878 4762 3169 4818 incurrere
3193 4792 3202 4818 ε
3228 4770 3289 4818 ut
3318 4770 3457 4836 puta
3477 4762 3694 4836 ini—usia
3720 4766 3882 4820 inve-

2173 4833 2349 4906 nitur,
2382 4849 2510 4906 cum
2552 4834 2812 4901 dicimus,
2844 4835 3040 4900 homo,
3074 4833 3506 4905 grammaticus;
3538 4835 3597 4888 in
3633 4842 3877 4906 quanto,

2172 4904 2300 4977 alba
2318 4905 2402 4956 vel
2425 4904 2591 4977 nigra
2615 4906 2949 4976 epiphania;
2978 4906 3034 4959 in
3063 4904 3128 4959 ad
3153 4907 3390 4976 aliquid,
3415 4904 3670 4977 prudens
3687 4912 3876 4977 pater,

2171 4974 2421 5046 optimus
2452 4974 2630 5041 ﬁlius;
2655 4974 2723 5029 in'
2748 4977 2946 5042 facere,
2981 4977 3120 5029 dure
3152 4974 3347 5044 saltat;
3372 4974 3432 5030 in
3458 4977 3596 5046 pati,
3632 4974 3740 5030 fert
3766 4979 3880 5032 for-

2170 5045 2307 5118 titer
2350 5046 2614 5118 vulnera;
2659 5047 2719 5100 in
2766 5048 2908 5118 loco,
2945 5047 3229 5118 robscurus
3266 5045 3542 5113 locus;’in
3586 5053 3870 5118 tempore.

2169 5115 2382 5189 calidus
2412 5117 2642 5189 mensis,
2670 5121 2769 5189 aut
2787 5117 3058 5189 frigidus;
3089 5117 3147 5170 in
3170 5119 3377 5188 jacere,
3405 5134 3622 5189 pronus
3652 5115 3754 5172 aut
3785 5136 3876 5174 su-

2166 5185 2336 5256 pinus
2363 5187 2544 5255 jacet;
2580 5187 2640 5240 in
2667 5185 2900 5260 habere,
2929 5185 3195 5260 decenter
3223 5185 3493 5242 armatus.
3546 5190 3664 5243 Erit
3695 5189 3876 5260 igitur

2167 5272 2501 5330 nonﬁparvaa
2541 5257 2879 5330 prudentiae,
2911 5258 3242 5328 qualitatem
3289 5276 3417 5314 cum
3465 5261 3684 5313 caeteris
3725 5257 3872 5330 pene

2165 5329 2476 5400 confusam,
2532 5327 2736 5381 mentis
2787 5327 3083 5383 vivacitate
3131 5347 3447 5385 secernere.
3505 5332 3681 5400 Hujus
3726 5327 3873 5386 sunt

2165 5399 2376 5472 species
2406 5402 2938 5472 numeroquatuor,
2972 5416 3112 5471 quas
3142 5401 3470 5472 Aristoteles
3500 5399 3606 5471 pro
3636 5404 3866 5472 generi-

2162 5468 2267 5542 _bu_s
2314 5468 2772 5542 posuit,»scilicet
2813 5468 3115 5541 propterea
3160 5471 3295 5542 quia
3338 5477 3394 5524 et
3439 5468 3574 5541 ipsa:
3623 5468 3869 5538 singula:

2160 5539 2374 5592 habent
2403 5540 2614 5608 species
2642 5555 2788 5593 suas.
2819 5539 2880 5596 Id
2904 5539 3036 5595 vero
3069 5539 3198 5596 cuni
3222 5539 3506 5608 acciderit,
3537 5543 3868 5600 subalterna

2160 5609 2549 5686 nominantur,
2594 5626 2721 5680 quae
2763 5613 2956 5686 ‘Grasci
3005 5620 3284 5686 exausta,
3310 5619 3672 5686 vocaverunt.
3723 5616 3866 5686 Ergo

2157 5681 2409 5755 primum
2441 5696 2621 5755 genus
2652 5687 2738 5736 est
2761 5683 2990 5755 habitus
3019 5690 3076 5737 et
3106 5684 3326 5737 affectio
3355 5699 3368 5738 :
3403 5685 3745 5755 secundum,
3769 5681 3868 5755 po-

2157 5751 2334 5830 tentia
2361 5751 2669 5830 naturalis:
2708 5754 2962 5830 tertium,
2993 5755 3229 5830 passiva:
3255 5755 3556 5830 qualitates
3585 5755 3706 5830 sive
3732 5751 3864 5830 pas-

2158 5824 2345 5876 siones
2379 5837 2391 5875 :
2433 5827 2721 5893 quartum,
2752 5824 2971 5891 formae,
2997 5824 3087 5880 iac
3116 5826 3335 5896 ﬁgurae.
3371 5827 3500 5882 Haec
3529 5824 3861 5884 Aristoteles
