4056 6402
161 338 327 392 1433

155 463 282 524 ἕξιν
326 469 409 513 καὶ
453 464 660 513 διάθεσιν
691 455 846 521 dixit,
881 467 1086 528 φυσικὴν
1123 464 1342 528 δύναμιν,
1389 464 1654 528 παθητιιᾴς
1696 465 1888 525 ποὶότη·

153 551 266 591 τας
325 537 579 598 καὶπάθη,
610 537 844 601 σχήματα,
887 527 1192 600 ιιαίμορςράς.
1247 527 1480 582 Habitus
1530 527 1749 582 affectio
1803 535 1887 584 est

155 601 368 654 animi
387 602 561 669 longo
590 607 849 670 tempore
879 614 1243 669 perseverans
1268 617 1280 654 :
1315 605 1377 653 ut
1402 605 1485 652 est
1509 601 1684 654 virtus
1713 605 1768 654 et
1799 601 1883 655 di-

154 671 426 742 sciplina
446 688 573 742 quae
597 671 1051 742 perseveratione
1070 671 1158 724 sui
1177 675 1231 724 et
1251 670 1630 741 perpetuitate
1662 678 1774 724 tem
1785 689 1883 741 po-

155 742 258 795 ris
293 743 672 809 aestimantur,
706 742 814 794 nisi
840 743 984 795 forte
1006 743 1357 813 easlanguor
1371 742 1624 812 corporis
1656 742 1881 813 aliquis,

159 818 234 866 et
261 829 399 868 casu
439 814 646 884 injecta
677 813 937 868 debilitas
965 814 1345 884 amputaverit
1375 813 1610 866 Affectio
1640 830 1772 866 vero
1803 818 1886 868 est

157 884 478 939 mutabilis
496 885 1000 955 mentisimpulsio,
1023 885 1107 938 vel
1132 884 1412 954 cupiditas
1434 885 1591 944 levis,
1619 901 1749 955 quae
1763 885 1885 937 bre-

157 954 230 1008 vi
269 960 530 1027 tempore
555 954 827 1010 deleatur.
859 955 1090 1027 Habitus
1111 971 1245 1026 ergo
1267 961 1325 1027 et
1343 955 1565 1009 affectio
1585 954 1762 1008 videri
1783 972 1883 1026 po-

156 1031 315 1098 test;
343 1025 412 1081 ab
461 1027 564 1080 hac
610 1043 858 1098 namque
901 1026 1120 1097 incipit,
1155 1025 1284 1080 etsi
1314 1025 1435 1096 ipsa
1481 1025 1878 1098 permanserit,

158 1096 413 1151 habitus
460 1098 730 1153 nascitur.
765 1096 1237 1152 IAffectio’autem
1271 1098 1498 1151 habitus
1543 1097 1720 1150 videri
1765 1113 1880 1151 non

157 1173 406 1238 potest;
457 1169 505 1222 si
533 1170 685 1223 enim
735 1170 802 1222 ad
842 1168 1099 1222 habitum
1145 1169 1488 1238 pervenerit,
1544 1169 1880 1222 vocabulum

155 1241 483 1310 proprium
517 1257 633 1294 non
662 1240 897 1294 tenebit.
935 1241 1048 1293 Hoc
1079 1241 1200 1293 loco
1236 1255 1350 1292 non
1373 1245 1456 1293 est
1481 1241 1878 1308 incongruum,

159 1312 340 1381 quod
381 1328 531 1380 saepe
553 1311 859 1382 quaesitum
889 1316 993 1376 est,
1025 1311 1182 1364 brevi
1210 1316 1450 1364 tractatu
1482 1311 1783 1364 dissolvere
1817 1328 1881 1365 ac

159 1384 408 1449 docere,
440 1382 579 1452 quid
612 1382 875 1435 virtutem
909 1382 1383 1451 disciplinamque
1432 1382 1733 1435 discernat.
1766 1384 1880 1436 Hoc

161 1453 440 1522 profecto
470 1454 620 1523 quod
653 1453 953 1522 disciplina
983 1453 1041 1505 in
1070 1469 1134 1505 ea
1165 1459 1323 1521 parte
1367 1453 1573 1506 animas
1618 1469 1746 1523 quae
1791 1469 1879 1506 ra-

159 1523 416 1576 tionalis
445 1524 670 1587 dicitur,
713 1524 1106 1576 tantummodo
1151 1523 1493 1588 diversatur;
1522 1523 1698 1576 virtus
1747 1540 1878 1577 vero

161 1609 382 1648 omnes
414 1595 621 1648 animae
639 1600 828 1664 partes
849 1594 1226 1664 amplectitur,
1251 1610 1598 1664 omnemque
1627 1593 1878 1649 animam

160 1681 282 1718 suo
307 1666 550 1736 imperio
579 1667 863 1736 gubernat
891 1682 955 1718 ac
983 1666 1165 1734 regit:
1217 1671 1277 1718 ut
1306 1670 1362 1718 et
1389 1665 1741 1718 iracundiam
1777 1666 1878 1718 do-

163 1741 319 1802 met,
351 1745 409 1790 et
453 1737 788 1806 cupiditates
845 1736 1035 1789 animo
1074 1741 1329 1789 anioveat
1377 1737 1530 1806 quod
1580 1736 1882 1806 disciplina

161 1807 367 1860 facere
416 1807 862 1878 haudquaquam
926 1807 1090 1860 valet.
1137 1806 1396 1860 Potentia
1457 1807 1733 1860 naturalis
1773 1813 1874 1871 est,

161 1878 407 1947 quoties
436 1878 565 1948 quis
595 1879 814 1931 videtur
848 1878 933 1930 vel
968 1893 1154 1948 posse,
1187 1878 1272 1930 vel
1322 1893 1437 1930 non
1469 1893 1632 1946 posse
1663 1878 1878 1947 aliquid

163 1964 282 2018 per
313 1953 579 2002 naturam
607 1949 819 2003 facere:
861 1953 926 2001 ut
955 1948 1114 2002 verbi
1139 1948 1344 2016 gratia,
1376 1949 1715 2018 plerumque
1747 1948 1878 2002 visis

162 2019 514 2089 corporibus
566 2035 899 2089 puerorum.
935 2023 989 2072 et
1026 2020 1423 2089 contemplatis
1453 2019 1688 2072 artubus
1737 2035 1874 2089 pro-

162 2089 516 2161 nuntiamus
545 2090 764 2161 aliquid
786 2090 854 2143 de
885 2089 1097 2154 futuro,
1136 2105 1345 2160 eosque
1376 2090 1616 2161 dicimus
1657 2091 1745 2143 vel
1775 2106 1877 2160 pu-

161 2160 471 2230 gillatores
498 2160 658 2226 fore,
675 2162 760 2214 vel
792 2176 1079 2214 cursores:
1115 2176 1229 2213 non
1279 2160 1430 2230 quod
1461 2161 1584 2230 jam
1619 2161 1723 2214 hac
1757 2166 1875 2214 arte

161 2231 262 2285 vel
315 2232 499 2286 studio
529 2237 874 2302 teneantur,
904 2231 998 2283 sed
1044 2231 1198 2302 quod
1247 2230 1551 2302 videantur
1598 2231 1874 2301 positione

162 2302 432 2372 corporis
463 2303 584 2356 haec
613 2302 834 2356 facilius
864 2301 1174 2372 impleturi.
1208 2301 1481 2354 Similiter
1505 2302 1758 2355 salubres
1789 2303 1877 2356 vel

163 2372 489 2427 imbecilles
525 2374 784 2438 dicimus,
820 2373 918 2443 qui
948 2377 1046 2426 aut
1074 2373 1234 2425 facile
1269 2378 1366 2425 aut
1395 2389 1506 2426 non
1541 2373 1700 2426 facile
1728 2373 1873 2426 reci-

166 2445 339 2514 piant
363 2443 784 2512 mgritudinem.
813 2444 1030 2500 Eodem
1054 2443 1224 2496 modo
1248 2459 1496 2514 namque
1516 2444 1646 2497 etin
1666 2444 1749 2497 his
1770 2460 1874 2513 po-

161 2515 357 2568 tentia
385 2515 662 2569 naturalis
692 2515 1022 2579 advertitur,
1053 2531 1182 2586 quaa
1217 2531 1309 2568 eos
1337 2514 1469 2567 facit
1498 2515 1582 2567 vel
1614 2516 1876 2585 languori

164 2586 431 2639 crebrius
462 2587 772 2657 subjacere,
796 2586 881 2639 vel
905 2585 1151 2639 retinere
1174 2590 1508 2655 perpetuam
1523 2587 1872 2655 sospitatem.

166 2659 394 2711 Durum
428 2674 654 2728 quoque
685 2663 742 2712 et
767 2657 939 2710 molle
967 2657 1348 2728 cumidicitur,
1385 2657 1635 2728 ostendit
1673 2663 1874 2725 poten-

163 2728 313 2782 tiam
347 2727 685 2783 naturalem.
723 2729 938 2781 Durum
969 2727 1250 2798 siquidem
1282 2732 1384 2788 est,
1419 2727 1570 2797 quod
1608 2727 1876 2781 ﬁrmitate

163 2805 398 2852 natura?
438 2798 864 2869 corruptionem
908 2798 994 2851 sui
1026 2814 1139 2852 non
1172 2798 1334 2851 facile
1367 2799 1651 2864 admittat;
1703 2799 1874 2852 molle

163 2886 329 2936 vero,
364 2870 423 2922 in
457 2886 568 2940 quo
602 2875 685 2923 est
711 2877 917 2922 natura
947 2869 1147 2934 laxior,
1173 2885 1277 2922 nec
1293 2869 1362 2940 ad
1391 2869 1669 2922 contraria
1695 2870 1876 2939 repel-

167 2941 342 2994 lenda
374 2939 679 2994 sufficiens.
705 2940 956 2995 Tertium
982 2955 1162 3009 genus
1184 2939 1476 3010 qualitatis
1498 2940 1612 2992 sive
1634 2941 1872 3009 species,

168 3012 413 3082 passiva:
438 3012 741 3082 qualitates
771 3016 826 3065 et
851 3011 1164 3082 passiones,
1197 3027 1326 3081 qum
1360 3015 1496 3082 sunt
1523 3010 1869 3080 hujusmodi,

165 3081 493 3148 austeritas,
522 3083 785 3136 calidatio
829 3087 886 3136 et
928 3081 1258 3152 frigidatio:
1293 3082 1371 3134 sic
1409 3081 1562 3134 enim
1596 3089 1869 3152 Θερμόττττι

166 3159 226 3208 et
254 3161 544 3235 ψυχρός-ητα
575 3155 755 3235 placet
783 3153 995 3235 dicere,
1023 3157 1079 3235 et
1108 3152 1312 3235 albedo
1330 3156 1402 3235 _et
1421 3152 1692 3235 nigredo:
1736 3169 1871 3235 qua:

170 3224 287 3278 non
320 3224 530 3279 idcirco
563 3225 796 3295 passivae
823 3225 1122 3294 qualitates
1153 3224 1439 3295 dicuntur,
1472 3226 1623 3294 quod
1657 3224 1873 3293 patian-

167 3296 518 3367 turaliquid,
550 3294 643 3350 sed
661 3296 807 3366 quod
824 3294 1390 3367 faciuntpassionem.
1419 3295 1518 3348 Mel
1542 3310 1790 3364 namque
1813 3297 1874 3367 ut

170 3368 338 3421 dulce
375 3365 471 3434 sit,
526 3384 642 3420 non
673 3365 705 3419 a
741 3366 1040 3420 dulcedine
1093 3365 1312 3435 aliquid
1342 3381 1574 3435 passum
1621 3371 1722 3433 est,
1774 3365 1872 3418 sed

171 3438 400 3492 dulcem
443 3438 802 3507 gustantibus
856 3437 1028 3491 efficit
1083 3436 1424 3506 passionem.
1482 3437 1716 3490 l’assivae
1771 3452 1869 3489 au-

170 3515 290 3564 tem
324 3511 624 3581 qualitates
645 3508 866 3581 rectius
921 3508 1206 3581 dicuntur,
1238 3507 1440 3581 albedo
1501 3511 1560 3581 et
1611 3508 1869 3581 nigredo,

169 3586 227 3634 et
272 3578 483 3635 ho'rum
534 3580 741 3642 media,
784 3579 836 3632 id
871 3583 953 3632 est
982 3579 1155 3632 rubor
1185 3582 1242 3631 et
1281 3579 1498 3649 pallor:
1547 3578 1868 3632 haac’enim

167 3652 415 3730 nonnisi
459 3651 664 3705 animae
706 3651 797 3730 vel
827 3649 1080 3730 corporis
1128 3649 1389 3730 passione
1419 3650 1872 3730 nascuntur.__Ut

168 3723 325 3776 enim
361 3722 641 3800 nigrescat
671 3720 897 3800 aliquis,
927 3719 1184 3790 corporis
1211 3719 1399 3786 passio
1431 3724 1515 3800 est
1540 3736 1552 3786 ;
1599 3724 1664 3800 ut
1691 3720 1870 3800 palle-

168 3798 289 3847 scat
316 3795 402 3846 vel
428 3790 711 3857 rubescat,
743 3790 972 3858 animae,
1026 3807 1154 3862 qua:
1186 3806 1316 3862 cum
1361 3790 1736 3862 turpitudinis
1777 3807 1868 3862 ve-

167 3865 504 3918 recundiam
553 3864 699 3918 ferre
729 3861 1069 3934 nequiverit,
1111 3861 1272 3932 quasi
1314 3861 1383 3914 ad
1415 3862 1712 3934 obtentum
1750 3861 1867 3934 sui,

166 3935 465 4006 sanguinis
507 3935 728 4006 c0piam
770 3931 1175 4006 in'iexteriores
1213 3931 1468 4003 corporis
1508 3937 1708 4006 partes
1739 3932 1868 4006 fun-

165 4003 302 4072 dit,'
322 4021 503 4086 eoque
643 4011 708 4059 ut
738 4005 958 4086 pudore
1008 4003 1189 4086 nimio
1243 4006 1628 4086 rubescamus.
1682 4004 1869 4057 Pallor

165 4074 619 4149 quoque—simili
666 4074 870 4149 animae
910 4074 1175 4149 passione
1223 4074 1686 4149 consistithcum
1736 4090 1868 4145 per-

163 4144 324 4201 culsa
352 4153 508 4202 metu
543 4147 725 4201 nimio
759 4147 825 4201 ad
857 4144 1045 4200 cordis
1091 4145 1359 4199 ulteriora
1398 4144 1674 4216 confugit,
1712 4144 1866 4199 eam-

165 4235 280 4290 que
313 4219 546 4290 sanguis
579 4218 917 4289 insequitur,
963 4217 1107 4271 adeo
1148 4216 1530 4290 utdesertum
1566 4216 1865 4290 sanguine,

163 4287 322 4361 quod
361 4287 443 4344 est
477 4289 536 4344 in
568 4287 892 4361 conspectu,
939 4303 1143 4359 corpus
1182 4288 1448 4361 albescat.
1495 4289 1621 4341 Hmc
1659 4287 1867 4361 animae

163 4358 352 4431 passio
385 4361 463 4414 ita
491 4376 524 4414 a
551 4358 900 4432 philosophis
926 4358 1072 4432 vera
1087 4374 1208 4432 esse
1236 4358 1517 4420 firmatur,
1552 4363 1615 4412 ut
1643 4358 1866 4432 etiamsi

163 4429 349 4512 pallor
377 4433 462 4486 vel
502 4429 677 4486 rubor
705 4429 1029 4512 in'corpore
1052 4430 1284 4512 iugiter.
1303 4433 1645 4512 perseveret,
1692 4429 1866 4511 simili

164 4500 430 4572 passione
462 4508 716 4556 asserant
755 4500 1026 4556 evenisse.
1059 4503 1156 4555 Hae
1189 4500 1366 4570 igitur
1403 4501 1705 4569 qualitates
1727 4501 1774 4572 si
1804 4501 1864 4554 in

161 4571 403 4644 corpore
435 4578 819 4644 perseverent,
861 4573 996 4644 quia
1027 4573 1336 4644 secundum
1370 4587 1464 4624 eas
1498 4573 1692 4642 quales
1724 4571 1864 4644 dici-

163 4643 314 4709 mur,
349 4643 486 4716 ipsa:
523 4661 751 4716 quoque
791 4643 1094 4716 qualitates
1129 4643 1368 4716 passivae.
1399 4648 1740 4716 censentur:
1776 4643 1864 4696 sin

161 4731 298 4769 vero
321 4713 388 4768 ad
409 4713 576 4770 breve
597 4713 826 4786 tempus
848 4713 1185 4786 exstiterint,
1216 4714 1293 4786 ita
1316 4718 1380 4766 ut
1405 4713 1514 4786 cito
1538 4713 1860 4786 discedant;

161 4786 452 4858 passiones
474 4803 568 4840 eas
597 4783 784 4857 potius
807 4785 1192 4858 nominamus.
1224 4783 1686 4858 Nouenimquis
1716 4784 1762 4837 si
1792 4785 1863 4838 ad

160 4854 389 4927 tempus
427 4854 613 4911 iratus
644 4862 750 4925 est,
791 4861 890 4910 aut
931 4855 1318 4927 erubuit,_aut
1348 4854 1602 4927 incaluit,
1640 4861 1740 4908 aut
1770 4871 1863 4908 re—

161 4925 318 4982 frixit
348 4928 386 4994 ⁴,
431 4945 558 4982 mox
593 4929 663 4982 ad
704 4933 914 4982 statum
942 4933 1160 4980 natura!
1187 4925 1398 4979 iterum
1427 4925 1732 4992 rediturus,
1767 4929 1864 4981 aut

161 5000 512 5053 rubicundus
528 5001 611 5054 vel
634 4999 940 5052 iracundus
960 4999 1048 5052 vel
1069 4997 1282 5051 calidus
1305 4997 1388 5050 vel
1413 4996 1651 5067 frigidus
1671 4999 1863 5067 appel-

162 5070 266 5141 lari
296 5075 502 5141 potest,
537 5071 581 5124 si
611 5071 680 5124 ad
711 5077 937 5140 tempus
959 5069 1175 5140 aliquid
1203 5083 1400 5141 passus
1430 5066 1530 5141 est.
1570 5066 1683 5141 Erit
1708 5066 1860 5141 ergo

159 5137 313 5195 inter
359 5142 610 5212 passivas
648 5137 950 5212 qualitates
989 5137 1533 5212 efpassionesista
1570 5137 1857 5205 discretio,

160 5212 314 5284 quod
359 5209 751 5284 passiones—ad
777 5216 1005 5284 tempus
1043 5209 1255 5266 exortae
1291 5209 1453 5284 facile
1493 5214 1860 5284 commutan-

159 5282 283 5354 tur;
327 5282 561 5354 passivae.
606 5299 739 5337 vero
772 5283 1076 5353 qualitates
1123 5282 1436 5354 secundum
1481 5296 1624 5352 quas
1661 5282 1859 5354 quales

159 5352 424 5426 dicimur,
454 5360 733 5426 perpetuo
774 5352 1159 5426 perseverant.
1191 5353 1461 5417 Quartam
1494 5367 1645 5426 nunc
1675 5352 1860 5422 quali-

159 5425 288 5478 tatis
333 5423 582 5496 specieni
635 5423 1147 5496 retractemuspin
1201 5440 1314 5496 qua
1371 5427 1504 5477 sunt
1558 5423 1765 5496 formas
1804 5427 1861 5478 et

158 5493 394 5566 ﬁguras}
445 5501 502 5550 et
542 5495 745 5566 figuras
793 5493 1234 5566 inanimalibus,’
1272 5495 1472 5566 formae
1515 5493 1859 5548 animalibus

155 5565 509 5622 tribuuntur.
547 5565 783 5639 Figures
821 5565 976 5620 enim
1007 5570 1143 5620 tunc
1171 5565 1561 5639 desiguamus,
1595 5581 1724 5639 cum
1747 5566 1857 5639 _vel

157 5639 467 5709 trigonum,
518 5635 1041 5709 vel'tetragonum,
1103 5636 1188 5709 vel
1245 5652 1475 5703 conum,
1533 5638 1619 5691 vel
1677 5635 1856 5709 cylin-

154 5707 342 5777 drum,
372 5711 456 5763 vel
489 5710 777 5781 sphaeram
806 5707 1079 5778 dicimus;
1111 5707 1322 5762 formas
1352 5711 1542 5762 autem
1573 5723 1701 5762 cum
1731 5707 1853 5761 for-

219 5863 230 5894 ί
265 5861 341 5910 Ita
371 5859 494 5909 Mss.
527 5859 593 5910 At.
619 5858 765 5919 editi,
795 5857 1066 5922 refriguit.

1745 335 2132 391 APPENDIX.

3559 343 3693 396 1434

1995 473 2186 512 mosos
2243 458 2546 512 asserimus
2615 461 2837 530 aliquos
2886 462 2971 514 vel
3030 461 3330 517 deformes.
3375 464 3435 516 In
3492 463 3691 519 eodem

1997 530 2286 600 qualitatis
2313 546 2519 601 genere
2575 535 2725 594 sunt,
2785 532 3029 586 curvitas
3056 537 3113 586 et
3173 533 3469 588 rectitudo.
3501 536 3689 589 Aude-

1997 616 2122 654 mus
2179 601 2326 674 enim
2379 601 2616 674 ςρθύττπα
2643 602 3102 664 καὶκαμπυλὸτητα
3156 605 3263 658 hoc
3323 610 3484 674 pacto
3552 621 3688 659 con-

1995 679 2230 747 vertere.
2267 673 2349 747 Ab
2378 673 2443 747 iis
2473 688 2720 747 namque
2752 680 2968 728 rectum
2999 675 3084 728 vel
3126 673 3362 747 curvum
3393 675 3688 747 quidpiam

1995 743 2238 816 dicitur:
2291 743 2543 816 lenitudo
2598 743 2826 815 quoque
2879 751 2935 799 et
2965 746 3237 816 asperitas
3293 752 3351 800 et
3400 743 3600 800 raritas
3627 764 3690 800 ac

1995 814 2264 887 densitas,
2297 831 2326 867 θ
2358 815 2563 886 quibus
2603 814 2814 878 rarum,
2870 814 3130 883 densum,
3179 817 3305 870 lene
3337 821 3392 870 et
3423 833 3690 887 asperum

1992 885 2388 954 designamus,
2438 886 2778 957 qualitatum
2817 887 3050 957 quidem
3103 903 3344 941 numero
3376 885 3685 954 soci—antur,

1993 957 2090 1030 sed
2120 957 2330 1010 habent
2384 957 2620 1030 alteram
2679 957 3205 1030 interpretationem
3238 958 3344 1013 sui.
3392 959 3686 1030 Siquidem

1993 1029 2232 1106 densum
2263 1029 2700 1106 coarctationem
2731 1029 2964 1083 nimiam
2980 1031 3410 1106 conjunctarum
3433 1029 3684 1106 partium

1990 1097 2212 1151 videtur
2254 1099 2578 1164 ostendere;
2623 1115 2815 1152 rarum
2866 1097 3172 1165 contra,'in
3205 1097 3318 1169 qu'o
3371 1097 3686 1154 intervallis

1990 1169 2384 1241 frequentibus
2416 1169 2595 1223 laxior
2623 1169 2872 1239 partium
2901 1171 3122 1224 videtur
3170 1187 3288 1224 esse
3318 1171 3678 1241 conjunctio:

1990 1240 2303 1310 quinetiam
2345 1240 2471 1293 lene
2509 1241 2647 1294 illud
2703 1241 2936 1311 proprie
2986 1243 3210 1294 videtur
3260 1240 3578 1310 ostendere,
3627 1243 3684 1295 in

1989 1327 2102 1381 quo
2133 1313 2313 1383 posito
2339 1311 2588 1380 partium
2620 1312 2697 1365 ita
2727 1318 2856 1382 apte
2903 1312 3270 1382 pariliterque
3311 1313 3526 1383 digesta
3575 1319 3678 1378 est,

1988 1386 2050 1434 ut
2091 1382 2244 1434 nulla
2275 1399 2471 1435 earum
2503 1399 2786 1436 mensurae
2837 1383 3071 1436 alterius
3108 1382 3422 1448 emineret;
3468 1388 3681 1450 contra,

1991 1469 2254 1522 asperum
2303 1453 2682 1522 discrepantia
2735 1455 3168 1523 conjunctarum
3226 1453 3469 1524 partium
3511 1454 3681 1508 facit:

1988 1524 2348 1596 asperitatem
2402 1541 2650 1595 namque
2707 1525 2894 1596 gignit
2950 1525 3490 1596 nisiiinzequalitas
3547 1541 3678 1595 par-

1988 1594 2156 1660 tium,
2183 1599 2247 1648 ut
2273 1594 2597 1666 sitlongior
2626 1594 2761 1661 una,
2780 1594 2986 1648 altera
3019 1594 3276 1666 inferior.
3317 1598 3394 1648 Ac
3423 1594 3683 1666 propter-

1988 1680 2054 1718 ea
2085 1666 2202 1738 hasc
2225 1665 2459 1736 quidam
2493 1668 2689 1738 volunt
2728 1667 3027 1738 categorias
3076 1665 3236 1719 alteri
3266 1667 3502 1738 sociare,
3535 1665 3685 1738 qua:

1987 1736 2140 1806 apud
2180 1738 2399 1790 Graecos
2429 1736 2628 1796 κεῖσθαι,
2657 1737 2806 1806 apud
2870 1753 2974 1789 nos
3022 1738 3233 1805 jacere.
3295 1737 3410 1790 sive
3461 1741 3522 1791 ut
3572 1736 3688 1791 An-

1989 1806 2256 1878 gorius‘,
2279 1823 2450 1878 quem
2499 1821 2603 1876 ego
2646 1807 2795 1878 inter
2843 1807 3196 1860 doctissimos
3238 1807 3443 1873 habeo,
3484 1807 3683 1874 voluit,

1988 1878 2127 1950 situs
2156 1877 2378 1931 dicitur.
2415 1878 2600 1931 Claret
2620 1877 2773 1950 enim
2806 1878 3257 1950 unumquodque
3303 1893 3498 1930 earum
3545 1895 3684 1950 par-

1984 1947 2148 2009 tium,
2183 1965 2311 2019 quae
2343 1963 2549 2019 corpus
2591 1948 2865 2012 efficiunt,
2899 1947 3181 2018 positione
3238 1954 3497 2002 constare
3522 1947 3565 2002 τ’
3596 1966 3685 2003 ve-

1985 2023 2310 2072 rumtamen
2343 2035 2472 2073 cum
2506 2021 2633 2072 lene
2656 2021 2740 2072 vel
2771 2035 3036 2089 asperum
3065 2021 3150 2073 vel
3191 2020 3429 2072 densum
3468 2021 3553 2073 vel
3588 2037 3682 2074 ra-

1984 2105 2114 2143 rum
2146 2090 2408 2154 dicimus,
2459 2090 2649 2161 qualia
2708 2090 3183 2156 demonstramus,
3234 2106 3412 2160 eaque
3464 2091 3681 2160 omnia,

1986 2177 2115 2231 qum
2149 2161 2217 2213 de
2248 2161 2336 2214 his
2368 2162 2629 2231 superius
2662 2161 2938 2231 explicata
2967 2168 3118 2227 sunt,
3153 2162 3224 2216 ad
3253 2161 3682 2230 interpretatio-

1986 2248 2118 2285 nem
2147 2247 2262 2285 non
2294 2233 2568 2298 vocabuli,
2600 2233 2697 2285 sed
2730 2238 2947 2286 natura!
2982 2233 3244 2286 videntur
3269 2232 3460 2302 potius
3510 2233 3685 2303 perti-

1986 2318 2158 2374 nere:
2192 2319 2305 2373 qua
2333 2303 2401 2356 de
2431 2319 2599 2356 causa
2628 2305 2775 2372 cogit
2805 2304 2970 2368 ratio,
3004 2308 3068 2357 ut
3099 2305 3221 2358 haec
3251 2319 3479 2374 quoque
3533 2304 3684 2357 inter

1985 2373 2175 2443 qualia
2207 2390 2593 2446 numeremus.
2626 2377 2709 2428 Ab
2758 2375 2847 2446 bis
2877 2375 3072 2443 igitur,
3133 2373 3684 2446 quas_enumeravi-

1984 2460 2133 2512 mus,
2191 2445 2556 2512 qualitatibus
2585 2445 2888 2508 παρωνύμως
2919 2447 3110 2512 qualia
3149 2443 3552 2510 nominantur,
3621 2449 3684 2499 ut

1984 2463 2133 2512 mus,
2231 2463 2556 2499 uainanous
2585 2463 2888 2508 παρωνυμως
2960 2463 3110 2498 uana
3162 2463 3552 2510 nominantur,
3621 2463 3682 2499 ιιι

1984 2463 2459 2587 Ιςηβᾳῗθῐιὶὶιιῐθ,
2513 2532 2543 2569 a
2594 2515 2884 2587 densitate
2919 2463 3186 2583 densum,
3242 2519 3560 2587 cmteraque
3591 2517 3682 2571 his

1986 2585 2212 2639 similia.
2247 2587 2354 2668 Sed
2404 2586 2998 2668 plerumque‘acc-idit,
3051 2588 3183 2668 licet
3220 2585 3685 2668 rurant—qualia

1985 2673 2102 2710 non
2135 2657 2423 2720 παρωνύμος
2455 2674 2484 2710 a
2514 2674 2615 2710 sua
2644 2658 2916 2728 qualitate
2943 2659 3308 2725 descendant,
3331 2661 3446 2712 uta
3475 2657 3683 2712 virtute

1984 2743 2097 2781 non
2150 2732 2334 2798 potest
2382 2728 2489 2781 dici
2520 2729 2823 2793 virtuosus,
2886 2730 2980 2798 sed
3040 2731 3365 2783 moderatus
3414 2734 3470 2783 et
3516 2729 3683 2783 indu-

1985 2797 2171 2851 stt-ius.
2211 2800 2321 2851 Nec
2353 2799 2410 2850 in
2426 2814 2611 2867 graeco
2643 2799 2874 2868 quidem
2905 2797 3001 2846 ἀπὸ
3033 2803 3118 2858 τῆς
3151 2799 3344 2863 ἀρετῆς,
3374 2801 3568 2862 ἁρετὸς;
3599 2800 3684 2854 di-

1984 2869 2150 2933 citur,
2213 2869 2308 2922 sed
2365 2868 2617 2922 σπουδαῖος
2689 2869 2842 2923 Unde
2909 2875 3149 2940 apparet
3221 2872 3432 2941 qualia,
3509 2871 3682 2924 etiam

1983 2941 2241 3010 neglecta
2289 2941 2628 3010 plerumque
2664 2955 3119 3010 paronymorum
3172 2941 3520 2996 derivatione
3551 2957 3683 2994 con-

1983 3016 2150 3064 stare.
2185 3012 2311 3083 Hasc
2351 3012 2624 3083 hactenus
2657 3027 2669 3064 :
2713 3027 2865 3064 nunc
2911 3010 3199 3083 qualitatis
3243 3011 3412 3083 hujus
3444 3015 3682 3082 propter

1982 3097 2152 3152 quam
2185 3082 2434 3154 diversas
2464 3081 2676 3154 species
2733 3081 3180 3154 explanavimus,
3209 3081 3672 3154 con—sequentias,

1981 3158 2037 3205 et
2067 3153 2360 3222 proprium
2389 3153 2697 3224 videamus.
2728 3154 2793 3206 Et
2812 3152 3063 3223 primum
3086 3153 3317 3224 quidem
3344 3152 3676 3208 co'ntratrie-

1980 3228 2155 3295 tatem
2185 3224 2440 3295 recipere
2489 3223 2810 3295 qualitates,
2845 3224 3002 3295 nulla
3049 3223 3328 3278 dubitatio
3377 3230 3480 3278 est.
3544 3225 3681 3287 Quis

1981 3294 2134 3367 enim
2165 3293 2386 3367 dubitat
2415 3293 2585 3348 saluti
2613 3294 3484 3367 contrariumesselanguorem,
3509 3295 3679 3366 justi-

1980 3365 2076 3418 tim
2110 3365 2474 3435 injustitiam,
2515 3367 2762 3419 calorem
2796 3365 3014 3435 frigori,
3062 3365 3522 3427 malo'bonum,
3562 3383 3678 3419 non

1982 3437 2208 3508 erudito
2235 3436 2439 3490 litteris
2459 3437 2744 3490 eruditum
2767 3438 2796 3490 ’ἓ
2815 3437 2931 3508 Sed
2962 3438 3070 3491 hoc
3096 3453 3212 3490 non
3243 3437 3300 3491 in
3351 3437 3508 3492 omni
3539 3453 3678 3508 qua-

1980 3507 2138 3560 litate
2166 3508 2414 3578 reperies
2445 3525 2456 3561 :
2487 3524 2620 3562 nam
2654 3507 2985 3576 pallido,vel
3014 3509 3191 3577 fusco,
3237 3509 3322 3562 vel
3377 3507 3675 3578 quadrato,

1981 3527 2138 3560 ιιῐξιιθ
2166 3527 2414 3578 reperies
2445 3527 2456 3561 :
2487 3527 2620 3562 nam
2654 3527 2985 3576 paniuo,vei
3014 3527 3191 3577 Iusco,
3237 3527 3322 3562 vei
3418 3527 3675 3572 uaaraio,

1979 3579 2064 3650 vel
2099 3578 2345 3650 trigono,
2380 3579 2520 3632 nihil
2551 3583 2736 3650 potest
2783 3595 2902 3632 esse
2957 3579 3326 3633 contrarium.
3377 3527 3506 3634 ᾗοῐι
3539 3595 3676 3650 ergo

1980 3649 2087 3702 erit
2112 3649 2826 3721 incommodumr’regulam
2860 3651 3171 3721 quamdam
3199 3651 3354 3716 dare,
3387 3667 3503 3721 qua
3547 3649 3676 3721 qua:

1979 3720 2280 3790 qualitates
2311 3720 2768 3774 contrarietatem
2827 3737 2943 3774 non
3001 3720 3299 3790 recipiant,
3358 3720 3536 3788 possit
3566 3720 3680 3775 ’ad-

1978 3790 2139 3843 verti.
2175 3789 2289 3862 Erit
2329 3790 2506 3862 igitur
2553 3795 2748 3844 notum
2798 3790 2996 3855 doctis,
3047 3789 3142 3844 eas
3185 3791 3506 3861 qualitates,
3548 3807 3677 3862 quia

1977 3861 2279 3914 contrariis
2308 3861 2514 3915 mediae
2545 3867 2696 3926 sunt,
2729 3865 2787 3915 et
2833 3878 2925 3915 eas
2963 3877 3091 3932 quae
3122 3877 3190 3915 ex
3211 3863 3411 3915 formis
3441 3861 3672 3932 figuris-

1978 3947 2088 4056 gue
2136 3937 2465 3998 nascuntur,
2517 3931 2996 3986 contrarietatem
3033 3932 3262 4003 penitus
3313 3931 3581 3986 excusare
3629 3932 3671 3987 ³.

2021 4003 2287 4056 ontrariis
2317 4008 2509 4056 autem
2541 4003 2754 4056 medias
2785 4003 2920 4056 dixi.
2954 4007 3018 4056 ut
3047 4007 3130 4056 est
3171 4002 3394 4056 fuscum
3425 4008 3480 4056 et
3509 4003 3671 4056 nalli-

2021 4003 2287 4056 ontrariis
2317 4008 2509 4057 autem
2541 4003 2754 4057 medias
2785 4003 2920 4062 dixi.
2954 4007 3018 4058 ut
3041 4002 3130 4056 est
3171 4002 3394 4058 fuscum
3425 4008 3480 4057 et
3509 4003 3672 4073 palli-

1977 4073 2114 4127 dum
2141 4088 2154 4127 :
2188 4074 2310 4127 haec
2339 4074 2492 4129 enim
2549 4074 2662 4146 duo
2693 4075 2761 4127 de
2806 4074 3074 4146 albedine
3128 4074 3542 4146 nigredineque
3571 4091 3672 4146 na-

1975 4149 2228 4212 scuntur,
2255 4160 2318 4198 ac
2364 4149 2496 4199 sunt
2547 4145 2634 4200 his
2663 4145 2888 4212 media;
2940 4145 3063 4216 ipsa
3088 4161 3222 4198 vero
3275 4145 3475 4200 albedo
3508 4150 3563 4199 et
3595 4145 3676 4199 ni-

1975 4216 2152 4285 gredo
2184 4216 2290 4288 sibi
2330 4219 2462 4288 sunt
2508 4217 2827 4283 contraria;
2885 4217 3042 4270 fusco
3099 4221 3316 4288 autem,
3345 4217 3673 4288 pallidoque

1975 4286 2322 4359 contrarium
2354 4287 2497 4341 nihil
2531 4292 2631 4341 est.
2669 4288 2852 4342 Claret
2883 4303 3017 4359 ergo
3073 4286 3490 4359 contrariorum
3542 4286 3670 4342 nie-

1974 4357 2087 4423 dia,
2130 4358 2476 4431 contrarium
2536 4374 2649 4413 non
2696 4357 3154 4431 habereKQuin
3185 4358 3359 4412 etiam
3407 4359 3670 4431 qualitas,

1975 4444 2103 4500 quae
2165 4445 2232 4483 ex
2285 4429 2468 4483 forma
2541 4431 2626 4483 vel
2685 4429 2871 4500 ﬁgura
2929 4430 3204 4493 consistit,
3255 4429 3674 4484 contrarietatis

1973 4499 2174 4569 ignara
2199 4504 2298 4554 est.
2333 4501 2478 4565 Quid
2504 4502 2658 4572 enim
2691 4499 2967 4572 quadrato
2990 4502 3073 4554 vel
3107 4501 3353 4572 trigono,
3389 4501 3522 4571 quid
3557 4501 3672 4554 cir-

1973 4572 2099 4623 culo
2128 4572 2212 4624 vel
2242 4587 2384 4625 cono
2413 4573 2500 4624 vel
2549 4571 2804 4642 cylindro
2834 4572 3182 4642 contrarium
3214 4571 3342 4642 quis
3372 4574 3675 4642 opponat?

1973 4642 2333 4710 Regulariter
2355 4658 2488 4711 ergo
2517 4640 2814 4695 teneamus
2845 4640 3262 4696 contrarietatis
3301 4640 3672 4712 receptricem

1972 4713 2324 4782 qualitatem,
2369 4729 2473 4766 nec
2519 4729 2748 4766 omnem
2779 4729 2944 4783 posse
2992 4729 3131 4779 esse,
3183 4728 3284 4765 nec
3325 4714 3526 4768 solam.
3561 4715 3674 4768 Nec

1972 4783 2114 4837 illud
2141 4788 2224 4837 est
2247 4783 2645 4856 omittendum,
2681 4789 2746 4837 ut
2772 4783 3015 4856 sciamus
3045 4783 3129 4856 in,
3151 4785 3452 4838 contrariis
3488 4786 3671 4856 quali-

1970 4859 2175 4926 tatum,
2203 4855 2306 4908 sub
2335 4855 2534 4908 eadem
2583 4855 2867 4926 categoria
2909 4871 3028 4926 esse
3081 4855 3347 4921 alterum,
3408 4855 3522 4910 sub,
3559 4872 3672 4926 qua

1971 4926 2124 4980 aliud
2166 4925 2489 4979 invenitur:
2545 4925 2886 4996 utrjustitiaa
2927 4925 3203 4996 injustitia
3234 4927 3517 4981 contraria
3547 4925 3666 4992 est;

1971 4997 2212 5067 qnalitas
2243 4996 2457 5066 iustitia
2485 5016 2498 5063 ;
2539 5001 2594 5050 et
2619 4995 2899 5068 injustitia
2927 4995 3104 5065 igitur
3125 4998 3370 5068 qualitas
3399 5001 3499 5051 est.
3526 4998 3668 5051 Item

1970 5068 2215 5140 qualitas
2245 5072 2328 5120 est
2356 5068 2596 5135 albedo;
2630 5083 2807 5140 quare
2845 5067 3210 5140 nigredine’m
3265 5084 3492 5140 quoque
3544 5084 3666 5122 esse

1970 5139 2301 5210 qualitatem
2333 5154 2581 5210 necesse
2639 5139 2895 5210 est.rQuo
2932 5139 3016 5206 ﬁt,
3049 5145 3113 5194 ut
3141 5139 3480 5210 regulariter
3537 5155 3670 5192 con-

1968 5208 2158 5264 traria:
2191 5208 2493 5282 qualitates
2522 5209 2805 5282 categoria
2843 5227 3068 5282 semper
3099 5209 3664 5282 eademvinciantur.

1969 5279 2298 5353 Quaerentes
2326 5280 2546 5353 interea
2579 5281 2717 5352 quid
2743 5282 2816 5336 sit
2855 5279 3149 5353 proprium
3173 5279 3491 5353 qualitatis,
3525 5297 3667 5352 quo-

1968 5352 2122 5405 niam
2150 5352 2610 5407 contrarietatem
2643 5352 2927 5422 suscipere
2960 5368 3061 5406 nec
3104 5352 3276 5404 solius
3307 5356 3410 5417 est,
3445 5368 3547 5406 nec
3578 5356 3666 5406 to-

1965 5423 2100 5490 tius,
2133 5423 2286 5476 aliud
2321 5428 2767 5490 perscrutemur.
2794 5424 2966 5478 Video
2991 5422 3143 5476 enim
3176 5422 3358 5493 magis
3379 5427 3434 5476 et
3451 5423 3663 5489 minus,

1967 5494 2073 5547 hoc
2101 5499 2184 5548 est
2232 5493 2422 5556 μᾶλλον
2451 5493 2708 5554 καὶῆττον
2762 5495 2820 5548 in
2865 5510 2924 5547 se
2994 5493 3247 5565 recipere
3306 5494 3662 5565 qualitatem.

1968 5565 2225 5636 Namque
2255 5565 2436 5637 magis
2465 5567 2681 5631 album,
2721 5566 2806 5637 vel
2855 5563 3036 5637 magis
3065 5563 3452 5637 nigrumfﬂvel
3486 5566 3668 5636 magis

1963 5635 2268 5702 musicum,
2300 5635 2389 5691 vel
2430 5637 2619 5691 minus
2659 5635 3282 5707 musicum'possumus
3315 5636 3521 5692 dicere.
3559 5635 3663 5690 Ve-

1962 5723 2092 5762 rum
2123 5708 2181 5763 id
2233 5724 2464 5781 quoque
2521 5724 2624 5762 nec
2665 5708 2726 5762 in
2756 5707 2914 5761 omni
2961 5706 3257 5779 qualitate,
3291 5724 3395 5764 nec
3451 5708 3511 5763 in
3542 5709 3666 5764 sola

2027 5798 2041 5830 ¹
2081 5798 2138 5846 In
2169 5797 2284 5847 aliis
2308 5797 2459 5848 Edd..
2495 5795 2778 5859 Augurius.
2877 5797 2945 5846 M.

2028 5859 2048 5892 '3
2075 5861 2152 5909 Ita
2180 5865 2382 5910 veteres
2417 5861 2536 5910 Mss.
2567 5858 2632 5909 At
2651 5858 2793 5916 editi,
2825 5871 3083 5910 recusare.
