4056 6370
385 297 525 352 ¹1435

431 419 600 476 oterit
619 417 883 477 inveniri.
909 417 1047 483 Quis
1063 417 1219 472 enim
1247 415 1610 489 prudentiam
1632 415 1936 489 prudentia
1956 432 2088 489 pru-

431 438 600 476 ΟῐΘῙΊῘν
619 438 883 477 ΙΠῩΘΠΠἹ.
909 438 1047 483 υυιε
1063 438 1219 472 8111111
1247 438 1610 489 pruuenuam
1633 438 1936 488 pruuenua
1956 438 2088 486 pru-

387 438 712 547 gentiorem
743 489 934 561 possit
954 490 1162 561 dicere,
1203 489 1290 561 vel
1324 488 1644 561 albedinem
1681 487 1978 561 clariorem
2011 488 2089 541 al-

390 563 620 627 bedine,
641 563 725 616 vel
745 558 1076 616 'doctrinam
1105 560 1360 614 doctrina
1395 559 1726 621 doctiorem,
1756 559 1841 612 vel
1862 558 2088 628 trigono

397 633 583 702 magis
613 633 924 702 trigonum,
959 632 1045 685 vel
1089 631 1364 702 quadrato
1403 630 1584 700 magis
1627 629 1994 702 quadratum.
2030 628 2088 684 Si

395 699 550 759 enim
580 699 870 772 trigonum
897 702 1088 766 fuerit,
1107 699 1298 772 magis
1327 717 1446 754 esse
1464 699 1942 772 quamtrigonum
1969 716 2084 754 non

395 779 620 846 potest;
652 771 749 828 aut
769 773 815 827 si
846 772 1027 843 magis
1055 777 1152 827 aut
1181 771 1372 846 minus
1399 772 1590 840 fuerit,
1791 771 2081 842 trigonum

396 842 668 924 nouerit.
720 842 989 915 Separare
1026 848 1221 924 tamen
1273 842 1455 924 placet
1503 842 1936 924 ac.discer‘nere
1989 858 2084 895 eas

397 915 719 986 qualitates,
759 912 887 985 qua).
913 913 1098 983 magis
1125 918 1181 986 et
1210 912 1404 986 minus
1433 912 1748 986 recipiunt,
1761 913 1830 967 ab
1857 912 1926 966 iis
1957 927 2085 986 qua

395 981 820 1066 lianc-gradum
853 981 1298 1066 comparationis
1327 981 1665 1066 excusent}.
1698 983 1779 1038 Sit
1806 999 1942 1053 ergo
1965 981 2086 1036 haec

397 1052 616 1128 regula,
649 1057 948 1126 qualitates
985 1052 1139 1126 ipsas
1189 1054 1373 1128 magis
1423 1058 1483 1128 et
1537 1052 1728 1107 minus
1773 1052 1890 1107 non
1920 1069 2086 1128 posse

396 1124 714 1198 suscipere.
734 1128 810 1181 Ea
837 1143 991 1190 vero,
1010 1124 1166 1198 quas
1194 1141 1277 1198 ex_
1296 1124 1385 1178 his
1414 1124 1589 1198 fiunt,
1611 1129 1958 1198 comparata,
1997 1124 2088 1178 vel

393 1195 579 1268 magis
608 1197 860 1267 recipere
891 1195 1067 1268 posse
1086 1197 1173 1268 vel
1203 1195 1393 1268 minus
1413 1210 1425 1250 :
1449 1201 1524 1268 ut
1542 1195 1929 1268 eloquentiam
1959 1210 2087 1248 ma-

394 1268 482 1340 gis
497 1265 922 1346 eloquentiam,
951 1283 1047 1346 seu
1068 1266 1255 1346 minus
1275 1265 1466 1346 nullus
1495 1265 1682 1346 digere
1699 1270 1891 1346 potest
1914 1281 1928 1320 :
1954 1281 2088 1346 eum

391 1336 526 1393 vero
555 1336 656 1410 qui
685 1340 964 1409 eloquens
993 1337 1218 1410 dicitur,
1271 1336 1454 1410 magis
1499 1337 1587 1390 vel
1635 1336 2088 1410 minusczeteris

391 1406 760 1480 eloquentem
780 1406 1085 1480 possumus
1105 1408 1310 1480 dicere.
1336 1406 1522 1464 Claret
1549 1423 1687 1477 ergo
1707 1406 1889 1476 magis
1919 1411 1975 1461 et
1987 1406 2088 1480 mi-

393 1477 590 1534 nus—in
635 1477 899 1550 qualibus
949 1478 1194 1550 inveniri
1247 1494 1434 1550 posse,
1492 1493 1786 1549 nunquam
1815 1493 1982 1550 posse
2026 1477 2088 1533 in

393 1548 692 1622 qualitates
723 1549 993 1604 incidere.
1037 1548 1265 1622 lj‘igurze'
1284 1549 1574 1622 quodque,
1607 1548 1672 1603 ut
1693 1548 1956 1622 superius
1985 1564 2085 1622 ex-

437 1621 667 1675 licatum
696 1626 802 1688 est,
851 1637 966 1674 non
997 1619 1313 1674 admittunt
1334 1619 1517 1690 magis
1545 1624 1602 1690 et
1629 1619 1857 1674 minus:
1908 1619 2087 1690 siqui-

437 1638 667 1675 ucatum
696 1638 802 1688 est,
851 1638 966 1674 non
997 1638 1306 1674 admittunt
1334 1638 1517 1690 magis
1545 1638 1602 1674 et
1629 1638 1857 1674 minus:
1908 1638 2087 1690 Slqlll-

392 1638 524 1747 gem
546 1692 778 1755 circulo,
809 1690 856 1745 si
900 1690 1115 1761 aliquid
1170 1691 1347 1761 addas
1400 1690 1487 1761 vel
1518 1689 1731 1761 minus,
1760 1689 1956 1744 circuli
1966 1691 2088 1760 jam

394 1762 733 1817 vocabulum
777 1759 1154 1832 nonstenebit,
1193 1765 1251 1814 et
1277 1759 1338 1832 in
1364 1760 1616 1832 alterius
1644 1760 1847 1832 ﬁgurae
1876 1759 2083 1832 nomen

392 1832 687 1905 migrabit.
734 1831 1027 1905 Manifeste
1050 1831 1231 1905 igitur
1259 1830 1734 1905 designatumest
1765 1831 2087 1905 quaequeu-

393 1847 687 1905 migramt.
734 1847 1027 1886 mauueste
1050 1847 1231 1956 Igitur
1259 1847 1619 1902 designatum
1649 1847 1734 1886 est
1765 1847 2087 1902 quaequeu-

393 1907 539 1958 tates
583 1903 922 1982 hujusmodi
968 1919 1070 1982 gra
1112 1918 1180 1956 us
1226 1901 1996 1982 comparatiouisaccipient,
2031 1906 2089 1982 et

395 1990 543 2045 quas,
573 1972 778 2045 abibis
832 1972 1098 2045 videntur
1125 1988 1246 2045 esse
1299 1972 1520 2045 alienas.
1574 1972 1881 2045 Reliquum
1911 1977 2089 2045 est‘ut

393 2042 686 2116 qualitatis
715 2044 1040 2115 proprium,
1087 2043 1237 2116 quod
1270 2043 1421 2116 apud
1453 2045 1674 2099 ϐπ·ωοοε
1704 2042 1788 2098 est
1813 2042 1954 2103 ἳδιον,
1998 2042 2086 2116 in-

392 2113 754 2184 vestigemus.
784 2116 1040 2186 Namque
1067 2114 1374 2168 usiahabet
1400 2114 1517 2186 hoc
1531 2116 1854 2186 proprium,
1884 2118 1950 2186 ut
1970 2113 2088 2186 sin-

391 2185 608 2258 gularis
636 2191 807 2256 atque
838 2184 1248 2258 unapumero,
1277 2184 1560 2258 eontraria
1590 2185 1648 2239 in
1676 2201 1736 2240 se
1768 2184 2083 2258 suscipiat:

392 2254 665 2328 suscipiat
693 2254 884 2311 autem
942 2255 1079 2321 dixi,
1113 2272 1227 2310 non
1282 2254 1490 2328 hebeat
1540 2256 1844 2328 contraria.
1893 2254 2087 2310 Memi-

390 2325 561 2382 nisse_
575 2332 766 2382 autem
799 2343 904 2381 nos
932 2330 1174 2397 oportet,
1206 2325 1363 2397 quod
1392 2326 1552 2390 asiae,
1592 2342 1722 2397 cum
1775 2326 1844 2381 de
1879 2342 1946 2382 ea
1973 2331 2087 2380 tra-

389 2403 696 2466 ctaremus,
752 2397 895 2452 nihil
944 2396 1063 2451 esse
1112 2396 1361 2468 diximus
1411 2396 1781 2468 contrarium.
1845 2399 1991 2468 Ergo
2025 2400 2089 2452 ut

397 2469 521 2539 ejus
549 2475 633 2523 est
660 2467 958 2539 proprium
1003 2467 1287 2539 suscipere
1319 2467 1710 2539 contrariaLid
1741 2472 1846 2536 est,
1874 2467 2086 2523 sanita-

393 2537 512 2604 tem
542 2537 733 2606 modo,
766 2537 937 2593 modo
984 2537 1420 2607 aegritudinem;
1454 2537 1653 2608 quanti
1703 2554 1857 2608 vero,
1910 2539 1970 2594 id
2004 2541 2089 2608 est

391 2611 476 2657 τοῦ
506 2610 677 2668 πὸσου,
737 2614 799 2662 ut
853 2624 959 2679 par
1005 2608 1268 2679 imparve
1301 2607 1554 2674 dicatur;
1585 2610 1686 2679 τοῦθ
1705 2607 1755 2655 δέ
1784 2607 1900 2672 πρός
1926 2625 1990 2666 τι,
2015 2607 2088 2663 ad

391 2680 628 2751 aliquid,
661 2684 726 2734 ut
749 2677 872 2751 sint
904 2677 1225 2751 Λᾷγτιστροφὰ,
1255 2677 1364 2751 hoc
1420 2683 1522 2744 est,
1570 2682 1635 2751 ut
1675 2678 1737 2732 in
1765 2695 1824 2733 se
1852 2695 2088 2751 conver-

391 2748 605 2818 tantur,
638 2768 702 2804 ac
729 2750 844 2804 sint
871 2749 979 2803 sibi
1000 2755 1205 2804 natura
1232 2750 1577 2820 conjuncta:
1594 2748 1672 2802 ita
1700 2754 1758 2802 et
1795 2749 2086 2820 qualitatis

391 2821 502 2876 hoc
538 2820 835 2892 proprium
870 2825 970 2885 est,
997 2825 1061 2874 ut
1090 2825 1292 2892 cuncta
1321 2819 1514 2892 qualia
1537 2819 1766 2892 similia,
1796 2819 2086 2892 autﬁdissi-

391 2890 556 2947 milia
577 2890 974 2946 nominentur.
1012 2892 1078 2945 Et
1128 2891 1290 2945 dulce
1319 2890 1475 2944 enim
1529 2890 1702 2956 dulci,
1762 2895 1819 2944 et
1846 2890 1974 2945 albo
2007 2890 2087 2944 al-

390 2965 552 3030 bum,
585 2967 642 3016 et
665 2963 836 3016 stulto
863 2962 1124 3027 stultum,
1167 2965 1224 3015 et
1260 2961 1376 3016 leni
1425 2961 1574 3027 lene,
1619 2966 1676 3014 et
1730 2961 1910 3016 calido
1958 2960 2088 3015 cali-

391 3035 550 3100 dum,
579 3033 789 3087 similia
814 3034 903 3086 vel
936 3031 1236 3102 dissimilia
1264 3032 1499 3102 proprie
1520 3036 1942 3100 nuncupantur.
1975 3031 2089 3087 Ali-

391 3110 476 3159 ter
506 3104 661 3183 euim
687 3104 752 3183 _si
799 3103 944 3183 dicta
975 3101 1208 3183 fuerint,
1265 3101 1750 3183 nuncupationem
1772 3103 2084 3183 _propriam

393 3192 509 3230 non
539 3175 848 3230 habebunt.
882 3174 961 3228 Ne
989 3179 1181 3228 autem
1208 3173 1473 3227 nonnulli
1502 3173 1562 3226 in
1588 3173 1827 3242 legendo
1857 3173 2086 3229 turben-

391 3252 507 3313 tur,
541 3245 695 3316 quod
748 3250 809 3316 et
849 3244 1102 3316 affectio,
1125 3250 1184 3316 et
1222 3243 1471 3316 habitus,
1516 3249 1575 3297 et
1597 3243 1924 3316 disciplina,
1955 3261 2085 3316 qua:

393 3317 455 3370 in
484 3313 800 3385 ad'aliquid
857 3315 1036 3376 dictis,
1090 3314 1149 3369 id
1197 3318 1281 3368 est
1313 3313 1363 3361 ἐν
1390 3315 1486 3369 τοῖς
1514 3313 1630 3377 πρός
1655 3331 1704 3361 τι
1731 3313 1949 3385 positae,
1971 3313 2090 3370 _ei-

393 3387 526 3442 dem
553 3385 815 3457 qualitati
842 3401 1074 3455 quoque
1097 3399 1365 3457 connexus
1411 3389 1544 3457 sunt
1566 3385 1774 3457 ;shan_c_
1801 3385 2091 3457 discretio-

393 3472 526 3511 nem
569 3454 796 3517 damus,
857 3459 918 3508 ut
945 3454 1082 3509 tunc
1117 3455 1421 3524 categorias
1451 3454 1523 3508 ad
1551 3454 1781 3526 aliquid
1810 3456 2094 3526 socientur

391 3527 624 3599 quando
655 3529 790 3599 sunt
818 3541 1213 3599 genera,__cum
1242 3541 1374 3579 vero
1413 3524 1677 3596 speciesf
1699 3525 1997 3596 qualitati:
2030 3529 2094 3580 ut

393 3595 538 3669 puta
563 3597 610 3651 si
637 3595 997 3669 disciplinam
1026 3595 1256 3663 dixeris,
1275 3612 1405 3669 quae
1427 3595 1512 3669 est
1527 3595 2090 3669 genuscazterarum;

393 3613 538 3669 puta
563 3615 610 3651 ει
637 3613 997 3667 αιεοιριιηεω
1026 3613 1256 3663 uixeris,
1268 3613 1405 3721 (qua:
1427 3613 1512 3650 est
1527 3613 1707 3667 genus
1722 3613 2090 3665 ceterarum;

390 3669 460 3723 ad
491 3667 1037 3740 aliquidsreferenda
1089 3672 1205 3740 est:
1238 3737 1252 3740 _
1308 3667 1570 3740 isciplina
1616 3667 1771 3740 enim
1819 3667 2093 3740 discibilis

390 3740 476 3794 rei
505 3737 810 3808 disciplina
839 3737 1066 3793 dicitur.
1098 3737 1258 3802 Quod
1301 3738 1347 3792 si
1377 3738 1654 3792 musicam
1683 3738 1915 3805 dixeris,
1964 3755 2092 3793 mu-

394 3810 508 3865 sica
538 3809 851 3880 disciplinae
896 3808 1112 3880 species
1142 3813 1243 3874 est,
1287 3823 1416 3880 non
1451 3825 1668 3880 genus;
1705 3809 1965 3880 qualitati
1992 3824 2092 3863 ne-

389 3881 596 3936 ctenda
633 3878 746 3935 est:
780 3878 968 3950 neque
1021 3879 1176 3934 enim
1220 3879 1423 3933 musici
1463 3878 1740 3934 musicam
1789 3895 2094 3949 possumus

393 3952 604 4014 dicere,
638 3951 736 4005 sed
766 3949 970 4004 musici
1025 3950 1406 4020 disciplinam.
1467 3949 1741 4005 Similiter
1786 3955 1842 4004 et
1870 3950 2092 4006 affectio

390 4027 448 4076 et
475 4022 708 4102 habitus
754 4021 1068 4102 secundum
1099 4036 1308 4102 genera
1353 4026 1411 4075 et
1430 4020 1682 4102 species,
1707 4021 2092 4102 nuncmadali-

391 4093 554 4164 quid,
588 4108 739 4147 nunc
771 4090 1030 4162 qualitati
1069 4090 1398 4145 nectuntur.
1429 4090 1722 4162 Siquidem
1749 4092 1798 4145 si
1829 4091 2094 4146 affectum

392 4165 478 4218 vel
509 4163 794 4229 habitum,
845 4163 954 4217 hoc
1007 4167 1094 4216 est
1115 4159 1324 4231 Surcctv
1354 4165 1412 4216 et
1443 4161 1534 4220 ἕξιν
1588 4162 1813 4231 generis
1866 4161 2092 4228 dixeris,

778 4201 794 4229 ν
845 4201 954 4217 ιινν
1007 4201 1094 4216 ννυ
1118 4201 1318 4209 """"'
1355 4201 1412 4216 νυ
1443 4201 1528 4220 *τ’*
1588 4201 1813 4229 υνμνιιυ
1866 4201 2012 4217 νυνι
2025 4201 2092 4228 ac,

391 4234 451 4288 id
482 4239 567 4288 est
603 4232 971 4303 disciplinas:
993 4232 1065 4286 ad
1112 4230 1335 4303 aliquid»
1361 4230 1725 4303 referuntur:
1758 4232 1846 4286 sin
1900 4238 2094 4288 autem

394 4303 666 4359 affectum
696 4301 814 4356 sive
841 4301 1102 4372 habitum
1131 4301 1342 4372 speciei
1373 4301 1746 4372 essesdixeris,
1778 4303 1837 4357 id
1865 4309 1951 4357 est
1979 4320 2096 4358 mu-

395 4375 526 4453 sica:
556 4375 643 4453 vel
680 4371 1069 4453 grammatica
1101 4391 1117 4453 ξ
1142 4371 1444 4453 qualitates
1477 4371 1748 4453 debemus
1763 4389 2090 4453 agnoscere.

397 4443 667 4510 Quamvis
685 4443 808 4515 ipse
828 4458 1067 4515 quoque
1089 4443 1418 4515 Aristoteles
1446 4443 1936 4515 magnusingeuio
1963 4445 2096 4500 huic

394 4531 542 4588 pene
572 4512 942 4588 permixtioni
963 4512 1330 4588 concesserit,
1349 4529 1414 4588 ac
1428 4512 1657 4588 dixerit
1673 4512 1839 4585 posse
1870 4516 2093 4588 contiu-

398 4584 554 4668 gere,
573 4584 820 4658 utquod
851 4584 1142 4668 qualitatis
1170 4584 1544 4665 fuerit,.idem
1569 4584 1860 4668 referatur.
1898 4587 1966 4642 ad
1997 4587 2096 4668 ali-

397 4655 537 4728 quid
561 4674 574 4722 ;
608 4655 712 4712 nec
740 4655 1312 4728 esse'importunum,
1339 4655 1387 4709 si
1416 4671 1531 4712 una
1559 4672 1648 4712 res
1678 4657 1922 4715 duaru‘m
1954 4662 2096 4712 cate-
2131 4723 2133 4725 _

393 4727 690 4800 goriarum
737 4727 1009 4784 vocabulo
1057 4727 1452 4783 concludatur.

703 4840 924 4896 CAPUT
955 4841 1102 4896 XIII.
1133 4871 1202 4883 —
1233 4843 1306 4896 De
1332 4841 1511 4909 facere
1550 4845 1602 4898 et
1639 4843 1782 4913 pati.

461 4947 619 5020 Dicta
649 4951 783 5002 sunt
811 4951 1006 5020 autem
1036 4946 1226 5020 omnia
1256 4947 1480 5020 quaead
1509 4953 1756 5020 quatuor
1775 4947 2093 5018 categorias

391 5019 668 5074 maximas
698 5023 868 5088 atque
890 5017 1150 5073 difﬁciles
1169 5017 1572 5089 pertinebant:
1607 5035 1761 5075 nunc
1789 5017 1927 5076 ordo
1941 5035 2097 5073 com-

392 5095 589 5162 monet
613 5095 676 5144 ut
726 5095 852 5162 post
899 5089 1232 5162 qualitatem
1277 5091 1346 5145 de
1373 5091 1558 5144 facere
1589 5095 1646 5145 et
1675 5091 1793 5162 pati
1824 5095 2096 5162 tractatus

392 5105 589 5145 monet
613 5105 676 5144 ut
726 5105 852 5161 post
899 5105 1232 5214 (hilaritatem
1277 5105 1346 5145 ue
1373 5105 1558 5144 Iacere
1589 5105 1646 5145 et
1675 5105 1793 5162 pau
1824 5105 2094 5145 tractatus

391 5161 689 5217 habeatur.
726 5161 868 5232 Quae
957 5175 1031 5212 uo
1062 5159 1328 5214 videntur
1377 5177 1444 5232 ex
1476 5162 1781 5232 qualitatis
1811 5161 1964 5216 fonte
1995 5161 2094 5215 de-

392 5232 687 5287 scendere:
721 5231 777 5286 id
834 5246 1085 5301 namque
1139 5232 1294 5300 quod
1345 5231 1592 5288 calidum
1641 5232 1790 5301 facit,
1842 5231 2092 5288 calidum

393 5304 465 5357 sit
492 5318 718 5374 necesse
751 5307 829 5356 est
853 5323 868 5368 ;
889 5302 1139 5374 calidum
1175 5317 1304 5356 vero
1336 5303 1503 5373 quale
1524 5320 1644 5358 esse
1675 5303 2091 5374 cognoscimus.

391 5373 666 5429 Similiter
695 5374 845 5445 quod
871 5373 1121 5445 calidum
1151 5373 1234 5439 fit,
1269 5371 1531 5443 passione
1554 5375 1642 5430 sui
1671 5371 2093 5445 acc'ipitrquali-

393 5450 597 5499 tatem:
623 5449 691 5515 et
716 5443 820 5515 qui
851 5444 1033 5511 docet,
1067 5445 1388 5515 cumrdocet
1415 5445 1612 5500 doctor
1630 5452 1728 5510 est,
1760 5443 1818 5500 et
1846 5443 2094 5513 discipu-

396 5517 514 5587 lum
531 5514 662 5568 facit
681 5531 694 5579 ;
712 5514 954 5585 uterque
967 5520 1157 5587 autem
1172 5514 1286 5587 sive
1300 5516 1500 5571 doctor
1510 5517 1626 5573 sive
1638 5516 1948 5587 discipulus
1961 5528 2096 5587 quae

396 5586 465 5639 lis
494 5591 578 5639 cst
602 5601 614 5638 :
648 5590 703 5638 et
727 5590 927 5639 caetera
960 5586 1048 5639 his
1080 5586 1289 5641 similia
1318 5589 1677 5643 considerata
1704 5586 2098 5642 demonstrant

401 5661 552 5711 recte
579 5656 683 5710 has
710 5656 849 5710 duas
870 5657 1186 5727 categorias
1208 5659 1517 5729 praeposita
1542 5659 1816 5729 qualitate
1845 5652 2093 5709 tractari.

462 5796 574 5844 Ilta
600 5798 798 5844 veteres
833 5796 960 5845 Mss.
997 5797 1064 5846 At
1089 5797 1232 5856 editi,
1279 5801 1534 5850 remsan

1763 292 2192 350 CATEGORIJE
2231 291 2494 349 DECEM.

3770 293 3925 346 1436

2196 416 2326 470 Hinc
2344 415 2458 470 duo
2473 417 2663 469 autem
2680 413 2864 486 facere
2885 416 2942 468 et
2960 413 3078 486 pati
3098 415 3265 470 multi
3276 414 3571 483 dixerunt,
3593 429 3725 486 non
3744 428 3926 486 posse

2197 486 2305 567 nisi
2323 486 2412 556 iis,
2432 502 2562 567 qua:
2583 485 2796 567 fuerint
2814 483 3121 567 centraria,
3141 486 3551 567 provenireuld
3576 483 3929 567 enimqued

2197 559 2360 612 dulce
2381 554 2488 629 est,
2506 558 2674 629 dulce
2693 556 2988 629 nonfacit,
3011 557 3123 612 nisi
3141 554 3199 629 id
3213 558 3366 629 quod
3387 557 3555 611 dulce
3571 573 3694 610 non
3710 554 3924 629 fuerit,

2196 644 2330 682 nam
2361 628 2409 682 si
2441 598 2498 682 id
2528 628 2683 697 quod
2710 627 2928 698 patitur
2959 597 3123 683 dulce
3151 597 3344 696 fuerit,
3377 645 3482 699 per
3511 633 3795 699 naturam
3823 597 3927 680 sui

2196 699 2817 780 alteriusdulcedinem
2851 714 2966 769 quo
3006 699 3262 780 recipiat,
3306 698 3420 780 non
3467 698 3756 780 habebit;
3806 713 3928 780 pe-

2191 786 2344 824 cesse
2374 773 2458 823 est
2477 786 2613 840 ergo
2641 771 2804 824 dulce
2834 767 2950 841 non
2980 785 3102 825 esse
3122 767 3191 825 id
3221 771 3370 841 quod
3401 769 3646 840 patitur,
3688 774 3758 823 ut
3787 767 3929 841 dul:

2191 841 2448 895 cedinem
2493 839 2729 910 recipiat
2775 840 3057 895 alienam:
3108 857 3172 895 ac
3241 839 3524 910 “ropterea
3565 855 3706 894 cum
3752 839 3926 909 quod

2191 911 2324 966 facit
2362 910 2525 965 dulce
2562 916 2668 966 est.
2697 915 2754 964 et
2781 912 2938 966 quod
2968 911 3184 966 patitur
3211 857 3377 966 dulce
3409 927 3526 965 non
3559 920 3671 966 est.
3705 925 3925 965 neces-

2189 911 2324 982 facit
2362 910 2525 982 dulce
2562 916 2668 979 est,
2697 915 2754 964 et
2781 912 2938 982 quod
2968 911 3184 982 patitur
3211 910 3377 966 dulce
3409 927 3526 982 non
3554 920 3671 982 est,
3705 925 3925 965 neces-

2193 981 2342 1036 sario
2370 981 2639 1036 dicuntur
2667 981 2846 1036 videri
2866 981 3172 1036 contraria.
3206 981 3479 1036 Nonnulli
3507 981 3745 1036 diversa
3776 995 3924 1035 sen-

2193 1059 2411 1118 serunt,
2436 1058 2752 1108 asserentes
2776 1068 2891 1107 non
2916 1069 3082 1123 posse
3110 1053 3234 1108 hac
3259 1052 3370 1106 nisi
3401 1053 3476 1123 in
3492 1052 3793 1107 similibus
3818 1052 3924 1106 in-

2192 1123 2398 1192 veniri,
2445 1128 2500 1177 et
2541 1123 2645 1194 sub
2693 1123 2894 1178 eodem
2919 1122 3144 1194 genere
3174 1122 3550 1194 constitutis;
3592 1140 3706 1178 nec
3737 1138 3923 1194 posse

2195 1193 2565 1274 aliquid‘pati
2605 1195 2696 1274 vel
2734 1192 2960 1274 facere;
2987 1193 3099 1274 nisi
3139 1193 3325 1248 simile
3364 1194 3555 1274 faciat,
3605 1199 3713 1274 aut
3741 1192 3789 1247 7a
3835 1192 3922 1274 si:

2194 1264 2318 1319 mili
2347 1264 2614 1330 patiatur.
2658 1265 2830 1320 Dulce
2859 1264 3013 1320 enim
3044 1269 3100 1319 et
3129 1281 3409 1330 amarum,
3444 1265 3526 1318 vel
3558 1264 3824 1318 calidum
3859 1267 3925 1318 et

2193 1335 2489 1406 frigidum,
2537 1335 2668 1391 licet
2707 1335 2990 1390 contraria
3027 1335 3346 1400 videantur,
3384 1340 3577 1390 tamen
3619 1352 3758 1390 cum
3802 1335 3923 1406 sub

2194 1405 2392 1462 eodem
2431 1422 2603 1460 sensu
2637 1406 2869 1472 fuerint,
2910 1406 3120 1460 similia
3161 1422 3282 1461 esse
3319 1406 3688 1460 confirmant.
3727 1405 3922 1460 Deni-

2195 1493 2306 1548 que
2335 1477 2405 1532 ab
2429 1477 2631 1548 alienis
2657 1477 2998 1548 penitusque
3020 1477 3274 1532 discretis
3295 1477 3552 1548 patiendi
3581 1476 3923 1531 faciendive

2193 1547 2475 1619 rationem
2505 1547 2704 1619 dicunt
2730 1564 2848 1619 non
2891 1547 3056 1619 posse
3096 1547 3442 1603 consistere:
3476 1553 3543 1602 ut
3569 1548 3738 1602 verbi
3771 1563 3924 1619 gra—

2195 1619 2293 1690 tia,
2327 1618 2463 1689 quid
2490 1618 2646 1690 enim
2684 1618 2852 1690 faciet
2878 1618 3155 1673 numerus
3183 1619 3242 1690 in
3272 1635 3490 1686 amaro,
3527 1620 3616 1690 vel
3646 1618 3799 1690 quid
3829 1619 3920 1690 al-

2194 1687 2363 1744 bedo_
2385 1689 2503 1759 pati
2546 1687 2730 1760 possit,
2767 1706 2798 1744 a
2843 1691 3127 1744 numero?
3171 1689 3280 1745 Sed
3325 1690 3447 1744 haec
3494 1689 3565 1744 sit
3606 1687 3921 1744 conflictio

2194 1759 2568 1815 casterorumi
2603 1759 2767 1814 nobis
2782 1763 2983 1830 autem
3010 1761 3210 1830 regula
3239 1760 3340 1814 illa
3362 1760 3632 1826 sufﬁciat,
3663 1766 3733 1814 ut
3760 1760 3919 1814 scia—

2195 1846 2324 1912 ruus
2370 1830 2558 1912 facere
2583 1829 2794 1911 et.pati
2829 1846 3037 1912 genere
3084 1829 3205 1886 esse
3229 1831 3570 1912 _copju.u_cta,
3619 1831 3920 1912 qualitate

2193 1900 2452 1973 discreta.
2497 1900 2725 1973 Etenim
2771 1900 3042 1973 calidum,
3094 1901 3247 1973 quod
3295 1900 3504 1972 frigido
3541 1900 3921 1973 praistatrca-

2195 1971 2375 2044 lorem
2422 1971 2529 2044 sui,
2563 1971 2667 2044 sub
2701 1971 2904 2026 eodem
2948 1971 3157 2044 genere
3189 1976 3293 2035 est,
3317 1971 3462 2044 Aque
3509 1971 3598 2026 est
3635 1977 3694 2027 et
3727 1972 3920 2044 frigi-

2194 2043 2331 2098 dum
2355 2043 2496 2114 ;_sed
2547 2042 2827 2114 discrepat
2865 2041 3138 2114 qualitate
3182 2041 3339 2114 quod
3363 2041 3566 2098 'calet:
3600 2047 3660 2098 et
3703 2041 3921 2098 doctus

2194 2112 2901 2185 cum_docet__indoctum,
2937 2115 3059 2185 sub
3106 2112 3309 2169 eodem
3367 2129 3575 2185 genere
3623 2119 3748 2180 est;
3810 2113 3921 2168 sed

2195 2183 2468 2254 qualitate
2515 2183 2873 2256 discernitur.
2921 2184 3110 2256 Claret
3157 2200 3295 2252 ergo
3339 2183 3535 2256 facere
3560 2187 3618 2238 et
3645 2185 3774 2256 pati
3805 2201 3921 2256 ge-

2195 2253 2332 2310 nere
2359 2253 2744 2326 essessimilia,
2773 2255 3063 2310 contraria
3108 2256 3403 2326 qualitate.
3433 2254 3543 2311 Sed
3590 2253 3720 2310 haec
3765 2253 3912 2320 duo,

2195 2330 2260 2380 ut
2311 2324 2576 2396 superius
2631 2325 2898 2390 diximus,
2941 2324 3402 2396 adeo—videntur
3457 2325 3726 2396 qualitati
3789 2342 3917 2382 non

2194 2395 2627 2478 modo’ordine,
2669 2397 2766 2451 sed
2785 2395 3234 2478 etiam‘ratione
3280 2395 3577 2478 conjungi,
3600 2397 3916 2478 u_t_eadem

2196 2466 2493 2537 recipiant,
2525 2482 2654 2537 quae
2684 2467 2936 2538 recipere
2966 2466 3214 2522 diximus
3245 2466 3601 2538 qualitatem.
3638 2469 3917 2539 Namque

2196 2537 2732 2617 etcontrarietatem
2777 2553 2894 2617 uon
2925 2541 3238 2617 respuunt,
3263 2554 3440 2610 quam
3477 2538 3741 2617 qualitas
3767 2539 3921 2617 reci-

2194 2608 2314 2679 pit;
2346 2612 2404 2661 et
2430 2608 2612 2680 magis
2641 2612 2696 2662 et
2724 2608 2914 2662 minus
2937 2608 3267 2680 admittunt,
3282 2608 3540 2679 quorum
3561 2608 3916 2680 qualitatem

2195 2678 2426 2759 quoque
2477 2678 2724 2759 diximus
2778 2679 3167 2759 receptricem.
3223 2678 3621 2759 Harumrsver'o
3677 2685 3920 2759 catego-

2195 2749 2411 2821 riarum
2469 2749 2789 2821 proprium,
2842 2749 2998 2821 quod
3050 2754 3145 2821 est
3189 2765 3374 2821 grtece
3429 2757 3566 2816 ἴδιον,
3622 2749 3918 2821 quoniam

2194 2819 2590 2891 ipsequoque
2637 2819 2990 2889 Aristoteles,
3033 2819 3245 2888 omisit,
3294 2836 3400 2875 nec
3445 2837 3478 2875 a
3510 2819 3680 2876 nobis
3727 2822 3921 2876 lector

2194 2889 2466 2946 inauirat.

2257 2908 2706 3016 qmm’carur
2735 2961 2868 3016 xw.
2901 2987 2970 3000 -
3003 2962 3086 3016 De
3107 2962 3310 3031 jacere.
3339 2964 3454 3017 sive
3478 2965 3610 3018 situ.

2264 3030 2531 3102 Sequitur
2572 3036 2640 3086 ut
2685 3031 2754 3087 de
2799 3033 2989 3102 jacere
3040 3030 3314 3100 dicamus,
3365 3033 3482 3088 sive
3525 3033 3597 3088 de
3643 3033 3787 3099 situ,
3854 3038 3923 3087 ut

2196 3101 2431 3186 quidam
2473 3106 2717 3186 putant:
2743 3101 2890 3186 qua;
2917 3103 3299 3186 eategeria‘in
3336 3104 3409 3158 ad
3437 3103 3686 3186 aliquid
3707 3105 3918 3186 relatis

2191 3172 2313 3255 jam
2340 3172 2565 3255 videtur
2588 3188 2711 3255 esse
2738 3172 2995 3229 tractata.
3036 3172 3326 3255 Siquidem
3356 3172 3732 3255 quod‘jacet,
3750 3175 3917 3244 posi-

2199 3248 2323 3317 tum
2349 3243 2540 3317 jacet;
2569 3243 2819 3314 positum
2849 3260 2980 3317 vero
3005 3243 3310 3316 positionis
3339 3243 3445 3317 est,
3477 3249 3534 3300 et
3550 3243 3778 3317 positio
3808 3263 3921 3317 po-

2200 3314 2310 3368 siti.
2343 3314 2465 3388 Qua
2509 3313 2587 3388 de
2619 3330 2805 3388 causa,
2839 3319 2902 3388 ut
2929 3313 3050 3386 ipse
3074 3331 3307 3387 quoque
3343 3313 3698 3386 Aristoteles,
3729 3313 3919 3388 quem

2201 3383 2514 3456 sequimur,
2533 3383 2692 3456 fecit,
2724 3385 2796 3440 ad
2826 3385 2938 3440 alia
2952 3383 3334 3442 transeamus.

2518 3454 2742 3511 CAPUT
2779 3457 2886 3512 XV.
2917 3487 2988 3498 —
3022 3457 3106 3512 De
3135 3457 3230 3513 ubi
3256 3462 3306 3512 et
3339 3455 3576 3526 quando.

2274 3524 2388 3598 Ubi
2408 3529 2464 3579 et
2489 3527 2716 3598 quando
2745 3526 3012 3598 videntur
3041 3529 3196 3582 locus
3234 3524 3362 3583 esse
3386 3533 3444 3582 et
3482 3532 3732 3598 tempus,
3773 3545 3917 3582 cum

2200 3611 2316 3669 non
2345 3595 2460 3650 sint
2481 3595 2640 3662 {sed
2689 3601 2823 3669 sunt
2850 3597 2908 3650 iu
2939 3599 3062 3653 loco
3095 3603 3163 3669 et
3205 3603 3508 3669 tempore:
3539 3595 3625 3664 ut,
3678 3600 3912 3665 Romae,

2200 3667 2258 3741 in
2285 3671 2505 3741 senatu,
2556 3667 2930 3741 anteuhoram
2974 3668 3224 3741 tertiam,
3272 3667 3404 3741 post
3448 3685 3706 3741 mensem
3751 3686 3916 3724 mar-

2200 3737 2366 3811 tium.
2397 3739 2548 3804 Haec,
2580 3742 2645 3793 ut
2685 3737 2953 3805 diximus,
2997 3739 3057 3811 in
3089 3741 3215 3794 loco
3246 3737 3381 3794 sunt
3409 3745 3466 3794 et
3510 3740 3570 3795 in
3616 3745 3916 3811 tempore,

2201 3824 2318 3862 non
2345 3808 2499 3882 locus
2518 3812 2585 3882 et
2612 3813 2856 3882 tempus.
2887 3810 3230 3882 Deniqueut
3256 3812 3434 3882 claras
3463 3815 3520 3864 et
3547 3808 3767 3866 nullius
3790 3808 3918 3866 trai-

2202 3883 2382 3954 ctatus
2436 3878 2682 3950 indigas,
2731 3878 2850 3935 bas
2912 3878 3226 3954 categorias
3284 3880 3614 3954 Aristoteles
3667 3898 3917 3954 quoque

2200 3953 2586 4022 transgressus
2622 3954 2738 4016 est;
2779 3951 2932 4022 quod
2969 3951 3072 4006 nos
3112 3951 3285 4006 etiam
3319 3951 3612 4007 faciemus.
3650 3951 3728 4008 De
3759 3951 3918 4008 tein-

2201 4035 2338 4092 pore
2385 4020 2539 4074 enim
2586 4026 2644 4075 et
2671 4020 2815 4093 loco
2843 4023 2992 4078 inter
3024 4039 3278 4078 summos
3318 4023 3694 4093 philosophos
3739 4030 3918 4078 vetus

2203 4095 2259 4144 et
2309 4105 2518 4160 magna
2572 4092 2813 4165 quaastiu
2857 4096 2962 4153 est,
3011 4093 3351 4165 quibusdam
3402 4092 3728 4165 volentibus
3785 4094 3919 4150 hinc

2201 4166 2502 4232 corporata
2535 4177 2678 4235 esse,
2718 4162 2846 4217 aliis
2884 4162 3178 4218 vero'sine
3219 4163 3554 4235 corporibus
3591 4164 3907 4222 aestimari.

2627 4233 2851 4290 CAPUT
2888 4235 3022 4289 XVI.
3063 4265 3124 4274 —
3160 4238 3232 4290 De
3261 4233 3471 4290 habere.

2274 4304 2400 4358 Non
2412 4320 2527 4376 uno
2539 4305 2707 4376 modo
2718 4305 2931 4376 habere
2945 4305 3164 4376 aliquid
3175 4305 3735 4370 dicimur.Quantum
3748 4305 3915 4361 enim

2201 4375 2496 4447 tractando
2536 4374 2882 4447 colligimus,
2926 4374 3178 4432 sub—hoc
3204 4377 3374 4431 verbo
3413 4381 3539 4430 octo
3576 4381 3714 4447 sunt
3739 4377 3918 4447 quasi

2203 4446 2464 4518 quaedam
2495 4445 2729 4518 species.
2753 4447 2963 4518 APrima
2991 4450 3094 4518 est,
3131 4447 3354 4518 quoties
3383 4447 3586 4518 animo
3625 4445 3918 4502 habemus

2203 4515 2442 4597 aliquid,
2489 4515 2555 4597 u:t_
2584 4516 2884 4597 justitiam,
2933 4515 3270 4597 castitatem,
3313 4517 3654 4597 injustitiarn
3702 4519 3794 4572 vel

2201 4587 2495 4658 bidinem,
2523 4587 2802 4648 Secunda,
2859 4587 3081 4658 quoties
3132 4587 3194 4642 in
3246 4587 3484 4658 corpore
3530 4587 3743 4642 habere
3798 4589 3916 4643 ali—

2203 4658 2344 4730 quid
2392 4657 2659 4730 dicimur,
2705 4661 2770 4713 ut
2809 4657 3128 4714 albedinem
3181 4657 3667 4730 etini’grediuem,
3700 4660 3915 4730 varie-

2203 4729 2399 4800 tatem,
2429 4729 2767 4800 velrcietera
2801 4745 2930 4800 quae
2968 4745 3086 4800 per,
3111 4729 3446 4800 qualitatem
3488 4729 3714 4800 corpori
3762 4729 3913 4784 insi-

2203 4799 2365 4871 dunt.
2397 4799 2584 4871 Tertia
2615 4795 2684 4854 de
2714 4795 3030 4871 quantitate
3061 4795 3369 4871 descendit,
3403 4795 3628 4871 quoties
3657 4805 3918 4871 quatuor

2201 4870 2290 4942 vel
2341 4869 2596 4942 quinque
2649 4869 2861 4942 pedum
2918 4871 3129 4925 habere
3175 4870 3396 4942 dicitur,
3422 4869 3912 4942 'longitu'dinem.

2202 4941 2432 5012 Quarta,
2455 4941 2586 5012 cum
2607 4941 2811 5012 nonin
2830 4943 2950 4994 toto
2979 4957 3238 5011 corpore,
3256 4941 3357 5012 sed
3382 4941 3442 5012 in
3469 4941 3633 5012 parte
3649 4943 3918 5011 corporis

2205 5011 2420 5082 aliquid
2458 5011 2668 5067 habere
2710 5011 3038 5082 ﬁrmamur;
3083 5016 3148 5065 ut
3180 5012 3242 5066 in
3281 5011 3808 5082 digito’annulum,
3851 5014 3915 5067 in

2204 5081 2349 5154 pede
2374 5083 2588 5154 ealceos
2618 5081 2706 5136 vel
2734 5081 3067 5154 cothurnos.
3115 5082 3323 5147 Quinta
3353 5081 3587 5154 species
3635 5089 3756 5154 est,
3775 5099 3914 5139 cum

2203 5150 2319 5225 non
2374 5151 2436 5206 in
2491 5168 2748 5223 corpore.
2797 5150 2892 5225 sed
2952 5150 3102 5206 circa
3165 5169 3372 5225 corpus
3397 5150 3633 5225 illabere
3685 5153 3917 5225 aliquid

2205 5223 2469 5295 dicimur,
2487 5220 2656 5295 utre—st
2669 5220 3088 5295 vestimentum
3119 5220 3290 5295 atque
3319 5223 3655 5278 indumenta
3685 5220 3914 5281 omnia.

2203 5293 2386 5360 Sexta,
2419 5292 2645 5364 quoties
2665 5293 2816 5362 ipsas
2837 5299 3028 5363 partes
3056 5292 3310 5364 corporis
3339 5295 3549 5350 habere
3580 5311 3916 5363 narramur,

2205 5369 2268 5418 ut
2289 5363 2512 5428 manus,
2541 5363 2737 5446 pedes,
2767 5367 2954 5446 caput,
2981 5370 3083 5446 uut
3112 5363 3332 5435 reliqua
3352 5381 3482 5446 quas
3507 5371 3642 5446 sunt
3670 5366 3732 5420 in
3760 5383 3918 5446 com-

2204 5450 2351 5505 page
2397 5434 2809 5515 membrorum.
2838 5434 3152 5514 .Septimus
3193 5434 3327 5517 vero
3354 5434 3513 5517 locus
3540 5440 3646 5503 est,
3678 5437 3915 5508 quoties

2205 5505 2289 5558 far
2319 5505 2404 5558 vel
2429 5519 2621 5558 Vinum
2651 5519 2749 5557 vas
2777 5504 3008 5574 aliquod
3033 5505 3242 5560 habere
3273 5507 3498 5562 dieitur.
3534 5506 3777 5561 Octavus
3808 5508 3916 5563 ha-

2205 5575 2377 5646 bendi
2399 5574 2608 5646 gradus
2637 5580 2739 5638 est,
2765 5575 2864 5646 qui
2890 5576 3304 5645 possessionem
3328 5582 3585 5632 nostram
3615 5579 3701 5631 vel
3735 5579 3919 5634 domi-

2205 5645 2366 5700 nium
2410 5645 2634 5699 videtur
2671 5645 2992 5714 ostendere,
3029 5663 3160 5702 cum
3191 5648 3342 5702 aedes
3378 5649 3466 5702 vel
3496 5664 3594 5701 rus
3637 5647 3772 5714 quis
3811 5649 3914 5705 ha-

2202 5715 2601 5788 beredicitur,
2631 5717 2720 5788 vel
2750 5717 3009 5788 sepulcra
3044 5718 3349 5788 majorum.
3383 5718 3452 5773 Hi
3490 5723 3625 5772 sunt
3654 5715 3912 5774 habendi

2204 5785 2379 5854 modi,
2412 5803 2552 5859 quos
2572 5785 2868 5861 designato
2888 5785 3714 5860 numero'comprehendimus,
3751 5798 3911 5848 extra
