  <div class='ocr_page' id='page_1' title='image "/cluster/home/n/w/nwhite01/storage/ocr_20150623/32/umn.31951002477326y/730.png"; bbox 0 0 4056 6350; ppageno 0'>
   <div class='ocr_carea' id='block_1_1' title="bbox 169 284 422 338">
    <p class='ocr_par' dir='ltr' id='par_1_1' title="bbox 169 284 422 338">
     <span class='ocr_line' id='line_1_1' title="bbox 169 284 422 338; baseline 0.008 -2"><span class='ocrx_word' id='word_1_1' title='bbox 169 284 327 338; x_wconf 67' lang='grc'><strong>1437</strong></span> <span class='ocrx_word' id='word_1_2' title='bbox 409 286 422 294; x_wconf 71' lang='grc'><strong>“</strong></span> 
     </span>
    </p>
   </div>
   <div class='ocr_carea' id='block_1_2' title="bbox 163 405 1890 485">
    <p class='ocr_par' dir='ltr' id='par_1_2' title="bbox 163 405 1890 485">
     <span class='ocr_line' id='line_1_2' title="bbox 163 405 1890 485; baseline 0.005 -25"><span class='ocrx_word' id='word_1_3' title='bbox 163 420 364 475; x_wconf 80' lang='lat' dir='ltr'><strong>quem</strong></span> <span class='ocrx_word' id='word_1_4' title='bbox 395 406 442 485; x_wconf 82' lang='lat' dir='ltr'><strong>si</strong></span> <span class='ocrx_word' id='word_1_5' title='bbox 469 405 600 479; x_wconf 85' lang='lat' dir='ltr'><strong>quis</strong></span> <span class='ocrx_word' id='word_1_6' title='bbox 631 407 887 485; x_wconf 73' lang='lat' dir='ltr'><strong>potuerit</strong></span> <span class='ocrx_word' id='word_1_7' title='bbox 911 408 1191 485; x_wconf 81' lang='lat' dir='ltr'><strong>invenire,</strong></span> <span class='ocrx_word' id='word_1_8' title='bbox 1222 409 1459 485; x_wconf 65' lang='lat' dir='ltr'><strong>desidiae</strong></span> <span class='ocrx_word' id='word_1_9' title='bbox 1487 415 1694 485; x_wconf 76' lang='lat' dir='ltr'><strong>nostrae.</strong></span> <span class='ocrx_word' id='word_1_10' title='bbox 1723 414 1890 485; x_wconf 89' lang='lat' dir='ltr'><strong>culpa</strong></span> 
     </span>
    </p>
   </div>
   <div class='ocr_carea' id='block_1_3' title="bbox 161 479 1889 552">
    <p class='ocr_par' dir='ltr' id='par_1_3' title="bbox 161 479 1889 552">
     <span class='ocr_line' id='line_1_3' title="bbox 161 479 1889 552; baseline 0.005 -21"><span class='ocrx_word' id='word_1_11' title='bbox 161 491 313 552; x_wconf 75' lang='lat' dir='ltr'><strong>_non</strong></span> <span class='ocrx_word' id='word_1_12' title='bbox 339 479 484 552; x_wconf 66' lang='lat' dir='ltr'><strong>erit,</strong></span> <span class='ocrx_word' id='word_1_13' title='bbox 504 494 635 552; x_wconf 89' lang='lat' dir='ltr'><strong>cum</strong></span> <span class='ocrx_word' id='word_1_14' title='bbox 667 479 1043 552; x_wconf 71' lang='lat' dir='ltr'><strong>Philosophus</strong></span> <span class='ocrx_word' id='word_1_15' title='bbox 1072 479 1192 552; x_wconf 89' lang='lat' dir='ltr'><strong>ipse</strong></span> <span class='ocrx_word' id='word_1_16' title='bbox 1222 482 1776 548; x_wconf 81' lang='lat' dir='ltr'><strong>Iibernmdimiserit</strong></span> <span class='ocrx_word' id='word_1_17' title='bbox 1804 479 1889 539; x_wconf 75' lang='lat' dir='ltr'><strong>ar-</strong></span> 
     </span>
    </p>
   </div>
   <div class='ocr_carea' id='block_1_4' title="bbox 158 546 1888 620">
    <p class='ocr_par' dir='ltr' id='par_1_4' title="bbox 158 546 1888 620">
     <span class='ocr_line' id='line_1_4' title="bbox 158 546 1888 620; baseline 0.006 -20"><span class='ocrx_word' id='word_1_18' title='bbox 158 546 424 604; x_wconf 87' lang='lat' dir='ltr'><strong>bitrium</strong></span> <span class='ocrx_word' id='word_1_19' title='bbox 472 546 917 620; x_wconf 60' lang='lat' dir='ltr'><strong>inquirentibus:</strong></span> <span class='ocrx_word' id='word_1_20' title='bbox 962 546 1115 606; x_wconf 71' lang='lat' dir='ltr'><strong>Sane</strong></span> <span class='ocrx_word' id='word_1_21' title='bbox 1152 553 1291 607; x_wconf 88' lang='lat' dir='ltr'><strong>illud</strong></span> <span class='ocrx_word' id='word_1_22' title='bbox 1324 546 1561 609; x_wconf 85' lang='lat' dir='ltr'><strong>verbum</strong></span> <span class='ocrx_word' id='word_1_23' title='bbox 1591 556 1888 610; x_wconf 79' lang='lat' dir='ltr'><strong>multi-:10-</strong></span> 
     </span>
    </p>
   </div>
   <div class='ocr_carea' id='block_1_5' title="bbox 162 622 1886 696">
    <p class='ocr_par' dir='ltr' id='par_1_5' title="bbox 162 622 1886 696">
     <span class='ocr_line' id='line_1_5' title="bbox 162 622 1886 696; baseline 0.005 -23"><span class='ocrx_word' id='word_1_24' title='bbox 162 625 409 674; x_wconf 89' lang='lat' dir='ltr'><strong>ctorum</strong></span> <span class='ocrx_word' id='word_1_25' title='bbox 441 627 915 696; x_wconf 83' lang='lat' dir='ltr'><strong>respuunt,atque</strong></span> <span class='ocrx_word' id='word_1_26' title='bbox 933 622 1247 696; x_wconf 83' lang='lat' dir='ltr'><strong>improprie</strong></span> <span class='ocrx_word' id='word_1_27' title='bbox 1266 625 1508 696; x_wconf 84' lang='lat' dir='ltr'><strong>proferri</strong></span> <span class='ocrx_word' id='word_1_28' title='bbox 1527 627 1886 694; x_wconf 97' lang='lat' dir='ltr'><strong>conﬁrmant,</strong></span> 
     </span>
    </p>
   </div>
   <div class='ocr_carea' id='block_1_6' title="bbox 163 692 1886 764">
    <p class='ocr_par' dir='ltr' id='par_1_6' title="bbox 163 692 1886 764">
     <span class='ocr_line' id='line_1_6' title="bbox 163 692 1886 764; baseline 0.005 -20"><span class='ocrx_word' id='word_1_29' title='bbox 163 707 319 764; x_wconf 87' lang='lat' dir='ltr'><strong>cum</strong></span> <span class='ocrx_word' id='word_1_30' title='bbox 350 692 571 764; x_wconf 88' lang='lat' dir='ltr'><strong>mulier</strong></span> <span class='ocrx_word' id='word_1_31' title='bbox 591 693 797 747; x_wconf 90' lang='lat' dir='ltr'><strong>habere</strong></span> <span class='ocrx_word' id='word_1_32' title='bbox 838 692 1106 748; x_wconf 81' lang='lat' dir='ltr'><strong>maritum</strong></span> <span class='ocrx_word' id='word_1_33' title='bbox 1126 692 1366 763; x_wconf 47' lang='lat' dir='ltr'><strong>dicit—ur,</strong></span> <span class='ocrx_word' id='word_1_34' title='bbox 1399 698 1485 751; x_wconf 85' lang='lat' dir='ltr'><strong>vel</strong></span> <span class='ocrx_word' id='word_1_35' title='bbox 1515 698 1600 751; x_wconf 89' lang='lat' dir='ltr'><strong>vir</strong></span> <span class='ocrx_word' id='word_1_36' title='bbox 1629 692 1886 764; x_wconf 81' lang='lat' dir='ltr'><strong>uxorem,</strong></span> 
     </span>
    </p>
   </div>
   <div class='ocr_carea' id='block_1_7' title="bbox 163 763 1890 840">
    <p class='ocr_par' dir='ltr' id='par_1_7' title="bbox 163 763 1890 840">
     <span class='ocr_line' id='line_1_7' title="bbox 163 763 1890 840; baseline 0.004 -24"><span class='ocrx_word' id='word_1_37' title='bbox 163 763 270 817; x_wconf 87' lang='lat' dir='ltr'><strong>vel</strong></span> <span class='ocrx_word' id='word_1_38' title='bbox 305 769 471 834; x_wconf 89' lang='lat' dir='ltr'><strong>pater</strong></span> <span class='ocrx_word' id='word_1_39' title='bbox 498 763 702 840; x_wconf 83' lang='lat' dir='ltr'><strong>ﬁlium,</strong></span> <span class='ocrx_word' id='word_1_40' title='bbox 728 765 1000 840; x_wconf 85' lang='lat' dir='ltr'><strong>_vel_ﬁlius</strong></span> <span class='ocrx_word' id='word_1_41' title='bbox 1030 766 1388 840; x_wconf 81' lang='lat' dir='ltr'><strong>genitorem;</strong></span> <span class='ocrx_word' id='word_1_42' title='bbox 1407 774 1714 839; x_wconf 78' lang='lat' dir='ltr'><strong>propterea</strong></span> <span class='ocrx_word' id='word_1_43' title='bbox 1733 769 1890 840; x_wconf 90' lang='lat' dir='ltr'><strong>quod</strong></span> 
     </span>
    </p>
   </div>
   <div class='ocr_carea' id='block_1_8' title="bbox 167 834 1886 908">
    <p class='ocr_par' dir='ltr' id='par_1_8' title="bbox 167 834 1886 908">
     <span class='ocr_line' id='line_1_8' title="bbox 167 834 1886 908; baseline 0.005 -21"><span class='ocrx_word' id='word_1_44' title='bbox 167 840 456 908; x_wconf 72' lang='lat' dir='ltr'><strong>asserunt</strong></span> <span class='ocrx_word' id='word_1_45' title='bbox 498 851 615 908; x_wconf 78' lang='lat' dir='ltr'><strong>non</strong></span> <span class='ocrx_word' id='word_1_46' title='bbox 651 834 851 908; x_wconf 88' lang='lat' dir='ltr'><strong>haberi</strong></span> <span class='ocrx_word' id='word_1_47' title='bbox 893 834 1078 907; x_wconf 80' lang='lat' dir='ltr'><strong>posse,</strong></span> <span class='ocrx_word' id='word_1_48' title='bbox 1117 838 1269 908; x_wconf 90' lang='lat' dir='ltr'><strong>quod</strong></span> <span class='ocrx_word' id='word_1_49' title='bbox 1302 834 1841 894; x_wconf 50' lang='lat' dir='ltr'><strong>habeat—habentem</strong></span> <span class='ocrx_word' id='word_1_50' title='bbox 1872 857 1886 894; x_wconf 88' lang='lat'><strong>:</strong></span> 
     </span>
    </p>
   </div>
   <div class='ocr_carea' id='block_1_9' title="bbox 168 905 1889 976">
    <p class='ocr_par' dir='ltr' id='par_1_9' title="bbox 168 905 1889 976">
     <span class='ocr_line' id='line_1_9' title="bbox 168 905 1889 976; baseline 0.003 -17"><span class='ocrx_word' id='word_1_51' title='bbox 168 905 286 959; x_wconf 88' lang='lat' dir='ltr'><strong>sed</strong></span> <span class='ocrx_word' id='word_1_52' title='bbox 318 905 527 959; x_wconf 89' lang='lat' dir='ltr'><strong>rectius</strong></span> <span class='ocrx_word' id='word_1_53' title='bbox 557 906 666 960; x_wconf 92' lang='lat' dir='ltr'><strong>dici</strong></span> <span class='ocrx_word' id='word_1_54' title='bbox 688 905 992 961; x_wconf 76' lang='lat' dir='ltr'><strong>autumant</strong></span> <span class='ocrx_word' id='word_1_55' title='bbox 1014 905 1389 964; x_wconf 46' lang='lat' dir='ltr'><strong>esse—mulieri</strong></span> <span class='ocrx_word' id='word_1_56' title='bbox 1413 910 1621 976; x_wconf 92' lang='lat' dir='ltr'><strong>virum,</strong></span> <span class='ocrx_word' id='word_1_57' title='bbox 1649 912 1737 964; x_wconf 85' lang='lat' dir='ltr'><strong>vel</strong></span> <span class='ocrx_word' id='word_1_58' title='bbox 1756 927 1889 965; x_wconf 84' lang='lat' dir='ltr'><strong>uxo-</strong></span> 
     </span>
    </p>
   </div>
   <div class='ocr_carea' id='block_1_10' title="bbox 167 978 1886 1048">
    <p class='ocr_par' dir='ltr' id='par_1_10' title="bbox 167 978 1886 1048">
     <span class='ocr_line' id='line_1_10' title="bbox 167 978 1886 1048; baseline 0.003 -17"><span class='ocrx_word' id='word_1_59' title='bbox 167 991 311 1048; x_wconf 76' lang='lat' dir='ltr'><strong>rem</strong></span> <span class='ocrx_word' id='word_1_60' title='bbox 340 978 482 1048; x_wconf 88' lang='lat' dir='ltr'><strong>_viro</strong></span> <span class='ocrx_word' id='word_1_61' title='bbox 519 993 672 1048; x_wconf 85' lang='lat' dir='ltr'><strong>esse,</strong></span> <span class='ocrx_word' id='word_1_62' title='bbox 721 982 945 1048; x_wconf 82' lang='lat' dir='ltr'><strong>patrem</strong></span> <span class='ocrx_word' id='word_1_63' title='bbox 984 978 1103 1033; x_wconf 87' lang='lat' dir='ltr'><strong>ﬁlio</strong></span> <span class='ocrx_word' id='word_1_64' title='bbox 1135 996 1274 1048; x_wconf 91' lang='lat' dir='ltr'><strong>esse,</strong></span> <span class='ocrx_word' id='word_1_65' title='bbox 1301 980 1531 1035; x_wconf 84' lang='lat' dir='ltr'><strong>famulis</strong></span> <span class='ocrx_word' id='word_1_66' title='bbox 1567 982 1886 1037; x_wconf 90' lang='lat' dir='ltr'><strong>dominum.</strong></span> 
     </span>
    </p>
   </div>
   <div class='ocr_carea' id='block_1_11' title="bbox 167 1046 1892 1119">
    <p class='ocr_par' dir='ltr' id='par_1_11' title="bbox 167 1046 1892 1119">
     <span class='ocr_line' id='line_1_11' title="bbox 167 1046 1892 1119; baseline 0.005 -19"><span class='ocrx_word' id='word_1_67' title='bbox 167 1046 487 1119; x_wconf 72' lang='lat' dir='ltr'><strong>Siquidem</strong></span> <span class='ocrx_word' id='word_1_68' title='bbox 513 1047 686 1119; x_wconf 88' lang='lat' dir='ltr'><strong>hujus</strong></span> <span class='ocrx_word' id='word_1_69' title='bbox 717 1046 872 1103; x_wconf 72' lang='lat' dir='ltr'><strong>verbi</strong></span> <span class='ocrx_word' id='word_1_70' title='bbox 901 1050 1017 1104; x_wconf 92' lang='lat' dir='ltr'><strong>vim</strong></span> <span class='ocrx_word' id='word_1_71' title='bbox 1045 1051 1106 1104; x_wconf 92' lang='lat' dir='ltr'><strong>in</strong></span> <span class='ocrx_word' id='word_1_72' title='bbox 1135 1046 1402 1106; x_wconf 32' lang='lat' dir='ltr'><strong>hoc&#39;esse</strong></span> <span class='ocrx_word' id='word_1_73' title='bbox 1432 1054 1804 1119; x_wconf 90' lang='lat' dir='ltr'><strong>contendunt,</strong></span> <span class='ocrx_word' id='word_1_74' title='bbox 1829 1057 1892 1108; x_wconf 84' lang='lat' dir='ltr'><strong>ut</strong></span> 
     </span>
    </p>
   </div>
   <div class='ocr_carea' id='block_1_12' title="bbox 176 1118 1834 1194">
    <p class='ocr_par' dir='ltr' id='par_1_12' title="bbox 176 1118 1834 1194">
     <span class='ocr_line' id='line_1_12' title="bbox 176 1118 1834 1194; baseline 0.005 -23"><span class='ocrx_word' id='word_1_75' title='bbox 176 1118 522 1189; x_wconf 86' lang='lat' dir='ltr'><strong>signiﬁcare</strong></span> <span class='ocrx_word' id='word_1_76' title='bbox 545 1118 661 1173; x_wconf 85' lang='lat' dir='ltr'><strong>nOn</strong></span> <span class='ocrx_word' id='word_1_77' title='bbox 691 1119 891 1190; x_wconf 84' lang='lat' dir='ltr'><strong>possit,</strong></span> <span class='ocrx_word' id='word_1_78' title='bbox 922 1127 980 1175; x_wconf 92' lang='lat' dir='ltr'><strong>et</strong></span> <span class='ocrx_word' id='word_1_79' title='bbox 1007 1121 1218 1176; x_wconf 86' lang='lat' dir='ltr'><strong>habere</strong></span> <span class='ocrx_word' id='word_1_80' title='bbox 1240 1123 1489 1194; x_wconf 85' lang='lat' dir='ltr'><strong>aliquem</strong></span> <span class='ocrx_word' id='word_1_81' title='bbox 1529 1128 1587 1178; x_wconf 91' lang='lat' dir='ltr'><strong>et</strong></span> <span class='ocrx_word' id='word_1_82' title='bbox 1614 1118 1834 1180; x_wconf 88' lang='lat' dir='ltr'><strong>haberi.</strong></span> 
     </span>
    </p>
   </div>
   <div class='ocr_carea' id='block_1_13' title="bbox 434 1207 1659 1281">
    <p class='ocr_par' dir='ltr' id='par_1_13' title="bbox 434 1207 1659 1281">
     <span class='ocr_line' id='line_1_13' title="bbox 434 1207 1659 1281; baseline 0.005 -19"><span class='ocrx_word' id='word_1_83' title='bbox 434 1207 662 1262; x_wconf 78' lang='lat' dir='ltr'><strong>CAPUT</strong></span> <span class='ocrx_word' id='word_1_84' title='bbox 700 1209 860 1263; x_wconf 85' lang='lat' dir='ltr'><strong>XVII.</strong></span> <span class='ocrx_word' id='word_1_85' title='bbox 887 1238 958 1250; x_wconf 96' lang='lat'><strong>—</strong></span> <span class='ocrx_word' id='word_1_86' title='bbox 985 1212 1059 1264; x_wconf 88' lang='lat' dir='ltr'><strong>De</strong></span> <span class='ocrx_word' id='word_1_87' title='bbox 1081 1213 1659 1281; x_wconf 78' lang='lat' dir='ltr'><strong>postpraedz’camentis.</strong></span> 
     </span>
    </p>
   </div>
   <div class='ocr_carea' id='block_1_14' title="bbox 259 1295 1890 1371">
    <p class='ocr_par' dir='ltr' id='par_1_14' title="bbox 259 1295 1890 1371">
     <span class='ocr_line' id='line_1_14' title="bbox 259 1295 1890 1371; baseline 0.004 -22"><span class='ocrx_word' id='word_1_88' title='bbox 259 1295 516 1371; x_wconf 84' lang='lat' dir='ltr'><strong>Tandem</strong></span> <span class='ocrx_word' id='word_1_89' title='bbox 548 1295 710 1368; x_wconf 88' lang='lat' dir='ltr'><strong>quasi</strong></span> <span class='ocrx_word' id='word_1_90' title='bbox 743 1297 937 1367; x_wconf 84' lang='lat' dir='ltr'><strong>magni</strong></span> <span class='ocrx_word' id='word_1_91' title='bbox 968 1298 1216 1371; x_wconf 63' lang='lat' dir='ltr'><strong>aequoris</strong></span> <span class='ocrx_word' id='word_1_92' title='bbox 1242 1299 1386 1354; x_wconf 90' lang='lat' dir='ltr'><strong>freta</strong></span> <span class='ocrx_word' id='word_1_93' title='bbox 1415 1300 1770 1371; x_wconf 79' lang='lat' dir='ltr'><strong>transgressi,</strong></span> <span class='ocrx_word' id='word_1_94' title='bbox 1801 1318 1890 1356; x_wconf 89' lang='lat' dir='ltr'><strong>ca-</strong></span> 
     </span>
    </p>
   </div>
   <div class='ocr_carea' id='block_1_15' title="bbox 177 1367 1892 1438">
    <p class='ocr_par' dir='ltr' id='par_1_15' title="bbox 177 1367 1892 1438">
     <span class='ocr_line' id='line_1_15' title="bbox 177 1367 1892 1438; baseline 0.004 -19"><span class='ocrx_word' id='word_1_95' title='bbox 177 1367 544 1438; x_wconf 81' lang='lat' dir='ltr'><strong>tegoriarum</strong></span> <span class='ocrx_word' id='word_1_96' title='bbox 570 1367 890 1422; x_wconf 85' lang='lat' dir='ltr'><strong>numerum</strong></span> <span class='ocrx_word' id='word_1_97' title='bbox 921 1367 1372 1438; x_wconf 86' lang='lat' dir='ltr'><strong>terminavimus,</strong></span> <span class='ocrx_word' id='word_1_98' title='bbox 1406 1376 1472 1426; x_wconf 89' lang='lat' dir='ltr'><strong>ut</strong></span> <span class='ocrx_word' id='word_1_99' title='bbox 1507 1367 1752 1426; x_wconf 82' lang='lat' dir='ltr'><strong>arbitror</strong></span> <span class='ocrx_word' id='word_1_100' title='bbox 1777 1389 1892 1426; x_wconf 91' lang='lat' dir='ltr'><strong>non</strong></span> 
     </span>
    </p>
   </div>
   <div class='ocr_carea' id='block_1_16' title="bbox 178 1437 1892 1506">
    <p class='ocr_par' dir='ltr' id='par_1_16' title="bbox 178 1437 1892 1506">
     <span class='ocr_line' id='line_1_16' title="bbox 178 1437 1892 1506; baseline 0.005 -16"><span class='ocrx_word' id='word_1_101' title='bbox 178 1437 607 1492; x_wconf 87' lang='lat' dir='ltr'><strong>insuasibiliter</strong></span> <span class='ocrx_word' id='word_1_102' title='bbox 651 1439 848 1506; x_wconf 91' lang='lat' dir='ltr'><strong>doctis,</strong></span> <span class='ocrx_word' id='word_1_103' title='bbox 898 1440 1034 1494; x_wconf 81' lang='lat' dir='ltr'><strong>satis</strong></span> <span class='ocrx_word' id='word_1_104' title='bbox 1083 1457 1212 1495; x_wconf 90' lang='lat' dir='ltr'><strong>vero</strong></span> <span class='ocrx_word' id='word_1_105' title='bbox 1258 1443 1406 1496; x_wconf 91' lang='lat' dir='ltr'><strong>clare</strong></span> <span class='ocrx_word' id='word_1_106' title='bbox 1451 1444 1768 1497; x_wconf 90' lang='lat' dir='ltr'><strong>volentibus</strong></span> <span class='ocrx_word' id='word_1_107' title='bbox 1805 1443 1892 1498; x_wconf 84' lang='lat' dir='ltr'><strong>di-</strong></span> 
     </span>
    </p>
   </div>
   <div class='ocr_carea' id='block_1_17' title="bbox 181 1510 1894 1585">
    <p class='ocr_par' dir='ltr' id='par_1_17' title="bbox 181 1510 1894 1585">
     <span class='ocr_line' id='line_1_17' title="bbox 181 1510 1894 1585; baseline 0.005 -24"><span class='ocrx_word' id='word_1_108' title='bbox 181 1525 352 1563; x_wconf 89' lang='lat' dir='ltr'><strong>scere</strong></span> <span class='ocrx_word' id='word_1_109' title='bbox 385 1525 398 1564; x_wconf 91' lang='lat'><strong>:</strong></span> <span class='ocrx_word' id='word_1_110' title='bbox 433 1510 529 1564; x_wconf 90' lang='lat' dir='ltr'><strong>sed</strong></span> <span class='ocrx_word' id='word_1_111' title='bbox 560 1511 1092 1585; x_wconf 66' lang='lat' dir='ltr'><strong>quzedainrestant,</strong></span> <span class='ocrx_word' id='word_1_112' title='bbox 1143 1529 1272 1583; x_wconf 81' lang='lat' dir='ltr'><strong>quae</strong></span> <span class='ocrx_word' id='word_1_113' title='bbox 1297 1513 1527 1585; x_wconf 85' lang='lat' dir='ltr'><strong>calcem</strong></span> <span class='ocrx_word' id='word_1_114' title='bbox 1555 1515 1688 1568; x_wconf 88' lang='lat' dir='ltr'><strong>libri</strong></span> <span class='ocrx_word' id='word_1_115' title='bbox 1722 1515 1894 1585; x_wconf 87' lang='lat' dir='ltr'><strong>hujus</strong></span> 
     </span>
    </p>
   </div>
   <div class='ocr_carea' id='block_1_18' title="bbox 178 1582 1893 1656">
    <p class='ocr_par' dir='ltr' id='par_1_18' title="bbox 178 1582 1893 1656">
     <span class='ocr_line' id='line_1_18' title="bbox 178 1582 1893 1656; baseline 0.003 -23"><span class='ocrx_word' id='word_1_116' title='bbox 178 1596 300 1656; x_wconf 73' lang='lat' dir='ltr'><strong>nos</strong></span> <span class='ocrx_word' id='word_1_117' title='bbox 321 1585 561 1656; x_wconf 75' lang='lat' dir='ltr'><strong>tangere</strong></span> <span class='ocrx_word' id='word_1_118' title='bbox 589 1582 1005 1656; x_wconf 88' lang='lat' dir='ltr'><strong>contradicunt.</strong></span> <span class='ocrx_word' id='word_1_119' title='bbox 1045 1582 1184 1637; x_wconf 85' lang='lat' dir='ltr'><strong>Nam</strong></span> <span class='ocrx_word' id='word_1_120' title='bbox 1208 1589 1264 1638; x_wconf 90' lang='lat' dir='ltr'><strong>et</strong></span> <span class='ocrx_word' id='word_1_121' title='bbox 1289 1584 1348 1638; x_wconf 90' lang='lat' dir='ltr'><strong>in</strong></span> <span class='ocrx_word' id='word_1_122' title='bbox 1376 1585 1673 1654; x_wconf 88' lang='lat' dir='ltr'><strong>categoriis</strong></span> <span class='ocrx_word' id='word_1_123' title='bbox 1703 1582 1893 1656; x_wconf 82' lang='lat' dir='ltr'><strong>singu-</strong></span> 
     </span>
    </p>
   </div>
   <div class='ocr_carea' id='block_1_19' title="bbox 177 1650 1896 1728">
    <p class='ocr_par' dir='ltr' id='par_1_19' title="bbox 177 1650 1896 1728">
     <span class='ocr_line' id='line_1_19' title="bbox 177 1650 1896 1728; baseline 0.003 -24"><span class='ocrx_word' id='word_1_124' title='bbox 177 1650 260 1705; x_wconf 88' lang='lat' dir='ltr'><strong>lis</strong></span> <span class='ocrx_word' id='word_1_125' title='bbox 304 1651 375 1728; x_wconf 88' lang='lat' dir='ltr'><strong>de</strong></span> <span class='ocrx_word' id='word_1_126' title='bbox 400 1650 800 1728; x_wconf 76' lang='lat' dir='ltr'><strong>contrarietate</strong></span> <span class='ocrx_word' id='word_1_127' title='bbox 829 1657 1134 1708; x_wconf 88' lang='lat' dir='ltr'><strong>tractatum</strong></span> <span class='ocrx_word' id='word_1_128' title='bbox 1155 1659 1266 1728; x_wconf 90' lang='lat' dir='ltr'><strong>_e_st,</strong></span> <span class='ocrx_word' id='word_1_129' title='bbox 1299 1672 1428 1709; x_wconf 92' lang='lat' dir='ltr'><strong>cum</strong></span> <span class='ocrx_word' id='word_1_130' title='bbox 1462 1650 1590 1726; x_wconf 72' lang='lat' dir='ltr'><strong>quae</strong></span> <span class='ocrx_word' id='word_1_131' title='bbox 1621 1650 1896 1728; x_wconf 64' lang='lat' dir='ltr'><strong>reciperet</strong></span> 
     </span>
    </p>
   </div>
   <div class='ocr_carea' id='block_1_20' title="bbox 177 1723 1888 1798">
    <p class='ocr_par' dir='ltr' id='par_1_20' title="bbox 177 1723 1888 1798">
     <span class='ocr_line' id='line_1_20' title="bbox 177 1723 1888 1798; baseline 0.004 -23"><span class='ocrx_word' id='word_1_132' title='bbox 177 1723 568 1798; x_wconf 80' lang='lat' dir='ltr'><strong>contrarium,</strong></span> <span class='ocrx_word' id='word_1_133' title='bbox 593 1728 648 1777; x_wconf 89' lang='lat' dir='ltr'><strong>et</strong></span> <span class='ocrx_word' id='word_1_134' title='bbox 675 1740 802 1798; x_wconf 65' lang='lat' dir='ltr'><strong>quae</strong></span> <span class='ocrx_word' id='word_1_135' title='bbox 828 1723 1496 1798; x_wconf 40' lang='lat' dir='ltr'><strong>respueretdiceremus.‘</strong></span> <span class='ocrx_word' id='word_1_136' title='bbox 1518 1723 1888 1798; x_wconf 54' lang='lat' dir='ltr'><strong>Tamen&#39;quid</strong></span> 
     </span>
    </p>
   </div>
   <div class='ocr_carea' id='block_1_21' title="bbox 179 1793 1890 1864">
    <p class='ocr_par' dir='ltr' id='par_1_21' title="bbox 179 1793 1890 1864">
     <span class='ocr_line' id='line_1_21' title="bbox 179 1793 1890 1864; baseline 0.004 -17"><span class='ocrx_word' id='word_1_137' title='bbox 179 1793 262 1847; x_wconf 90' lang='lat' dir='ltr'><strong>sit</strong></span> <span class='ocrx_word' id='word_1_138' title='bbox 281 1794 474 1864; x_wconf 90' lang='lat' dir='ltr'><strong>ipsum</strong></span> <span class='ocrx_word' id='word_1_139' title='bbox 492 1793 862 1864; x_wconf 81' lang='lat' dir='ltr'><strong>contrarium,</strong></span> <span class='ocrx_word' id='word_1_140' title='bbox 887 1793 1078 1849; x_wconf 79' lang='lat' dir='ltr'><strong>nullus</strong></span> <span class='ocrx_word' id='word_1_141' title='bbox 1102 1796 1286 1851; x_wconf 90' lang='lat' dir='ltr'><strong>adhuc</strong></span> <span class='ocrx_word' id='word_1_142' title='bbox 1314 1803 1584 1852; x_wconf 88' lang='lat' dir='ltr'><strong>tractatus</strong></span> <span class='ocrx_word' id='word_1_143' title='bbox 1609 1793 1890 1853; x_wconf 80' lang='lat' dir='ltr'><strong>ostendit:</strong></span> 
     </span>
    </p>
   </div>
   <div class='ocr_carea' id='block_1_22' title="bbox 179 1865 1894 1940">
    <p class='ocr_par' dir='ltr' id='par_1_22' title="bbox 179 1865 1894 1940">
     <span class='ocr_line' id='line_1_22' title="bbox 179 1865 1894 1940; baseline 0.003 -22"><span class='ocrx_word' id='word_1_144' title='bbox 179 1868 244 1918; x_wconf 87' lang='lat' dir='ltr'><strong>et</strong></span> <span class='ocrx_word' id='word_1_145' title='bbox 283 1865 472 1940; x_wconf 79' lang='lat' dir='ltr'><strong>adhuc</strong></span> <span class='ocrx_word' id='word_1_146' title='bbox 509 1867 771 1940; x_wconf 69' lang='lat' dir='ltr'><strong>quaedam</strong></span> <span class='ocrx_word' id='word_1_147' title='bbox 800 1868 976 1940; x_wconf 78' lang='lat' dir='ltr'><strong>verba</strong></span> <span class='ocrx_word' id='word_1_148' title='bbox 1025 1874 1348 1940; x_wconf 77' lang='lat' dir='ltr'><strong>remanent,</strong></span> <span class='ocrx_word' id='word_1_149' title='bbox 1399 1868 1779 1940; x_wconf 12' lang='lat' dir='ltr'><strong>quorumivis</strong></span> <span class='ocrx_word' id='word_1_150' title='bbox 1832 1886 1894 1923; x_wconf 90' lang='lat' dir='ltr'><strong>ac</strong></span> 
     </span>
    </p>
   </div>
   <div class='ocr_carea' id='block_1_23' title="bbox 176 1935 1896 2012">
    <p class='ocr_par' dir='ltr' id='par_1_23' title="bbox 176 1935 1896 2012">
     <span class='ocr_line' id='line_1_23' title="bbox 176 1935 1896 2012; baseline 0.003 -23"><span class='ocrx_word' id='word_1_151' title='bbox 176 1935 543 2012; x_wconf 55' lang='lat' dir='ltr'><strong>proprietas</strong></span> <span class='ocrx_word' id='word_1_152' title='bbox 563 1936 766 1992; x_wconf 88' lang='lat' dir='ltr'><strong>debeat</strong></span> <span class='ocrx_word' id='word_1_153' title='bbox 813 1937 1100 2012; x_wconf 83' lang='lat' dir='ltr'><strong>explicari.</strong></span> <span class='ocrx_word' id='word_1_154' title='bbox 1154 1939 1277 2003; x_wconf 90' lang='lat' dir='ltr'><strong>Qua</strong></span> <span class='ocrx_word' id='word_1_155' title='bbox 1322 1939 1390 1993; x_wconf 90' lang='lat' dir='ltr'><strong>de</strong></span> <span class='ocrx_word' id='word_1_156' title='bbox 1415 1935 1588 1994; x_wconf 72' lang='lat' dir='ltr'><strong>causa</strong></span> <span class='ocrx_word' id='word_1_157' title='bbox 1616 1939 1686 1994; x_wconf 91' lang='lat' dir='ltr'><strong>ad</strong></span> <span class='ocrx_word' id='word_1_158' title='bbox 1713 1956 1896 2012; x_wconf 85' lang='lat' dir='ltr'><strong>oppo-</strong></span> 
     </span>
    </p>
   </div>
   <div class='ocr_carea' id='block_1_24' title="bbox 179 2006 1580 2065">
    <p class='ocr_par' dir='ltr' id='par_1_24' title="bbox 179 2006 1580 2065">
     <span class='ocr_line' id='line_1_24' title="bbox 179 2006 1580 2065; baseline 0.003 -5"><span class='ocrx_word' id='word_1_159' title='bbox 179 2006 435 2061; x_wconf 91' lang='lat' dir='ltr'><strong>sitorum</strong></span> <span class='ocrx_word' id='word_1_160' title='bbox 457 2013 762 2063; x_wconf 89' lang='lat' dir='ltr'><strong>tractatum</strong></span> <span class='ocrx_word' id='word_1_161' title='bbox 789 2006 1174 2064; x_wconf 73' lang='lat' dir='ltr'><strong>necessarium</strong></span> <span class='ocrx_word' id='word_1_162' title='bbox 1203 2015 1580 2065; x_wconf 88' lang='lat' dir='ltr'><strong>transeamus.</strong></span> 
     </span>
    </p>
   </div>
   <div class='ocr_carea' id='block_1_25' title="bbox 183 2095 1889 2168">
    <p class='ocr_par' dir='ltr' id='par_1_25' title="bbox 183 2095 1889 2168">
     <span class='ocr_line' id='line_1_25' title="bbox 183 2095 1889 2168; baseline 0.002 -18"><span class='ocrx_word' id='word_1_163' title='bbox 183 2095 421 2151; x_wconf 86' lang='lat' dir='ltr'><strong>CAPUT</strong></span> <span class='ocrx_word' id='word_1_164' title='bbox 439 2096 626 2151; x_wconf 82' lang='lat' dir='ltr'><strong>XVIII.</strong></span> <span class='ocrx_word' id='word_1_165' title='bbox 642 2127 709 2136; x_wconf 88' lang='lat'><em>-</em></span> <span class='ocrx_word' id='word_1_166' title='bbox 721 2099 793 2152; x_wconf 90' lang='lat' dir='ltr'><strong>De</strong></span> <span class='ocrx_word' id='word_1_167' title='bbox 811 2099 1091 2166; x_wconf 77' lang='lat' dir='ltr'><strong>oppositis.</strong></span> <span class='ocrx_word' id='word_1_168' title='bbox 1119 2100 1246 2152; x_wconf 83' lang='lat' dir='ltr'><strong>Tres</strong></span> <span class='ocrx_word' id='word_1_169' title='bbox 1266 2101 1465 2168; x_wconf 85' lang='lat' dir='ltr'><strong>species</strong></span> <span class='ocrx_word' id='word_1_170' title='bbox 1479 2101 1889 2154; x_wconf 80' lang='lat' dir='ltr'><strong>contrariorum.</strong></span> 
     </span>
    </p>
   </div>
   <div class='ocr_carea' id='block_1_26' title="bbox 265 2183 1917 2266">
    <p class='ocr_par' dir='ltr' id='par_1_26' title="bbox 265 2183 1917 2266">
     <span class='ocr_line' id='line_1_26' title="bbox 265 2183 1917 2266; baseline 0.002 -27"><span class='ocrx_word' id='word_1_171' title='bbox 265 2183 674 2266; x_wconf 74' lang='lat' dir='ltr'><strong>Oppositorum</strong></span> <span class='ocrx_word' id='word_1_172' title='bbox 695 2184 910 2266; x_wconf 78' lang='lat' dir='ltr'><strong>species</strong></span> <span class='ocrx_word' id='word_1_173' title='bbox 928 2190 1338 2266; x_wconf 45' lang='lat' dir='ltr'><strong>quatuornsunt</strong></span> <span class='ocrx_word' id='word_1_174' title='bbox 1369 2203 1382 2241; x_wconf 90' lang='lat'><strong>:</strong></span> <span class='ocrx_word' id='word_1_175' title='bbox 1410 2187 1722 2266; x_wconf 81' lang='lat' dir='ltr'><strong>opponitur</strong></span> <span class='ocrx_word' id='word_1_176' title='bbox 1738 2185 1917 2266; x_wconf 64' lang='lat' dir='ltr'><strong>na_m-‘</strong></span> 
     </span>
    </p>
   </div>
   <div class='ocr_carea' id='block_1_27' title="bbox 185 2255 1891 2340">
    <p class='ocr_par' dir='ltr' id='par_1_27' title="bbox 185 2255 1891 2340">
     <span class='ocr_line' id='line_1_27' title="bbox 185 2255 1891 2340; baseline 0.003 -32"><span class='ocrx_word' id='word_1_177' title='bbox 185 2271 309 2326; x_wconf 88' lang='lat' dir='ltr'><strong>que</strong></span> <span class='ocrx_word' id='word_1_178' title='bbox 358 2255 768 2340; x_wconf 46' lang='lat' dir='ltr'><strong>aliud-alteri;</strong></span> <span class='ocrx_word' id='word_1_179' title='bbox 781 2255 993 2340; x_wconf 80' lang='lat' dir='ltr'><strong>primo,</strong></span> <span class='ocrx_word' id='word_1_180' title='bbox 1034 2263 1132 2311; x_wconf 89' lang='lat' dir='ltr'><strong>aut</strong></span> <span class='ocrx_word' id='word_1_181' title='bbox 1172 2258 1358 2340; x_wconf 82' lang='lat' dir='ltr'><strong>ﬁgura</strong></span> <span class='ocrx_word' id='word_1_182' title='bbox 1403 2255 1524 2340; x_wconf 75' lang='lat' dir='ltr'><strong>ejus</strong></span> <span class='ocrx_word' id='word_1_183' title='bbox 1571 2260 1891 2340; x_wconf 73' lang='lat' dir='ltr'><strong>categoriae,</strong></span> 
     </span>
    </p>
   </div>
   <div class='ocr_carea' id='block_1_28' title="bbox 186 2326 1893 2398">
    <p class='ocr_par' dir='ltr' id='par_1_28' title="bbox 186 2326 1893 2398">
     <span class='ocr_line' id='line_1_28' title="bbox 186 2326 1893 2398; baseline 0.003 -18"><span class='ocrx_word' id='word_1_184' title='bbox 186 2342 326 2397; x_wconf 70' lang='lat' dir='ltr'><strong>qua:</strong></span> <span class='ocrx_word' id='word_1_185' title='bbox 377 2327 444 2381; x_wconf 92' lang='lat' dir='ltr'><strong>ad</strong></span> <span class='ocrx_word' id='word_1_186' title='bbox 489 2326 706 2398; x_wconf 89' lang='lat' dir='ltr'><strong>aliquid</strong></span> <span class='ocrx_word' id='word_1_187' title='bbox 738 2326 975 2394; x_wconf 87' lang='lat' dir='ltr'><strong>dicitur;</strong></span> <span class='ocrx_word' id='word_1_188' title='bbox 1028 2329 1300 2394; x_wconf 88' lang='lat' dir='ltr'><strong>secundo,</strong></span> <span class='ocrx_word' id='word_1_189' title='bbox 1350 2326 1448 2383; x_wconf 80' lang='lat' dir='ltr'><strong>aut</strong></span> <span class='ocrx_word' id='word_1_190' title='bbox 1475 2326 1893 2385; x_wconf 84' lang='lat' dir='ltr'><strong>contrariorum</strong></span> 
     </span>
    </p>
   </div>
   <div class='ocr_carea' id='block_1_29' title="bbox 185 2398 1893 2470">
    <p class='ocr_par' dir='ltr' id='par_1_29' title="bbox 185 2398 1893 2470">
     <span class='ocr_line' id='line_1_29' title="bbox 185 2398 1893 2470; baseline 0.002 -18"><span class='ocrx_word' id='word_1_191' title='bbox 185 2398 408 2470; x_wconf 77' lang='lat' dir='ltr'><strong>modo;</strong></span> <span class='ocrx_word' id='word_1_192' title='bbox 433 2398 620 2460; x_wconf 86' lang='lat' dir='ltr'><strong>tertio,</strong></span> <span class='ocrx_word' id='word_1_193' title='bbox 654 2403 753 2452; x_wconf 89' lang='lat' dir='ltr'><strong>aut</strong></span> <span class='ocrx_word' id='word_1_194' title='bbox 781 2415 1002 2466; x_wconf 90' lang='lat' dir='ltr'><strong>eorum,</strong></span> <span class='ocrx_word' id='word_1_195' title='bbox 1032 2415 1280 2470; x_wconf 91' lang='lat' dir='ltr'><strong>quorum</strong></span> <span class='ocrx_word' id='word_1_196' title='bbox 1304 2401 1452 2454; x_wconf 90' lang='lat' dir='ltr'><strong>circa</strong></span> <span class='ocrx_word' id='word_1_197' title='bbox 1481 2417 1586 2454; x_wconf 90' lang='lat' dir='ltr'><strong>nos</strong></span> <span class='ocrx_word' id='word_1_198' title='bbox 1607 2418 1724 2454; x_wconf 91' lang='lat' dir='ltr'><strong>esse</strong></span> <span class='ocrx_word' id='word_1_199' title='bbox 1753 2402 1893 2456; x_wconf 90' lang='lat' dir='ltr'><strong>dici-</strong></span> 
     </span>
    </p>
   </div>
   <div class='ocr_carea' id='block_1_30' title="bbox 187 2468 1894 2540">
    <p class='ocr_par' dir='ltr' id='par_1_30' title="bbox 187 2468 1894 2540">
     <span class='ocr_line' id='line_1_30' title="bbox 187 2468 1894 2540; baseline 0.003 -19"><span class='ocrx_word' id='word_1_200' title='bbox 187 2475 292 2540; x_wconf 83' lang='lat' dir='ltr'><strong>tur</strong></span> <span class='ocrx_word' id='word_1_201' title='bbox 319 2468 547 2540; x_wconf 85' lang='lat' dir='ltr'><strong>habitus</strong></span> <span class='ocrx_word' id='word_1_202' title='bbox 595 2470 682 2524; x_wconf 87' lang='lat' dir='ltr'><strong>vel</strong></span> <span class='ocrx_word' id='word_1_203' title='bbox 725 2470 966 2540; x_wconf 85' lang='lat' dir='ltr'><strong>privatio</strong></span> <span class='ocrx_word' id='word_1_204' title='bbox 1007 2468 1288 2540; x_wconf 75' lang='lat' dir='ltr'><strong>(Habitum</strong></span> <span class='ocrx_word' id='word_1_205' title='bbox 1335 2488 1469 2526; x_wconf 92' lang='lat' dir='ltr'><strong>sane</strong></span> <span class='ocrx_word' id='word_1_206' title='bbox 1516 2472 1622 2525; x_wconf 92' lang='lat' dir='ltr'><strong>hoc</strong></span> <span class='ocrx_word' id='word_1_207' title='bbox 1663 2473 1784 2526; x_wconf 92' lang='lat' dir='ltr'><strong>loco</strong></span> <span class='ocrx_word' id='word_1_208' title='bbox 1829 2489 1894 2527; x_wconf 90' lang='lat' dir='ltr'><strong>ex</strong></span> 
     </span>
    </p>
   </div>
   <div class='ocr_carea' id='block_1_31' title="bbox 187 2539 1895 2614">
    <p class='ocr_par' dir='ltr' id='par_1_31' title="bbox 187 2539 1895 2614">
     <span class='ocr_line' id='line_1_31' title="bbox 187 2539 1895 2614; baseline 0.003 -21"><span class='ocrx_word' id='word_1_209' title='bbox 187 2539 462 2614; x_wconf 80' lang='lat' dir='ltr'><strong>habendo</strong></span> <span class='ocrx_word' id='word_1_210' title='bbox 513 2539 806 2614; x_wconf 79' lang='lat' dir='ltr'><strong>debemus</strong></span> <span class='ocrx_word' id='word_1_211' title='bbox 831 2539 1106 2614; x_wconf 83' lang='lat' dir='ltr'><strong>accipere,</strong></span> <span class='ocrx_word' id='word_1_212' title='bbox 1137 2558 1274 2614; x_wconf 24' lang='lat' dir='ltr'><strong>&quot;non</strong></span> <span class='ocrx_word' id='word_1_213' title='bbox 1304 2547 1370 2596; x_wconf 91' lang='lat' dir='ltr'><strong>ut</strong></span> <span class='ocrx_word' id='word_1_214' title='bbox 1410 2542 1470 2596; x_wconf 93' lang='lat' dir='ltr'><strong>in</strong></span> <span class='ocrx_word' id='word_1_215' title='bbox 1505 2542 1895 2614; x_wconf 88' lang='lat' dir='ltr'><strong>superioribus</strong></span> 
     </span>
    </p>
   </div>
   <div class='ocr_carea' id='block_1_32' title="bbox 187 2611 1896 2687">
    <p class='ocr_par' dir='ltr' id='par_1_32' title="bbox 187 2611 1896 2687">
     <span class='ocr_line' id='line_1_32' title="bbox 187 2611 1896 2687; baseline 0.003 -24"><span class='ocrx_word' id='word_1_216' title='bbox 187 2611 584 2687; x_wconf 78' lang='lat' dir='ltr'><strong>deﬁnivimus,</strong></span> <span class='ocrx_word' id='word_1_217' title='bbox 623 2627 744 2665; x_wconf 88' lang='lat' dir='ltr'><strong>esse</strong></span> <span class='ocrx_word' id='word_1_218' title='bbox 771 2611 1054 2687; x_wconf 88' lang='lat' dir='ltr'><strong>_habitum</strong></span> <span class='ocrx_word' id='word_1_219' title='bbox 1081 2612 1439 2687; x_wconf 79' lang='lat' dir='ltr'><strong>alfectionem</strong></span> <span class='ocrx_word' id='word_1_220' title='bbox 1477 2611 1654 2667; x_wconf 82' lang='lat' dir='ltr'><strong>animi</strong></span> <span class='ocrx_word' id='word_1_221' title='bbox 1684 2630 1896 2687; x_wconf 91' lang='lat' dir='ltr'><strong>quam-</strong></span> 
     </span>
    </p>
   </div>
   <div class='ocr_carea' id='block_1_33' title="bbox 188 2683 1892 2754">
    <p class='ocr_par' dir='ltr' id='par_1_33' title="bbox 188 2683 1892 2754">
     <span class='ocr_line' id='line_1_33' title="bbox 188 2683 1892 2754; baseline 0.002 -18"><span class='ocrx_word' id='word_1_222' title='bbox 188 2683 329 2736; x_wconf 88' lang='lat' dir='ltr'><strong>dam</strong></span> <span class='ocrx_word' id='word_1_223' title='bbox 357 2683 814 2754; x_wconf 84' lang='lat' dir='ltr'><strong>sempiternam);</strong></span> <span class='ocrx_word' id='word_1_224' title='bbox 847 2689 1050 2754; x_wconf 90' lang='lat' dir='ltr'><strong>quarto</strong></span> <span class='ocrx_word' id='word_1_225' title='bbox 1081 2685 1274 2750; x_wconf 91' lang='lat' dir='ltr'><strong>modo,</strong></span> <span class='ocrx_word' id='word_1_226' title='bbox 1308 2701 1438 2738; x_wconf 90' lang='lat' dir='ltr'><strong>cum</strong></span> <span class='ocrx_word' id='word_1_227' title='bbox 1465 2690 1564 2738; x_wconf 93' lang='lat' dir='ltr'><strong>aut</strong></span> <span class='ocrx_word' id='word_1_228' title='bbox 1587 2683 1892 2739; x_wconf 78' lang='lat' dir='ltr'><strong>confirma-</strong></span> 
     </span>
    </p>
   </div>
   <div class='ocr_carea' id='block_1_34' title="bbox 188 2753 1892 2827">
    <p class='ocr_par' dir='ltr' id='par_1_34' title="bbox 188 2753 1892 2827">
     <span class='ocr_line' id='line_1_34' title="bbox 188 2753 1892 2827; baseline 0.002 -21"><span class='ocrx_word' id='word_1_229' title='bbox 188 2769 325 2827; x_wconf 75' lang='lat' dir='ltr'><strong>mus</strong></span> <span class='ocrx_word' id='word_1_230' title='bbox 350 2753 714 2827; x_wconf 79' lang='lat' dir='ltr'><strong>_aliquid,__vel</strong></span> <span class='ocrx_word' id='word_1_231' title='bbox 738 2753 1014 2824; x_wconf 79' lang='lat' dir='ltr'><strong>negamus</strong></span> <span class='ocrx_word' id='word_1_232' title='bbox 1048 2771 1060 2809; x_wconf 89' lang='lat'><strong>:</strong></span> <span class='ocrx_word' id='word_1_233' title='bbox 1095 2760 1157 2808; x_wconf 92' lang='lat' dir='ltr'><strong>ut</strong></span> <span class='ocrx_word' id='word_1_234' title='bbox 1174 2755 1329 2809; x_wconf 85' lang='lat' dir='ltr'><strong>verbi</strong></span> <span class='ocrx_word' id='word_1_235' title='bbox 1351 2773 1540 2824; x_wconf 83' lang='lat' dir='ltr'><strong>causa,</strong></span> <span class='ocrx_word' id='word_1_236' title='bbox 1569 2757 1638 2808; x_wconf 91' lang='lat' dir='ltr'><strong>ab</strong></span> <span class='ocrx_word' id='word_1_237' title='bbox 1672 2756 1739 2809; x_wconf 91' lang='lat' dir='ltr'><strong>iis</strong></span> <span class='ocrx_word' id='word_1_238' title='bbox 1763 2773 1892 2827; x_wconf 62' lang='lat' dir='ltr'><strong>quas</strong></span> 
     </span>
    </p>
   </div>
   <div class='ocr_carea' id='block_1_35' title="bbox 187 2823 1893 2896">
    <p class='ocr_par' dir='ltr' id='par_1_35' title="bbox 187 2823 1893 2896">
     <span class='ocr_line' id='line_1_35' title="bbox 187 2823 1893 2896; baseline 0.002 -18"><span class='ocrx_word' id='word_1_239' title='bbox 187 2823 264 2878; x_wconf 88' lang='lat' dir='ltr'><strong>ad</strong></span> <span class='ocrx_word' id='word_1_240' title='bbox 312 2823 529 2894; x_wconf 87' lang='lat' dir='ltr'><strong>aliquid</strong></span> <span class='ocrx_word' id='word_1_241' title='bbox 577 2823 864 2896; x_wconf 83' lang='lat' dir='ltr'><strong>dicuntur,</strong></span> <span class='ocrx_word' id='word_1_242' title='bbox 911 2841 1193 2896; x_wconf 88' lang='lat' dir='ltr'><strong>ponamus</strong></span> <span class='ocrx_word' id='word_1_243' title='bbox 1240 2823 1585 2896; x_wconf 89' lang='lat' dir='ltr'><strong>exemplum.</strong></span> <span class='ocrx_word' id='word_1_244' title='bbox 1634 2823 1893 2882; x_wconf 53' lang='lat' dir='ltr'><strong>Prim&#39;um</strong></span> 
     </span>
    </p>
   </div>
   <div class='ocr_carea' id='block_1_36' title="bbox 188 2895 1894 2966">
    <p class='ocr_par' dir='ltr' id='par_1_36' title="bbox 188 2895 1894 2966">
     <span class='ocr_line' id='line_1_36' title="bbox 188 2895 1894 2966; baseline 0.002 -18"><span class='ocrx_word' id='word_1_245' title='bbox 188 2896 523 2966; x_wconf 90' lang='lat' dir='ltr'><strong>oppositum</strong></span> <span class='ocrx_word' id='word_1_246' title='bbox 545 2895 767 2950; x_wconf 91' lang='lat' dir='ltr'><strong>videtur</strong></span> <span class='ocrx_word' id='word_1_247' title='bbox 794 2895 1035 2965; x_wconf 90' lang='lat' dir='ltr'><strong>duplum</strong></span> <span class='ocrx_word' id='word_1_248' title='bbox 1067 2895 1293 2966; x_wconf 90' lang='lat' dir='ltr'><strong>simplo,</strong></span> <span class='ocrx_word' id='word_1_249' title='bbox 1328 2895 1425 2950; x_wconf 79' lang='lat' dir='ltr'><strong>vel</strong></span> <span class='ocrx_word' id='word_1_250' title='bbox 1445 2901 1608 2966; x_wconf 90' lang='lat' dir='ltr'><strong>pater</strong></span> <span class='ocrx_word' id='word_1_251' title='bbox 1635 2898 1774 2952; x_wconf 89' lang='lat' dir='ltr'><strong>ﬁlio.</strong></span> <span class='ocrx_word' id='word_1_252' title='bbox 1803 2899 1894 2952; x_wconf 77' lang='lat' dir='ltr'><strong>Se-</strong></span> 
     </span>
    </p>
   </div>
   <div class='ocr_carea' id='block_1_37' title="bbox 188 2965 1894 3038">
    <p class='ocr_par' dir='ltr' id='par_1_37' title="bbox 188 2965 1894 3038">
     <span class='ocr_line' id='line_1_37' title="bbox 188 2965 1894 3038; baseline 0.002 -20"><span class='ocrx_word' id='word_1_253' title='bbox 188 2965 446 3038; x_wconf 79' lang='lat' dir='ltr'><strong>cundum</strong></span> <span class='ocrx_word' id='word_1_254' title='bbox 500 2981 634 3038; x_wconf 85' lang='lat' dir='ltr'><strong>vero</strong></span> <span class='ocrx_word' id='word_1_255' title='bbox 696 2967 1116 3020; x_wconf 90' lang='lat' dir='ltr'><strong>contrariorum</strong></span> <span class='ocrx_word' id='word_1_256' title='bbox 1165 2965 1493 3038; x_wconf 80' lang='lat' dir='ltr'><strong>exemplum</strong></span> <span class='ocrx_word' id='word_1_257' title='bbox 1542 2969 1632 3033; x_wconf 87' lang='lat' dir='ltr'><strong>sit,</strong></span> <span class='ocrx_word' id='word_1_258' title='bbox 1679 2971 1894 3023; x_wconf 92' lang='lat' dir='ltr'><strong>malum</strong></span> 
     </span>
    </p>
   </div>
   <div class='ocr_carea' id='block_1_38' title="bbox 189 3036 1897 3109">
    <p class='ocr_par' dir='ltr' id='par_1_38' title="bbox 189 3036 1897 3109">
     <span class='ocr_line' id='line_1_38' title="bbox 189 3036 1897 3109; baseline 0.001 -17"><span class='ocrx_word' id='word_1_259' title='bbox 189 3036 670 3109; x_wconf 86' lang='lat' dir='ltr'><strong>bono._Tertiurn</strong></span> <span class='ocrx_word' id='word_1_260' title='bbox 719 3053 918 3091; x_wconf 90' lang='lat' dir='ltr'><strong>eorum</strong></span> <span class='ocrx_word' id='word_1_261' title='bbox 970 3055 1200 3109; x_wconf 91' lang='lat' dir='ltr'><strong>quoque</strong></span> <span class='ocrx_word' id='word_1_262' title='bbox 1245 3036 1373 3109; x_wconf 55' lang='lat' dir='ltr'><strong>qum</strong></span> <span class='ocrx_word' id='word_1_263' title='bbox 1407 3055 1510 3108; x_wconf 91' lang='lat' dir='ltr'><strong>per</strong></span> <span class='ocrx_word' id='word_1_264' title='bbox 1539 3039 1800 3093; x_wconf 89' lang='lat' dir='ltr'><strong>habitum</strong></span> <span class='ocrx_word' id='word_1_265' title='bbox 1841 3044 1897 3094; x_wconf 88' lang='lat' dir='ltr'><strong>et</strong></span> 
     </span>
    </p>
   </div>
   <div class='ocr_carea' id='block_1_39' title="bbox 189 3107 1896 3190">
    <p class='ocr_par' dir='ltr' id='par_1_39' title="bbox 189 3107 1896 3190">
     <span class='ocr_line' id='line_1_39' title="bbox 189 3107 1896 3190; baseline 0.002 -28"><span class='ocrx_word' id='word_1_266' title='bbox 189 3107 578 3190; x_wconf 69' lang='lat' dir='ltr'><strong>privationem</strong></span> <span class='ocrx_word' id='word_1_267' title='bbox 602 3107 891 3190; x_wconf 65' lang='lat' dir='ltr'><strong>dicuntur,</strong></span> <span class='ocrx_word' id='word_1_268' title='bbox 917 3107 1067 3190; x_wconf 81' lang='lat' dir='ltr'><strong>sicut</strong></span> <span class='ocrx_word' id='word_1_269' title='bbox 1085 3107 1306 3190; x_wconf 65' lang='lat' dir='ltr'><strong>caecitas</strong></span> <span class='ocrx_word' id='word_1_270' title='bbox 1337 3107 1584 3190; x_wconf 26' lang='lat' dir='ltr'><strong>etivisio.</strong></span> <span class='ocrx_word' id='word_1_271' title='bbox 1618 3111 1896 3190; x_wconf 80' lang='lat' dir='ltr'><strong>Quartum</strong></span> 
     </span>
    </p>
   </div>
   <div class='ocr_carea' id='block_1_40' title="bbox 187 3178 1893 3250">
    <p class='ocr_par' dir='ltr' id='par_1_40' title="bbox 187 3178 1893 3250">
     <span class='ocr_line' id='line_1_40' title="bbox 187 3178 1893 3250; baseline 0.001 -17"><span class='ocrx_word' id='word_1_272' title='bbox 187 3178 430 3234; x_wconf 89' lang='lat' dir='ltr'><strong>illorum</strong></span> <span class='ocrx_word' id='word_1_273' title='bbox 460 3178 633 3233; x_wconf 90' lang='lat' dir='ltr'><strong>etiam</strong></span> <span class='ocrx_word' id='word_1_274' title='bbox 662 3181 721 3233; x_wconf 92' lang='lat' dir='ltr'><strong>in</strong></span> <span class='ocrx_word' id='word_1_275' title='bbox 753 3179 963 3250; x_wconf 89' lang='lat' dir='ltr'><strong>quibus</strong></span> <span class='ocrx_word' id='word_1_276' title='bbox 992 3184 1076 3233; x_wconf 89' lang='lat' dir='ltr'><strong>est</strong></span> <span class='ocrx_word' id='word_1_277' title='bbox 1103 3181 1331 3250; x_wconf 90' lang='lat' dir='ltr'><strong>negatio</strong></span> <span class='ocrx_word' id='word_1_278' title='bbox 1362 3185 1419 3235; x_wconf 87' lang='lat' dir='ltr'><strong>et</strong></span> <span class='ocrx_word' id='word_1_279' title='bbox 1446 3180 1893 3248; x_wconf 84' lang='lat' dir='ltr'><strong>afﬁrmatio,sic-</strong></span> 
     </span>
    </p>
   </div>
   <div class='ocr_carea' id='block_1_41' title="bbox 187 3249 1890 3317">
    <p class='ocr_par' dir='ltr' id='par_1_41' title="bbox 187 3249 1890 3317">
     <span class='ocr_line' id='line_1_41' title="bbox 187 3249 1890 3317; baseline 0.002 -13"><span class='ocrx_word' id='word_1_280' title='bbox 187 3255 278 3315; x_wconf 91' lang='lat' dir='ltr'><strong>ut,</strong></span> <span class='ocrx_word' id='word_1_281' title='bbox 311 3249 508 3317; x_wconf 89' lang='lat' dir='ltr'><strong>currit,</strong></span> <span class='ocrx_word' id='word_1_282' title='bbox 552 3266 668 3304; x_wconf 92' lang='lat' dir='ltr'><strong>non</strong></span> <span class='ocrx_word' id='word_1_283' title='bbox 707 3249 902 3304; x_wconf 83' lang='lat' dir='ltr'><strong>currit.</strong></span> <span class='ocrx_word' id='word_1_284' title='bbox 958 3249 1227 3305; x_wconf 89' lang='lat' dir='ltr'><strong>Discretio</strong></span> <span class='ocrx_word' id='word_1_285' title='bbox 1270 3267 1403 3306; x_wconf 88' lang='lat' dir='ltr'><strong>vero</strong></span> <span class='ocrx_word' id='word_1_286' title='bbox 1448 3253 1890 3317; x_wconf 87' lang='lat' dir='ltr'><strong>contrariorum,</strong></span> 
     </span>
    </p>
   </div>
   <div class='ocr_carea' id='block_1_42' title="bbox 191 3321 1894 3392">
    <p class='ocr_par' dir='ltr' id='par_1_42' title="bbox 191 3321 1894 3392">
     <span class='ocr_line' id='line_1_42' title="bbox 191 3321 1894 3392; baseline 0.002 -17"><span class='ocrx_word' id='word_1_287' title='bbox 191 3326 252 3375; x_wconf 89' lang='lat' dir='ltr'><strong>et</strong></span> <span class='ocrx_word' id='word_1_288' title='bbox 280 3337 484 3392; x_wconf 90' lang='lat' dir='ltr'><strong>eorum</strong></span> <span class='ocrx_word' id='word_1_289' title='bbox 523 3337 652 3392; x_wconf 62' lang='lat' dir='ltr'><strong>quae</strong></span> <span class='ocrx_word' id='word_1_290' title='bbox 681 3321 752 3376; x_wconf 88' lang='lat' dir='ltr'><strong>ad</strong></span> <span class='ocrx_word' id='word_1_291' title='bbox 797 3321 1012 3392; x_wconf 90' lang='lat' dir='ltr'><strong>aliquid</strong></span> <span class='ocrx_word' id='word_1_292' title='bbox 1051 3323 1340 3389; x_wconf 90' lang='lat' dir='ltr'><strong>dicuntur,</strong></span> <span class='ocrx_word' id='word_1_293' title='bbox 1371 3324 1894 3392; x_wconf 87' lang='lat' dir='ltr'><strong>contemplantibus</strong></span> 
     </span>
    </p>
   </div>
   <div class='ocr_carea' id='block_1_43' title="bbox 191 3391 1894 3465">
    <p class='ocr_par' dir='ltr' id='par_1_43' title="bbox 191 3391 1894 3465">
     <span class='ocr_line' id='line_1_43' title="bbox 191 3391 1894 3465; baseline 0.002 -19"><span class='ocrx_word' id='word_1_294' title='bbox 191 3391 499 3465; x_wconf 80' lang='lat' dir='ltr'><strong>manifesta</strong></span> <span class='ocrx_word' id='word_1_295' title='bbox 530 3391 615 3446; x_wconf 82' lang='lat' dir='ltr'><strong>est</strong></span> <span class='ocrx_word' id='word_1_296' title='bbox 649 3393 756 3446; x_wconf 90' lang='lat' dir='ltr'><strong>:ad</strong></span> <span class='ocrx_word' id='word_1_297' title='bbox 788 3391 1010 3465; x_wconf 82' lang='lat' dir='ltr'><strong>aliquid.</strong></span> <span class='ocrx_word' id='word_1_298' title='bbox 1032 3393 1186 3447; x_wconf 91' lang='lat' dir='ltr'><strong>enim</strong></span> <span class='ocrx_word' id='word_1_299' title='bbox 1219 3393 1389 3460; x_wconf 90' lang='lat' dir='ltr'><strong>dicta,</strong></span> <span class='ocrx_word' id='word_1_300' title='bbox 1421 3394 1491 3449; x_wconf 91' lang='lat' dir='ltr'><strong>de</strong></span> <span class='ocrx_word' id='word_1_301' title='bbox 1521 3391 1626 3449; x_wconf 85' lang='lat' dir='ltr'><strong>sibi</strong></span> <span class='ocrx_word' id='word_1_302' title='bbox 1659 3395 1894 3465; x_wconf 86' lang='lat' dir='ltr'><strong>opposi-</strong></span> 
     </span>
    </p>
   </div>
   <div class='ocr_carea' id='block_1_44' title="bbox 193 3463 1894 3538">
    <p class='ocr_par' dir='ltr' id='par_1_44' title="bbox 193 3463 1894 3538">
     <span class='ocr_line' id='line_1_44' title="bbox 193 3463 1894 3538; baseline 0.002 -21"><span class='ocrx_word' id='word_1_303' title='bbox 193 3463 272 3538; x_wconf 85' lang='lat' dir='ltr'><strong>tis</strong></span> <span class='ocrx_word' id='word_1_304' title='bbox 315 3463 719 3538; x_wconf 80' lang='lat' dir='ltr'><strong>nominantur;</strong></span> <span class='ocrx_word' id='word_1_305' title='bbox 771 3463 1044 3538; x_wconf 82' lang='lat' dir='ltr'><strong>simplum</strong></span> <span class='ocrx_word' id='word_1_306' title='bbox 1094 3480 1344 3538; x_wconf 83' lang='lat' dir='ltr'><strong>namque</strong></span> <span class='ocrx_word' id='word_1_307' title='bbox 1373 3463 1894 3538; x_wconf 54' lang='lat' dir='ltr'><strong>oppositum&#39;dupli</strong></span> 
     </span>
    </p>
   </div>
   <div class='ocr_carea' id='block_1_45' title="bbox 193 3535 1892 3606">
    <p class='ocr_par' dir='ltr' id='par_1_45' title="bbox 193 3535 1892 3606">
     <span class='ocr_line' id='line_1_45' title="bbox 193 3535 1892 3606; baseline 0.002 -19"><span class='ocrx_word' id='word_1_308' title='bbox 193 3537 304 3596; x_wconf 90' lang='lat' dir='ltr'><strong>est,</strong></span> <span class='ocrx_word' id='word_1_309' title='bbox 335 3535 690 3606; x_wconf 27' lang='lat' dir='ltr'><strong>Aetduplum</strong></span> <span class='ocrx_word' id='word_1_310' title='bbox 733 3535 1062 3604; x_wconf 88' lang='lat' dir='ltr'><strong>oppositum</strong></span> <span class='ocrx_word' id='word_1_311' title='bbox 1093 3535 1285 3606; x_wconf 88' lang='lat' dir='ltr'><strong>simpli</strong></span> <span class='ocrx_word' id='word_1_312' title='bbox 1313 3552 1326 3590; x_wconf 92' lang='lat'>:</span> <span class='ocrx_word' id='word_1_313' title='bbox 1359 3535 1645 3590; x_wconf 81' lang='lat' dir='ltr'><strong>contraria</strong></span> <span class='ocrx_word' id='word_1_314' title='bbox 1672 3535 1892 3592; x_wconf 57' lang='lat' dir='ltr'><strong>vero&#39;id</strong></span> 
     </span>
    </p>
   </div>
   <div class='ocr_carea' id='block_1_46' title="bbox 235 3604 1889 3678">
    <p class='ocr_par' dir='ltr' id='par_1_46' title="bbox 235 3604 1889 3678">
     <span class='ocr_line' id='line_1_46' title="bbox 235 3604 1889 3678; baseline 0.001 -19"><span class='ocrx_word' id='word_1_315' title='bbox 235 3604 353 3678; x_wconf 88' lang='lat' dir='ltr'><strong>uod</strong></span> <span class='ocrx_word' id='word_1_316' title='bbox 383 3604 652 3678; x_wconf 84' lang='lat' dir='ltr'><strong>dicuntur</strong></span> <span class='ocrx_word' id='word_1_317' title='bbox 678 3621 746 3659; x_wconf 91' lang='lat' dir='ltr'><strong>ex</strong></span> <span class='ocrx_word' id='word_1_318' title='bbox 777 3623 836 3678; x_wconf 80' lang='lat' dir='ltr'><strong>se</strong></span> <span class='ocrx_word' id='word_1_319' title='bbox 865 3606 1111 3678; x_wconf 60' lang='lat' dir='ltr'><strong>habent.</strong></span> <span class='ocrx_word' id='word_1_320' title='bbox 1129 3604 1316 3678; x_wconf 82' lang='lat' dir='ltr'><strong>neque</strong></span> <span class='ocrx_word' id='word_1_321' title='bbox 1347 3608 1584 3678; x_wconf 85' lang='lat' dir='ltr'><strong>alterius</strong></span> <span class='ocrx_word' id='word_1_322' title='bbox 1611 3607 1889 3678; x_wconf 74' lang='lat' dir='ltr'><strong>indigent,</strong></span> 
     </span>
    </p>
   </div>
   <div class='ocr_carea' id='block_1_47' title="bbox 193 3622 1895 3748">
    <p class='ocr_par' dir='ltr' id='par_1_47' title="bbox 193 3622 1895 3748">
     <span class='ocr_line' id='line_1_47' title="bbox 235 3622 1889 3678; baseline 0.001 -19"><span class='ocrx_word' id='word_1_323' title='bbox 235 3622 353 3659; x_wconf 88' lang='lat' dir='ltr'><strong>uou</strong></span> <span class='ocrx_word' id='word_1_324' title='bbox 383 3622 652 3660; x_wconf 78' lang='lat' dir='ltr'><strong>dicuntur</strong></span> <span class='ocrx_word' id='word_1_325' title='bbox 678 3622 746 3659; x_wconf 91' lang='lat' dir='ltr'><strong>ex</strong></span> <span class='ocrx_word' id='word_1_326' title='bbox 777 3623 836 3659; x_wconf 90' lang='lat' dir='ltr'><strong>se</strong></span> <span class='ocrx_word' id='word_1_327' title='bbox 865 3622 1098 3668; x_wconf 86' lang='lat' dir='ltr'><strong>nanent,</strong></span> <span class='ocrx_word' id='word_1_328' title='bbox 1129 3622 1316 3678; x_wconf 91' lang='lat' dir='ltr'><strong>neque</strong></span> <span class='ocrx_word' id='word_1_329' title='bbox 1347 3622 1584 3661; x_wconf 75' lang='lat' dir='ltr'><strong>alterius</strong></span> <span class='ocrx_word' id='word_1_330' title='bbox 1611 3622 1889 3678; x_wconf 77' lang='lat' dir='ltr'><strong>indigent.</strong></span> 
     </span>
     <span class='ocr_line' id='line_1_48' title="bbox 193 3622 1895 3748; baseline 0.002 -18"><span class='ocrx_word' id='word_1_331' title='bbox 193 3622 334 3741; x_wconf 59' lang='lat' dir='ltr'><strong>guis</strong></span> <span class='ocrx_word' id='word_1_332' title='bbox 364 3677 517 3730; x_wconf 88' lang='lat' dir='ltr'><strong>enim</strong></span> <span class='ocrx_word' id='word_1_333' title='bbox 540 3677 756 3748; x_wconf 86' lang='lat' dir='ltr'><strong>malum</strong></span> <span class='ocrx_word' id='word_1_334' title='bbox 777 3676 912 3731; x_wconf 86' lang='lat' dir='ltr'><strong>boni</strong></span> <span class='ocrx_word' id='word_1_335' title='bbox 936 3677 1163 3746; x_wconf 86' lang='lat' dir='ltr'><strong>dixerit,</strong></span> <span class='ocrx_word' id='word_1_336' title='bbox 1195 3683 1295 3731; x_wconf 91' lang='lat' dir='ltr'><strong>aut</strong></span> <span class='ocrx_word' id='word_1_337' title='bbox 1321 3678 1451 3748; x_wconf 87' lang='lat' dir='ltr'><strong>quis</strong></span> <span class='ocrx_word' id='word_1_338' title='bbox 1474 3677 1690 3732; x_wconf 89' lang='lat' dir='ltr'><strong>bonum</strong></span> <span class='ocrx_word' id='word_1_339' title='bbox 1720 3677 1895 3733; x_wconf 83' lang='lat' dir='ltr'><strong>mali?</strong></span> 
     </span>
    </p>
   </div>
   <div class='ocr_carea' id='block_1_48' title="bbox 195 3747 1895 3820">
    <p class='ocr_par' dir='ltr' id='par_1_48' title="bbox 195 3747 1895 3820">
     <span class='ocr_line' id='line_1_49' title="bbox 195 3747 1895 3820; baseline 0 -18"><span class='ocrx_word' id='word_1_340' title='bbox 195 3749 329 3820; x_wconf 71' lang='lat' dir='ltr'><strong>Haec</strong></span> <span class='ocrx_word' id='word_1_341' title='bbox 354 3751 442 3820; x_wconf 83' lang='lat' dir='ltr'><strong>est</strong></span> <span class='ocrx_word' id='word_1_342' title='bbox 471 3763 606 3820; x_wconf 89' lang='lat' dir='ltr'><strong>ergo</strong></span> <span class='ocrx_word' id='word_1_343' title='bbox 635 3747 842 3820; x_wconf 83' lang='lat' dir='ltr'><strong>harum</strong></span> <span class='ocrx_word' id='word_1_344' title='bbox 871 3747 1128 3820; x_wconf 83' lang='lat' dir='ltr'><strong>duarum</strong></span> <span class='ocrx_word' id='word_1_345' title='bbox 1167 3747 1505 3820; x_wconf 79' lang='lat' dir='ltr'><strong>speciei-nm,</strong></span> <span class='ocrx_word' id='word_1_346' title='bbox 1537 3764 1665 3820; x_wconf 70' lang='lat' dir='ltr'><strong>quae</strong></span> <span class='ocrx_word' id='word_1_347' title='bbox 1694 3765 1760 3802; x_wconf 90' lang='lat' dir='ltr'><strong>ex</strong></span> <span class='ocrx_word' id='word_1_348' title='bbox 1798 3765 1895 3820; x_wconf 88' lang='lat' dir='ltr'><strong>op-</strong></span> 
     </span>
    </p>
   </div>
   <div class='ocr_carea' id='block_1_49' title="bbox 190 3818 1892 3889">
    <p class='ocr_par' dir='ltr' id='par_1_49' title="bbox 190 3818 1892 3889">
     <span class='ocr_line' id='line_1_50' title="bbox 190 3818 1892 3889; baseline 0.001 -17"><span class='ocrx_word' id='word_1_349' title='bbox 190 3818 396 3889; x_wconf 89' lang='lat' dir='ltr'><strong>positis</strong></span> <span class='ocrx_word' id='word_1_350' title='bbox 424 3819 677 3882; x_wconf 89' lang='lat' dir='ltr'><strong>veniunt,</strong></span> <span class='ocrx_word' id='word_1_351' title='bbox 709 3818 960 3873; x_wconf 88' lang='lat' dir='ltr'><strong>dilucida</strong></span> <span class='ocrx_word' id='word_1_352' title='bbox 992 3824 1049 3873; x_wconf 89' lang='lat' dir='ltr'><strong>et</strong></span> <span class='ocrx_word' id='word_1_353' title='bbox 1076 3818 1228 3872; x_wconf 88' lang='lat' dir='ltr'><strong>clara</strong></span> <span class='ocrx_word' id='word_1_354' title='bbox 1267 3818 1571 3873; x_wconf 29' lang='lat' dir='ltr'><strong>discretio.‘</strong></span> <span class='ocrx_word' id='word_1_355' title='bbox 1599 3821 1730 3889; x_wconf 91' lang='lat' dir='ltr'><strong>Ipsa</strong></span> <span class='ocrx_word' id='word_1_356' title='bbox 1758 3818 1892 3874; x_wconf 80' lang='lat' dir='ltr'><strong>vero</strong></span> 
     </span>
    </p>
   </div>
   <div class='ocr_carea' id='block_1_50' title="bbox 194 3889 1895 3962">
    <p class='ocr_par' dir='ltr' id='par_1_50' title="bbox 194 3889 1895 3962">
     <span class='ocr_line' id='line_1_51' title="bbox 194 3889 1895 3962; baseline 0.001 -19"><span class='ocrx_word' id='word_1_357' title='bbox 194 3889 481 3962; x_wconf 78' lang='lat' dir='ltr'><strong>contraria</strong></span> <span class='ocrx_word' id='word_1_358' title='bbox 509 3889 715 3962; x_wconf 79' lang='lat' dir='ltr'><strong>intres</strong></span> <span class='ocrx_word' id='word_1_359' title='bbox 764 3889 980 3962; x_wconf 85' lang='lat' dir='ltr'><strong>species</strong></span> <span class='ocrx_word' id='word_1_360' title='bbox 1019 3889 1354 3962; x_wconf 86' lang='lat' dir='ltr'><strong>dividuntur</strong></span> <span class='ocrx_word' id='word_1_361' title='bbox 1398 3906 1412 3945; x_wconf 90' lang='lat'><strong>:</strong></span> <span class='ocrx_word' id='word_1_362' title='bbox 1465 3895 1566 3944; x_wconf 90' lang='lat' dir='ltr'><strong>aut</strong></span> <span class='ocrx_word' id='word_1_363' title='bbox 1594 3889 1747 3944; x_wconf 90' lang='lat' dir='ltr'><strong>enim</strong></span> <span class='ocrx_word' id='word_1_364' title='bbox 1780 3907 1895 3944; x_wconf 90' lang='lat' dir='ltr'><strong>me-</strong></span> 
     </span>
    </p>
   </div>
   <div class='ocr_carea' id='block_1_51' title="bbox 191 3959 1888 4042">
    <p class='ocr_par' dir='ltr' id='par_1_51' title="bbox 191 3959 1888 4042">
     <span class='ocr_line' id='line_1_52' title="bbox 191 3959 1888 4042; baseline -0.001 -27"><span class='ocrx_word' id='word_1_365' title='bbox 191 3960 365 4042; x_wconf 45' lang='lat' dir='ltr'><strong>diata.</strong></span> <span class='ocrx_word' id='word_1_366' title='bbox 387 3965 540 4029; x_wconf 92' lang='lat' dir='ltr'><strong>sunt,</strong></span> <span class='ocrx_word' id='word_1_367' title='bbox 684 3959 1034 4042; x_wconf 49' lang='lat' dir='ltr'><strong>estfhabent</strong></span> <span class='ocrx_word' id='word_1_368' title='bbox 1078 3960 1298 4042; x_wconf 83' lang='lat' dir='ltr'><strong>aliqnid</strong></span> <span class='ocrx_word' id='word_1_369' title='bbox 1322 3961 1482 4042; x_wconf 73' lang='lat' dir='ltr'><strong>inter</strong></span> <span class='ocrx_word' id='word_1_370' title='bbox 1513 3977 1570 4014; x_wconf 92' lang='lat' dir='ltr'><strong>se</strong></span> <span class='ocrx_word' id='word_1_371' title='bbox 1600 3961 1888 4042; x_wconf 75' lang='lat' dir='ltr'><strong>medium;</strong></span> 
     </span>
    </p>
   </div>
   <div class='ocr_carea' id='block_1_52' title="bbox 193 4031 1890 4103">
    <p class='ocr_par' dir='ltr' id='par_1_52' title="bbox 193 4031 1890 4103">
     <span class='ocr_line' id='line_1_53' title="bbox 193 4031 1890 4103; baseline 0.001 -18"><span class='ocrx_word' id='word_1_372' title='bbox 193 4031 445 4103; x_wconf 86' lang='lat' dir='ltr'><strong>autsine</strong></span> <span class='ocrx_word' id='word_1_373' title='bbox 493 4031 712 4103; x_wconf 88' lang='lat' dir='ltr'><strong>medio;</strong></span> <span class='ocrx_word' id='word_1_374' title='bbox 761 4037 859 4086; x_wconf 92' lang='lat' dir='ltr'><strong>aut</strong></span> <span class='ocrx_word' id='word_1_375' title='bbox 903 4031 1054 4086; x_wconf 91' lang='lat' dir='ltr'><strong>utin</strong></span> <span class='ocrx_word' id='word_1_376' title='bbox 1094 4031 1438 4103; x_wconf 86' lang='lat' dir='ltr'><strong>quibusdam</strong></span> <span class='ocrx_word' id='word_1_377' title='bbox 1485 4033 1698 4102; x_wconf 88' lang='lat' dir='ltr'><strong>reperit</strong></span> <span class='ocrx_word' id='word_1_378' title='bbox 1727 4032 1890 4099; x_wconf 90' lang='lat' dir='ltr'><strong>ratio,</strong></span> 
     </span>
    </p>
   </div>
   <div class='ocr_carea' id='block_1_53' title="bbox 192 4102 1892 4184">
    <p class='ocr_par' dir='ltr' id='par_1_53' title="bbox 192 4102 1892 4184">
     <span class='ocr_line' id='line_1_54' title="bbox 192 4102 1892 4184; baseline 0 -28"><span class='ocrx_word' id='word_1_379' title='bbox 192 4102 409 4184; x_wconf 85' lang='lat' dir='ltr'><strong>habent</strong></span> <span class='ocrx_word' id='word_1_380' title='bbox 437 4102 672 4184; x_wconf 78' lang='lat' dir='ltr'><strong>quidem</strong></span> <span class='ocrx_word' id='word_1_381' title='bbox 695 4103 973 4168; x_wconf 91' lang='lat' dir='ltr'><strong>medium,</strong></span> <span class='ocrx_word' id='word_1_382' title='bbox 1001 4102 1250 4184; x_wconf 38' lang='lat' dir='ltr'><strong>se.d.&#39;ejus</strong></span> <span class='ocrx_word' id='word_1_383' title='bbox 1279 4103 1763 4184; x_wconf 33' lang='lat' dir='ltr'><strong>vocabulumonon</strong></span> <span class='ocrx_word' id='word_1_384' title='bbox 1787 4119 1892 4184; x_wconf 75' lang='lat' dir='ltr'><strong>ap-</strong></span> 
     </span>
    </p>
   </div>
   <div class='ocr_carea' id='block_1_54' title="bbox 191 4173 1895 4245">
    <p class='ocr_par' dir='ltr' id='par_1_54' title="bbox 191 4173 1895 4245">
     <span class='ocr_line' id='line_1_55' title="bbox 191 4173 1895 4245; baseline 0 -17"><span class='ocrx_word' id='word_1_385' title='bbox 191 4179 378 4244; x_wconf 85' lang='lat' dir='ltr'><strong>paret,</strong></span> <span class='ocrx_word' id='word_1_386' title='bbox 403 4173 515 4228; x_wconf 88' lang='lat' dir='ltr'><strong>nisi</strong></span> <span class='ocrx_word' id='word_1_387' title='bbox 545 4174 842 4245; x_wconf 89' lang='lat' dir='ltr'><strong>utriusque</strong></span> <span class='ocrx_word' id='word_1_388' title='bbox 869 4173 1116 4244; x_wconf 91' lang='lat' dir='ltr'><strong>oppositi</strong></span> <span class='ocrx_word' id='word_1_389' title='bbox 1145 4174 1450 4245; x_wconf 80' lang='lat' dir='ltr'><strong>negatione</strong></span> <span class='ocrx_word' id='word_1_390' title='bbox 1481 4173 1770 4229; x_wconf 88' lang='lat' dir='ltr'><strong>consistat.</strong></span> <span class='ocrx_word' id='word_1_391' title='bbox 1786 4175 1895 4230; x_wconf 85' lang='lat' dir='ltr'><strong>Me-</strong></span> 
     </span>
    </p>
   </div>
   <div class='ocr_carea' id='block_1_55' title="bbox 192 4245 1892 4317">
    <p class='ocr_par' dir='ltr' id='par_1_55' title="bbox 192 4245 1892 4317">
     <span class='ocr_line' id='line_1_56' title="bbox 192 4245 1892 4317; baseline 0 -17"><span class='ocrx_word' id='word_1_392' title='bbox 192 4245 348 4300; x_wconf 88' lang='lat' dir='ltr'><strong>diata</strong></span> <span class='ocrx_word' id='word_1_393' title='bbox 371 4261 538 4317; x_wconf 88' lang='lat' dir='ltr'><strong>_ergo</strong></span> <span class='ocrx_word' id='word_1_394' title='bbox 587 4251 718 4317; x_wconf 83' lang='lat' dir='ltr'><strong>sunt</strong></span> <span class='ocrx_word' id='word_1_395' title='bbox 746 4245 888 4314; x_wconf 67' lang='lat' dir='ltr'><strong>hinc,</strong></span> <span class='ocrx_word' id='word_1_396' title='bbox 911 4245 1130 4317; x_wconf 85' lang='lat' dir='ltr'><strong>album</strong></span> <span class='ocrx_word' id='word_1_397' title='bbox 1177 4251 1234 4299; x_wconf 91' lang='lat' dir='ltr'><strong>et</strong></span> <span class='ocrx_word' id='word_1_398' title='bbox 1271 4245 1535 4317; x_wconf 89' lang='lat' dir='ltr'><strong>nigrum,</strong></span> <span class='ocrx_word' id='word_1_399' title='bbox 1567 4245 1719 4299; x_wconf 88' lang='lat' dir='ltr'><strong>inter</strong></span> <span class='ocrx_word' id='word_1_400' title='bbox 1762 4261 1892 4316; x_wconf 59' lang='lat' dir='ltr'><strong>quae</strong></span> 
     </span>
    </p>
   </div>
   <div class='ocr_carea' id='block_1_56' title="bbox 193 4315 1894 4388">
    <p class='ocr_par' dir='ltr' id='par_1_56' title="bbox 193 4315 1894 4388">
     <span class='ocr_line' id='line_1_57' title="bbox 193 4315 1894 4388; baseline 0.001 -18"><span class='ocrx_word' id='word_1_401' title='bbox 193 4315 427 4388; x_wconf 85' lang='lat' dir='ltr'><strong>quando</strong></span> <span class='ocrx_word' id='word_1_402' title='bbox 451 4315 606 4388; x_wconf 82' lang='lat' dir='ltr'><strong>nasci</strong></span> <span class='ocrx_word' id='word_1_403' title='bbox 625 4321 816 4388; x_wconf 83' lang='lat' dir='ltr'><strong>potest</strong></span> <span class='ocrx_word' id='word_1_404' title='bbox 831 4316 1112 4386; x_wconf 90' lang='lat' dir='ltr'><strong>pallidum</strong></span> <span class='ocrx_word' id='word_1_405' title='bbox 1142 4317 1228 4370; x_wconf 87' lang='lat' dir='ltr'><strong>vel</strong></span> <span class='ocrx_word' id='word_1_406' title='bbox 1253 4315 1752 4388; x_wconf 78' lang='lat' dir='ltr'><strong>fuséum,mediata</strong></span> <span class='ocrx_word' id='word_1_407' title='bbox 1771 4315 1894 4371; x_wconf 72' lang='lat' dir='ltr'><strong>haec</strong></span> 
     </span>
    </p>
   </div>
   <div class='ocr_carea' id='block_1_57' title="bbox 193 4386 1892 4457">
    <p class='ocr_par' dir='ltr' id='par_1_57' title="bbox 193 4386 1892 4457">
     <span class='ocr_line' id='line_1_58' title="bbox 193 4386 1892 4457; baseline 0.001 -17"><span class='ocrx_word' id='word_1_408' title='bbox 193 4386 460 4457; x_wconf 86' lang='lat' dir='ltr'><strong>opposita</strong></span> <span class='ocrx_word' id='word_1_409' title='bbox 477 4387 762 4441; x_wconf 89' lang='lat' dir='ltr'><strong>dicuntur.</strong></span> <span class='ocrx_word' id='word_1_410' title='bbox 787 4387 924 4451; x_wconf 59' lang='lat' dir='ltr'><strong>Quae</strong></span> <span class='ocrx_word' id='word_1_411' title='bbox 952 4403 1084 4440; x_wconf 90' lang='lat' dir='ltr'><strong>vero</strong></span> <span class='ocrx_word' id='word_1_412' title='bbox 1110 4387 1363 4442; x_wconf 88' lang='lat' dir='ltr'><strong>mediata</strong></span> <span class='ocrx_word' id='word_1_413' title='bbox 1381 4393 1654 4456; x_wconf 91' lang='lat' dir='ltr'><strong>sunt,non</strong></span> <span class='ocrx_word' id='word_1_414' title='bbox 1667 4403 1892 4442; x_wconf 90' lang='lat' dir='ltr'><strong>necesse</strong></span> 
     </span>
    </p>
   </div>
   <div class='ocr_carea' id='block_1_58' title="bbox 193 4457 1894 4529">
    <p class='ocr_par' dir='ltr' id='par_1_58' title="bbox 193 4457 1894 4529">
     <span class='ocr_line' id='line_1_59' title="bbox 193 4457 1894 4529; baseline 0.001 -17"><span class='ocrx_word' id='word_1_415' title='bbox 193 4463 282 4529; x_wconf 90' lang='lat' dir='ltr'><strong>est</strong></span> <span class='ocrx_word' id='word_1_416' title='bbox 308 4474 490 4512; x_wconf 91' lang='lat' dir='ltr'><strong>unum</strong></span> <span class='ocrx_word' id='word_1_417' title='bbox 520 4459 589 4511; x_wconf 93' lang='lat' dir='ltr'><strong>de</strong></span> <span class='ocrx_word' id='word_1_418' title='bbox 618 4458 841 4512; x_wconf 90' lang='lat' dir='ltr'><strong>duobus</strong></span> <span class='ocrx_word' id='word_1_419' title='bbox 870 4457 1146 4528; x_wconf 89' lang='lat' dir='ltr'><strong>oppositis</strong></span> <span class='ocrx_word' id='word_1_420' title='bbox 1173 4457 1234 4512; x_wconf 91' lang='lat' dir='ltr'><strong>in</strong></span> <span class='ocrx_word' id='word_1_421' title='bbox 1262 4474 1499 4529; x_wconf 87' lang='lat' dir='ltr'><strong>corpore</strong></span> <span class='ocrx_word' id='word_1_422' title='bbox 1528 4458 1767 4529; x_wconf 87' lang='lat' dir='ltr'><strong>reperiri</strong></span> <span class='ocrx_word' id='word_1_423' title='bbox 1799 4475 1813 4514; x_wconf 92' lang='lat'><strong>:</strong></span> <span class='ocrx_word' id='word_1_424' title='bbox 1846 4457 1894 4514; x_wconf 87' lang='lat' dir='ltr'><strong>si</strong></span> 
     </span>
    </p>
   </div>
   <div class='ocr_carea' id='block_1_59' title="bbox 193 4528 1894 4599">
    <p class='ocr_par' dir='ltr' id='par_1_59' title="bbox 193 4528 1894 4599">
     <span class='ocr_line' id='line_1_60' title="bbox 193 4528 1894 4599; baseline 0.001 -17"><span class='ocrx_word' id='word_1_425' title='bbox 193 4528 352 4584; x_wconf 89' lang='lat' dir='ltr'><strong>enim</strong></span> <span class='ocrx_word' id='word_1_426' title='bbox 381 4529 613 4599; x_wconf 88' lang='lat' dir='ltr'><strong>nigrum</strong></span> <span class='ocrx_word' id='word_1_427' title='bbox 639 4545 754 4584; x_wconf 90' lang='lat' dir='ltr'><strong>non</strong></span> <span class='ocrx_word' id='word_1_428' title='bbox 770 4529 966 4594; x_wconf 85' lang='lat' dir='ltr'><strong>fuerit,</strong></span> <span class='ocrx_word' id='word_1_429' title='bbox 990 4533 1180 4599; x_wconf 88' lang='lat' dir='ltr'><strong>potest</strong></span> <span class='ocrx_word' id='word_1_430' title='bbox 1201 4546 1323 4583; x_wconf 91' lang='lat' dir='ltr'><strong>esse</strong></span> <span class='ocrx_word' id='word_1_431' title='bbox 1349 4528 1567 4584; x_wconf 84' lang='lat' dir='ltr'><strong>fuscum</strong></span> <span class='ocrx_word' id='word_1_432' title='bbox 1590 4528 1610 4594; x_wconf 66' lang='grc' dir='ltr'><em>ξ</em></span> <span class='ocrx_word' id='word_1_433' title='bbox 1627 4534 1725 4584; x_wconf 85' lang='lat' dir='ltr'><strong>aut</strong></span> <span class='ocrx_word' id='word_1_434' title='bbox 1745 4529 1792 4584; x_wconf 93' lang='lat' dir='ltr'><strong>si</strong></span> <span class='ocrx_word' id='word_1_435' title='bbox 1819 4529 1894 4583; x_wconf 87' lang='lat' dir='ltr'><strong>al-</strong></span> 
     </span>
    </p>
   </div>
   <div class='ocr_carea' id='block_1_60' title="bbox 191 4545 1892 4671">
    <p class='ocr_par' dir='ltr' id='par_1_60' title="bbox 191 4545 1892 4671">
     <span class='ocr_line' id='line_1_61' title="bbox 193 4545 1892 4599; baseline 0.001 -17"><span class='ocrx_word' id='word_1_436' title='bbox 193 4545 352 4584; x_wconf 86' lang='lat' dir='ltr'><strong>emm</strong></span> <span class='ocrx_word' id='word_1_437' title='bbox 381 4545 440 4582; x_wconf 81' lang='lat' dir='ltr'><strong>n1</strong></span> <span class='ocrx_word' id='word_1_438' title='bbox 487 4545 613 4583; x_wconf 91' lang='lat' dir='ltr'><strong>rum</strong></span> <span class='ocrx_word' id='word_1_439' title='bbox 639 4545 966 4594; x_wconf 83' lang='lat' dir='ltr'><strong>noumem,</strong></span> <span class='ocrx_word' id='word_1_440' title='bbox 990 4545 1180 4599; x_wconf 78' lang='lat' dir='ltr'><strong>petest</strong></span> <span class='ocrx_word' id='word_1_441' title='bbox 1201 4546 1323 4583; x_wconf 91' lang='lat' dir='ltr'><strong>esse</strong></span> <span class='ocrx_word' id='word_1_442' title='bbox 1349 4545 1567 4584; x_wconf 72' lang='lat' dir='ltr'><strong>tuscum</strong></span> <span class='ocrx_word' id='word_1_443' title='bbox 1590 4547 1604 4594; x_wconf 87' lang='lat'><strong>;</strong></span> <span class='ocrx_word' id='word_1_444' title='bbox 1627 4545 1725 4584; x_wconf 80' lang='lat' dir='ltr'><strong>aut</strong></span> <span class='ocrx_word' id='word_1_445' title='bbox 1745 4547 1792 4584; x_wconf 75' lang='grc' dir='ltr'><strong>ει</strong></span> <span class='ocrx_word' id='word_1_446' title='bbox 1819 4545 1892 4583; x_wconf 80' lang='lat' dir='ltr'><strong>ai-</strong></span> 
     </span>
     <span class='ocr_line' id='line_1_62' title="bbox 191 4545 1892 4671; baseline 0.001 -18"><span class='ocrx_word' id='word_1_447' title='bbox 191 4599 335 4671; x_wconf 70' lang='lat' dir='ltr'><strong>lium</strong></span> <span class='ocrx_word' id='word_1_448' title='bbox 375 4545 636 4666; x_wconf 45' lang='lat' dir='ltr'><strong>defuerit,</strong></span> <span class='ocrx_word' id='word_1_449' title='bbox 686 4600 964 4671; x_wconf 86' lang='lat' dir='ltr'><strong>pallidum</strong></span> <span class='ocrx_word' id='word_1_450' title='bbox 1007 4599 1217 4671; x_wconf 87' lang='lat' dir='ltr'><strong>poterit</strong></span> <span class='ocrx_word' id='word_1_451' title='bbox 1245 4599 1510 4655; x_wconf 88' lang='lat' dir='ltr'><strong>inveniri.</strong></span> <span class='ocrx_word' id='word_1_452' title='bbox 1560 4604 1631 4655; x_wconf 80' lang='lat' dir='ltr'><strong>At</strong></span> <span class='ocrx_word' id='word_1_453' title='bbox 1660 4617 1794 4654; x_wconf 89' lang='lat' dir='ltr'><strong>vero</strong></span> <span class='ocrx_word' id='word_1_454' title='bbox 1825 4617 1892 4655; x_wconf 93' lang='lat' dir='ltr'><strong>ex</strong></span> 
     </span>
    </p>
   </div>
   <div class='ocr_carea' id='block_1_61' title="bbox 191 4669 1892 4752">
    <p class='ocr_par' dir='ltr' id='par_1_61' title="bbox 191 4669 1892 4752">
     <span class='ocr_line' id='line_1_63' title="bbox 191 4669 1892 4752; baseline 0.001 -27"><span class='ocrx_word' id='word_1_455' title='bbox 191 4669 285 4752; x_wconf 76' lang='lat' dir='ltr'><strong>his</strong></span> <span class='ocrx_word' id='word_1_456' title='bbox 333 4671 626 4752; x_wconf 43' lang='lat' dir='ltr'><strong>oppositis.</strong></span> <span class='ocrx_word' id='word_1_457' title='bbox 651 4669 779 4752; x_wconf 70' lang='lat' dir='ltr'><strong>quae</strong></span> <span class='ocrx_word' id='word_1_458' title='bbox 811 4669 1077 4752; x_wconf 29' lang='lat' dir='ltr'><strong>.media‘ta</strong></span> <span class='ocrx_word' id='word_1_459' title='bbox 1105 4686 1249 4752; x_wconf 82' lang='lat' dir='ltr'><strong>non_</strong></span> <span class='ocrx_word' id='word_1_460' title='bbox 1271 4675 1423 4752; x_wconf 84' lang='lat' dir='ltr'><strong>sunt,</strong></span> <span class='ocrx_word' id='word_1_461' title='bbox 1457 4687 1634 4752; x_wconf 80' lang='lat' dir='ltr'><strong>unum</strong></span> <span class='ocrx_word' id='word_1_462' title='bbox 1665 4688 1892 4752; x_wconf 62' lang='lat' dir='ltr'><strong>necesse</strong></span> 
     </span>
    </p>
   </div>
   <div class='ocr_carea' id='block_1_62' title="bbox 193 4741 1894 4812">
    <p class='ocr_par' dir='ltr' id='par_1_62' title="bbox 193 4741 1894 4812">
     <span class='ocr_line' id='line_1_64' title="bbox 193 4741 1894 4812; baseline 0.001 -17"><span class='ocrx_word' id='word_1_463' title='bbox 193 4745 282 4795; x_wconf 88' lang='lat' dir='ltr'><strong>est</strong></span> <span class='ocrx_word' id='word_1_464' title='bbox 311 4741 565 4796; x_wconf 86' lang='lat' dir='ltr'><strong>accidere</strong></span> <span class='ocrx_word' id='word_1_465' title='bbox 595 4741 938 4808; x_wconf 34' lang='lat' dir='ltr'><strong>de’duobus,</strong></span> <span class='ocrx_word' id='word_1_466' title='bbox 971 4745 1036 4795; x_wconf 90' lang='lat' dir='ltr'><strong>ut</strong></span> <span class='ocrx_word' id='word_1_467' title='bbox 1060 4745 1144 4795; x_wconf 89' lang='lat' dir='ltr'><strong>est</strong></span> <span class='ocrx_word' id='word_1_468' title='bbox 1171 4741 1323 4795; x_wconf 90' lang='lat' dir='ltr'><strong>salus</strong></span> <span class='ocrx_word' id='word_1_469' title='bbox 1355 4745 1412 4795; x_wconf 90' lang='lat' dir='ltr'><strong>et</strong></span> <span class='ocrx_word' id='word_1_470' title='bbox 1439 4742 1738 4812; x_wconf 63' lang='lat' dir='ltr'><strong>aggritudo.</strong></span> <span class='ocrx_word' id='word_1_471' title='bbox 1775 4744 1894 4797; x_wconf 82' lang='lat' dir='ltr'><strong>Ho-</strong></span> 
     </span>
    </p>
   </div>
   <div class='ocr_carea' id='block_1_63' title="bbox 191 4812 1895 4883">
    <p class='ocr_par' dir='ltr' id='par_1_63' title="bbox 191 4812 1895 4883">
     <span class='ocr_line' id='line_1_65' title="bbox 191 4812 1895 4883; baseline 0.001 -17"><span class='ocrx_word' id='word_1_472' title='bbox 191 4828 326 4866; x_wconf 90' lang='lat' dir='ltr'><strong>rum</strong></span> <span class='ocrx_word' id='word_1_473' title='bbox 352 4813 620 4867; x_wconf 65' lang='lat' dir='ltr'><strong>medium‘</strong></span> <span class='ocrx_word' id='word_1_474' title='bbox 637 4813 777 4867; x_wconf 90' lang='lat' dir='ltr'><strong>nihil</strong></span> <span class='ocrx_word' id='word_1_475' title='bbox 811 4817 894 4867; x_wconf 90' lang='lat' dir='ltr'><strong>est</strong></span> <span class='ocrx_word' id='word_1_476' title='bbox 919 4817 1222 4883; x_wconf 87' lang='lat' dir='ltr'><strong>propterea</strong></span> <span class='ocrx_word' id='word_1_477' title='bbox 1239 4812 1390 4882; x_wconf 88' lang='lat' dir='ltr'><strong>quod</strong></span> <span class='ocrx_word' id='word_1_478' title='bbox 1415 4820 1516 4866; x_wconf 91' lang='lat' dir='ltr'><strong>aut</strong></span> <span class='ocrx_word' id='word_1_479' title='bbox 1537 4815 1778 4868; x_wconf 89' lang='lat' dir='ltr'><strong>salutem</strong></span> <span class='ocrx_word' id='word_1_480' title='bbox 1801 4830 1895 4868; x_wconf 85' lang='lat' dir='ltr'><strong>ne-</strong></span> 
     </span>
    </p>
   </div>
   <div class='ocr_carea' id='block_1_64' title="bbox 191 4883 1890 4955">
    <p class='ocr_par' dir='ltr' id='par_1_64' title="bbox 191 4883 1890 4955">
     <span class='ocr_line' id='line_1_66' title="bbox 191 4883 1890 4955; baseline 0.002 -19"><span class='ocrx_word' id='word_1_481' title='bbox 191 4899 348 4937; x_wconf 82' lang='lat' dir='ltr'><strong>cesse</strong></span> <span class='ocrx_word' id='word_1_482' title='bbox 379 4889 485 4952; x_wconf 92' lang='lat' dir='ltr'><strong>est,</strong></span> <span class='ocrx_word' id='word_1_483' title='bbox 517 4888 616 4938; x_wconf 90' lang='lat' dir='ltr'><strong>aut</strong></span> <span class='ocrx_word' id='word_1_484' title='bbox 643 4884 1042 4955; x_wconf 66' lang='lat' dir='ltr'><strong>aagritudinem</strong></span> <span class='ocrx_word' id='word_1_485' title='bbox 1073 4883 1326 4955; x_wconf 82' lang='lat' dir='ltr'><strong>humana</strong></span> <span class='ocrx_word' id='word_1_486' title='bbox 1354 4899 1595 4954; x_wconf 87' lang='lat' dir='ltr'><strong>corpora</strong></span> <span class='ocrx_word' id='word_1_487' title='bbox 1625 4885 1890 4940; x_wconf 89' lang='lat' dir='ltr'><strong>retinere.</strong></span> 
     </span>
    </p>
   </div>
   <div class='ocr_carea' id='block_1_65' title="bbox 189 4953 1890 5026">
    <p class='ocr_par' dir='ltr' id='par_1_65' title="bbox 189 4953 1890 5026">
     <span class='ocr_line' id='line_1_67' title="bbox 189 4953 1890 5026; baseline 0.001 -17"><span class='ocrx_word' id='word_1_488' title='bbox 189 4957 265 5026; x_wconf 78' lang='lat' dir='ltr'><strong>At</strong></span> <span class='ocrx_word' id='word_1_489' title='bbox 288 4955 386 5026; x_wconf 82' lang='lat' dir='ltr'><strong>illa</strong></span> <span class='ocrx_word' id='word_1_490' title='bbox 415 4955 623 5026; x_wconf 86' lang='lat' dir='ltr'><strong>quibus</strong></span> <span class='ocrx_word' id='word_1_491' title='bbox 653 4953 739 5009; x_wconf 85' lang='lat' dir='ltr'><strong>est</strong></span> <span class='ocrx_word' id='word_1_492' title='bbox 765 4955 998 5026; x_wconf 91' lang='lat' dir='ltr'><strong>quidem</strong></span> <span class='ocrx_word' id='word_1_493' title='bbox 1033 4953 1309 5026; x_wconf 87' lang='lat' dir='ltr'><strong>medium,</strong></span> <span class='ocrx_word' id='word_1_494' title='bbox 1331 4955 1430 5008; x_wconf 88' lang='lat' dir='ltr'><strong>sed</strong></span> <span class='ocrx_word' id='word_1_495' title='bbox 1451 4953 1604 5009; x_wconf 71' lang='lat' dir='ltr'><strong>Caret</strong></span> <span class='ocrx_word' id='word_1_496' title='bbox 1634 4956 1890 5022; x_wconf 90' lang='lat' dir='ltr'><strong>nomine,</strong></span> 
     </span>
    </p>
   </div>
   <div class='ocr_carea' id='block_1_66' title="bbox 190 5025 1890 5097">
    <p class='ocr_par' dir='ltr' id='par_1_66' title="bbox 190 5025 1890 5097">
     <span class='ocr_line' id='line_1_68' title="bbox 190 5025 1890 5097; baseline 0 -17"><span class='ocrx_word' id='word_1_497' title='bbox 190 5025 305 5080; x_wconf 88' lang='lat' dir='ltr'><strong>nisi</strong></span> <span class='ocrx_word' id='word_1_498' title='bbox 334 5025 467 5080; x_wconf 83' lang='lat' dir='ltr'><strong>huic</strong></span> <span class='ocrx_word' id='word_1_499' title='bbox 497 5025 895 5097; x_wconf 78' lang='lat' dir='ltr'><strong>oppositorum</strong></span> <span class='ocrx_word' id='word_1_500' title='bbox 928 5026 1233 5097; x_wconf 87' lang='lat' dir='ltr'><strong>negatione</strong></span> <span class='ocrx_word' id='word_1_501' title='bbox 1261 5025 1559 5093; x_wconf 88' lang='lat' dir='ltr'><strong>formetur,</strong></span> <span class='ocrx_word' id='word_1_502' title='bbox 1585 5033 1719 5080; x_wconf 90' lang='lat' dir='ltr'><strong>sunt</strong></span> <span class='ocrx_word' id='word_1_503' title='bbox 1747 5028 1890 5092; x_wconf 64' lang='lat' dir='ltr'><strong>haec,</strong></span> 
     </span>
    </p>
   </div>
   <div class='ocr_carea' id='block_1_67' title="bbox 194 5096 1889 5169">
    <p class='ocr_par' dir='ltr' id='par_1_67' title="bbox 194 5096 1889 5169">
     <span class='ocr_line' id='line_1_69' title="bbox 194 5096 1889 5169; baseline 0.001 -19"><span class='ocrx_word' id='word_1_504' title='bbox 194 5097 380 5169; x_wconf 79' lang='lat' dir='ltr'><strong>justus</strong></span> <span class='ocrx_word' id='word_1_505' title='bbox 406 5101 462 5150; x_wconf 88' lang='lat' dir='ltr'><strong>et</strong></span> <span class='ocrx_word' id='word_1_506' title='bbox 485 5096 732 5168; x_wconf 84' lang='lat' dir='ltr'><strong>injustus</strong></span> <span class='ocrx_word' id='word_1_507' title='bbox 763 5114 778 5152; x_wconf 88' lang='lat'><strong>:</strong></span> <span class='ocrx_word' id='word_1_508' title='bbox 811 5102 898 5151; x_wconf 86' lang='lat' dir='ltr'><strong>est</strong></span> <span class='ocrx_word' id='word_1_509' title='bbox 937 5096 1156 5169; x_wconf 89' lang='lat' dir='ltr'><strong>aliquid</strong></span> <span class='ocrx_word' id='word_1_510' title='bbox 1184 5096 1245 5150; x_wconf 93' lang='lat' dir='ltr'><strong>in</strong></span> <span class='ocrx_word' id='word_1_511' title='bbox 1275 5097 1484 5165; x_wconf 90' lang='lat' dir='ltr'><strong>medio,</strong></span> <span class='ocrx_word' id='word_1_512' title='bbox 1515 5097 1610 5150; x_wconf 92' lang='lat' dir='ltr'><strong>sed</strong></span> <span class='ocrx_word' id='word_1_513' title='bbox 1642 5113 1764 5169; x_wconf 89' lang='lat' dir='ltr'><strong>non</strong></span> <span class='ocrx_word' id='word_1_514' title='bbox 1789 5098 1889 5152; x_wconf 88' lang='lat' dir='ltr'><strong>ha-</strong></span> 
     </span>
    </p>
   </div>
   <div class='ocr_carea' id='block_1_68' title="bbox 233 5168 1890 5240">
    <p class='ocr_par' dir='ltr' id='par_1_68' title="bbox 233 5168 1890 5240">
     <span class='ocr_line' id='line_1_70' title="bbox 233 5168 1890 5240; baseline 0.001 -19"><span class='ocrx_word' id='word_1_515' title='bbox 233 5173 292 5221; x_wconf 87' lang='lat' dir='ltr'><strong>et</strong></span> <span class='ocrx_word' id='word_1_516' title='bbox 319 5183 564 5240; x_wconf 85' lang='lat' dir='ltr'><strong>nomen;</strong></span> <span class='ocrx_word' id='word_1_517' title='bbox 598 5173 768 5240; x_wconf 90' lang='lat' dir='ltr'><strong>atque</strong></span> <span class='ocrx_word' id='word_1_518' title='bbox 805 5169 936 5222; x_wconf 90' lang='lat' dir='ltr'><strong>ideo</strong></span> <span class='ocrx_word' id='word_1_519' title='bbox 973 5168 1272 5240; x_wconf 79' lang='lat' dir='ltr'><strong>utriusque</strong></span> <span class='ocrx_word' id='word_1_520' title='bbox 1303 5169 1550 5240; x_wconf 89' lang='lat' dir='ltr'><strong>oppositi</strong></span> <span class='ocrx_word' id='word_1_521' title='bbox 1583 5168 1810 5240; x_wconf 88' lang='lat' dir='ltr'><strong>negatio</strong></span> <span class='ocrx_word' id='word_1_522' title='bbox 1839 5169 1890 5223; x_wconf 91' lang='lat' dir='ltr'><strong>ei</strong></span> 
     </span>
    </p>
   </div>
   <div class='ocr_carea' id='block_1_69' title="bbox 190 5239 1889 5310">
    <p class='ocr_par' dir='ltr' id='par_1_69' title="bbox 190 5239 1889 5310">
     <span class='ocr_line' id='line_1_71' title="bbox 190 5239 1889 5310; baseline 0.001 -18"><span class='ocrx_word' id='word_1_523' title='bbox 190 5239 534 5310; x_wconf 86' lang='lat' dir='ltr'><strong>vocabulum</strong></span> <span class='ocrx_word' id='word_1_524' title='bbox 583 5239 756 5306; x_wconf 86' lang='lat' dir='ltr'><strong>creat,</strong></span> <span class='ocrx_word' id='word_1_525' title='bbox 795 5244 992 5310; x_wconf 85' lang='lat' dir='ltr'><strong>utnec</strong></span> <span class='ocrx_word' id='word_1_526' title='bbox 1015 5239 1256 5309; x_wconf 88' lang='lat' dir='ltr'><strong>justum,</strong></span> <span class='ocrx_word' id='word_1_527' title='bbox 1290 5256 1392 5293; x_wconf 91' lang='lat' dir='ltr'><strong>nec</strong></span> <span class='ocrx_word' id='word_1_528' title='bbox 1422 5239 1702 5310; x_wconf 87' lang='lat' dir='ltr'><strong>injustum</strong></span> <span class='ocrx_word' id='word_1_529' title='bbox 1729 5239 1889 5294; x_wconf 86' lang='lat' dir='ltr'><strong>dica-</strong></span> 
     </span>
    </p>
   </div>
   <div class='ocr_carea' id='block_1_70' title="bbox 191 5309 1891 5382">
    <p class='ocr_par' dir='ltr' id='par_1_70' title="bbox 191 5309 1891 5382">
     <span class='ocr_line' id='line_1_72' title="bbox 191 5309 1891 5382; baseline 0.001 -19"><span class='ocrx_word' id='word_1_530' title='bbox 191 5325 324 5382; x_wconf 82' lang='lat' dir='ltr'><strong>mus</strong></span> <span class='ocrx_word' id='word_1_531' title='bbox 350 5309 429 5371; x_wconf 89' lang='lat' dir='ltr'><strong>id,</strong></span> <span class='ocrx_word' id='word_1_532' title='bbox 459 5310 614 5382; x_wconf 84' lang='lat' dir='ltr'><strong>quod</strong></span> <span class='ocrx_word' id='word_1_533' title='bbox 645 5315 730 5382; x_wconf 90' lang='lat' dir='ltr'><strong>est</strong></span> <span class='ocrx_word' id='word_1_534' title='bbox 761 5309 1030 5364; x_wconf 91' lang='lat' dir='ltr'><strong>medium.</strong></span> <span class='ocrx_word' id='word_1_535' title='bbox 1053 5311 1214 5382; x_wconf 68' lang='lat' dir='ltr'><strong>Nunc</strong></span> <span class='ocrx_word' id='word_1_536' title='bbox 1242 5327 1309 5382; x_wconf 88' lang='lat' dir='ltr'><strong>ea</strong></span> <span class='ocrx_word' id='word_1_537' title='bbox 1337 5309 1600 5382; x_wconf 85' lang='lat' dir='ltr'><strong>opposita</strong></span> <span class='ocrx_word' id='word_1_538' title='bbox 1629 5327 1758 5382; x_wconf 64' lang='lat' dir='ltr'><strong>qua:</strong></span> <span class='ocrx_word' id='word_1_539' title='bbox 1791 5327 1891 5382; x_wconf 89' lang='lat' dir='ltr'><strong>per</strong></span> 
     </span>
    </p>
   </div>
   <div class='ocr_carea' id='block_1_71' title="bbox 190 5379 1888 5452">
    <p class='ocr_par' dir='ltr' id='par_1_71' title="bbox 190 5379 1888 5452">
     <span class='ocr_line' id='line_1_73' title="bbox 190 5379 1888 5452; baseline 0.001 -17"><span class='ocrx_word' id='word_1_540' title='bbox 190 5379 457 5435; x_wconf 85' lang='lat' dir='ltr'><strong>habitum</strong></span> <span class='ocrx_word' id='word_1_541' title='bbox 476 5379 1000 5452; x_wconf 44' lang='lat' dir='ltr'><strong>_privationemque</strong></span> <span class='ocrx_word' id='word_1_542' title='bbox 1039 5381 1204 5452; x_wconf 87' lang='lat' dir='ltr'><strong>ﬁunt,</strong></span> <span class='ocrx_word' id='word_1_543' title='bbox 1251 5379 1582 5452; x_wconf 76' lang='lat' dir='ltr'><strong>diligentius</strong></span> <span class='ocrx_word' id='word_1_544' title='bbox 1619 5379 1888 5436; x_wconf 76' lang='lat' dir='ltr'><strong>retracte-</strong></span> 
     </span>
    </p>
   </div>
   <div class='ocr_carea' id='block_1_72' title="bbox 189 5451 1892 5523">
    <p class='ocr_par' dir='ltr' id='par_1_72' title="bbox 189 5451 1892 5523">
     <span class='ocr_line' id='line_1_74' title="bbox 189 5451 1892 5523; baseline 0.001 -17"><span class='ocrx_word' id='word_1_545' title='bbox 189 5467 368 5523; x_wconf 11' lang='lat' dir='ltr'><strong>musg:</strong></span> <span class='ocrx_word' id='word_1_546' title='bbox 401 5452 461 5507; x_wconf 93' lang='lat' dir='ltr'><strong>in</strong></span> <span class='ocrx_word' id='word_1_547' title='bbox 490 5453 581 5507; x_wconf 89' lang='lat' dir='ltr'><strong>his</strong></span> <span class='ocrx_word' id='word_1_548' title='bbox 611 5468 861 5523; x_wconf 91' lang='lat' dir='ltr'><strong>namque</strong></span> <span class='ocrx_word' id='word_1_549' title='bbox 901 5451 1184 5523; x_wconf 83' lang='lat' dir='ltr'><strong>observari</strong></span> <span class='ocrx_word' id='word_1_550' title='bbox 1229 5451 1475 5522; x_wconf 86' lang='lat' dir='ltr'><strong>oportet,</strong></span> <span class='ocrx_word' id='word_1_551' title='bbox 1508 5457 1568 5506; x_wconf 92' lang='lat' dir='ltr'><strong>ut</strong></span> <span class='ocrx_word' id='word_1_552' title='bbox 1596 5453 1710 5507; x_wconf 88' lang='lat' dir='ltr'><strong>sint</strong></span> <span class='ocrx_word' id='word_1_553' title='bbox 1741 5458 1892 5508; x_wconf 86' lang='lat' dir='ltr'><strong>utra-</strong></span> 
     </span>
    </p>
   </div>
   <div class='ocr_carea' id='block_1_73' title="bbox 193 5521 1892 5594">
    <p class='ocr_par' dir='ltr' id='par_1_73' title="bbox 193 5521 1892 5594">
     <span class='ocr_line' id='line_1_75' title="bbox 193 5521 1892 5594; baseline 0.002 -19"><span class='ocrx_word' id='word_1_554' title='bbox 193 5539 305 5594; x_wconf 89' lang='lat' dir='ltr'><strong>que</strong></span> <span class='ocrx_word' id='word_1_555' title='bbox 334 5521 394 5576; x_wconf 92' lang='lat' dir='ltr'><strong>in</strong></span> <span class='ocrx_word' id='word_1_556' title='bbox 422 5524 628 5579; x_wconf 90' lang='lat' dir='ltr'><strong>eodem</strong></span> <span class='ocrx_word' id='word_1_557' title='bbox 661 5521 914 5594; x_wconf 79' lang='lat' dir='ltr'><strong>negotio,</strong></span> <span class='ocrx_word' id='word_1_558' title='bbox 965 5523 1024 5578; x_wconf 92' lang='lat' dir='ltr'><strong>in</strong></span> <span class='ocrx_word' id='word_1_559' title='bbox 1068 5521 1280 5576; x_wconf 84' lang='lat' dir='ltr'><strong>eodem</strong></span> <span class='ocrx_word' id='word_1_560' title='bbox 1301 5524 1446 5594; x_wconf 92' lang='lat' dir='ltr'><strong>loco,</strong></span> <span class='ocrx_word' id='word_1_561' title='bbox 1476 5523 1536 5577; x_wconf 92' lang='lat' dir='ltr'><strong>in</strong></span> <span class='ocrx_word' id='word_1_562' title='bbox 1566 5528 1892 5594; x_wconf 87' lang='lat' dir='ltr'><strong>opportuno</strong></span> 
     </span>
    </p>
   </div>
   <div class='ocr_carea' id='block_1_74' title="bbox 191 5594 1887 5675">
    <p class='ocr_par' dir='ltr' id='par_1_74' title="bbox 191 5594 1887 5675">
     <span class='ocr_line' id='line_1_76' title="bbox 191 5594 1887 5675; baseline 0 -27"><span class='ocrx_word' id='word_1_563' title='bbox 191 5595 486 5675; x_wconf 77' lang='lat' dir='ltr'><strong>tem&#39;pore._</strong></span> <span class='ocrx_word' id='word_1_564' title='bbox 531 5596 594 5649; x_wconf 91' lang='lat' dir='ltr'><strong>In</strong></span> <span class='ocrx_word' id='word_1_565' title='bbox 635 5597 850 5675; x_wconf 72' lang='lat' dir='ltr'><strong>eodem</strong></span> <span class='ocrx_word' id='word_1_566' title='bbox 880 5594 1120 5674; x_wconf 36' lang='lat' dir='ltr'><strong>negotio.</strong></span> <span class='ocrx_word' id='word_1_567' title='bbox 1145 5598 1307 5675; x_wconf 70' lang='lat' dir='ltr'><strong>sunt,</strong></span> <span class='ocrx_word' id='word_1_568' title='bbox 1339 5595 1561 5675; x_wconf 72' lang='lat' dir='ltr'><strong>caecitas</strong></span> <span class='ocrx_word' id='word_1_569' title='bbox 1604 5600 1660 5675; x_wconf 82' lang='lat' dir='ltr'><strong>et</strong></span> <span class='ocrx_word' id='word_1_570' title='bbox 1689 5595 1887 5675; x_wconf 58' lang='lat' dir='ltr'><strong>&quot;visio;</strong></span> 
     </span>
    </p>
   </div>
   <div class='ocr_carea' id='block_1_75' title="bbox 192 5664 1894 5732">
    <p class='ocr_par' dir='ltr' id='par_1_75' title="bbox 192 5664 1894 5732">
     <span class='ocr_line' id='line_1_77' title="bbox 192 5664 1894 5732; baseline 0.001 -12"><span class='ocrx_word' id='word_1_571' title='bbox 192 5665 254 5720; x_wconf 91' lang='lat' dir='ltr'><strong>in</strong></span> <span class='ocrx_word' id='word_1_572' title='bbox 282 5664 531 5721; x_wconf 89' lang='lat' dir='ltr'><strong>videndo</strong></span> <span class='ocrx_word' id='word_1_573' title='bbox 557 5665 733 5732; x_wconf 89' lang='lat' dir='ltr'><strong>enim,</strong></span> <span class='ocrx_word' id='word_1_574' title='bbox 758 5666 894 5720; x_wconf 91' lang='lat' dir='ltr'><strong>etin</strong></span> <span class='ocrx_word' id='word_1_575' title='bbox 927 5682 1042 5720; x_wconf 90' lang='lat' dir='ltr'><strong>non</strong></span> <span class='ocrx_word' id='word_1_576' title='bbox 1072 5664 1316 5719; x_wconf 89' lang='lat' dir='ltr'><strong>videndo</strong></span> <span class='ocrx_word' id='word_1_577' title='bbox 1346 5666 1816 5720; x_wconf 76' lang='lat' dir='ltr'><strong>consistuntiiaec</strong></span> <span class='ocrx_word' id='word_1_578' title='bbox 1836 5671 1894 5722; x_wconf 87' lang='lat' dir='ltr'><strong>et</strong></span> 
     </span>
    </p>
   </div>
   <div class='ocr_carea' id='block_1_76' title="bbox 193 5736 1891 5808">
    <p class='ocr_par' dir='ltr' id='par_1_76' title="bbox 193 5736 1891 5808">
     <span class='ocr_line' id='line_1_78' title="bbox 193 5736 1891 5808; baseline 0.001 -18"><span class='ocrx_word' id='word_1_579' title='bbox 193 5736 252 5791; x_wconf 91' lang='lat' dir='ltr'><strong>in</strong></span> <span class='ocrx_word' id='word_1_580' title='bbox 283 5737 485 5791; x_wconf 88' lang='lat' dir='ltr'><strong>eodem</strong></span> <span class='ocrx_word' id='word_1_581' title='bbox 516 5738 638 5792; x_wconf 92' lang='lat' dir='ltr'><strong>loco</strong></span> <span class='ocrx_word' id='word_1_582' title='bbox 666 5741 829 5804; x_wconf 87' lang='lat' dir='ltr'><strong>sunt;</strong></span> <span class='ocrx_word' id='word_1_583' title='bbox 860 5736 1089 5808; x_wconf 86' lang='lat' dir='ltr'><strong>utrique</strong></span> <span class='ocrx_word' id='word_1_584' title='bbox 1116 5752 1366 5808; x_wconf 88' lang='lat' dir='ltr'><strong>namque</strong></span> <span class='ocrx_word' id='word_1_585' title='bbox 1386 5742 1443 5792; x_wconf 89' lang='lat' dir='ltr'><strong>et</strong></span> <span class='ocrx_word' id='word_1_586' title='bbox 1467 5737 1702 5808; x_wconf 82' lang='lat' dir='ltr'><strong>caecitati</strong></span> <span class='ocrx_word' id='word_1_587' title='bbox 1733 5741 1789 5791; x_wconf 90' lang='lat' dir='ltr'><strong>et</strong></span> <span class='ocrx_word' id='word_1_588' title='bbox 1815 5737 1891 5792; x_wconf 89' lang='lat' dir='ltr'><strong>vi-</strong></span> 
     </span>
    </p>
   </div>
   <div class='ocr_carea' id='block_1_77' title="bbox 194 5807 1890 5881">
    <p class='ocr_par' dir='ltr' id='par_1_77' title="bbox 194 5807 1890 5881">
     <span class='ocr_line' id='line_1_79' title="bbox 194 5807 1890 5881; baseline 0 -18"><span class='ocrx_word' id='word_1_589' title='bbox 194 5808 342 5864; x_wconf 87' lang='lat' dir='ltr'><strong>sioni</strong></span> <span class='ocrx_word' id='word_1_590' title='bbox 372 5809 433 5864; x_wconf 92' lang='lat' dir='ltr'><strong>in</strong></span> <span class='ocrx_word' id='word_1_591' title='bbox 465 5809 644 5863; x_wconf 89' lang='lat' dir='ltr'><strong>oculis</strong></span> <span class='ocrx_word' id='word_1_592' title='bbox 674 5809 830 5864; x_wconf 86' lang='lat' dir='ltr'><strong>locus</strong></span> <span class='ocrx_word' id='word_1_593' title='bbox 861 5813 962 5864; x_wconf 89' lang='lat' dir='ltr'><strong>est.</strong></span> <span class='ocrx_word' id='word_1_594' title='bbox 998 5807 1234 5864; x_wconf 83' lang='lat' dir='ltr'><strong>Maxime</strong></span> <span class='ocrx_word' id='word_1_595' title='bbox 1267 5807 1457 5865; x_wconf 87' lang='lat' dir='ltr'><strong>tamen</strong></span> <span class='ocrx_word' id='word_1_596' title='bbox 1483 5807 1544 5864; x_wconf 90' lang='lat' dir='ltr'><strong>in</strong></span> <span class='ocrx_word' id='word_1_597' title='bbox 1570 5809 1659 5865; x_wconf 90' lang='lat' dir='ltr'><strong>his</strong></span> <span class='ocrx_word' id='word_1_598' title='bbox 1687 5825 1890 5881; x_wconf 89' lang='lat' dir='ltr'><strong>oppor-</strong></span> 
     </span>
    </p>
   </div>
   <div class='ocr_carea' id='block_1_78' title="bbox 1753 290 2151 348">
    <p class='ocr_par' dir='ltr' id='par_1_78' title="bbox 1753 290 2151 348">
     <span class='ocr_line' id='line_1_80' title="bbox 1753 290 2151 348; baseline 0.003 -2"><span class='ocrx_word' id='word_1_599' title='bbox 1753 290 2124 348; x_wconf 82' lang='lat' dir='ltr'><strong>APPENDIX</strong></span> <span class='ocrx_word' id='word_1_600' title='bbox 2137 331 2151 347; x_wconf 91' lang='lat'><strong>.</strong></span> 
     </span>
    </p>
   </div>
   <div class='ocr_carea' id='block_1_79' title="bbox 3565 301 3703 354">
    <p class='ocr_par' dir='ltr' id='par_1_79' title="bbox 3565 301 3703 354">
     <span class='ocr_line' id='line_1_81' title="bbox 3565 301 3703 354; baseline 0 0"><span class='ocrx_word' id='word_1_601' title='bbox 3565 301 3703 354; x_wconf 80' lang='grc'><strong>1438</strong></span> 
     </span>
    </p>
   </div>
   <div class='ocr_carea' id='block_1_80' title="bbox 1998 413 3696 488">
    <p class='ocr_par' dir='ltr' id='par_1_80' title="bbox 1998 413 3696 488">
     <span class='ocr_line' id='line_1_82' title="bbox 1998 413 3696 488; baseline 0.005 -21"><span class='ocrx_word' id='word_1_602' title='bbox 1998 413 2212 488; x_wconf 82' lang='lat' dir='ltr'><strong>tunitas</strong></span> <span class='ocrx_word' id='word_1_603' title='bbox 2255 416 2531 488; x_wconf 86' lang='lat' dir='ltr'><strong>temporis</strong></span> <span class='ocrx_word' id='word_1_604' title='bbox 2560 417 2841 488; x_wconf 69' lang='lat' dir='ltr'><strong>quaeritur</strong></span> <span class='ocrx_word' id='word_1_605' title='bbox 2873 435 2886 474; x_wconf 89' lang='lat'><strong>:</strong></span> <span class='ocrx_word' id='word_1_606' title='bbox 2920 434 3091 476; x_wconf 89' lang='lat' dir='ltr'><strong>nemo</strong></span> <span class='ocrx_word' id='word_1_607' title='bbox 3139 420 3295 476; x_wconf 89' lang='lat' dir='ltr'><strong>enim</strong></span> <span class='ocrx_word' id='word_1_608' title='bbox 3322 423 3474 476; x_wconf 89' lang='lat' dir='ltr'><strong>recte</strong></span> <span class='ocrx_word' id='word_1_609' title='bbox 3506 423 3696 476; x_wconf 88' lang='lat' dir='ltr'><strong>calvus</strong></span> 
     </span>
    </p>
   </div>
   <div class='ocr_carea' id='block_1_81' title="bbox 2000 485 3698 572">
    <p class='ocr_par' dir='ltr' id='par_1_81' title="bbox 2000 485 3698 572">
     <span class='ocr_line' id='line_1_83' title="bbox 2000 485 3698 572; baseline 0.005 -33"><span class='ocrx_word' id='word_1_610' title='bbox 2000 485 2229 572; x_wconf 71' lang='lat' dir='ltr'><strong>dicitur,</strong></span> <span class='ocrx_word' id='word_1_611' title='bbox 2276 485 2395 541; x_wconf 83' lang='lat' dir='ltr'><strong>nisi</strong></span> <span class='ocrx_word' id='word_1_612' title='bbox 2415 487 2504 572; x_wconf 37' lang='grc' dir='ltr'><strong>εἰη·</strong></span> <span class='ocrx_word' id='word_1_613' title='bbox 2525 485 2914 572; x_wconf 28' lang='lat' dir='ltr'><strong>egi—tempore”</strong></span> <span class='ocrx_word' id='word_1_614' title='bbox 2951 507 3066 572; x_wconf 82' lang='lat' dir='ltr'><strong>quo</strong></span> <span class='ocrx_word' id='word_1_615' title='bbox 3095 492 3327 572; x_wconf 74' lang='lat' dir='ltr'><strong>capillos</strong></span> <span class='ocrx_word' id='word_1_616' title='bbox 3357 493 3568 547; x_wconf 90' lang='lat' dir='ltr'><strong>habere</strong></span> <span class='ocrx_word' id='word_1_617' title='bbox 3597 494 3698 547; x_wconf 88' lang='lat' dir='ltr'><strong>de-</strong></span> 
     </span>
    </p>
   </div>
   <div class='ocr_carea' id='block_1_82' title="bbox 1998 556 3695 634">
    <p class='ocr_par' dir='ltr' id='par_1_82' title="bbox 1998 556 3695 634">
     <span class='ocr_line' id='line_1_84' title="bbox 1998 556 3695 634; baseline 0.004 -24"><span class='ocrx_word' id='word_1_618' title='bbox 1998 556 2210 634; x_wconf 72' lang='lat' dir='ltr'><strong>buerit,</strong></span> <span class='ocrx_word' id='word_1_619' title='bbox 2255 574 2365 612; x_wconf 91' lang='lat' dir='ltr'><strong>non</strong></span> <span class='ocrx_word' id='word_1_620' title='bbox 2414 559 2645 634; x_wconf 76' lang='lat' dir='ltr'><strong>habebit</strong></span> <span class='ocrx_word' id='word_1_621' title='bbox 2693 577 2707 613; x_wconf 92' lang='lat'><strong>:</strong></span> <span class='ocrx_word' id='word_1_622' title='bbox 2741 556 2993 634; x_wconf 80' lang='lat' dir='ltr'><strong>necsiné</strong></span> <span class='ocrx_word' id='word_1_623' title='bbox 3025 556 3314 624; x_wconf 86' lang='lat' dir='ltr'><strong>dentibus.</strong></span> <span class='ocrx_word' id='word_1_624' title='bbox 3345 580 3514 634; x_wconf 89' lang='lat' dir='ltr'><strong>quem</strong></span> <span class='ocrx_word' id='word_1_625' title='bbox 3544 571 3695 619; x_wconf 83' lang='grc' dir='ltr'>νωδὸν</span> 
     </span>
    </p>
   </div>
   <div class='ocr_carea' id='block_1_83' title="bbox 1999 628 3690 704">
    <p class='ocr_par' dir='ltr' id='par_1_83' title="bbox 1999 628 3690 704">
     <span class='ocr_line' id='line_1_85' title="bbox 1999 628 3690 704; baseline 0.004 -23"><span class='ocrx_word' id='word_1_626' title='bbox 1999 628 2177 704; x_wconf 66' lang='lat' dir='ltr'><strong>Graeci</strong></span> <span class='ocrx_word' id='word_1_627' title='bbox 2208 634 2429 694; x_wconf 88' lang='lat' dir='ltr'><strong>vocant,</strong></span> <span class='ocrx_word' id='word_1_628' title='bbox 2450 630 2740 704; x_wconf 78' lang='lat' dir='ltr'><strong>infantem</strong></span> <span class='ocrx_word' id='word_1_629' title='bbox 2773 633 3079 704; x_wconf 90' lang='lat' dir='ltr'><strong>quisquam</strong></span> <span class='ocrx_word' id='word_1_630' title='bbox 3106 634 3315 703; x_wconf 90' lang='lat' dir='ltr'><strong>poterit</strong></span> <span class='ocrx_word' id='word_1_631' title='bbox 3341 628 3526 688; x_wconf 76' lang='lat' dir='ltr'><strong>dicere</strong></span> <span class='ocrx_word' id='word_1_632' title='bbox 3557 651 3690 688; x_wconf 90' lang='lat' dir='ltr'><strong>eum</strong></span> 
     </span>
    </p>
   </div>
   <div class='ocr_carea' id='block_1_84' title="bbox 1998 699 3694 775">
    <p class='ocr_par' dir='ltr' id='par_1_84' title="bbox 1998 699 3694 775">
     <span class='ocr_line' id='line_1_86' title="bbox 1998 699 3694 775; baseline 0.004 -23"><span class='ocrx_word' id='word_1_633' title='bbox 1998 699 2091 775; x_wconf 85' lang='lat' dir='ltr'><strong>cui</strong></span> <span class='ocrx_word' id='word_1_634' title='bbox 2140 701 2337 775; x_wconf 83' lang='lat' dir='ltr'><strong>dentes</strong></span> <span class='ocrx_word' id='word_1_635' title='bbox 2395 701 2578 754; x_wconf 90' lang='lat' dir='ltr'><strong>adhuc</strong></span> <span class='ocrx_word' id='word_1_636' title='bbox 2637 699 2988 774; x_wconf 46' lang='lat' dir='ltr'><strong>aetas-parva</strong></span> <span class='ocrx_word' id='word_1_637' title='bbox 3030 699 3347 774; x_wconf 79' lang='lat' dir='ltr'><strong>denegavit.</strong></span> <span class='ocrx_word' id='word_1_638' title='bbox 3399 705 3694 775; x_wconf 88' lang='lat' dir='ltr'><strong>Siquidem</strong></span> 
     </span>
    </p>
   </div>
   <div class='ocr_carea' id='block_1_85' title="bbox 2000 770 3695 845">
    <p class='ocr_par' dir='ltr' id='par_1_85' title="bbox 2000 770 3695 845">
     <span class='ocr_line' id='line_1_87' title="bbox 2000 770 3695 845; baseline 0.004 -22"><span class='ocrx_word' id='word_1_639' title='bbox 2000 770 2259 845; x_wconf 84' lang='lat' dir='ltr'><strong>privatio,</strong></span> <span class='ocrx_word' id='word_1_640' title='bbox 2287 787 2416 842; x_wconf 69' lang='lat' dir='ltr'><strong>qua:</strong></span> <span class='ocrx_word' id='word_1_641' title='bbox 2441 770 2860 845; x_wconf 59' lang='lat' dir='ltr'><strong>grtecearépncl;</strong></span> <span class='ocrx_word' id='word_1_642' title='bbox 2891 775 3119 841; x_wconf 90' lang='lat' dir='ltr'><strong>dicitur,</strong></span> <span class='ocrx_word' id='word_1_643' title='bbox 3145 770 3290 830; x_wconf 74' lang='lat' dir='ltr'><strong>hanc</strong></span> <span class='ocrx_word' id='word_1_644' title='bbox 3310 775 3424 830; x_wconf 90' lang='lat' dir='ltr'><strong>vim</strong></span> <span class='ocrx_word' id='word_1_645' title='bbox 3452 770 3695 845; x_wconf 77' lang='lat' dir='ltr'><strong>tenet,ut</strong></span> 
     </span>
    </p>
   </div>
   <div class='ocr_carea' id='block_1_86' title="bbox 1999 841 3693 917">
    <p class='ocr_par' dir='ltr' id='par_1_86' title="bbox 1999 841 3693 917">
     <span class='ocr_line' id='line_1_88' title="bbox 1999 841 3693 917; baseline 0.003 -22"><span class='ocrx_word' id='word_1_646' title='bbox 1999 841 2258 917; x_wconf 83' lang='lat' dir='ltr'><strong>ostendat</strong></span> <span class='ocrx_word' id='word_1_647' title='bbox 2286 841 2599 917; x_wconf 80' lang='lat' dir='ltr'><strong>quemlibet</strong></span> <span class='ocrx_word' id='word_1_648' title='bbox 2627 841 2890 900; x_wconf 85' lang='lat' dir='ltr'><strong>habuisse</strong></span> <span class='ocrx_word' id='word_1_649' title='bbox 2938 847 3152 917; x_wconf 89' lang='lat' dir='ltr'><strong>aliquid</strong></span> <span class='ocrx_word' id='word_1_650' title='bbox 3186 863 3288 916; x_wconf 90' lang='lat' dir='ltr'><strong>per</strong></span> <span class='ocrx_word' id='word_1_651' title='bbox 3317 841 3693 908; x_wconf 45' lang='lat' dir='ltr'><strong>naturam,&#39;et</strong></span> 
     </span>
    </p>
   </div>
   <div class='ocr_carea' id='block_1_87' title="bbox 1999 913 3692 984">
    <p class='ocr_par' dir='ltr' id='par_1_87' title="bbox 1999 913 3692 984">
     <span class='ocr_line' id='line_1_89' title="bbox 1999 913 3692 984; baseline 0.004 -19"><span class='ocrx_word' id='word_1_652' title='bbox 1999 928 2115 966; x_wconf 92' lang='lat' dir='ltr'><strong>non</strong></span> <span class='ocrx_word' id='word_1_653' title='bbox 2141 913 2370 984; x_wconf 87' lang='lat' dir='ltr'><strong>habere.</strong></span> <span class='ocrx_word' id='word_1_654' title='bbox 2404 913 2556 967; x_wconf 91' lang='lat' dir='ltr'><strong>Inter</strong></span> <span class='ocrx_word' id='word_1_655' title='bbox 2585 913 2702 968; x_wconf 59' lang='lat' dir='ltr'><strong>hac</strong></span> <span class='ocrx_word' id='word_1_656' title='bbox 2726 913 3053 971; x_wconf 78' lang='lat' dir='ltr'><strong>meminisse</strong></span> <span class='ocrx_word' id='word_1_657' title='bbox 3080 913 3501 984; x_wconf 52' lang='lat' dir='ltr'><strong>nos—convenit,</strong></span> <span class='ocrx_word' id='word_1_658' title='bbox 3535 917 3692 971; x_wconf 90' lang='lat' dir='ltr'><strong>aliud</strong></span> 
     </span>
    </p>
   </div>
   <div class='ocr_carea' id='block_1_88' title="bbox 2001 983 3692 1049">
    <p class='ocr_par' dir='ltr' id='par_1_88' title="bbox 2001 983 3692 1049">
     <span class='ocr_line' id='line_1_90' title="bbox 2001 983 3692 1049; baseline 0.003 -12"><span class='ocrx_word' id='word_1_659' title='bbox 2001 999 2122 1037; x_wconf 86' lang='lat' dir='ltr'><strong>esse</strong></span> <span class='ocrx_word' id='word_1_660' title='bbox 2150 983 2427 1037; x_wconf 89' lang='lat' dir='ltr'><strong>visionem</strong></span> <span class='ocrx_word' id='word_1_661' title='bbox 2457 990 2514 1038; x_wconf 91' lang='lat' dir='ltr'><strong>et</strong></span> <span class='ocrx_word' id='word_1_662' title='bbox 2538 986 2861 1049; x_wconf 60' lang='lat' dir='ltr'><strong>caicitatem,</strong></span> <span class='ocrx_word' id='word_1_663' title='bbox 2899 987 3052 1042; x_wconf 89' lang='lat' dir='ltr'><strong>aliud</strong></span> <span class='ocrx_word' id='word_1_664' title='bbox 3083 988 3289 1042; x_wconf 89' lang='lat' dir='ltr'><strong>habere</strong></span> <span class='ocrx_word' id='word_1_665' title='bbox 3327 983 3604 1042; x_wconf 87' lang='lat' dir='ltr'><strong>visionem</strong></span> <span class='ocrx_word' id='word_1_666' title='bbox 3635 993 3692 1042; x_wconf 90' lang='lat' dir='ltr'><strong>et</strong></span> 
     </span>
    </p>
   </div>
   <div class='ocr_carea' id='block_1_89' title="bbox 2001 1055 3693 1124">
    <p class='ocr_par' dir='ltr' id='par_1_89' title="bbox 2001 1055 3693 1124">
     <span class='ocr_line' id='line_1_91' title="bbox 2001 1055 3693 1124; baseline 0.002 -16"><span class='ocrx_word' id='word_1_667' title='bbox 2001 1071 2068 1108; x_wconf 89' lang='lat' dir='ltr'><strong>ea</strong></span> <span class='ocrx_word' id='word_1_668' title='bbox 2113 1070 2233 1107; x_wconf 89' lang='lat' dir='ltr'><strong>esse</strong></span> <span class='ocrx_word' id='word_1_669' title='bbox 2265 1055 2584 1124; x_wconf 89' lang='lat' dir='ltr'><strong>privatum;</strong></span> <span class='ocrx_word' id='word_1_670' title='bbox 2636 1073 2705 1109; x_wconf 91' lang='lat' dir='ltr'><strong>ne</strong></span> <span class='ocrx_word' id='word_1_671' title='bbox 2750 1058 2794 1110; x_wconf 90' lang='lat' dir='ltr'><strong>si</strong></span> <span class='ocrx_word' id='word_1_672' title='bbox 2829 1060 2947 1112; x_wconf 87' lang='lat' dir='ltr'><strong>haec</strong></span> <span class='ocrx_word' id='word_1_673' title='bbox 2977 1059 3174 1113; x_wconf 89' lang='lat' dir='ltr'><strong>eadem</strong></span> <span class='ocrx_word' id='word_1_674' title='bbox 3206 1075 3325 1113; x_wconf 92' lang='lat' dir='ltr'><strong>esse</strong></span> <span class='ocrx_word' id='word_1_675' title='bbox 3349 1059 3693 1124; x_wconf 88' lang='lat' dir='ltr'><strong>judicemus,</strong></span> 
     </span>
    </p>
   </div>
   <div class='ocr_carea' id='block_1_90' title="bbox 2001 1076 3696 1201">
    <p class='ocr_par' dir='ltr' id='par_1_90' title="bbox 2001 1076 3696 1201">
     <span class='ocr_line' id='line_1_92' title="bbox 2001 1076 3693 1124; baseline 0.002 -16"><span class='ocrx_word' id='word_1_676' title='bbox 2001 1076 2068 1108; x_wconf 87' lang='lat' dir='ltr'><strong>ea</strong></span> <span class='ocrx_word' id='word_1_677' title='bbox 2113 1076 2233 1107; x_wconf 85' lang='lat' dir='ltr'><strong>esse</strong></span> <span class='ocrx_word' id='word_1_678' title='bbox 2265 1076 2584 1124; x_wconf 75' lang='lat' dir='ltr'><strong>privatum;</strong></span> <span class='ocrx_word' id='word_1_679' title='bbox 2636 1076 2705 1109; x_wconf 91' lang='lat' dir='ltr'><strong>ne</strong></span> <span class='ocrx_word' id='word_1_680' title='bbox 2750 1076 2794 1110; x_wconf 86' lang='lat' dir='ltr'><strong>SI</strong></span> <span class='ocrx_word' id='word_1_681' title='bbox 2831 1076 2947 1112; x_wconf 87' lang='lat' dir='ltr'><strong>naec</strong></span> <span class='ocrx_word' id='word_1_682' title='bbox 2977 1076 3174 1113; x_wconf 79' lang='lat' dir='ltr'><strong>eadem</strong></span> <span class='ocrx_word' id='word_1_683' title='bbox 3206 1076 3325 1113; x_wconf 91' lang='lat' dir='ltr'><strong>esse</strong></span> <span class='ocrx_word' id='word_1_684' title='bbox 3379 1076 3693 1124; x_wconf 85' lang='lat' dir='ltr'><strong>unicemus,</strong></span> 
     </span>
     <span class='ocr_line' id='line_1_93' title="bbox 2001 1076 3696 1201; baseline 0.004 -23"><span class='ocrx_word' id='word_1_685' title='bbox 2001 1125 2274 1201; x_wconf 82' lang='lat' dir='ltr'><strong>confundi</strong></span> <span class='ocrx_word' id='word_1_686' title='bbox 2305 1126 2446 1179; x_wconf 86' lang='lat' dir='ltr'><strong>ratio</strong></span> <span class='ocrx_word' id='word_1_687' title='bbox 2477 1127 2749 1181; x_wconf 89' lang='lat' dir='ltr'><strong>videatur.</strong></span> <span class='ocrx_word' id='word_1_688' title='bbox 2780 1129 2939 1201; x_wconf 86' lang='lat' dir='ltr'><strong>Quod</strong></span> <span class='ocrx_word' id='word_1_689' title='bbox 2966 1130 3010 1182; x_wconf 93' lang='lat' dir='ltr'><strong>si</strong></span> <span class='ocrx_word' id='word_1_690' title='bbox 3040 1130 3166 1199; x_wconf 90' lang='lat' dir='ltr'><strong>quis</strong></span> <span class='ocrx_word' id='word_1_691' title='bbox 3195 1131 3303 1184; x_wconf 90' lang='lat' dir='ltr'><strong>hoc</strong></span> <span class='ocrx_word' id='word_1_692' title='bbox 3334 1076 3574 1184; x_wconf 66' lang='lat' dir='ltr'><strong>(iubium</strong></span> <span class='ocrx_word' id='word_1_693' title='bbox 3595 1146 3696 1201; x_wconf 86' lang='lat' dir='ltr'><strong>pu-</strong></span> 
     </span>
    </p>
   </div>
   <div class='ocr_carea' id='block_1_91' title="bbox 2001 1200 3695 1272">
    <p class='ocr_par' dir='ltr' id='par_1_91' title="bbox 2001 1200 3695 1272">
     <span class='ocr_line' id='line_1_94' title="bbox 2001 1200 3695 1272; baseline 0.002 -22"><span class='ocrx_word' id='word_1_694' title='bbox 2001 1200 2102 1272; x_wconf 79' lang='lat' dir='ltr'><strong>tat,</strong></span> <span class='ocrx_word' id='word_1_695' title='bbox 2136 1201 2234 1249; x_wconf 90' lang='lat' dir='ltr'><strong>aut</strong></span> <span class='ocrx_word' id='word_1_696' title='bbox 2265 1213 2478 1272; x_wconf 86' lang='lat' dir='ltr'><strong>pa_rum_</strong></span> <span class='ocrx_word' id='word_1_697' title='bbox 2513 1203 2752 1272; x_wconf 84' lang='lat' dir='ltr'><strong>certum,</strong></span> <span class='ocrx_word' id='word_1_698' title='bbox 2785 1200 2923 1272; x_wconf 84' lang='lat' dir='ltr'><strong>quid</strong></span> <span class='ocrx_word' id='word_1_699' title='bbox 2953 1216 3240 1271; x_wconf 87' lang='lat' dir='ltr'><strong>quamque</strong></span> <span class='ocrx_word' id='word_1_700' title='bbox 3271 1217 3392 1255; x_wconf 90' lang='lat' dir='ltr'><strong>rem</strong></span> <span class='ocrx_word' id='word_1_701' title='bbox 3423 1200 3695 1272; x_wconf 83' lang='lat' dir='ltr'><strong>sequatur</strong></span> 
     </span>
    </p>
   </div>
   <div class='ocr_carea' id='block_1_92' title="bbox 2003 1267 3695 1340">
    <p class='ocr_par' dir='ltr' id='par_1_92' title="bbox 2003 1267 3695 1340">
     <span class='ocr_line' id='line_1_95' title="bbox 2003 1267 3695 1340; baseline 0.002 -19"><span class='ocrx_word' id='word_1_702' title='bbox 2003 1267 2274 1322; x_wconf 86' lang='lat' dir='ltr'><strong>advertat.</strong></span> <span class='ocrx_word' id='word_1_703' title='bbox 2323 1268 2544 1340; x_wconf 79' lang='lat' dir='ltr'><strong>Etenim</strong></span> <span class='ocrx_word' id='word_1_704' title='bbox 2585 1269 2631 1322; x_wconf 89' lang='lat' dir='ltr'><strong>si</strong></span> <span class='ocrx_word' id='word_1_705' title='bbox 2673 1267 2820 1323; x_wconf 80' lang='lat' dir='ltr'><strong>esset</strong></span> <span class='ocrx_word' id='word_1_706' title='bbox 2863 1267 3018 1324; x_wconf 82' lang='lat' dir='ltr'><strong>idem</strong></span> <span class='ocrx_word' id='word_1_707' title='bbox 3049 1267 3228 1325; x_wconf 62' lang='lat' dir='ltr'><strong>caecus</strong></span> <span class='ocrx_word' id='word_1_708' title='bbox 3266 1277 3322 1326; x_wconf 88' lang='lat' dir='ltr'><strong>et</strong></span> <span class='ocrx_word' id='word_1_709' title='bbox 3349 1267 3594 1340; x_wconf 44' lang='lat' dir='ltr'><strong>eiecit—as,</strong></span> <span class='ocrx_word' id='word_1_710' title='bbox 3626 1272 3695 1325; x_wconf 92' lang='lat' dir='ltr'><strong>de</strong></span> 
     </span>
    </p>
   </div>
   <div class='ocr_carea' id='block_1_93' title="bbox 2001 1338 3694 1409">
    <p class='ocr_par' dir='ltr' id='par_1_93' title="bbox 2001 1338 3694 1409">
     <span class='ocr_line' id='line_1_96' title="bbox 2001 1338 3694 1409; baseline 0.003 -17"><span class='ocrx_word' id='word_1_711' title='bbox 2001 1354 2118 1392; x_wconf 91' lang='lat' dir='ltr'><strong>uno</strong></span> <span class='ocrx_word' id='word_1_712' title='bbox 2150 1343 2386 1409; x_wconf 89' lang='lat' dir='ltr'><strong>utraque</strong></span> <span class='ocrx_word' id='word_1_713' title='bbox 2409 1338 2733 1394; x_wconf 89' lang='lat' dir='ltr'><strong>dicerentur</strong></span> <span class='ocrx_word' id='word_1_714' title='bbox 2757 1357 2770 1394; x_wconf 90' lang='lat'>:</span> <span class='ocrx_word' id='word_1_715' title='bbox 2795 1341 3037 1395; x_wconf 89' lang='lat' dir='ltr'><strong>dicimus</strong></span> <span class='ocrx_word' id='word_1_716' title='bbox 3057 1349 3250 1396; x_wconf 89' lang='lat' dir='ltr'><strong>autem</strong></span> <span class='ocrx_word' id='word_1_717' title='bbox 3270 1343 3563 1397; x_wconf 88' lang='lat' dir='ltr'><strong>hominem</strong></span> <span class='ocrx_word' id='word_1_718' title='bbox 3582 1338 3694 1396; x_wconf 64' lang='lat' dir='ltr'><strong>eaa-</strong></span> 
     </span>
    </p>
   </div>
   <div class='ocr_carea' id='block_1_94' title="bbox 2003 1410 3694 1484">
    <p class='ocr_par' dir='ltr' id='par_1_94' title="bbox 2003 1410 3694 1484">
     <span class='ocr_line' id='line_1_97' title="bbox 2003 1410 3694 1484; baseline 0.003 -22"><span class='ocrx_word' id='word_1_719' title='bbox 2003 1425 2162 1484; x_wconf 72' lang='lat' dir='ltr'><strong>cum;</strong></span> <span class='ocrx_word' id='word_1_720' title='bbox 2196 1410 2290 1462; x_wconf 91' lang='lat' dir='ltr'><strong>sed</strong></span> <span class='ocrx_word' id='word_1_721' title='bbox 2317 1412 2488 1464; x_wconf 89' lang='lat' dir='ltr'><strong>homo</strong></span> <span class='ocrx_word' id='word_1_722' title='bbox 2516 1410 2628 1464; x_wconf 91' lang='lat' dir='ltr'><strong>dici</strong></span> <span class='ocrx_word' id='word_1_723' title='bbox 2651 1412 2876 1484; x_wconf 65' lang='lat' dir='ltr'><strong>caecitas</strong></span> <span class='ocrx_word' id='word_1_724' title='bbox 2897 1429 3013 1484; x_wconf 88' lang='lat' dir='ltr'><strong>non</strong></span> <span class='ocrx_word' id='word_1_725' title='bbox 3034 1418 3221 1482; x_wconf 87' lang='lat' dir='ltr'><strong>potest</strong></span> <span class='ocrx_word' id='word_1_726' title='bbox 3247 1429 3259 1466; x_wconf 94' lang='lat'>:</span> <span class='ocrx_word' id='word_1_727' title='bbox 3295 1414 3469 1466; x_wconf 88' lang='lat' dir='ltr'><strong>claret</strong></span> <span class='ocrx_word' id='word_1_728' title='bbox 3496 1414 3694 1484; x_wconf 90' lang='lat' dir='ltr'><strong>igitur,</strong></span> 
     </span>
    </p>
   </div>
   <div class='ocr_carea' id='block_1_95' title="bbox 2003 1479 3698 1548">
    <p class='ocr_par' dir='ltr' id='par_1_95' title="bbox 2003 1479 3698 1548">
     <span class='ocr_line' id='line_1_98' title="bbox 2003 1479 3698 1548; baseline 0.002 -14"><span class='ocrx_word' id='word_1_729' title='bbox 2003 1479 2157 1534; x_wconf 89' lang='lat' dir='ltr'><strong>aliud</strong></span> <span class='ocrx_word' id='word_1_730' title='bbox 2189 1496 2402 1534; x_wconf 61' lang='lat' dir='ltr'><strong>caecum</strong></span> <span class='ocrx_word' id='word_1_731' title='bbox 2438 1498 2578 1548; x_wconf 90' lang='lat' dir='ltr'><strong>esse,</strong></span> <span class='ocrx_word' id='word_1_732' title='bbox 2615 1482 2769 1536; x_wconf 91' lang='lat' dir='ltr'><strong>aliud</strong></span> <span class='ocrx_word' id='word_1_733' title='bbox 2801 1479 3132 1538; x_wconf 75' lang='lat' dir='ltr'><strong>caecitatem.</strong></span> <span class='ocrx_word' id='word_1_734' title='bbox 3168 1485 3280 1537; x_wconf 88' lang='lat' dir='ltr'><strong>Nec</strong></span> <span class='ocrx_word' id='word_1_735' title='bbox 3308 1479 3610 1538; x_wconf 70' lang='lat' dir='ltr'><strong>afﬁrmatio</strong></span> <span class='ocrx_word' id='word_1_736' title='bbox 3641 1488 3698 1538; x_wconf 89' lang='lat' dir='ltr'><strong>et</strong></span> 
     </span>
    </p>
   </div>
   <div class='ocr_carea' id='block_1_96' title="bbox 2003 1550 3699 1623">
    <p class='ocr_par' dir='ltr' id='par_1_96' title="bbox 2003 1550 3699 1623">
     <span class='ocr_line' id='line_1_99' title="bbox 2003 1550 3699 1623; baseline 0.002 -18"><span class='ocrx_word' id='word_1_737' title='bbox 2003 1550 2231 1622; x_wconf 89' lang='lat' dir='ltr'><strong>negatio</strong></span> <span class='ocrx_word' id='word_1_738' title='bbox 2280 1551 2432 1605; x_wconf 90' lang='lat' dir='ltr'><strong>idem</strong></span> <span class='ocrx_word' id='word_1_739' title='bbox 2465 1557 2600 1623; x_wconf 11' lang='lat' dir='ltr'><strong>gest,</strong></span> <span class='ocrx_word' id='word_1_740' title='bbox 2649 1553 2802 1623; x_wconf 92' lang='lat' dir='ltr'><strong>quod</strong></span> <span class='ocrx_word' id='word_1_741' title='bbox 2844 1559 2976 1608; x_wconf 87' lang='lat' dir='ltr'><strong>sunt</strong></span> <span class='ocrx_word' id='word_1_742' title='bbox 3018 1555 3121 1609; x_wconf 91' lang='lat' dir='ltr'><strong>sub</strong></span> <span class='ocrx_word' id='word_1_743' title='bbox 3164 1555 3544 1609; x_wconf 85' lang='lat' dir='ltr'><strong>afﬁrmatione</strong></span> <span class='ocrx_word' id='word_1_744' title='bbox 3590 1571 3699 1608; x_wconf 92' lang='lat' dir='ltr'><strong>ne-</strong></span> 
     </span>
    </p>
   </div>
   <div class='ocr_carea' id='block_1_97' title="bbox 2004 1622 3704 1694">
    <p class='ocr_par' dir='ltr' id='par_1_97' title="bbox 2004 1622 3704 1694">
     <span class='ocr_line' id='line_1_100' title="bbox 2004 1622 3704 1694; baseline 0.002 -19"><span class='ocrx_word' id='word_1_745' title='bbox 2004 1624 2348 1694; x_wconf 83' lang='lat' dir='ltr'><strong>gationeque</strong></span> <span class='ocrx_word' id='word_1_746' title='bbox 2375 1622 3004 1694; x_wconf 53' lang='lat' dir='ltr'><strong>cadentiafAfﬁrmatio</strong></span> <span class='ocrx_word' id='word_1_747' title='bbox 3031 1625 3184 1679; x_wconf 91' lang='lat' dir='ltr'><strong>enim</strong></span> <span class='ocrx_word' id='word_1_748' title='bbox 3215 1625 3332 1680; x_wconf 90' lang='lat' dir='ltr'><strong>sive</strong></span> <span class='ocrx_word' id='word_1_749' title='bbox 3359 1625 3704 1692; x_wconf 80' lang='lat' dir='ltr'><strong>uegatio,est</strong></span> 
     </span>
    </p>
   </div>
   <div class='ocr_carea' id='block_1_98' title="bbox 2005 1693 3700 1766">
    <p class='ocr_par' dir='ltr' id='par_1_98' title="bbox 2005 1693 3700 1766">
     <span class='ocr_line' id='line_1_101' title="bbox 2005 1693 3700 1766; baseline 0.003 -21"><span class='ocrx_word' id='word_1_750' title='bbox 2005 1693 2636 1766; x_wconf 28' lang='lat' dir='ltr'><strong>verbum’conﬁrmans</strong></span> <span class='ocrx_word' id='word_1_751' title='bbox 2681 1695 2897 1766; x_wconf 90' lang='lat' dir='ltr'><strong>aliquid</strong></span> <span class='ocrx_word' id='word_1_752' title='bbox 2947 1701 3045 1748; x_wconf 90' lang='lat' dir='ltr'><strong>aut</strong></span> <span class='ocrx_word' id='word_1_753' title='bbox 3092 1712 3343 1766; x_wconf 87' lang='lat' dir='ltr'><strong>negans;</strong></span> <span class='ocrx_word' id='word_1_754' title='bbox 3406 1697 3516 1750; x_wconf 89' lang='lat' dir='ltr'><strong>alia</strong></span> <span class='ocrx_word' id='word_1_755' title='bbox 3568 1711 3700 1750; x_wconf 86' lang='lat' dir='ltr'><strong>vero</strong></span> 
     </span>
    </p>
   </div>
   <div class='ocr_carea' id='block_1_99' title="bbox 2006 1764 3700 1834">
    <p class='ocr_par' dir='ltr' id='par_1_99' title="bbox 2006 1764 3700 1834">
     <span class='ocr_line' id='line_1_102' title="bbox 2006 1764 3700 1834; baseline 0.002 -17"><span class='ocrx_word' id='word_1_756' title='bbox 2006 1769 2157 1830; x_wconf 91' lang='lat' dir='ltr'><strong>sunt,</strong></span> <span class='ocrx_word' id='word_1_757' title='bbox 2208 1780 2337 1834; x_wconf 65' lang='lat' dir='ltr'><strong>quae</strong></span> <span class='ocrx_word' id='word_1_758' title='bbox 2368 1765 2474 1818; x_wconf 89' lang='lat' dir='ltr'><strong>sub</strong></span> <span class='ocrx_word' id='word_1_759' title='bbox 2503 1765 2592 1818; x_wconf 87' lang='lat' dir='ltr'><strong>his</strong></span> <span class='ocrx_word' id='word_1_760' title='bbox 2624 1764 3015 1830; x_wconf 80' lang='lat' dir='ltr'><strong>inveniuntur,</strong></span> <span class='ocrx_word' id='word_1_761' title='bbox 3064 1771 3128 1819; x_wconf 91' lang='lat' dir='ltr'><strong>ut</strong></span> <span class='ocrx_word' id='word_1_762' title='bbox 3157 1764 3262 1834; x_wconf 79' lang='lat' dir='ltr'><strong>est,</strong></span> <span class='ocrx_word' id='word_1_763' title='bbox 3295 1767 3552 1821; x_wconf 90' lang='lat' dir='ltr'><strong>Socrates</strong></span> <span class='ocrx_word' id='word_1_764' title='bbox 3583 1766 3700 1821; x_wconf 91' lang='lat' dir='ltr'><strong>dis-</strong></span> 
     </span>
    </p>
   </div>
   <div class='ocr_carea' id='block_1_100' title="bbox 2005 1835 3702 1898">
    <p class='ocr_par' dir='ltr' id='par_1_100' title="bbox 2005 1835 3702 1898">
     <span class='ocr_line' id='line_1_103' title="bbox 2005 1835 3702 1898; baseline 0.002 -10"><span class='ocrx_word' id='word_1_765' title='bbox 2005 1835 2162 1898; x_wconf 89' lang='lat' dir='ltr'><strong>serit,</strong></span> <span class='ocrx_word' id='word_1_766' title='bbox 2210 1835 2466 1890; x_wconf 90' lang='lat' dir='ltr'><strong>Socrates</strong></span> <span class='ocrx_word' id='word_1_767' title='bbox 2517 1850 2631 1889; x_wconf 89' lang='lat' dir='ltr'><strong>non</strong></span> <span class='ocrx_word' id='word_1_768' title='bbox 2679 1835 2919 1890; x_wconf 89' lang='lat' dir='ltr'><strong>disserit.</strong></span> <span class='ocrx_word' id='word_1_769' title='bbox 2971 1835 3248 1891; x_wconf 87' lang='lat' dir='ltr'><strong>Similiter</strong></span> <span class='ocrx_word' id='word_1_770' title='bbox 3275 1842 3468 1891; x_wconf 91' lang='lat' dir='ltr'><strong>tamen</strong></span> <span class='ocrx_word' id='word_1_771' title='bbox 3507 1836 3702 1891; x_wconf 88' lang='lat' dir='ltr'><strong>omnia</strong></span> 
     </span>
    </p>
   </div>
   <div class='ocr_carea' id='block_1_101' title="bbox 2004 1904 3700 1978">
    <p class='ocr_par' dir='ltr' id='par_1_101' title="bbox 2004 1904 3700 1978">
     <span class='ocr_line' id='line_1_104' title="bbox 2004 1904 3700 1978; baseline 0.001 -19"><span class='ocrx_word' id='word_1_772' title='bbox 2004 1904 2111 1959; x_wconf 90' lang='lat' dir='ltr'><strong>sibi</strong></span> <span class='ocrx_word' id='word_1_773' title='bbox 2142 1905 2426 1960; x_wconf 86' lang='lat' dir='ltr'><strong>habentur</strong></span> <span class='ocrx_word' id='word_1_774' title='bbox 2460 1905 2740 1978; x_wconf 89' lang='lat' dir='ltr'><strong>opposita.</strong></span> <span class='ocrx_word' id='word_1_775' title='bbox 2772 1906 3087 1978; x_wconf 84' lang='lat' dir='ltr'><strong>Aliquoties</strong></span> <span class='ocrx_word' id='word_1_776' title='bbox 3118 1913 3308 1962; x_wconf 88' lang='lat' dir='ltr'><strong>autem</strong></span> <span class='ocrx_word' id='word_1_777' title='bbox 3340 1909 3491 1962; x_wconf 88' lang='lat' dir='ltr'><strong>mala</strong></span> <span class='ocrx_word' id='word_1_778' title='bbox 3534 1907 3700 1962; x_wconf 88' lang='lat' dir='ltr'><strong>malis</strong></span> 
     </span>
    </p>
   </div>
   <div class='ocr_carea' id='block_1_102' title="bbox 2003 1977 3699 2047">
    <p class='ocr_par' dir='ltr' id='par_1_102' title="bbox 2003 1977 3699 2047">
     <span class='ocr_line' id='line_1_105' title="bbox 2003 1977 3699 2047; baseline 0.002 -17"><span class='ocrx_word' id='word_1_779' title='bbox 2003 1982 2398 2046; x_wconf 90' lang='lat' dir='ltr'><strong>opponuntur,</strong></span> <span class='ocrx_word' id='word_1_780' title='bbox 2437 1977 2661 2046; x_wconf 90' lang='lat' dir='ltr'><strong>quoties</strong></span> <span class='ocrx_word' id='word_1_781' title='bbox 2703 1977 3120 2032; x_wconf 81' lang='lat' dir='ltr'><strong>contrariorum</strong></span> <span class='ocrx_word' id='word_1_782' title='bbox 3151 1979 3336 2032; x_wconf 87' lang='lat' dir='ltr'><strong>media</strong></span> <span class='ocrx_word' id='word_1_783' title='bbox 3364 1979 3515 2033; x_wconf 91' lang='lat' dir='ltr'><strong>bona</strong></span> <span class='ocrx_word' id='word_1_784' title='bbox 3545 1983 3699 2047; x_wconf 91' lang='lat' dir='ltr'><strong>sunt,</strong></span> 
     </span>
    </p>
   </div>
   <div class='ocr_carea' id='block_1_103' title="bbox 2004 2047 3698 2120">
    <p class='ocr_par' dir='ltr' id='par_1_103' title="bbox 2004 2047 3698 2120">
     <span class='ocr_line' id='line_1_106' title="bbox 2004 2047 3698 2120; baseline 0.001 -20"><span class='ocrx_word' id='word_1_785' title='bbox 2004 2052 2067 2101; x_wconf 90' lang='lat' dir='ltr'><strong>ut</strong></span> <span class='ocrx_word' id='word_1_786' title='bbox 2108 2053 2192 2101; x_wconf 91' lang='lat' dir='ltr'><strong>est</strong></span> <span class='ocrx_word' id='word_1_787' title='bbox 2235 2047 2554 2118; x_wconf 88' lang='lat' dir='ltr'><strong>indigentia</strong></span> <span class='ocrx_word' id='word_1_788' title='bbox 2583 2052 2640 2102; x_wconf 88' lang='lat' dir='ltr'><strong>et</strong></span> <span class='ocrx_word' id='word_1_789' title='bbox 2681 2048 3078 2120; x_wconf 82' lang='lat' dir='ltr'><strong>redundantia,</strong></span> <span class='ocrx_word' id='word_1_790' title='bbox 3127 2067 3257 2120; x_wconf 66' lang='lat' dir='ltr'><strong>quae</strong></span> <span class='ocrx_word' id='word_1_791' title='bbox 3297 2048 3698 2120; x_wconf 11' lang='lat' dir='ltr'><strong>Graeciglvamv</strong></span> 
     </span>
    </p>
   </div>
   <div class='ocr_carea' id='block_1_104' title="bbox 2001 2119 3697 2190">
    <p class='ocr_par' dir='ltr' id='par_1_104' title="bbox 2001 2119 3697 2190">
     <span class='ocr_line' id='line_1_107' title="bbox 2001 2119 3697 2190; baseline -0.001 -17"><span class='ocrx_word' id='word_1_792' title='bbox 2001 2127 2085 2173; x_wconf 73' lang='grc' dir='ltr'><strong>καὶ</strong></span> <span class='ocrx_word' id='word_1_793' title='bbox 2107 2123 2643 2190; x_wconf 14' lang='grc' dir='ltr'><strong>ὑπιρὸολὴγγνοοδηι.</strong></span> <span class='ocrx_word' id='word_1_794' title='bbox 2689 2119 2784 2173; x_wconf 86' lang='lat' dir='ltr'><strong>His</strong></span> <span class='ocrx_word' id='word_1_795' title='bbox 2813 2120 2967 2173; x_wconf 90' lang='lat' dir='ltr'><strong>enim</strong></span> <span class='ocrx_word' id='word_1_796' title='bbox 3010 2119 3233 2174; x_wconf 80' lang='lat' dir='ltr'><strong>duobus</strong></span> <span class='ocrx_word' id='word_1_797' title='bbox 3269 2119 3434 2174; x_wconf 91' lang='lat' dir='ltr'><strong>malis</strong></span> <span class='ocrx_word' id='word_1_798' title='bbox 3461 2119 3569 2172; x_wconf 91' lang='lat' dir='ltr'><strong>sibi</strong></span> <span class='ocrx_word' id='word_1_799' title='bbox 3594 2135 3697 2190; x_wconf 87' lang='lat' dir='ltr'><strong>op-</strong></span> 
     </span>
    </p>
   </div>
   <div class='ocr_carea' id='block_1_105' title="bbox 2045 2189 3696 2261">
    <p class='ocr_par' dir='ltr' id='par_1_105' title="bbox 2045 2189 3696 2261">
     <span class='ocr_line' id='line_1_108' title="bbox 2045 2189 3696 2261; baseline 0.001 -19"><span class='ocrx_word' id='word_1_800' title='bbox 2045 2189 2226 2261; x_wconf 85' lang='lat' dir='ltr'><strong>ositis,</strong></span> <span class='ocrx_word' id='word_1_801' title='bbox 2263 2189 2622 2261; x_wconf 80' lang='lat' dir='ltr'><strong>mediocritas</strong></span> <span class='ocrx_word' id='word_1_802' title='bbox 2669 2190 2860 2245; x_wconf 87' lang='lat' dir='ltr'><strong>media</strong></span> <span class='ocrx_word' id='word_1_803' title='bbox 2887 2191 3191 2261; x_wconf 87' lang='lat' dir='ltr'><strong>reperitur.</strong></span> <span class='ocrx_word' id='word_1_804' title='bbox 3235 2192 3387 2245; x_wconf 82' lang='lat' dir='ltr'><strong>Hanc</strong></span> <span class='ocrx_word' id='word_1_805' title='bbox 3418 2189 3696 2244; x_wconf 87' lang='lat' dir='ltr'><strong>rationem</strong></span> 
     </span>
    </p>
   </div>
   <div class='ocr_carea' id='block_1_106' title="bbox 2003 2206 3700 2332">
    <p class='ocr_par' dir='ltr' id='par_1_106' title="bbox 2003 2206 3700 2332">
     <span class='ocr_line' id='line_1_109' title="bbox 2045 2206 3696 2261; baseline 0.002 -20"><span class='ocrx_word' id='word_1_806' title='bbox 2045 2206 2226 2256; x_wconf 83' lang='lat' dir='ltr'><strong>osms,</strong></span> <span class='ocrx_word' id='word_1_807' title='bbox 2263 2206 2622 2244; x_wconf 80' lang='lat' dir='ltr'><strong>mediocritas</strong></span> <span class='ocrx_word' id='word_1_808' title='bbox 2669 2206 2860 2245; x_wconf 81' lang='lat' dir='ltr'><strong>media</strong></span> <span class='ocrx_word' id='word_1_809' title='bbox 2887 2206 3191 2261; x_wconf 80' lang='lat' dir='ltr'><strong>reperitur.</strong></span> <span class='ocrx_word' id='word_1_810' title='bbox 3235 2206 3387 2245; x_wconf 75' lang='lat' dir='ltr'><strong>hanc</strong></span> <span class='ocrx_word' id='word_1_811' title='bbox 3418 2206 3696 2244; x_wconf 79' lang='lat' dir='ltr'><strong>rationem</strong></span> 
     </span>
     <span class='ocr_line' id='line_1_110' title="bbox 2003 2206 3700 2332; baseline 0.001 -19"><span class='ocrx_word' id='word_1_812' title='bbox 2003 2206 2365 2332; x_wconf 63' lang='lat' dir='ltr'><strong>Beripatetici</strong></span> <span class='ocrx_word' id='word_1_813' title='bbox 2395 2260 2592 2322; x_wconf 83' lang='lat' dir='ltr'><strong>secuti,</strong></span> <span class='ocrx_word' id='word_1_814' title='bbox 2633 2261 2870 2315; x_wconf 89' lang='lat' dir='ltr'><strong>virtutes</strong></span> <span class='ocrx_word' id='word_1_815' title='bbox 2911 2261 3124 2316; x_wconf 86' lang='lat' dir='ltr'><strong>medias</strong></span> <span class='ocrx_word' id='word_1_816' title='bbox 3153 2278 3273 2316; x_wconf 90' lang='lat' dir='ltr'><strong>esse</strong></span> <span class='ocrx_word' id='word_1_817' title='bbox 3318 2262 3603 2332; x_wconf 83' lang='lat' dir='ltr'><strong>dixerunt,</strong></span> <span class='ocrx_word' id='word_1_818' title='bbox 3635 2265 3700 2314; x_wconf 91' lang='lat' dir='ltr'><strong>ut</strong></span> 
     </span>
    </p>
   </div>
   <div class='ocr_carea' id='block_1_107' title="bbox 2003 2331 3697 2413">
    <p class='ocr_par' dir='ltr' id='par_1_107' title="bbox 2003 2331 3697 2413">
     <span class='ocr_line' id='line_1_111' title="bbox 2003 2331 3697 2413; baseline 0.001 -30"><span class='ocrx_word' id='word_1_819' title='bbox 2003 2331 2148 2413; x_wconf 84' lang='lat' dir='ltr'><strong>plus</strong></span> <span class='ocrx_word' id='word_1_820' title='bbox 2170 2331 2324 2402; x_wconf 90' lang='lat' dir='ltr'><strong>justo</strong></span> <span class='ocrx_word' id='word_1_821' title='bbox 2369 2337 2681 2413; x_wconf 47' lang='lat' dir='ltr'><strong>1:)icovcEtav,</strong></span> <span class='ocrx_word' id='word_1_822' title='bbox 2702 2332 2889 2413; x_wconf 81' lang='lat' dir='ltr'><strong>minus</strong></span> <span class='ocrx_word' id='word_1_823' title='bbox 2911 2410 2918 2413; x_wconf 79' lang='lat'><strong>_</strong></span> <span class='ocrx_word' id='word_1_824' title='bbox 2925 2333 3081 2413; x_wconf 78' lang='lat' dir='ltr'><strong>justo</strong></span> <span class='ocrx_word' id='word_1_825' title='bbox 3113 2339 3377 2413; x_wconf 59' lang='lat' dir='ltr'><strong>puovzziav</strong></span> <span class='ocrx_word' id='word_1_826' title='bbox 3401 2331 3697 2413; x_wconf 62' lang='lat' dir='ltr'><strong>dicerent:</strong></span> 
     </span>
    </p>
   </div>
   <div class='ocr_carea' id='block_1_108' title="bbox 2006 2401 3701 2473">
    <p class='ocr_par' dir='ltr' id='par_1_108' title="bbox 2006 2401 3701 2473">
     <span class='ocr_line' id='line_1_112' title="bbox 2006 2401 3701 2473; baseline -0.001 -17"><span class='ocrx_word' id='word_1_827' title='bbox 2006 2401 2156 2456; x_wconf 91' lang='lat' dir='ltr'><strong>inter</strong></span> <span class='ocrx_word' id='word_1_828' title='bbox 2177 2401 2310 2473; x_wconf 68' lang='lat' dir='ltr'><strong>quae</strong></span> <span class='ocrx_word' id='word_1_829' title='bbox 2335 2404 2506 2468; x_wconf 86' lang='lat' dir='ltr'><strong>mala,</strong></span> <span class='ocrx_word' id='word_1_830' title='bbox 2535 2403 2783 2458; x_wconf 90' lang='lat' dir='ltr'><strong>mediam</strong></span> <span class='ocrx_word' id='word_1_831' title='bbox 2809 2401 3089 2473; x_wconf 85' lang='lat' dir='ltr'><strong>justitiam</strong></span> <span class='ocrx_word' id='word_1_832' title='bbox 3116 2401 3466 2458; x_wconf 87' lang='lat' dir='ltr'><strong>locaverunt.</strong></span> <span class='ocrx_word' id='word_1_833' title='bbox 3494 2401 3701 2457; x_wconf 86' lang='lat' dir='ltr'><strong>Simili-</strong></span> 
     </span>
    </p>
   </div>
   <div class='ocr_carea' id='block_1_109' title="bbox 2007 2473 3700 2545">
    <p class='ocr_par' dir='ltr' id='par_1_109' title="bbox 2007 2473 3700 2545">
     <span class='ocr_line' id='line_1_113' title="bbox 2007 2473 3700 2545; baseline 0 -19"><span class='ocrx_word' id='word_1_834' title='bbox 2007 2477 2094 2526; x_wconf 88' lang='lat' dir='ltr'><strong>ter</strong></span> <span class='ocrx_word' id='word_1_835' title='bbox 2121 2473 2269 2527; x_wconf 86' lang='lat' dir='ltr'><strong>inter</strong></span> <span class='ocrx_word' id='word_1_836' title='bbox 2309 2473 2617 2545; x_wconf 85' lang='lat' dir='ltr'><strong>versutiam</strong></span> <span class='ocrx_word' id='word_1_837' title='bbox 2648 2481 2706 2528; x_wconf 92' lang='lat' dir='ltr'><strong>et</strong></span> <span class='ocrx_word' id='word_1_838' title='bbox 2735 2473 3164 2540; x_wconf 89' lang='lat' dir='ltr'><strong>hebetudinem,</strong></span> <span class='ocrx_word' id='word_1_839' title='bbox 3197 2473 3560 2545; x_wconf 88' lang='lat' dir='ltr'><strong>prudentiam</strong></span> <span class='ocrx_word' id='word_1_840' title='bbox 3591 2489 3700 2542; x_wconf 90' lang='lat' dir='ltr'><strong>po-</strong></span> 
     </span>
    </p>
   </div>
   <div class='ocr_carea' id='block_1_110' title="bbox 2009 2543 3701 2615">
    <p class='ocr_par' dir='ltr' id='par_1_110' title="bbox 2009 2543 3701 2615">
     <span class='ocr_line' id='line_1_114' title="bbox 2009 2543 3701 2615; baseline 0.001 -18"><span class='ocrx_word' id='word_1_841' title='bbox 2009 2549 2277 2611; x_wconf 89' lang='lat' dir='ltr'><strong>suerunt;</strong></span> <span class='ocrx_word' id='word_1_842' title='bbox 2323 2543 2477 2598; x_wconf 88' lang='lat' dir='ltr'><strong>inter</strong></span> <span class='ocrx_word' id='word_1_843' title='bbox 2522 2545 2816 2600; x_wconf 86' lang='lat' dir='ltr'><strong>libidinem</strong></span> <span class='ocrx_word' id='word_1_844' title='bbox 2861 2543 3493 2614; x_wconf 80' lang='lat' dir='ltr'><strong>insensibilitatemque,</strong></span> <span class='ocrx_word' id='word_1_845' title='bbox 3526 2559 3701 2615; x_wconf 89' lang='lat' dir='ltr'><strong>quam</strong></span> 
     </span>
    </p>
   </div>
   <div class='ocr_carea' id='block_1_111' title="bbox 2009 2615 3698 2687">
    <p class='ocr_par' dir='ltr' id='par_1_111' title="bbox 2009 2615 3698 2687">
     <span class='ocr_line' id='line_1_115' title="bbox 2009 2615 3698 2687; baseline 0 -19"><span class='ocrx_word' id='word_1_846' title='bbox 2009 2615 2187 2687; x_wconf 65' lang='lat' dir='ltr'><strong>_Graaci</strong></span> <span class='ocrx_word' id='word_1_847' title='bbox 2218 2621 2540 2687; x_wconf 59' lang='lat' dir='ltr'><strong>evaicomtav</strong></span> <span class='ocrx_word' id='word_1_848' title='bbox 2577 2621 2796 2682; x_wconf 87' lang='lat' dir='ltr'><strong>vocant,</strong></span> <span class='ocrx_word' id='word_1_849' title='bbox 2847 2616 3227 2687; x_wconf 85' lang='lat' dir='ltr'><strong>temperantia</strong></span> <span class='ocrx_word' id='word_1_850' title='bbox 3254 2616 3559 2670; x_wconf 90' lang='lat' dir='ltr'><strong>constituta</strong></span> <span class='ocrx_word' id='word_1_851' title='bbox 3589 2619 3698 2680; x_wconf 88' lang='lat' dir='ltr'><strong>est;</strong></span> 
     </span>
    </p>
   </div>
   <div class='ocr_carea' id='block_1_112' title="bbox 2008 2685 3703 2753">
    <p class='ocr_par' dir='ltr' id='par_1_112' title="bbox 2008 2685 3703 2753">
     <span class='ocr_line' id='line_1_116' title="bbox 2008 2685 3703 2753; baseline 0 -15"><span class='ocrx_word' id='word_1_852' title='bbox 2008 2685 2159 2740; x_wconf 89' lang='lat' dir='ltr'><strong>inter</strong></span> <span class='ocrx_word' id='word_1_853' title='bbox 2188 2685 2552 2740; x_wconf 87' lang='lat' dir='ltr'><strong>timiditatem</strong></span> <span class='ocrx_word' id='word_1_854' title='bbox 2573 2691 2629 2740; x_wconf 91' lang='lat' dir='ltr'><strong>et</strong></span> <span class='ocrx_word' id='word_1_855' title='bbox 2651 2685 3289 2753; x_wconf 52' lang='lat' dir='ltr'><strong>audaciam,&#39;fortitudo.</strong></span> <span class='ocrx_word' id='word_1_856' title='bbox 3320 2689 3402 2742; x_wconf 89' lang='lat' dir='ltr'><strong>Ita</strong></span> <span class='ocrx_word' id='word_1_857' title='bbox 3420 2687 3703 2740; x_wconf 91' lang='lat' dir='ltr'><strong>occultum</strong></span> 
     </span>
    </p>
   </div>
   <div class='ocr_carea' id='block_1_113' title="bbox 2005 2755 3702 2836">
    <p class='ocr_par' dir='ltr' id='par_1_113' title="bbox 2005 2755 3702 2836">
     <span class='ocr_line' id='line_1_117' title="bbox 2005 2755 3702 2836; baseline 0.001 -28"><span class='ocrx_word' id='word_1_858' title='bbox 2005 2755 2302 2836; x_wconf 73' lang='lat' dir='ltr'><strong>quoddam</strong></span> <span class='ocrx_word' id='word_1_859' title='bbox 2336 2772 2518 2836; x_wconf 81' lang='lat' dir='ltr'><strong>genus</strong></span> <span class='ocrx_word' id='word_1_860' title='bbox 2547 2757 2945 2836; x_wconf 74' lang='lat' dir='ltr'><strong>oppositorum</strong></span> <span class='ocrx_word' id='word_1_861' title='bbox 2987 2758 3702 2836; x_wconf 28' lang='lat' dir='ltr'><strong>reperit‘perscrutatara-</strong></span> 
     </span>
    </p>
   </div>
   <div class='ocr_carea' id='block_1_114' title="bbox 2004 2826 3703 2895">
    <p class='ocr_par' dir='ltr' id='par_1_114' title="bbox 2004 2826 3703 2895">
     <span class='ocr_line' id='line_1_118' title="bbox 2004 2826 3703 2895; baseline 0 -15"><span class='ocrx_word' id='word_1_862' title='bbox 2004 2826 2108 2895; x_wconf 90' lang='lat' dir='ltr'><strong>tio,</strong></span> <span class='ocrx_word' id='word_1_863' title='bbox 2140 2832 2201 2880; x_wconf 91' lang='lat' dir='ltr'><strong>ut</strong></span> <span class='ocrx_word' id='word_1_864' title='bbox 2227 2826 2518 2881; x_wconf 90' lang='lat' dir='ltr'><strong>interdum</strong></span> <span class='ocrx_word' id='word_1_865' title='bbox 2558 2829 2706 2882; x_wconf 91' lang='lat' dir='ltr'><strong>mala</strong></span> <span class='ocrx_word' id='word_1_866' title='bbox 2737 2828 2902 2882; x_wconf 89' lang='lat' dir='ltr'><strong>malis</strong></span> <span class='ocrx_word' id='word_1_867' title='bbox 2932 2826 3298 2882; x_wconf 83' lang='lat' dir='ltr'><strong>inveniantur</strong></span> <span class='ocrx_word' id='word_1_868' title='bbox 3327 2844 3447 2881; x_wconf 85' lang='lat' dir='ltr'><strong>esse</strong></span> <span class='ocrx_word' id='word_1_869' title='bbox 3479 2833 3703 2881; x_wconf 85' lang='lat' dir='ltr'><strong>contra-</strong></span> 
     </span>
    </p>
   </div>
   <div class='ocr_carea' id='block_1_115' title="bbox 2007 2897 3702 2970">
    <p class='ocr_par' dir='ltr' id='par_1_115' title="bbox 2007 2897 3702 2970">
     <span class='ocr_line' id='line_1_119' title="bbox 2007 2897 3702 2970; baseline 0.001 -20"><span class='ocrx_word' id='word_1_870' title='bbox 2007 2897 2107 2951; x_wconf 91' lang='lat' dir='ltr'><strong>ria.</strong></span> <span class='ocrx_word' id='word_1_871' title='bbox 2143 2898 2252 2952; x_wconf 91' lang='lat' dir='ltr'><strong>Sed</strong></span> <span class='ocrx_word' id='word_1_872' title='bbox 2279 2897 2624 2970; x_wconf 65' lang='lat' dir='ltr'><strong>Aristoteles</strong></span> <span class='ocrx_word' id='word_1_873' title='bbox 2668 2899 2875 2953; x_wconf 89' lang='lat' dir='ltr'><strong>harum</strong></span> <span class='ocrx_word' id='word_1_874' title='bbox 2923 2898 3541 2970; x_wconf 74' lang='lat' dir='ltr'><strong>quatuorspecierum,</strong></span> <span class='ocrx_word' id='word_1_875' title='bbox 3573 2913 3702 2970; x_wconf 71' lang='lat' dir='ltr'><strong>qua:</strong></span> 
     </span>
    </p>
   </div>
   <div class='ocr_carea' id='block_1_116' title="bbox 2004 2968 3702 3041">
    <p class='ocr_par' dir='ltr' id='par_1_116' title="bbox 2004 2968 3702 3041">
     <span class='ocr_line' id='line_1_120' title="bbox 2004 2968 3702 3041; baseline -0.001 -19"><span class='ocrx_word' id='word_1_876' title='bbox 2004 2984 2070 3022; x_wconf 93' lang='lat' dir='ltr'><strong>ex</strong></span> <span class='ocrx_word' id='word_1_877' title='bbox 2093 2968 2367 3039; x_wconf 91' lang='lat' dir='ltr'><strong>oppositis</strong></span> <span class='ocrx_word' id='word_1_878' title='bbox 2389 2969 2644 3041; x_wconf 88' lang='lat' dir='ltr'><strong>veniunt,</strong></span> <span class='ocrx_word' id='word_1_879' title='bbox 2668 2968 3046 3041; x_wconf 82' lang='lat' dir='ltr'><strong>proprietates</strong></span> <span class='ocrx_word' id='word_1_880' title='bbox 3076 2975 3133 3024; x_wconf 90' lang='lat' dir='ltr'><strong>et</strong></span> <span class='ocrx_word' id='word_1_881' title='bbox 3157 2968 3502 3024; x_wconf 74' lang='lat' dir='ltr'><strong>differentias</strong></span> <span class='ocrx_word' id='word_1_882' title='bbox 3533 2968 3702 3021; x_wconf 87' lang='lat' dir='ltr'><strong>latius</strong></span> 
     </span>
    </p>
   </div>
   <div class='ocr_carea' id='block_1_117' title="bbox 2003 3040 3705 3110">
    <p class='ocr_par' dir='ltr' id='par_1_117' title="bbox 2003 3040 3705 3110">
     <span class='ocr_line' id='line_1_121' title="bbox 2003 3040 3705 3110; baseline -0.001 -17"><span class='ocrx_word' id='word_1_883' title='bbox 2003 3045 2060 3094; x_wconf 90' lang='lat' dir='ltr'><strong>et</strong></span> <span class='ocrx_word' id='word_1_884' title='bbox 2109 3041 2301 3094; x_wconf 91' lang='lat' dir='ltr'><strong>multis</strong></span> <span class='ocrx_word' id='word_1_885' title='bbox 2345 3040 2528 3093; x_wconf 90' lang='lat' dir='ltr'><strong>modis</strong></span> <span class='ocrx_word' id='word_1_886' title='bbox 2559 3040 2906 3110; x_wconf 84' lang='lat' dir='ltr'><strong>explicavit:</strong></span> <span class='ocrx_word' id='word_1_887' title='bbox 2965 3057 3066 3096; x_wconf 87' lang='lat' dir='ltr'><strong>nos</strong></span> <span class='ocrx_word' id='word_1_888' title='bbox 3110 3045 3304 3094; x_wconf 85' lang='lat' dir='ltr'><strong>autem</strong></span> <span class='ocrx_word' id='word_1_889' title='bbox 3350 3045 3408 3094; x_wconf 92' lang='lat' dir='ltr'><strong>et</strong></span> <span class='ocrx_word' id='word_1_890' title='bbox 3437 3055 3619 3110; x_wconf 90' lang='lat' dir='ltr'><strong>genus</strong></span> <span class='ocrx_word' id='word_1_891' title='bbox 3648 3042 3705 3110; x_wconf 87' lang='lat' dir='ltr'><strong>et</strong></span> 
     </span>
    </p>
   </div>
   <div class='ocr_carea' id='block_1_118' title="bbox 2002 3107 3694 3181">
    <p class='ocr_par' dir='ltr' id='par_1_118' title="bbox 2002 3107 3694 3181">
     <span class='ocr_line' id='line_1_122' title="bbox 2002 3107 3694 3181; baseline -0.001 -17"><span class='ocrx_word' id='word_1_892' title='bbox 2002 3110 2218 3181; x_wconf 86' lang='lat' dir='ltr'><strong>species</strong></span> <span class='ocrx_word' id='word_1_893' title='bbox 2257 3111 2514 3180; x_wconf 89' lang='lat' dir='ltr'><strong>posuisse</strong></span> <span class='ocrx_word' id='word_1_894' title='bbox 2551 3107 2813 3179; x_wconf 76' lang='lat' dir='ltr'><strong>sufﬁciat,</strong></span> <span class='ocrx_word' id='word_1_895' title='bbox 2862 3127 2934 3165; x_wconf 88' lang='lat' dir='ltr'><strong>ne</strong></span> <span class='ocrx_word' id='word_1_896' title='bbox 2965 3111 3367 3166; x_wconf 90' lang='lat' dir='ltr'><strong>minutioribus</strong></span> <span class='ocrx_word' id='word_1_897' title='bbox 3416 3107 3694 3180; x_wconf 75' lang='lat' dir='ltr'><strong>occupati,</strong></span> 
     </span>
    </p>
   </div>
   <div class='ocr_carea' id='block_1_119' title="bbox 2003 3181 3012 3238">
    <p class='ocr_par' dir='ltr' id='par_1_119' title="bbox 2003 3181 3012 3238">
     <span class='ocr_line' id='line_1_123' title="bbox 2003 3181 3012 3238; baseline 0 -2"><span class='ocrx_word' id='word_1_898' title='bbox 2003 3181 2298 3238; x_wconf 84' lang='lat' dir='ltr'><strong>fastidium</strong></span> <span class='ocrx_word' id='word_1_899' title='bbox 2330 3183 2661 3236; x_wconf 83' lang='lat' dir='ltr'><strong>necessariis</strong></span> <span class='ocrx_word' id='word_1_900' title='bbox 2691 3183 3012 3236; x_wconf 82' lang='lat' dir='ltr'><strong>all‘eramus.</strong></span> 
     </span>
    </p>
   </div>
   <div class='ocr_carea' id='block_1_120' title="bbox 2436 3253 3252 3335">
    <p class='ocr_par' dir='ltr' id='par_1_120' title="bbox 2436 3253 3252 3335">
     <span class='ocr_line' id='line_1_124' title="bbox 2436 3253 3252 3335; baseline 0.001 -29"><span class='ocrx_word' id='word_1_901' title='bbox 2436 3253 2661 3335; x_wconf 48' lang='lat' dir='ltr'><strong>carui</strong></span> <span class='ocrx_word' id='word_1_902' title='bbox 2698 3255 2927 3335; x_wconf 61' lang='lat' dir='ltr'><strong>xix_._—</strong></span> <span class='ocrx_word' id='word_1_903' title='bbox 2959 3256 3030 3308; x_wconf 87' lang='lat' dir='ltr'><strong>De</strong></span> <span class='ocrx_word' id='word_1_904' title='bbox 3055 3254 3252 3335; x_wconf 62' lang='lat' dir='ltr'><strong>priori.</strong></span> 
     </span>
    </p>
   </div>
   <div class='ocr_carea' id='block_1_121' title="bbox 2073 3322 3702 3395">
    <p class='ocr_par' dir='ltr' id='par_1_121' title="bbox 2073 3322 3702 3395">
     <span class='ocr_line' id='line_1_125' title="bbox 2073 3322 3702 3395; baseline 0.001 -20"><span class='ocrx_word' id='word_1_905' title='bbox 2073 3322 2339 3395; x_wconf 84' lang='lat' dir='ltr'><strong>Quinque</strong></span> <span class='ocrx_word' id='word_1_906' title='bbox 2368 3324 2554 3377; x_wconf 92' lang='lat' dir='ltr'><strong>modis</strong></span> <span class='ocrx_word' id='word_1_907' title='bbox 2585 3324 2741 3379; x_wconf 90' lang='lat' dir='ltr'><strong>aliud</strong></span> <span class='ocrx_word' id='word_1_908' title='bbox 2771 3325 2950 3379; x_wconf 90' lang='lat' dir='ltr'><strong>altero</strong></span> <span class='ocrx_word' id='word_1_909' title='bbox 2983 3322 3141 3395; x_wconf 90' lang='lat' dir='ltr'><strong>prius</strong></span> <span class='ocrx_word' id='word_1_910' title='bbox 3171 3323 3379 3378; x_wconf 90' lang='lat' dir='ltr'><strong>dicitur</strong></span> <span class='ocrx_word' id='word_1_911' title='bbox 3407 3339 3420 3378; x_wconf 88' lang='lat'><strong>:</strong></span> <span class='ocrx_word' id='word_1_912' title='bbox 3456 3338 3702 3394; x_wconf 89' lang='lat' dir='ltr'><strong>quorum</strong></span> 
     </span>
    </p>
   </div>
   <div class='ocr_carea' id='block_1_122' title="bbox 2003 3393 3698 3467">
    <p class='ocr_par' dir='ltr' id='par_1_122' title="bbox 2003 3393 3698 3467">
     <span class='ocr_line' id='line_1_126' title="bbox 2003 3393 3698 3467; baseline 0.001 -21"><span class='ocrx_word' id='word_1_913' title='bbox 2003 3393 2226 3467; x_wconf 77' lang='lat' dir='ltr'><strong>primus</strong></span> <span class='ocrx_word' id='word_1_914' title='bbox 2248 3393 2362 3460; x_wconf 79' lang='lat' dir='ltr'><strong>est,</strong></span> <span class='ocrx_word' id='word_1_915' title='bbox 2396 3410 2524 3467; x_wconf 89' lang='lat' dir='ltr'><strong>cum</strong></span> <span class='ocrx_word' id='word_1_916' title='bbox 2556 3395 2799 3467; x_wconf 90' lang='lat' dir='ltr'><strong>dicimus</strong></span> <span class='ocrx_word' id='word_1_917' title='bbox 2831 3393 3080 3467; x_wconf 79' lang='lat' dir='ltr'><strong>aliquem</strong></span> <span class='ocrx_word' id='word_1_918' title='bbox 3117 3400 3370 3467; x_wconf 89' lang='lat' dir='ltr'><strong>tempore</strong></span> <span class='ocrx_word' id='word_1_919' title='bbox 3393 3393 3698 3467; x_wconf 74' lang='lat' dir='ltr'><strong>seniorem.</strong></span> 
     </span>
    </p>
   </div>
   <div class='ocr_carea' id='block_1_123' title="bbox 2003 3463 3701 3538">
    <p class='ocr_par' dir='ltr' id='par_1_123' title="bbox 2003 3463 3701 3538">
     <span class='ocr_line' id='line_1_127' title="bbox 2003 3463 3701 3538; baseline -0.001 -19"><span class='ocrx_word' id='word_1_920' title='bbox 2003 3463 2296 3538; x_wconf 84' lang='lat' dir='ltr'><strong>Secundus</strong></span> <span class='ocrx_word' id='word_1_921' title='bbox 2333 3465 2559 3538; x_wconf 33' lang='lat' dir='ltr'><strong>‘modus</strong></span> <span class='ocrx_word' id='word_1_922' title='bbox 2609 3471 2714 3536; x_wconf 90' lang='lat' dir='ltr'><strong>est,</strong></span> <span class='ocrx_word' id='word_1_923' title='bbox 2770 3466 2828 3520; x_wconf 90' lang='lat' dir='ltr'><strong>in</strong></span> <span class='ocrx_word' id='word_1_924' title='bbox 2887 3463 3002 3538; x_wconf 81' lang='lat' dir='ltr'><strong>quo</strong></span> <span class='ocrx_word' id='word_1_925' title='bbox 3065 3463 3282 3538; x_wconf 80' lang='lat' dir='ltr'><strong>aliquid</strong></span> <span class='ocrx_word' id='word_1_926' title='bbox 3329 3465 3581 3538; x_wconf 83' lang='lat' dir='ltr'><strong>nascitur</strong></span> <span class='ocrx_word' id='word_1_927' title='bbox 3637 3481 3701 3538; x_wconf 86' lang='lat' dir='ltr'><strong>ex</strong></span> 
     </span>
    </p>
   </div>
   <div class='ocr_carea' id='block_1_124' title="bbox 2003 3535 3702 3608">
    <p class='ocr_par' dir='ltr' id='par_1_124' title="bbox 2003 3535 3702 3608">
     <span class='ocr_line' id='line_1_128' title="bbox 2003 3535 3702 3608; baseline 0.001 -20"><span class='ocrx_word' id='word_1_928' title='bbox 2003 3536 2224 3606; x_wconf 88' lang='lat' dir='ltr'><strong>priore;</strong></span> <span class='ocrx_word' id='word_1_929' title='bbox 2256 3535 2352 3589; x_wconf 91' lang='lat' dir='ltr'><strong>sed</strong></span> <span class='ocrx_word' id='word_1_930' title='bbox 2382 3536 2572 3608; x_wconf 89' lang='lat' dir='ltr'><strong>priore</strong></span> <span class='ocrx_word' id='word_1_931' title='bbox 2614 3541 2890 3607; x_wconf 90' lang='lat' dir='ltr'><strong>pereunte</strong></span> <span class='ocrx_word' id='word_1_932' title='bbox 2903 3535 3228 3591; x_wconf 56' lang='lat' dir='ltr'><strong>&#39;secundu&#39;m</strong></span> <span class='ocrx_word' id='word_1_933' title='bbox 3259 3536 3426 3608; x_wconf 89' lang='lat' dir='ltr'><strong>perit,</strong></span> <span class='ocrx_word' id='word_1_934' title='bbox 3458 3536 3702 3590; x_wconf 90' lang='lat' dir='ltr'><strong>secundo</strong></span> 
     </span>
    </p>
   </div>
   <div class='ocr_carea' id='block_1_125' title="bbox 1984 3607 3705 3678">
    <p class='ocr_par' dir='ltr' id='par_1_125' title="bbox 1984 3607 3705 3678">
     <span class='ocr_line' id='line_1_129' title="bbox 1984 3607 3705 3678; baseline 0.001 -19"><span class='ocrx_word' id='word_1_935' title='bbox 1984 3611 2280 3676; x_wconf 85' lang='lat' dir='ltr'><strong>pereunte</strong></span> <span class='ocrx_word' id='word_1_936' title='bbox 2311 3607 2471 3678; x_wconf 89' lang='lat' dir='ltr'><strong>prius</strong></span> <span class='ocrx_word' id='word_1_937' title='bbox 2500 3607 2786 3678; x_wconf 86' lang='lat' dir='ltr'><strong>incolume</strong></span> <span class='ocrx_word' id='word_1_938' title='bbox 2813 3614 3170 3678; x_wconf 87' lang='lat' dir='ltr'><strong>perseverat;</strong></span> <span class='ocrx_word' id='word_1_939' title='bbox 3201 3607 3278 3662; x_wconf 21' lang='lat' dir='ltr'><strong>uti</strong></span> <span class='ocrx_word' id='word_1_940' title='bbox 3291 3612 3376 3661; x_wconf 89' lang='lat' dir='ltr'><strong>est</strong></span> <span class='ocrx_word' id='word_1_941' title='bbox 3398 3623 3591 3678; x_wconf 15' lang='lat' dir='ltr'><strong>unum,</strong></span> <span class='ocrx_word' id='word_1_942' title='bbox 3612 3623 3705 3660; x_wconf 87' lang='lat' dir='ltr'><strong>na-</strong></span> 
     </span>
    </p>
   </div>
   <div class='ocr_carea' id='block_1_126' title="bbox 2003 3677 3700 3746">
    <p class='ocr_par' dir='ltr' id='par_1_126' title="bbox 2003 3677 3700 3746">
     <span class='ocr_line' id='line_1_130' title="bbox 2003 3677 3700 3746; baseline -0.001 -15"><span class='ocrx_word' id='word_1_943' title='bbox 2003 3678 2265 3731; x_wconf 88' lang='lat' dir='ltr'><strong>turaliter</strong></span> <span class='ocrx_word' id='word_1_944' title='bbox 2318 3677 2479 3746; x_wconf 89' lang='lat' dir='ltr'><strong>prius</strong></span> <span class='ocrx_word' id='word_1_945' title='bbox 2509 3677 2728 3732; x_wconf 91' lang='lat' dir='ltr'><strong>duobus</strong></span> <span class='ocrx_word' id='word_1_946' title='bbox 2760 3694 2774 3732; x_wconf 90' lang='lat'><strong>:</strong></span> <span class='ocrx_word' id='word_1_947' title='bbox 2818 3677 2891 3732; x_wconf 84' lang='lat' dir='ltr'><strong>ex</strong></span> <span class='ocrx_word' id='word_1_948' title='bbox 2938 3695 3006 3732; x_wconf 88' lang='lat' dir='ltr'><strong>eo</strong></span> <span class='ocrx_word' id='word_1_949' title='bbox 3037 3679 3190 3732; x_wconf 91' lang='lat' dir='ltr'><strong>enim</strong></span> <span class='ocrx_word' id='word_1_950' title='bbox 3221 3684 3536 3732; x_wconf 90' lang='lat' dir='ltr'><strong>nascuntur</strong></span> <span class='ocrx_word' id='word_1_951' title='bbox 3565 3677 3700 3742; x_wconf 91' lang='lat' dir='ltr'><strong>duo,</strong></span> 
     </span>
    </p>
   </div>
   <div class='ocr_carea' id='block_1_127' title="bbox 2003 3746 3703 3819">
    <p class='ocr_par' dir='ltr' id='par_1_127' title="bbox 2003 3746 3703 3819">
     <span class='ocr_line' id='line_1_131' title="bbox 2003 3746 3703 3819; baseline 0.001 -18"><span class='ocrx_word' id='word_1_952' title='bbox 2003 3747 2097 3819; x_wconf 86' lang='lat' dir='ltr'><strong>sed</strong></span> <span class='ocrx_word' id='word_1_953' title='bbox 2128 3746 2249 3800; x_wconf 91' lang='lat' dir='ltr'><strong>sine</strong></span> <span class='ocrx_word' id='word_1_954' title='bbox 2280 3763 2395 3801; x_wconf 93' lang='lat' dir='ltr'><strong>uno</strong></span> <span class='ocrx_word' id='word_1_955' title='bbox 2420 3748 2535 3802; x_wconf 92' lang='lat' dir='ltr'><strong>duo</strong></span> <span class='ocrx_word' id='word_1_956' title='bbox 2567 3765 2684 3802; x_wconf 88' lang='lat' dir='ltr'><strong>esse</strong></span> <span class='ocrx_word' id='word_1_957' title='bbox 2703 3764 2819 3802; x_wconf 92' lang='lat' dir='ltr'><strong>non</strong></span> <span class='ocrx_word' id='word_1_958' title='bbox 2851 3754 3108 3819; x_wconf 89' lang='lat' dir='ltr'><strong>possunt,</strong></span> <span class='ocrx_word' id='word_1_959' title='bbox 3131 3750 3255 3803; x_wconf 90' lang='lat' dir='ltr'><strong>sine</strong></span> <span class='ocrx_word' id='word_1_960' title='bbox 3276 3748 3500 3803; x_wconf 90' lang='lat' dir='ltr'><strong>duobus</strong></span> <span class='ocrx_word' id='word_1_961' title='bbox 3521 3752 3703 3802; x_wconf 79' lang='lat' dir='ltr'><strong>status</strong></span> 
     </span>
    </p>
   </div>
   <div class='ocr_carea' id='block_1_128' title="bbox 2001 3818 3695 3886">
    <p class='ocr_par' dir='ltr' id='par_1_128' title="bbox 2001 3818 3695 3886">
     <span class='ocr_line' id='line_1_132' title="bbox 2001 3818 3695 3886; baseline 0 -14"><span class='ocrx_word' id='word_1_962' title='bbox 2001 3818 2172 3872; x_wconf 90' lang='lat' dir='ltr'><strong>unius</strong></span> <span class='ocrx_word' id='word_1_963' title='bbox 2217 3823 2441 3886; x_wconf 92' lang='lat' dir='ltr'><strong>manet;</strong></span> <span class='ocrx_word' id='word_1_964' title='bbox 2481 3823 2536 3872; x_wconf 90' lang='lat' dir='ltr'><strong>et</strong></span> <span class='ocrx_word' id='word_1_965' title='bbox 2574 3819 2796 3874; x_wconf 85' lang='lat' dir='ltr'><strong>duobus</strong></span> <span class='ocrx_word' id='word_1_966' title='bbox 2840 3818 3188 3874; x_wconf 84' lang='lat' dir='ltr'><strong>exstantibus</strong></span> <span class='ocrx_word' id='word_1_967' title='bbox 3219 3835 3338 3873; x_wconf 89' lang='lat' dir='ltr'><strong>esse</strong></span> <span class='ocrx_word' id='word_1_968' title='bbox 3385 3835 3568 3873; x_wconf 91' lang='lat' dir='ltr'><strong>unum</strong></span> <span class='ocrx_word' id='word_1_969' title='bbox 3597 3835 3695 3872; x_wconf 89' lang='lat' dir='ltr'><strong>ne-</strong></span> 
     </span>
    </p>
   </div>
   <div class='ocr_carea' id='block_1_129' title="bbox 2003 3888 3699 3962">
    <p class='ocr_par' dir='ltr' id='par_1_129' title="bbox 2003 3888 3699 3962">
     <span class='ocr_line' id='line_1_133' title="bbox 2003 3888 3699 3962; baseline -0.001 -19"><span class='ocrx_word' id='word_1_970' title='bbox 2003 3905 2156 3943; x_wconf 90' lang='lat' dir='ltr'><strong>cesse</strong></span> <span class='ocrx_word' id='word_1_971' title='bbox 2186 3894 2290 3962; x_wconf 77' lang='lat' dir='ltr'><strong>est,</strong></span> <span class='ocrx_word' id='word_1_972' title='bbox 2322 3905 2438 3962; x_wconf 75' lang='lat' dir='ltr'><strong>uno</strong></span> <span class='ocrx_word' id='word_1_973' title='bbox 2464 3905 2597 3962; x_wconf 82' lang='lat' dir='ltr'><strong>vero</strong></span> <span class='ocrx_word' id='word_1_974' title='bbox 2629 3896 2939 3962; x_wconf 12' lang='lat' dir='ltr'><strong>apparenﬁte</strong></span> <span class='ocrx_word' id='word_1_975' title='bbox 2969 3890 3081 3962; x_wconf 90' lang='lat' dir='ltr'><strong>duo</strong></span> <span class='ocrx_word' id='word_1_976' title='bbox 3099 3906 3229 3962; x_wconf 83' lang='lat' dir='ltr'><strong>esse</strong></span> <span class='ocrx_word' id='word_1_977' title='bbox 3258 3889 3418 3962; x_wconf 87' lang='lat' dir='ltr'><strong>nulla</strong></span> <span class='ocrx_word' id='word_1_978' title='bbox 3447 3888 3699 3962; x_wconf 86' lang='lat' dir='ltr'><strong>necessi-</strong></span> 
     </span>
    </p>
   </div>
   <div class='ocr_carea' id='block_1_130' title="bbox 2003 3959 3701 4033">
    <p class='ocr_par' dir='ltr' id='par_1_130' title="bbox 2003 3959 3701 4033">
     <span class='ocr_line' id='line_1_134' title="bbox 2003 3959 3701 4033; baseline 0.001 -21"><span class='ocrx_word' id='word_1_979' title='bbox 2003 3965 2088 4033; x_wconf 86' lang='lat' dir='ltr'><strong>tas</strong></span> <span class='ocrx_word' id='word_1_980' title='bbox 2129 3959 2301 4033; x_wconf 72' lang='lat' dir='ltr'><strong>cogit.</strong></span> <span class='ocrx_word' id='word_1_981' title='bbox 2351 3959 2540 4033; x_wconf 83' lang='lat' dir='ltr'><strong>Tertio</strong></span> <span class='ocrx_word' id='word_1_982' title='bbox 2581 3959 2747 4033; x_wconf 70' lang='lat' dir='ltr'><strong>modo</strong></span> <span class='ocrx_word' id='word_1_983' title='bbox 2790 3961 2930 4033; x_wconf 81' lang='lat' dir='ltr'><strong>ordo</strong></span> <span class='ocrx_word' id='word_1_984' title='bbox 2975 3961 3213 4033; x_wconf 84' lang='lat' dir='ltr'><strong>quidam</strong></span> <span class='ocrx_word' id='word_1_985' title='bbox 3253 3960 3414 4033; x_wconf 83' lang='lat' dir='ltr'><strong>prius</strong></span> <span class='ocrx_word' id='word_1_986' title='bbox 3441 3961 3701 4033; x_wconf 74' lang='lat' dir='ltr'><strong>alterum</strong></span> 
     </span>
    </p>
   </div>
   <div class='ocr_carea' id='block_1_131' title="bbox 2003 4030 3701 4102">
    <p class='ocr_par' dir='ltr' id='par_1_131' title="bbox 2003 4030 3701 4102">
     <span class='ocr_line' id='line_1_135' title="bbox 2003 4030 3701 4102; baseline 0.001 -18"><span class='ocrx_word' id='word_1_987' title='bbox 2003 4031 2165 4102; x_wconf 86' lang='lat' dir='ltr'><strong>alteri</strong></span> <span class='ocrx_word' id='word_1_988' title='bbox 2195 4030 2344 4096; x_wconf 84' lang='lat' dir='ltr'><strong>facit,</strong></span> <span class='ocrx_word' id='word_1_989' title='bbox 2377 4035 2442 4085; x_wconf 92' lang='lat' dir='ltr'><strong>ut</strong></span> <span class='ocrx_word' id='word_1_990' title='bbox 2478 4030 2538 4085; x_wconf 90' lang='lat' dir='ltr'><strong>in</strong></span> <span class='ocrx_word' id='word_1_991' title='bbox 2578 4031 2894 4102; x_wconf 90' lang='lat' dir='ltr'><strong>disciplinis</strong></span> <span class='ocrx_word' id='word_1_992' title='bbox 2925 4030 3220 4087; x_wconf 49' lang='lat' dir='ltr'><strong>et&#39;artihus</strong></span> <span class='ocrx_word' id='word_1_993' title='bbox 3255 4030 3587 4102; x_wconf 87' lang='lat' dir='ltr'><strong>liberalibus</strong></span> <span class='ocrx_word' id='word_1_994' title='bbox 3615 4030 3701 4086; x_wconf 90' lang='lat' dir='ltr'><strong>in-</strong></span> 
     </span>
    </p>
   </div>
   <div class='ocr_carea' id='block_1_132' title="bbox 2002 4101 3705 4174">
    <p class='ocr_par' dir='ltr' id='par_1_132' title="bbox 2002 4101 3705 4174">
     <span class='ocr_line' id='line_1_136' title="bbox 2002 4101 3705 4174; baseline 0.001 -19"><span class='ocrx_word' id='word_1_995' title='bbox 2002 4101 2262 4174; x_wconf 85' lang='lat' dir='ltr'><strong>venimus</strong></span> <span class='ocrx_word' id='word_1_996' title='bbox 2303 4117 2317 4156; x_wconf 93' lang='lat'><strong>:</strong></span> <span class='ocrx_word' id='word_1_997' title='bbox 2351 4118 2599 4174; x_wconf 88' lang='lat' dir='ltr'><strong>namque</strong></span> <span class='ocrx_word' id='word_1_998' title='bbox 2642 4102 2702 4158; x_wconf 92' lang='lat' dir='ltr'><strong>in</strong></span> <span class='ocrx_word' id='word_1_999' title='bbox 2725 4101 3297 4174; x_wconf 82' lang='lat' dir='ltr'><strong>grammaticaprius</strong></span> <span class='ocrx_word' id='word_1_1000' title='bbox 3341 4106 3427 4158; x_wconf 90' lang='lat' dir='ltr'><strong>est</strong></span> <span class='ocrx_word' id='word_1_1001' title='bbox 3455 4101 3705 4174; x_wconf 83' lang='lat' dir='ltr'><strong>singula-</strong></span> 
     </span>
    </p>
   </div>
   <div class='ocr_carea' id='block_1_133' title="bbox 2005 4172 3704 4239">
    <p class='ocr_par' dir='ltr' id='par_1_133' title="bbox 2005 4172 3704 4239">
     <span class='ocr_line' id='line_1_137' title="bbox 2005 4172 3704 4239; baseline -0.001 -12"><span class='ocrx_word' id='word_1_1002' title='bbox 2005 4189 2134 4227; x_wconf 91' lang='lat' dir='ltr'><strong>rum</strong></span> <span class='ocrx_word' id='word_1_1003' title='bbox 2188 4172 2374 4227; x_wconf 90' lang='lat' dir='ltr'><strong>dicere</strong></span> <span class='ocrx_word' id='word_1_1004' title='bbox 2435 4172 2648 4228; x_wconf 74' lang='lat' dir='ltr'><strong>formas</strong></span> <span class='ocrx_word' id='word_1_1005' title='bbox 2705 4172 2763 4228; x_wconf 81' lang='lat' dir='ltr'><strong>et</strong></span> <span class='ocrx_word' id='word_1_1006' title='bbox 2797 4174 3035 4228; x_wconf 89' lang='lat' dir='ltr'><strong>nomina</strong></span> <span class='ocrx_word' id='word_1_1007' title='bbox 3091 4172 3437 4239; x_wconf 79' lang='lat' dir='ltr'><strong>litterarum,</strong></span> <span class='ocrx_word' id='word_1_1008' title='bbox 3496 4172 3704 4227; x_wconf 89' lang='lat' dir='ltr'><strong>dehinc</strong></span> 
     </span>
    </p>
   </div>
   <div class='ocr_carea' id='block_1_134' title="bbox 2003 4243 3702 4316">
    <p class='ocr_par' dir='ltr' id='par_1_134' title="bbox 2003 4243 3702 4316">
     <span class='ocr_line' id='line_1_138' title="bbox 2003 4243 3702 4316; baseline 0.001 -20"><span class='ocrx_word' id='word_1_1009' title='bbox 2003 4244 2346 4314; x_wconf 84' lang='lat' dir='ltr'><strong>syllabarum</strong></span> <span class='ocrx_word' id='word_1_1010' title='bbox 2378 4244 2809 4316; x_wconf 83' lang='lat' dir='ltr'><strong>conjunctiones</strong></span> <span class='ocrx_word' id='word_1_1011' title='bbox 2839 4260 3200 4316; x_wconf 85' lang='lat' dir='ltr'><strong>cognoscere,</strong></span> <span class='ocrx_word' id='word_1_1012' title='bbox 3245 4249 3370 4299; x_wconf 91' lang='lat' dir='ltr'><strong>tum</strong></span> <span class='ocrx_word' id='word_1_1013' title='bbox 3395 4243 3702 4316; x_wconf 81' lang='lat' dir='ltr'><strong>verborum</strong></span> 
     </span>
    </p>
   </div>
   <div class='ocr_carea' id='block_1_135' title="bbox 2004 4315 3702 4388">
    <p class='ocr_par' dir='ltr' id='par_1_135' title="bbox 2004 4315 3702 4388">
     <span class='ocr_line' id='line_1_139' title="bbox 2004 4315 3702 4388; baseline -0.001 -19"><span class='ocrx_word' id='word_1_1014' title='bbox 2004 4331 2229 4369; x_wconf 90' lang='lat' dir='ltr'><strong>sumere</strong></span> <span class='ocrx_word' id='word_1_1015' title='bbox 2278 4315 2575 4388; x_wconf 81' lang='lat' dir='ltr'><strong>notionem</strong></span> <span class='ocrx_word' id='word_1_1016' title='bbox 2632 4332 2646 4371; x_wconf 91' lang='lat'><strong>:</strong></span> <span class='ocrx_word' id='word_1_1017' title='bbox 2701 4315 3022 4388; x_wconf 83' lang='lat' dir='ltr'><strong>postremus</strong></span> <span class='ocrx_word' id='word_1_1018' title='bbox 3066 4315 3232 4370; x_wconf 92' lang='lat' dir='ltr'><strong>nobis</strong></span> <span class='ocrx_word' id='word_1_1019' title='bbox 3287 4315 3702 4388; x_wconf 24' lang='lat' dir='ltr'><strong>est‘orationis</strong></span> 
     </span>
    </p>
   </div>
   <div class='ocr_carea' id='block_1_136' title="bbox 2002 4385 3704 4459">
    <p class='ocr_par' dir='ltr' id='par_1_136' title="bbox 2002 4385 3704 4459">
     <span class='ocr_line' id='line_1_140' title="bbox 2002 4385 3704 4459; baseline -0.001 -19"><span class='ocrx_word' id='word_1_1020' title='bbox 2002 4402 2139 4440; x_wconf 92' lang='lat' dir='ltr'><strong>usus</strong></span> <span class='ocrx_word' id='word_1_1021' title='bbox 2187 4387 2583 4459; x_wconf 87' lang='lat' dir='ltr'><strong>assumendus,</strong></span> <span class='ocrx_word' id='word_1_1022' title='bbox 2631 4385 2868 4458; x_wconf 82' lang='lat' dir='ltr'><strong>propter</strong></span> <span class='ocrx_word' id='word_1_1023' title='bbox 2895 4402 3068 4459; x_wconf 89' lang='lat' dir='ltr'><strong>quem</strong></span> <span class='ocrx_word' id='word_1_1024' title='bbox 3111 4385 3503 4459; x_wconf 27' lang='lat' dir='ltr'><strong>cuncta‘ejus,</strong></span> <span class='ocrx_word' id='word_1_1025' title='bbox 3539 4385 3704 4459; x_wconf 84' lang='lat' dir='ltr'><strong>quasi</strong></span> 
     </span>
    </p>
   </div>
   <div class='ocr_carea' id='block_1_137' title="bbox 2003 4455 3703 4527">
    <p class='ocr_par' dir='ltr' id='par_1_137' title="bbox 2003 4455 3703 4527">
     <span class='ocr_line' id='line_1_141' title="bbox 2003 4455 3703 4527; baseline 0 -17"><span class='ocrx_word' id='word_1_1026' title='bbox 2003 4458 2416 4527; x_wconf 79' lang='lat' dir='ltr'><strong>praecurrentia</strong></span> <span class='ocrx_word' id='word_1_1027' title='bbox 2444 4455 3181 4527; x_wconf 49' lang='lat' dir='ltr'><strong>membrafcognoscimus.</strong></span> <span class='ocrx_word' id='word_1_1028' title='bbox 3236 4459 3301 4512; x_wconf 89' lang='lat' dir='ltr'><strong>Et</strong></span> <span class='ocrx_word' id='word_1_1029' title='bbox 3331 4455 3404 4511; x_wconf 28' lang='lat' dir='ltr'><strong>in‘</strong></span> <span class='ocrx_word' id='word_1_1030' title='bbox 3423 4455 3703 4512; x_wconf 80' lang='lat' dir='ltr'><strong>rhetorica</strong></span> 
     </span>
    </p>
   </div>
   <div class='ocr_carea' id='block_1_138' title="bbox 2004 4527 3702 4599">
    <p class='ocr_par' dir='ltr' id='par_1_138' title="bbox 2004 4527 3702 4599">
     <span class='ocr_line' id='line_1_142' title="bbox 2004 4527 3702 4599; baseline 0.002 -18"><span class='ocrx_word' id='word_1_1031' title='bbox 2004 4528 2211 4599; x_wconf 85' lang='lat' dir='ltr'><strong>prioris</strong></span> <span class='ocrx_word' id='word_1_1032' title='bbox 2256 4529 2412 4583; x_wconf 90' lang='lat' dir='ltr'><strong>locus</strong></span> <span class='ocrx_word' id='word_1_1033' title='bbox 2461 4529 2726 4599; x_wconf 88' lang='lat' dir='ltr'><strong>similiter</strong></span> <span class='ocrx_word' id='word_1_1034' title='bbox 2763 4527 3070 4582; x_wconf 83' lang='lat' dir='ltr'><strong>collocatur</strong></span> <span class='ocrx_word' id='word_1_1035' title='bbox 3103 4545 3116 4582; x_wconf 89' lang='lat'><strong>:</strong></span> <span class='ocrx_word' id='word_1_1036' title='bbox 3168 4544 3302 4582; x_wconf 91' lang='lat' dir='ltr'><strong>nam</strong></span> <span class='ocrx_word' id='word_1_1037' title='bbox 3328 4527 3488 4599; x_wconf 89' lang='lat' dir='ltr'><strong>prius</strong></span> <span class='ocrx_word' id='word_1_1038' title='bbox 3517 4544 3702 4599; x_wconf 62' lang='lat' dir='ltr'><strong>proas-</strong></span> 
     </span>
    </p>
   </div>
   <div class='ocr_carea' id='block_1_139' title="bbox 2003 4598 3706 4670">
    <p class='ocr_par' dir='ltr' id='par_1_139' title="bbox 2003 4598 3706 4670">
     <span class='ocr_line' id='line_1_143' title="bbox 2003 4598 3706 4670; baseline 0 -17"><span class='ocrx_word' id='word_1_1039' title='bbox 2003 4598 2186 4653; x_wconf 89' lang='lat' dir='ltr'><strong>mium</strong></span> <span class='ocrx_word' id='word_1_1040' title='bbox 2218 4599 2482 4670; x_wconf 87' lang='lat' dir='ltr'><strong>dicimus,</strong></span> <span class='ocrx_word' id='word_1_1041' title='bbox 2532 4598 2739 4654; x_wconf 87' lang='lat' dir='ltr'><strong>dehinc</strong></span> <span class='ocrx_word' id='word_1_1042' title='bbox 2786 4599 3195 4666; x_wconf 88' lang='lat' dir='ltr'><strong>narrationem,</strong></span> <span class='ocrx_word' id='word_1_1043' title='bbox 3246 4603 3377 4670; x_wconf 87' lang='lat' dir='ltr'><strong>post</strong></span> <span class='ocrx_word' id='word_1_1044' title='bbox 3422 4598 3706 4670; x_wconf 88' lang='lat' dir='ltr'><strong>depulsio-</strong></span> 
     </span>
    </p>
   </div>
   <div class='ocr_carea' id='block_1_140' title="bbox 2003 4668 3703 4742">
    <p class='ocr_par' dir='ltr' id='par_1_140' title="bbox 2003 4668 3703 4742">
     <span class='ocr_line' id='line_1_144' title="bbox 2003 4668 3703 4742; baseline -0.001 -18"><span class='ocrx_word' id='word_1_1045' title='bbox 2003 4686 2157 4738; x_wconf 89' lang='lat' dir='ltr'><strong>nem,</strong></span> <span class='ocrx_word' id='word_1_1046' title='bbox 2185 4675 2308 4742; x_wconf 89' lang='lat' dir='ltr'><strong>tum</strong></span> <span class='ocrx_word' id='word_1_1047' title='bbox 2335 4669 2864 4742; x_wconf 83' lang='lat' dir='ltr'><strong>conﬁrmationem;</strong></span> <span class='ocrx_word' id='word_1_1048' title='bbox 2899 4675 3221 4742; x_wconf 86' lang='lat' dir='ltr'><strong>postremus</strong></span> <span class='ocrx_word' id='word_1_1049' title='bbox 3248 4668 3512 4742; x_wconf 79' lang='lat' dir='ltr'><strong>epilogus</strong></span> <span class='ocrx_word' id='word_1_1050' title='bbox 3538 4669 3703 4742; x_wconf 85' lang='lat' dir='ltr'><strong>poni-</strong></span> 
     </span>
    </p>
   </div>
   <div class='ocr_carea' id='block_1_141' title="bbox 2002 4739 3701 4812">
    <p class='ocr_par' dir='ltr' id='par_1_141' title="bbox 2002 4739 3701 4812">
     <span class='ocr_line' id='line_1_145' title="bbox 2002 4739 3701 4812; baseline 0 -17"><span class='ocrx_word' id='word_1_1051' title='bbox 2002 4745 2119 4812; x_wconf 34' lang='lat' dir='ltr'><strong>tur:</strong></span> <span class='ocrx_word' id='word_1_1052' title='bbox 2180 4741 2273 4795; x_wconf 82' lang='lat' dir='ltr'><strong>His</strong></span> <span class='ocrx_word' id='word_1_1053' title='bbox 2331 4740 2508 4811; x_wconf 89' lang='lat' dir='ltr'><strong>igitur</strong></span> <span class='ocrx_word' id='word_1_1054' title='bbox 2581 4740 2855 4812; x_wconf 85' lang='lat' dir='ltr'><strong>exemplis</strong></span> <span class='ocrx_word' id='word_1_1055' title='bbox 2901 4739 3146 4795; x_wconf 75' lang='lat' dir='ltr'><strong>tertium</strong></span> <span class='ocrx_word' id='word_1_1056' title='bbox 3202 4739 3426 4812; x_wconf 77' lang='lat' dir='ltr'><strong>prioris</strong></span> <span class='ocrx_word' id='word_1_1057' title='bbox 3467 4739 3701 4795; x_wconf 82' lang='lat' dir='ltr'><strong>modum</strong></span> 
     </span>
    </p>
   </div>
   <div class='ocr_carea' id='block_1_142' title="bbox 2002 4811 3703 4876">
    <p class='ocr_par' dir='ltr' id='par_1_142' title="bbox 2002 4811 3703 4876">
     <span class='ocr_line' id='line_1_146' title="bbox 2002 4811 3703 4876; baseline -0.001 -10"><span class='ocrx_word' id='word_1_1058' title='bbox 2002 4811 2246 4866; x_wconf 83' lang='lat' dir='ltr'><strong>sufﬁciat</strong></span> <span class='ocrx_word' id='word_1_1059' title='bbox 2287 4812 2723 4867; x_wconf 89' lang='lat' dir='ltr'><strong>demonstrasse.</strong></span> <span class='ocrx_word' id='word_1_1060' title='bbox 2751 4811 3021 4876; x_wconf 33' lang='lat' dir='ltr'><strong>’Quartus</strong></span> <span class='ocrx_word' id='word_1_1061' title='bbox 3048 4827 3182 4865; x_wconf 90' lang='lat' dir='ltr'><strong>vero</strong></span> <span class='ocrx_word' id='word_1_1062' title='bbox 3213 4811 3418 4866; x_wconf 92' lang='lat' dir='ltr'><strong>modus</strong></span> <span class='ocrx_word' id='word_1_1063' title='bbox 3465 4817 3551 4865; x_wconf 89' lang='lat' dir='ltr'><strong>est</strong></span> <span class='ocrx_word' id='word_1_1064' title='bbox 3587 4827 3703 4865; x_wconf 90' lang='lat' dir='ltr'><strong>non</strong></span> 
     </span>
    </p>
   </div>
   <div class='ocr_carea' id='block_1_143' title="bbox 2002 4880 3703 4954">
    <p class='ocr_par' dir='ltr' id='par_1_143' title="bbox 2002 4880 3703 4954">
     <span class='ocr_line' id='line_1_147' title="bbox 2002 4880 3703 4954; baseline -0.002 -16"><span class='ocrx_word' id='word_1_1065' title='bbox 2002 4884 2249 4938; x_wconf 90' lang='lat' dir='ltr'><strong>multum</strong></span> <span class='ocrx_word' id='word_1_1066' title='bbox 2293 4881 2635 4954; x_wconf 89' lang='lat' dir='ltr'><strong>probabilis;</strong></span> <span class='ocrx_word' id='word_1_1067' title='bbox 2664 4887 2720 4936; x_wconf 90' lang='lat' dir='ltr'><strong>et</strong></span> <span class='ocrx_word' id='word_1_1068' title='bbox 2745 4883 2816 4937; x_wconf 91' lang='lat' dir='ltr'><strong>ab</strong></span> <span class='ocrx_word' id='word_1_1069' title='bbox 2846 4881 2970 4954; x_wconf 90' lang='lat' dir='ltr'><strong>ipso</strong></span> <span class='ocrx_word' id='word_1_1070' title='bbox 2998 4880 3300 4937; x_wconf 88' lang='lat' dir='ltr'><strong>Aristotele</strong></span> <span class='ocrx_word' id='word_1_1071' title='bbox 3347 4882 3703 4954; x_wconf 86' lang='lat' dir='ltr'><strong>improbatus</strong></span> 
     </span>
    </p>
   </div>
   <div class='ocr_carea' id='block_1_144' title="bbox 2003 4952 3705 5024">
    <p class='ocr_par' dir='ltr' id='par_1_144' title="bbox 2003 4952 3705 5024">
     <span class='ocr_line' id='line_1_148' title="bbox 2003 4952 3705 5024; baseline -0.002 -16"><span class='ocrx_word' id='word_1_1072' title='bbox 2003 4952 2331 5024; x_wconf 76' lang='lat' dir='ltr'><strong>exponitur,</strong></span> <span class='ocrx_word' id='word_1_1073' title='bbox 2363 4959 2428 5008; x_wconf 91' lang='lat' dir='ltr'><strong>ut</strong></span> <span class='ocrx_word' id='word_1_1074' title='bbox 2447 4970 2576 5007; x_wconf 93' lang='lat' dir='ltr'><strong>cum</strong></span> <span class='ocrx_word' id='word_1_1075' title='bbox 2604 4954 2830 5007; x_wconf 88' lang='lat' dir='ltr'><strong>fortuna</strong></span> <span class='ocrx_word' id='word_1_1076' title='bbox 2853 4952 3121 5007; x_wconf 87' lang='lat' dir='ltr'><strong>meliores</strong></span> <span class='ocrx_word' id='word_1_1077' title='bbox 3152 4954 3238 5008; x_wconf 89' lang='lat' dir='ltr'><strong>vel</strong></span> <span class='ocrx_word' id='word_1_1078' title='bbox 3264 4952 3705 5024; x_wconf 54' lang='lat' dir='ltr'><strong>clariores,prio-</strong></span> 
     </span>
    </p>
   </div>
   <div class='ocr_carea' id='block_1_145' title="bbox 2003 5023 3702 5096">
    <p class='ocr_par' dir='ltr' id='par_1_145' title="bbox 2003 5023 3702 5096">
     <span class='ocr_line' id='line_1_149' title="bbox 2003 5023 3702 5096; baseline 0 -18"><span class='ocrx_word' id='word_1_1079' title='bbox 2003 5023 2093 5079; x_wconf 80' lang='lat' dir='ltr'><strong>res</strong></span> <span class='ocrx_word' id='word_1_1080' title='bbox 2121 5025 2326 5096; x_wconf 88' lang='lat' dir='ltr'><strong>vulgus</strong></span> <span class='ocrx_word' id='word_1_1081' title='bbox 2354 5025 2561 5079; x_wconf 89' lang='lat' dir='ltr'><strong>assolet</strong></span> <span class='ocrx_word' id='word_1_1082' title='bbox 2591 5024 2801 5080; x_wconf 90' lang='lat' dir='ltr'><strong>dicere.</strong></span> <span class='ocrx_word' id='word_1_1083' title='bbox 2833 5024 2942 5096; x_wconf 84' lang='lat' dir='ltr'><strong>Sed</strong></span> <span class='ocrx_word' id='word_1_1084' title='bbox 2981 5040 3109 5079; x_wconf 89' lang='lat' dir='ltr'><strong>mea</strong></span> <span class='ocrx_word' id='word_1_1085' title='bbox 3139 5024 3439 5096; x_wconf 83' lang='lat' dir='ltr'><strong>sententia,</strong></span> <span class='ocrx_word' id='word_1_1086' title='bbox 3472 5023 3556 5076; x_wconf 89' lang='lat' dir='ltr'><strong>vis</strong></span> <span class='ocrx_word' id='word_1_1087' title='bbox 3593 5023 3702 5096; x_wconf 49' lang='lat' dir='ltr'><strong>hu:</strong></span> 
     </span>
    </p>
   </div>
   <div class='ocr_carea' id='block_1_146' title="bbox 1995 5094 3701 5168">
    <p class='ocr_par' dir='ltr' id='par_1_146' title="bbox 1995 5094 3701 5168">
     <span class='ocr_line' id='line_1_150' title="bbox 1995 5094 3701 5168; baseline -0.002 -17"><span class='ocrx_word' id='word_1_1088' title='bbox 1995 5097 2094 5168; x_wconf 85' lang='lat' dir='ltr'><strong>jus</strong></span> <span class='ocrx_word' id='word_1_1089' title='bbox 2139 5094 2345 5168; x_wconf 85' lang='lat' dir='ltr'><strong>prioris</strong></span> <span class='ocrx_word' id='word_1_1090' title='bbox 2394 5097 2642 5168; x_wconf 69' lang='lat' dir='ltr'><strong>explosa</strong></span> <span class='ocrx_word' id='word_1_1091' title='bbox 2673 5101 2778 5152; x_wconf 89' lang='lat' dir='ltr'><strong>est.</strong></span> <span class='ocrx_word' id='word_1_1092' title='bbox 2808 5095 2882 5168; x_wconf 79' lang='lat' dir='ltr'><strong>Ili</strong></span> <span class='ocrx_word' id='word_1_1093' title='bbox 2911 5100 3044 5151; x_wconf 91' lang='lat' dir='ltr'><strong>sunt</strong></span> <span class='ocrx_word' id='word_1_1094' title='bbox 3065 5101 3322 5168; x_wconf 80' lang='lat' dir='ltr'><strong>quatuor</strong></span> <span class='ocrx_word' id='word_1_1095' title='bbox 3361 5095 3502 5164; x_wconf 87' lang='lat' dir='ltr'><strong>ejus,</strong></span> <span class='ocrx_word' id='word_1_1096' title='bbox 3547 5094 3701 5168; x_wconf 83' lang='lat' dir='ltr'><strong>quod</strong></span> 
     </span>
    </p>
   </div>
   <div class='ocr_carea' id='block_1_147' title="bbox 2003 5165 3702 5238">
    <p class='ocr_par' dir='ltr' id='par_1_147' title="bbox 2003 5165 3702 5238">
     <span class='ocr_line' id='line_1_151' title="bbox 2003 5165 3702 5238; baseline -0.001 -18"><span class='ocrx_word' id='word_1_1097' title='bbox 2003 5165 2162 5238; x_wconf 80' lang='lat' dir='ltr'><strong>prius</strong></span> <span class='ocrx_word' id='word_1_1098' title='bbox 2211 5167 2435 5238; x_wconf 90' lang='lat' dir='ltr'><strong>dicitur,</strong></span> <span class='ocrx_word' id='word_1_1099' title='bbox 2466 5165 2648 5222; x_wconf 21' lang='lat' dir='ltr'><strong>imodi</strong></span> <span class='ocrx_word' id='word_1_1100' title='bbox 2682 5184 2694 5222; x_wconf 92' lang='lat'><strong>:</strong></span> <span class='ocrx_word' id='word_1_1101' title='bbox 2729 5167 2824 5222; x_wconf 90' lang='lat' dir='ltr'><strong>sed</strong></span> <span class='ocrx_word' id='word_1_1102' title='bbox 2875 5165 3151 5222; x_wconf 78' lang='lat' dir='ltr'><strong>occultior</strong></span> <span class='ocrx_word' id='word_1_1103' title='bbox 3189 5165 3420 5238; x_wconf 87' lang='lat' dir='ltr'><strong>quidam</strong></span> <span class='ocrx_word' id='word_1_1104' title='bbox 3461 5165 3702 5238; x_wconf 82' lang='lat' dir='ltr'><strong>quintus</strong></span> 
     </span>
    </p>
   </div>
   <div class='ocr_carea' id='block_1_148' title="bbox 2004 5235 3701 5310">
    <p class='ocr_par' dir='ltr' id='par_1_148' title="bbox 2004 5235 3701 5310">
     <span class='ocr_line' id='line_1_152' title="bbox 2004 5235 3701 5310; baseline -0.001 -18"><span class='ocrx_word' id='word_1_1105' title='bbox 2004 5235 2359 5308; x_wconf 76' lang='lat' dir='ltr'><strong>adjungitur,</strong></span> <span class='ocrx_word' id='word_1_1106' title='bbox 2405 5238 2652 5310; x_wconf 85' lang='lat' dir='ltr'><strong>quoties,</strong></span> <span class='ocrx_word' id='word_1_1107' title='bbox 2695 5254 2760 5293; x_wconf 88' lang='lat' dir='ltr'><strong>ex</strong></span> <span class='ocrx_word' id='word_1_1108' title='bbox 2802 5238 3043 5306; x_wconf 88' lang='lat' dir='ltr'><strong>duobus,</strong></span> <span class='ocrx_word' id='word_1_1109' title='bbox 3086 5235 3224 5310; x_wconf 59' lang='lat' dir='ltr'><strong>quin</strong></span> <span class='ocrx_word' id='word_1_1110' title='bbox 3247 5236 3318 5310; x_wconf 93' lang='lat' dir='ltr'><strong>in_</strong></span> <span class='ocrx_word' id='word_1_1111' title='bbox 3351 5251 3409 5288; x_wconf 89' lang='lat' dir='ltr'><strong>se</strong></span> <span class='ocrx_word' id='word_1_1112' title='bbox 3455 5235 3701 5310; x_wconf 72' lang='lat' dir='ltr'><strong>invicem</strong></span> 
     </span>
    </p>
   </div>
   <div class='ocr_carea' id='block_1_149' title="bbox 2004 5305 3694 5380">
    <p class='ocr_par' dir='ltr' id='par_1_149' title="bbox 2004 5305 3694 5380">
     <span class='ocr_line' id='line_1_153' title="bbox 2004 5305 3694 5380; baseline -0.002 -16"><span class='ocrx_word' id='word_1_1113' title='bbox 2004 5305 2440 5374; x_wconf 55' lang='lat' dir='ltr'><strong>convertuntur:</strong></span> <span class='ocrx_word' id='word_1_1114' title='bbox 2454 5309 2594 5364; x_wconf 91' lang='lat' dir='ltr'><strong>illud</strong></span> <span class='ocrx_word' id='word_1_1115' title='bbox 2625 5314 2708 5364; x_wconf 92' lang='lat' dir='ltr'><strong>est</strong></span> <span class='ocrx_word' id='word_1_1116' title='bbox 2736 5309 2930 5380; x_wconf 90' lang='lat' dir='ltr'><strong>potius</strong></span> <span class='ocrx_word' id='word_1_1117' title='bbox 2953 5305 3249 5378; x_wconf 47' lang='lat' dir='ltr'><strong>quod‘esse</strong></span> <span class='ocrx_word' id='word_1_1118' title='bbox 3272 5307 3516 5380; x_wconf 76' lang='lat' dir='ltr'><strong>aiterum</strong></span> <span class='ocrx_word' id='word_1_1119' title='bbox 3532 5305 3694 5362; x_wconf 80' lang='lat' dir='ltr'><strong>facit:</strong></span> 
     </span>
    </p>
   </div>
   <div class='ocr_carea' id='block_1_150' title="bbox 2003 5377 3702 5452">
    <p class='ocr_par' dir='ltr' id='par_1_150' title="bbox 2003 5377 3702 5452">
     <span class='ocr_line' id='line_1_154' title="bbox 2003 5377 3702 5452; baseline -0.001 -18"><span class='ocrx_word' id='word_1_1120' title='bbox 2003 5384 2066 5434; x_wconf 90' lang='lat' dir='ltr'><strong>ut</strong></span> <span class='ocrx_word' id='word_1_1121' title='bbox 2085 5380 2345 5452; x_wconf 86' lang='lat' dir='ltr'><strong>exempli</strong></span> <span class='ocrx_word' id='word_1_1122' title='bbox 2389 5381 2595 5451; x_wconf 90' lang='lat' dir='ltr'><strong>gratia,</strong></span> <span class='ocrx_word' id='word_1_1123' title='bbox 2645 5380 2692 5434; x_wconf 91' lang='lat' dir='ltr'><strong>si</strong></span> <span class='ocrx_word' id='word_1_1124' title='bbox 2735 5377 2821 5434; x_wconf 78' lang='lat' dir='ltr'><strong>est</strong></span> <span class='ocrx_word' id='word_1_1125' title='bbox 2870 5377 3066 5452; x_wconf 86' lang='lat' dir='ltr'><strong>homo.</strong></span> <span class='ocrx_word' id='word_1_1126' title='bbox 3097 5383 3247 5431; x_wconf 92' lang='lat' dir='ltr'><strong>recte</strong></span> <span class='ocrx_word' id='word_1_1127' title='bbox 3284 5377 3538 5452; x_wconf 79' lang='lat' dir='ltr'><strong>_dicimus</strong></span> <span class='ocrx_word' id='word_1_1128' title='bbox 3570 5393 3702 5432; x_wconf 90' lang='lat' dir='ltr'><strong>eum</strong></span> 
     </span>
    </p>
   </div>
   <div class='ocr_carea' id='block_1_151' title="bbox 2002 5448 3705 5519">
    <p class='ocr_par' dir='ltr' id='par_1_151' title="bbox 2002 5448 3705 5519">
     <span class='ocr_line' id='line_1_155' title="bbox 2002 5448 3705 5519; baseline -0.002 -13"><span class='ocrx_word' id='word_1_1129' title='bbox 2002 5451 2213 5506; x_wconf 86' lang='lat' dir='ltr'><strong>animal</strong></span> <span class='ocrx_word' id='word_1_1130' title='bbox 2247 5448 2542 5515; x_wconf 68' lang='lat' dir='ltr'><strong>rationale,</strong></span> <span class='ocrx_word' id='word_1_1131' title='bbox 2573 5453 2830 5515; x_wconf 89' lang='lat' dir='ltr'><strong>mortale,</strong></span> <span class='ocrx_word' id='word_1_1132' title='bbox 2873 5449 3020 5503; x_wconf 90' lang='lat' dir='ltr'><strong>risus</strong></span> <span class='ocrx_word' id='word_1_1133' title='bbox 3049 5464 3245 5519; x_wconf 88' lang='lat' dir='ltr'><strong>capax.</strong></span> <span class='ocrx_word' id='word_1_1134' title='bbox 3283 5449 3346 5502; x_wconf 88' lang='lat' dir='ltr'><strong>Et</strong></span> <span class='ocrx_word' id='word_1_1135' title='bbox 3382 5448 3432 5502; x_wconf 83' lang='lat' dir='ltr'><strong>si</strong></span> <span class='ocrx_word' id='word_1_1136' title='bbox 3457 5464 3590 5502; x_wconf 91' lang='lat' dir='ltr'><strong>vera</strong></span> <span class='ocrx_word' id='word_1_1137' title='bbox 3620 5453 3705 5503; x_wconf 87' lang='lat' dir='ltr'><strong>est</strong></span> 
     </span>
    </p>
   </div>
   <div class='ocr_carea' id='block_1_152' title="bbox 2000 5519 3703 5588">
    <p class='ocr_par' dir='ltr' id='par_1_152' title="bbox 2000 5519 3703 5588">
     <span class='ocr_line' id='line_1_156' title="bbox 2000 5519 3703 5588; baseline -0.002 -11"><span class='ocrx_word' id='word_1_1138' title='bbox 2000 5522 2251 5577; x_wconf 90' lang='lat' dir='ltr'><strong>hominis</strong></span> <span class='ocrx_word' id='word_1_1139' title='bbox 2292 5523 2399 5577; x_wconf 88' lang='lat' dir='ltr'><strong>ista</strong></span> <span class='ocrx_word' id='word_1_1140' title='bbox 2431 5523 2710 5588; x_wconf 91' lang='lat' dir='ltr'><strong>deﬁnitio,</strong></span> <span class='ocrx_word' id='word_1_1141' title='bbox 2754 5537 2874 5575; x_wconf 89' lang='lat' dir='ltr'><strong>esse</strong></span> <span class='ocrx_word' id='word_1_1142' title='bbox 2922 5519 3219 5575; x_wconf 90' lang='lat' dir='ltr'><strong>hominem</strong></span> <span class='ocrx_word' id='word_1_1143' title='bbox 3251 5535 3448 5574; x_wconf 88' lang='lat' dir='ltr'><strong>verum</strong></span> <span class='ocrx_word' id='word_1_1144' title='bbox 3480 5523 3583 5573; x_wconf 90' lang='lat' dir='ltr'><strong>est.</strong></span> <span class='ocrx_word' id='word_1_1145' title='bbox 3619 5520 3703 5574; x_wconf 89' lang='lat' dir='ltr'><strong>Ita</strong></span> 
     </span>
    </p>
   </div>
   <div class='ocr_carea' id='block_1_153' title="bbox 1999 5591 3702 5665">
    <p class='ocr_par' dir='ltr' id='par_1_153' title="bbox 1999 5591 3702 5665">
     <span class='ocr_line' id='line_1_157' title="bbox 1999 5591 3702 5665; baseline -0.003 -17"><span class='ocrx_word' id='word_1_1146' title='bbox 1999 5598 2310 5665; x_wconf 88' lang='lat' dir='ltr'><strong>utrumque</strong></span> <span class='ocrx_word' id='word_1_1147' title='bbox 2335 5593 2394 5648; x_wconf 91' lang='lat' dir='ltr'><strong>in</strong></span> <span class='ocrx_word' id='word_1_1148' title='bbox 2421 5610 2480 5649; x_wconf 90' lang='lat' dir='ltr'><strong>se</strong></span> <span class='ocrx_word' id='word_1_1149' title='bbox 2505 5592 2872 5665; x_wconf 73' lang='lat' dir='ltr'><strong>convertitur,</strong></span> <span class='ocrx_word' id='word_1_1150' title='bbox 2894 5591 3010 5665; x_wconf 80' lang='lat' dir='ltr'><strong>hoc</strong></span> <span class='ocrx_word' id='word_1_1151' title='bbox 3035 5594 3121 5665; x_wconf 84' lang='lat' dir='ltr'><strong>est</strong></span> <span class='ocrx_word' id='word_1_1152' title='bbox 3138 5597 3200 5665; x_wconf 90' lang='lat' dir='ltr'><strong>_et</strong></span> <span class='ocrx_word' id='word_1_1153' title='bbox 3229 5591 3481 5665; x_wconf 87' lang='lat' dir='ltr'><strong>hominis</strong></span> <span class='ocrx_word' id='word_1_1154' title='bbox 3511 5606 3702 5644; x_wconf 90' lang='lat' dir='ltr'><strong>veram</strong></span> 
     </span>
    </p>
   </div>
   <div class='ocr_carea' id='block_1_154' title="bbox 2001 5661 3702 5727">
    <p class='ocr_par' dir='ltr' id='par_1_154' title="bbox 2001 5661 3702 5727">
     <span class='ocr_line' id='line_1_158' title="bbox 2001 5661 3702 5727; baseline -0.002 -8"><span class='ocrx_word' id='word_1_1155' title='bbox 2001 5681 2122 5719; x_wconf 90' lang='lat' dir='ltr'><strong>esse</strong></span> <span class='ocrx_word' id='word_1_1156' title='bbox 2177 5661 2596 5727; x_wconf 78' lang='lat' dir='ltr'><strong>deﬁnitionem,</strong></span> <span class='ocrx_word' id='word_1_1157' title='bbox 2648 5669 2705 5717; x_wconf 90' lang='lat' dir='ltr'><strong>et</strong></span> <span class='ocrx_word' id='word_1_1158' title='bbox 2734 5661 3086 5717; x_wconf 86' lang='lat' dir='ltr'><strong>deﬁnitionis</strong></span> <span class='ocrx_word' id='word_1_1159' title='bbox 3135 5661 3430 5717; x_wconf 91' lang='lat' dir='ltr'><strong>hominem</strong></span> <span class='ocrx_word' id='word_1_1160' title='bbox 3477 5677 3702 5716; x_wconf 88' lang='lat' dir='ltr'><strong>verum.</strong></span> 
     </span>
    </p>
   </div>
   <div class='ocr_carea' id='block_1_155' title="bbox 2001 5731 3704 5808">
    <p class='ocr_par' dir='ltr' id='par_1_155' title="bbox 2001 5731 3704 5808">
     <span class='ocr_line' id='line_1_159' title="bbox 2001 5731 3704 5808; baseline -0.002 -17"><span class='ocrx_word' id='word_1_1161' title='bbox 2001 5737 2113 5792; x_wconf 91' lang='lat' dir='ltr'><strong>Sed</strong></span> <span class='ocrx_word' id='word_1_1162' title='bbox 2171 5737 2449 5808; x_wconf 87' lang='lat' dir='ltr'><strong>quoniam</strong></span> <span class='ocrx_word' id='word_1_1163' title='bbox 2497 5731 2757 5808; x_wconf 83' lang='lat' dir='ltr'><strong>deﬁnitio</strong></span> <span class='ocrx_word' id='word_1_1164' title='bbox 2801 5749 2934 5787; x_wconf 91' lang='lat' dir='ltr'><strong>vera</strong></span> <span class='ocrx_word' id='word_1_1165' title='bbox 2987 5749 3276 5808; x_wconf 71' lang='lat' dir='ltr'><strong>essenon</strong></span> <span class='ocrx_word' id='word_1_1166' title='bbox 3317 5732 3704 5808; x_wconf 72' lang='lat' dir='ltr'><strong>po_terat,_nisi</strong></span> 
     </span>
    </p>
   </div>
   <div class='ocr_carea' id='block_1_156' title="bbox 2002 5803 3698 5880">
    <p class='ocr_par' dir='ltr' id='par_1_156' title="bbox 2002 5803 3698 5880">
     <span class='ocr_line' id='line_1_160' title="bbox 2002 5803 3698 5880; baseline 0 -18"><span class='ocrx_word' id='word_1_1167' title='bbox 2002 5808 2158 5880; x_wconf 87' lang='lat' dir='ltr'><strong>prius</strong></span> <span class='ocrx_word' id='word_1_1168' title='bbox 2177 5803 2380 5863; x_wconf 79' lang='lat' dir='ltr'><strong>natura</strong></span> <span class='ocrx_word' id='word_1_1169' title='bbox 2400 5805 2652 5861; x_wconf 90' lang='lat' dir='ltr'><strong>hominis</strong></span> <span class='ocrx_word' id='word_1_1170' title='bbox 2667 5809 3001 5876; x_wconf 85' lang='lat' dir='ltr'><strong>appareret;</strong></span> <span class='ocrx_word' id='word_1_1171' title='bbox 3027 5804 3235 5861; x_wconf 87' lang='lat' dir='ltr'><strong>idcirco</strong></span> <span class='ocrx_word' id='word_1_1172' title='bbox 3257 5803 3332 5860; x_wconf 16' lang='lat' dir='ltr'><strong>ex,</strong></span> <span class='ocrx_word' id='word_1_1173' title='bbox 3344 5804 3432 5860; x_wconf 90' lang='lat' dir='ltr'><strong>his</strong></span> <span class='ocrx_word' id='word_1_1174' title='bbox 3455 5803 3698 5862; x_wconf 89' lang='lat' dir='ltr'><strong>duobus.</strong></span> 
     </span>
    </p>
   </div>
  </div>
