4056 6356
378 310 514 364 1439

373 445 504 502 quas
533 429 589 502 in
617 433 796 484 semet
815 427 1535 502 convertidix_imus,homo
1556 424 1766 502 prioris
1784 426 1973 502 locum
1993 428 2072 477 te-

376 496 586 571 net,cuj
598 517 661 554 us
679 500 958 554 exstantia
979 498 1326 552 deﬁnitionis
1341 513 1455 550 suas
1470 496 1738 565 exprimit
1749 496 2065 549 veritatem.

839 587 1064 642 CAPUT
1103 587 1203 640 XX.
1232 615 1299 625 —
1327 587 1398 640 De
1427 585 1604 638 simul.

448 659 723 730 Sequitur
769 663 832 730 ut
884 657 1290 730 proprietatem
1339 655 1514 730 verbi,
1552 670 1678 730 quo
1726 653 2071 730 simul_esse

379 723 640 801 quaid-am
676 723 934 792 dicimus,
983 723 1384 801 exprimamus.
1438 723 1620 801 Rati6_
1648 725 1802 801 enim
1850 723 2073 801 videtur

380 796 627 869 exigere,
660 804 722 852 ut
750 805 878 869 post
908 796 1115 867 prioris
1165 801 1466 869 tractatum
1511 797 1579 850 de
1607 796 1696 869 bis
1727 796 2068 869 disputetur,

380 865 708 942 quzesimul
731 865 849 922 esse
882 865 1197 942 ﬁrmantur.
1231 867 1408 942 Simul
1441 883 1576 935 ergo
1601 865 1866 920 dicuntur
1889 865 2072 942 tribus

381 937 564 994 modis
592 957 603 993 :
637 957 766 993 cum
799 939 1067 1011 qurelibet
1091 939 1257 1011 simul
1290 939 1539 1011 eicistunt
1558 953 1674 1011 uno
1704 941 1961 1011 tempore
1984 937 2070 1011 vel

381 1016 678 1079 apparent,
707 1011 784 1063 ita
816 1007 887 1063 'ut
915 1014 1181 1062 neutrum
1214 1009 1282 1063 de
1315 1009 1534 1062 duobus
1561 1009 1646 1061 vel
1672 1008 1831 1078 prius
1853 1007 1951 1079 sit,
1983 1007 2071 1060 vel

381 1028 413 1065 a
459 1028 678 1079 parent,
707 1028 784 1063 ita
825 1028 887 1063 ut
915 1028 1181 1062 neutrum
1214 1028 1282 1063 ae
1315 1028 1534 1062 ouonus
1561 1028 1646 1061 vel
1673 1028 1831 1078 prius
1863 1028 1951 1069 su,
1984 1028 2071 1060 vei

381 1028 625 1135 afterum
674 1085 1070 1151 consequatur,
1129 1080 1226 1132 sed
1279 1081 1776 1151 utriusquegortus
1812 1078 2073 1151 videatur

382 1169 502 1205 esse
552 1148 892 1216 communis,
941 1151 1086 1203 sicut
1123 1151 1277 1203 calor
1321 1159 1376 1203 et
1413 1148 1684 1219 splendor
1713 1148 1770 1201 in
1802 1149 1937 1202 sole.
1971 1148 2071 1202 Se-

382 1223 600 1276 cundus
628 1223 783 1275 locus
813 1227 896 1275 est
925 1237 1144 1287 eorum,
1189 1237 1316 1290 qua:
1352 1220 1685 1272 naturaliter
1715 1219 1883 1272 simul
1916 1221 2067 1290 sunt,

382 1294 605 1346 nullum
637 1297 827 1346 tamen
859 1307 1058 1345 eorum
1091 1289 1321 1360 praestat
1346 1291 1506 1344 alteri
1536 1307 1548 1343 :
1583 1295 1644 1342 ut
1681 1290 1839 1343 verbi
1869 1289 2071 1360 gratia,

381 1363 428 1416 si
473 1363 743 1432 simplum
788 1367 846 1416 et
891 1363 1130 1432 duplum
1183 1377 1483 1432 ponamus,
1532 1377 1759 1432 necesse
1791 1365 1873 1432 est
1902 1360 2073 1432 simul

380 1449 503 1487 esse
547 1430 902 1497 naturaliter,
937 1430 1030 1485 sed
1065 1430 1251 1502 neque
1283 1433 1520 1502 duplum
1553 1431 1683 1484 facit
1713 1436 1775 1484 ut
1801 1430 2072 1501 simplum

377 1504 468 1566 sit,
501 1520 686 1574 neque
718 1504 988 1573 simplum
1025 1504 1196 1556 efﬁcit
1219 1503 1480 1574 duplum.
1517 1503 1630 1556 Hoc
1656 1503 1776 1574 loco
1805 1517 2072 1574 noscon:

377 1571 615 1628 fundere
647 1591 759 1628 non
804 1571 1050 1643 oportet,
1096 1589 1168 1627 ne
1199 1571 1470 1644 quoniam
1503 1573 1728 1644 cumde
1758 1573 1826 1626 ad
1857 1571 2073 1644 aliquid

379 1645 544 1699 dictis
570 1642 962 1710 tractaremus,
1003 1644 1057 1698 id
1091 1642 1308 1697 esse—ad
1342 1643 1555 1711 aliquid
1601 1642 1871 1709 diximus,
1918 1643 2072 1713 quod

379 1716 656 1786 penderet
705 1732 770 1768 ex
824 1717 1022 1782 altero,
1078 1715 1371 1786 videamur
1399 1730 1551 1786 nunc
1578 1718 1777 1786 contra
1807 1713 2074 1786 superius

383 1783 617 1865 deﬁnita
637 1790 898 1840 tractare.
937 1785 1140 1840 Omnia
1168 1801 1424 1865 namque.
1450 1785 1518 1838 ad
1541 1785 1757 1865 aliquid
1791 1783 2077 1865 dicta,dici

381 1873 447 1910 ex
477 1857 675 1922 altero,
719 1872 834 1910 non
879 1872 1001 1910 esse
1043 1872 1105 1909 ex
1149 1854 1340 1910 altero‘
1371 1854 1784 1924 disputavimus
1814 1871 1826 1908 :
1859 1871 1960 1907 nec
1987 1854 2074 1907 ul-

375 1927 468 1981 lus
517 1943 678 1981 error
725 1932 824 1991 est,
863 1927 924 1988 si
951 1927 1076 1997 quis
1122 1928 1425 1981 verborum
1458 1931 1783 1979 nostrorum
1819 1926 2076 1997 pondera

379 1997 710 2069 diligentius
743 1996 1149 2069 perscru’tetur.
1185 1997 1407 2069 Tertius
1441 1997 1595 2069 locus
1621 2001 1722 2061 est,
1756 1996 1977 2066 quoties
2009 2011 2075 2048 ex

378 2067 577 2122 eodem
611 2084 819 2136 genere
870 2067 1160 2120 manantia
1193 2067 1363 2120 simul
1407 2067 1668 2119 videntur
1698 2082 1817 2119 esse
1849 2069 2071 2130 natura,

381 2139 478 2192 sed
511 2141 695 2209 specie
723 2139 1126 2192 discernuntur
1158 2154 1170 2190 :
1205 2154 1391 2208 neque
1421 2153 1552 2190 vero
1591 2136 1781 2209 sibiiin
1810 2137 2072 2209 eo,quod

380 2207 668 2271 dicuntur,
703 2209 914 2279 aliquid
966 2213 1255 2279 praestant,
1289 2207 1353 2261 ut
1393 2213 1478 2261 est
1510 2207 1757 2273 animal;
1805 2208 1951 2260 idem
1982 2223 2074 2275 ge-

377 2295 486 2332 nus
513 2280 720 2344 est,sed
751 2279 964 2348 species
996 2281 1164 2348 longe
1195 2279 1453 2332 discreta.
1487 2279 1598 2331 Nec
1628 2294 1760 2330 vero
1793 2283 1889 2331 aut
1917 2279 2072 2331 vola-

374 2349 477 2403 tile
495 2351 811 2420 quidquam
841 2350 1087 2420 pedestri
1104 2349 1318 2420 tribuit
1338 2353 1401 2420 ut
1421 2349 1510 2411 sit,
1549 2353 1646 2402 aut
1666 2349 1879 2402 volatili
1898 2349 2071 2418 pede-

379 2419 528 2484 stre,
552 2419 918 2474 aut’omnino
965 2419 1116 2473 aliud
1151 2420 1334 2482 alteri,
1383 2419 1441 2472 in
1477 2435 1541 2470 eo
1573 2420 1725 2489 quod
1758 2424 1860 2482 est,
1897 2420 2071 2472 ullam

380 2491 758 2544 substantiam
822 2491 1242 2555 subministrat;
1309 2491 1646 2559 nullumque
1697 2489 1859 2542 alteri
1916 2489 2069 2543 aliud

384 2561 545 2630 prius
576 2567 680 2625 est,
710 2561 805 2613 sed
837 2561 1006 2614 simul
1039 2561 1230 2613 omnia
1259 2561 1331 2614 ab
1359 2560 1613 2627 animali,
1647 2559 1705 2613 id
1735 2566 1818 2614 est
1845 2559 1915 2614 ab
1953 2575 2070 2613 uno

387 2647 595 2701 genere
629 2637 753 2684 orta
779 2636 1106 2684 nascuntur.

830 2719 1057 2774 CAPUT
1095 2718 1217 2773 ΧΧΙ.
1251 2751 1317 2757 -
1350 2721 1422 2773 De
1450 2721 1614 2772 Motu.

454 2788 650 2844 Omnis
675 2789 998 2843 immutatio
1031 2807 1158 2860 qua:
1193 2796 1440 2860 μεταϐολὴ
1470 2805 1649 2852 graece
1681 2788 1862 2854 est,ﬁt
1893 2788 2072 2842 tribus

378 2860 564 2914 modis
599 2875 610 2914 :
645 2865 742 2913 aut
767 2876 832 2914 ex
867 2877 982 2914 non
1026 2859 1274 2930 subjecto
1317 2859 1376 2930 in
1407 2860 1746 2929 subjectum,
1777 2865 1838 2914 ut
1867 2865 1948 2912 est
1978 2876 2072 2912 or-

379 2936 467 2983 tus
511 2930 593 2984 vel
642 2930 926 2999 nativitas,
969 2929 1140 3001 quam
1174 2929 1353 2985 Graeci
1390 2938 1578 2998 γένεσιν
1611 2935 1839 2995 vocant;
1875 2935 1974 2984 aut
2003 2947 2071 2984 ex

377 3001 631 3070 subjecto
677 3001 736 3054 in
787 3017 903 3055 non
945 3001 1286 3070 subjectum,
1321 3005 1387 3054 ut
1416 3006 1500 3054 est
1535 3001 1796 3054 interitus
1829 3002 1915 3054 vel
1947 3017 2068 3053 cor-

375 3071 588 3143 ruptio,
621 3087 792 3141 quam
825 3080 1006 3143 φθορὰν
1039 3071 1213 3126 [ἰνωεί
1253 3071 1550 3143 dixerunt;
1590 3077 1689 3125 aut
1719 3088 1783 3124 ex
1816 3072 2068 3143 subjecto

374 3142 434 3195 in
464 3143 801 3212 subjectum,
837 3142 901 3196 ut
921 3142 1014 3196 est
1044 3149 1249 3206 motus,
1292 3142 1392 3212 qui
1424 3158 1605 3212 graece
1637 3149 1817 3208 κίνησις
1843 3142 2064 3197 dicitur.

376 3212 486 3266 Sed
535 3218 590 3266 et
631 3213 750 3284 ipse
781 3219 984 3284 motus,
1012 3216 1125 3266 tres
1169 3213 1382 3284 species
1429 3213 1619 3277 habet,
1649 3213 1703 3266 id
1732 3219 1834 3278 est,
1877 3213 2067 3266 incre-

377 3287 654 3354 mentum,
699 3283 1740 3349 imminutionem,’commutationem
1781 3284 2069 3354 qualitatis

373 3353 507 3422 sive,
528 3353 658 3406 loci.
692 3355 820 3406 Hinc
852 3371 885 3406 a
929 3354 1133 3407 Graecis
1162 3362 1373 3419 αὔξησις,
1411 3361 1615 3422 μείωσις,
1647 3353 1920 3419 ἀλλοίωσις,
1953 3355 2066 3408 sive

374 3414 672 3494 sopit/dicta
703 3428 852 3477 sunt.
881 3424 1136 3494 Namque
1160 3414 1666 3477 commutationem
1691 3424 1835 3477 circa
1859 3414 2067 3493 locum,

375 3492 528 3565 φορὰν
559 3492 672 3565 diei
703 3492 1242 3565 _voluerunt,_quam
1274 3509 1376 3565 nos
1405 3510 1634 3564 quoque
1665 3492 2067 3563 transgressioé

373 3563 507 3618 nem
539 3563 848 3618 maluimus
888 3563 1100 3623 dicere,
1129 3565 1305 3618 secuti
1349 3563 1628 3618 doctores.
1665 3566 1872 3618 Verum
1917 3566 2068 3619 hunc

376 3635 658 3716 ordinem,
690 3635 1091 3716 quem'nos‘in
1137 3635 1441 3716 praesenti,
1471 3635 1632 3716 quasi
1671 3635 2066 3716 discrepantes

375 3706 442 3759 ab
474 3722 540 3759 eo
581 3705 748 3776 libro,
793 3704 892 3776 qui
934 3704 1349 3776 categoriarum
1391 3704 1618 3774 dicitur,
1654 3704 1915 3776 diligenti
1946 3723 2069 3762 exa-

375 3775 688 3848 minatione
715 3775 1233 3848 digessinius,_ipse
1264 3793 1489 3848 quoque
1519 3775 1853 3848 Aristoteles
1883 3777 1939 3830 in
1970 3795 2065 3831 na-

375 3847 647 3918 turalium
679 3846 836 3900 libris
868 3846 1157 3915 exposuit;
1203 3847 1260 3900 in
1285 3846 1593 3918 ’categoriis
1623 3853 1812 3901 autem
1845 3853 2068 3903 secutus

375 3917 612 3998 docendi
665 3918 1090 3998 compendium,
1149 3917 1574 3998 speciemgpro.
1610 3934 1838 3987 genere,
1888 3918 1946 3972 id
1987 3925 2070 3973 est

372 3993 728 4067 motumpro
758 3988 1157 4067 immutatione
1184 4005 1300 4067 non
1328 3988 1605 4067 dubitavit
1633 4004 1925 4067 assumere
1959 4005 1973 4067 :_
2007 3994 2069 4044 ut

375 4058 557 4130 motui
587 4058 801 4130 diceret
829 4059 990 4130 quasi
1024 4059 1343 4130 generiusex
1370 4059 1584 4130 species
1614 4075 1735 4112 esse
1765 4059 2063 4130 subjectae,

373 4129 579 4188 γένεσιν,
641 4127 863 4191 φθορὰν(
884 4129 1104 4188 αὔξησιν,
1162 4128 1373 4190 μείωσιν,
1399 4127 1412 4128 ί
1432 4128 1690 4176 ἀλλοίωσιν
1720 4127 1968 4189 ποιότητος
2026 4131 2041 4163 ⁴

439 4217 453 4250 ¹
489 4215 681 4264 Vocem
711 4215 966 4267 Pototétos
994 4230 1103 4265 non
1132 4215 1232 4265 fert
1259 4216 1578 4266 Aristoteles.
1645 4217 1711 4267 M.

2050 4171 2065 4199 ν

1686 301 2046 358 PRINCIPIA
2097 297 2562 358 BETHORICES.

3764 302 3902 353 1440

2187 429 2311 478 κατά
2338 431 2422 478 τὸν
2449 432 2598 479 τὸπον
2624 429 2924 493 μεταϐολήν.
2962 423 3091 477 Haec
3119 437 3224 476 nos
3270 423 3444 477 latino
3486 439 3765 477 sermone
3804 440 3904 475 or-

2178 500 2301 547 tum
2333 494 2594 560 diximus,
2619 494 2936 560 interitum,
2963 499 3360 565 augmentum.
3389 494 3898 560 imminutionem,

2178 567 2684 619 commutationem
2735 566 3041 636 qualitatis,
3079 567 3589 631 transgressionem
3626 566 3763 618 loci.
3802 568 3900 619 Hae

2179 652 2272 688 sex
2320 637 2533 706 species
2581 637 2739 690 omni
2779 652 2811 688 a
2843 652 2900 689 se
2945 637 3165 689 ratione
3209 637 3468 689 discretas
3517 641 3656 689 sunt
3714 653 3730 688 :
3783 637 3899 690 nisi

2177 707 2324 760 forte
2379 707 2910 787 cuiquam_parum_
2943 707 3105 760 docte
3160 707 3528 787 intelligenti,
3586 707 3900 787 qualitatis

2177 778 2570 840 commutatio,
2623 778 2677 832 id
2709 783 2791 832 est
2834 784 3106 840 ἀλλοίωσις,
3139 779 3309 832 etiam
3340 780 3563 831 caeteris
3593 779 3902 831 existenti-

2176 848 2282 919 bus
2321 849 2446 902 ﬁeri
2477 849 2753 912 videatur,
2805 857 2870 908 ut
2913 867 3042 903 cum
3090 849 3342 901 nascitur
3383 850 3626 919 aliquid,
3662 855 3769 902 aut.
3801 849 3896 901 in-

2176 918 2327 983 terit,
2385 924 2481 972 aut
2528 921 2748 986 crescit,
2799 924 2897 979 aut
2951 919 3246 979 minuitur,
3302 927 3437 973 tunc
3480 918 3627 973 facta
3660 921 3899 974 dicatur

2178 989 2349 1042 etiam
2392 992 2776 1046 commutatio.
2815 992 2919 1050 Sed
2952 992 3009 1046 id
3053 991 3259 1045 falsum
3301 991 3446 1042 ratio
3497 991 3666 1043 docet
3700 1007 3714 1044 :
3755 1006 3897 1043 nam

2177 1076 2305 1130 quae
2333 1066 2594 1115 crescunt
2619 1066 2714 1115 aut
2741 1067 3101 1128 minuuntur,
3124 1061 3440 1130 quantitate
3472 1061 3897 1127 immutantur,

2176 1146 2296 1208 non
2335 1137 2760 1208 commutantur
2799 1135 3090 1208 qualitate.
3130 1133 3512 1208 commutatio
3544 1133 3700 1185 enim
3758 1148 3897 1208 pro:

2175 1201 2298 1271 prie
2327 1207 2411 1254 est
2432 1203 2739 1272 qualitatis.
2771 1201 3090 1262 Meminisse
3117 1207 3308 1255 autem
3339 1219 3444 1255 nos
3474 1208 3708 1272 oportet
3731 1203 3898 1257 aliud

2178 1288 2298 1345 esse
2329 1272 2810 1345 immutationem,
2858 1275 3011 1332 aliud
3053 1274 3580 1345 commutationem.
3622 1275 3897 1344 Namque

2178 1343 2503 1415 immutatio
2557 1361 2734 1413 genus
2780 1343 2886 1415 est,
2941 1345 3312 1400 commutatio
3343 1344 3574 1415 species
3621 1343 3897 1413 subjecta

2178 1414 2379 1479 motui,
2415 1431 2587 1484 quam
2609 1414 3025 1473 immutationis
3047 1415 3293 1486 speciem
3323 1414 3599 1486 diximus.
3622 1415 3896 1485 Denique

2179 1489 2243 1537 ut
2271 1486 2478 1538 horum
2525 1487 2594 1540 sit
2645 1491 2941 1545 manifesta
2988 1485 3273 1553 discretio,
3327 1485 3745 1555 geometricum
3793 1503 3898 1556 po-

2181 1571 2382 1628 namus
2413 1560 2759 1628 exemplum.
2807 1562 2862 1616 Si
2896 1565 3261 1628 tetragonum
3289 1557 3492 1628 majus,
3534 1557 3698 1628 quod
3733 1557 3898 1628 intra

2179 1627 2466 1696 depictum
2498 1627 2595 1683 esti
2611 1632 2971 1686 currentibus
3001 1627 3103 1700 per
3124 1627 3374 1680 medium
3408 1627 3574 1700 lineis
3595 1627 3656 1680 in
3687 1627 3896 1682 brevia

2179 1701 2474 1772 tetragona
2519 1703 2801 1772 partiaris,
2835 1698 3020 1772 eique
3039 1703 3165 1770 post
3208 1714 3388 1751 unum
3419 1698 3589 1772 breve
3620 1702 3892 1772 tetrago-

2179 1783 2318 1822 num
2353 1769 2644 1837 detrahas;
2679 1769 2938 1826 minuist'i
2962 1769 3327 1839 tetragonum
3357 1770 3544 1838 majus
3577 1785 3590 1821 :
3627 1773 3684 1822 at
3717 1769 3768 1821 si
3797 1770 3895 1822 de—

2180 1841 2342 1914 tracti
2377 1840 2496 1893 loco
2540 1843 2724 1914 addas
2772 1858 3137 1914 gnomonem,
3189 1839 3288 1914 qui
3342 1839 3643 1914 hemicycli
3691 1841 3893 1909 specie

2181 1911 2432 1982 ponitur,
2497 1913 2628 1981 plus
2682 1911 2975 1982 tetragono
3029 1911 3253 1982 majori,
3312 1926 3484 1980 quam
3531 1911 3890 1982 detraxeras,

2181 1981 2475 2056 reddidisti
2512 2000 2524 2036 :
2555 1984 2742 2056 idque
2793 1981 3132 2056 quantitatis
3181 1986 3284 2042 est,
3319 1998 3435 2056 non
3475 1981 3800 2056 qualitatis,
3834 1988 3894 2035 et

2181 2052 2568 2107 immutationi
2624 2052 2827 2126 potius
2869 2071 3043 2126 quam
3093 2052 3532 2126 computationi
3570 2053 3887 2126 tribuitur,

2181 2137 2361 2192 eoque
2394 2140 2421 2176 a
2455 2141 2512 2176 se
2541 2123 2853 2193 plurimum
2885 2123 3181 2180 differunt.
3219 2123 3302 2176 Fit
3332 2129 3523 2176 autem
3554 2123 3892 2176 differentia

2179 2209 2370 2246 rerum
2403 2197 2662 2250 omnium
2693 2199 2874 2251 tribus
2921 2195 3104 2250 modis
3139 2211 3151 2248 :
3193 2198 3290 2247 aut
3319 2195 3579 2264 materia,
3608 2199 3711 2246 aut
3741 2211 3885 2264 ope-

2179 2279 2261 2326 re,
2295 2270 2394 2318 aut
2422 2271 2691 2336 utroque.
2748 2268 2996 2334 Materia,
3030 2266 3075 2318 si
3106 2266 3219 2318 sint
3248 2264 3448 2318 annuli
3491 2263 3708 2317 similes
3741 2263 3886 2328 duo,

2179 2350 2443 2404 unusque
2497 2337 2567 2389 sit
2623 2355 2849 2405 aureus,
2905 2340 3046 2392 alter
3093 2340 3422 2406 argenteus;
3479 2351 3676 2404 opere,
3711 2336 3758 2388 si
3818 2353 3888 2389 ex

2181 2421 2319 2457 auro
2368 2406 2671 2462 dissimiles
2719 2409 2918 2464 annuli
2965 2407 3342 2472 fabricentur;
3381 2410 3643 2476 utroque,
3700 2406 3745 2458 si
3780 2421 3888 2459 an-

2178 2477 2348 2547 nulus
2379 2477 2448 2530 sit
2476 2495 2699 2544 aureus,
2727 2486 2782 2533 et
2813 2480 2974 2533 stilus
3003 2483 3328 2547 argenteus.
3363 2478 3549 2529 Claret
3579 2477 3761 2545 igitur
3784 2479 3889 2530 has

2179 2545 2593 2602 immutationis
2651 2551 2885 2620 species,
2945 2566 3049 2603 nec
3077 2545 3340 2601 ‘materia
3385 2547 3514 2620 sibi,
3546 2564 3652 2600 nec
3684 2564 3886 2618 opere,

2180 2633 2283 2670 nec
2307 2623 2546 2688 utroque
2577 2619 2846 2690 conjungi
2881 2637 2894 2674 :
2937 2623 3076 2673 adeo
3106 2624 3307 2690 autem,
3327 2619 3598 2690 sejunctas
3629 2624 3787 2682 sunt,
3823 2626 3891 2672 ut

2179 2703 2373 2740 earum
2407 2689 2700 2744 nonnullm
2732 2689 2902 2745 etiam
2931 2691 3034 2744 sibi
3065 2689 3365 2743 contrarias
3391 2689 3707 2742 videantur.
3743 2690 3888 2752 Quis

2178 2759 2332 2812 enim
2363 2760 2583 2834 dubitet
2611 2771 2796 2831 γενέσει
2824 2771 3026 2834 φθορὰν,
3052 2761 3106 2834 id
3139 2760 3401 2834 est-ortui
3429 2759 3728 2834 interitum
3761 2777 3887 2813 esse

2177 2831 2551 2898 contrarium,
2597 2831 2926 2901 augmento
2948 2831 3615 2902 imminutionem‘tlpsa
3646 2847 3887 2902 quoque

2177 2902 2570 2975 commutatio
2605 2905 2718 2958 sive
2770 2904 3057 2975 qualitatis
3113 2902 3228 2955 sive
3286 2901 3421 2975 loci,
3469 2901 3600 2954 licet
3645 2901 3886 2975 noulex-

2177 2973 2377 3026 eodem
2426 2974 2742 3042 specierum
2786 2971 3052 3038 numero,
3099 2977 3292 3025 tamen
3333 2972 3545 3025 habent
3577 2971 3732 3041 quod
3767 2972 3882 3025 sibi

2176 3043 2524 3097 contrarium
2549 3045 2826 3099 videatur.
2875 3047 3014 3099 Nam
3047 3043 3416 3097 commutatio
3449 3043 3742 3112 qualitatis
3771 3048 3882 3108 est,

2177 3129 2305 3166 cum
2337 3130 2402 3186 ex
2425 3115 2562 3186 albo
2610 3117 2673 3170 ﬁt
2721 3116 2936 3186 aliquid
2969 3115 3199 3184 nigrum
3228 3115 3310 3166 vel
3350 3115 3543 3186 album
3583 3113 3652 3165 de
3686 3113 3880 3180 nigro,

2177 3201 2302 3255 quae
2330 3185 2436 3238 sibi
2466 3187 2762 3240 manifeste
2794 3185 3081 3240 contraria
3109 3189 3260 3238 sunt.
3295 3185 3423 3238 Loci
3454 3200 3685 3254 quoque
3717 3201 3881 3237 com-

2176 3256 2433 3328 mutatio,
2468 3273 2640 3326 quam
2669 3258 3174 3328 transgressionem
3207 3256 3476 3328 diximus,
3503 3255 3881 3325 superiorum

2176 3331 2232 3379 et
2276 3327 2612 3381 inferiorum
2655 3329 3113 3382 contrarietatem
3166 3327 3400 3397 patitur,
3458 3330 3516 3380 et
3571 3331 3880 3397 propterea

2176 3413 2302 3450 eam
2331 3413 2559 3468 quoque
2586 3400 2795 3453 habere
2826 3398 3113 3452 contraria
3138 3402 3400 3467 apparet.

2493 3487 2717 3541 CAPUT
2757 3489 2912 3542 XXII.
2947 3519 3013 3526 —
3042 3487 3317 3543 Conclusio
3347 3487 3541 3554 operis.

2248 3576 2375 3629 Haec
2407 3579 2557 3642 sunt,
2605 3575 2688 3646 ﬁli
2731 3575 3082 3641 charissime,
3135 3592 3263 3645 qua:
3313 3573 3435 3646 jugi
3484 3575 3677 3646 labore
3724 3591 3881 3646 assef

2175 3646 2312 3710 cuti,
2346 3661 2475 3700 cum
2525 3645 2691 3700 nobis
2736 3646 3036 3701 Themistii
3085 3644 3276 3699 nostra
3314 3644 3608 3698 memoria
3657 3644 3884 3715 egregii

2175 3715 2500 3787 philosophi
2552 3717 2946 3786 magisterium
2989 3733 3102 3770 non
3153 3717 3394 3781 deesset,
3448 3715 3882 3787 adhutilitatein

2175 3785 2332 3840 tuam
2363 3785 2429 3841 de
2457 3785 2731 3858 grasco’in
2759 3789 2999 3842 latinum
3031 3787 3442 3858 convertimus;
3475 3785 3690 3840 scilicet
3719 3792 3784 3858 ut
3815 3803 3885 3840 ex

2174 3859 2243 3930 iis
2277 3857 2504 3930 quoque
2532 3860 2739 3913 bonam
2772 3860 2995 3930 frugem
3022 3858 3191 3912 studii
3227 3875 3260 3911 a
3297 3857 3735 3930 nobisprofecti
3757 3875 3883 3911 sus-

2176 3927 2370 3998 cipias,
2413 3927 2469 3982 ἐἰ
2509 3935 2562 3983 te
2609 3946 2724 3982 non
2772 3927 3106 3984 dissimilem
3155 3929 3354 3994 nostri,
3407 3927 3650 3982 aliarum
3682 3944 3882 3982 rerum

2177 4015 2305 4070 quae
2337 4000 2570 4054 lubrica:
2603 4005 2771 4070 atque
2799 4001 2998 4053 inanes
3040 4004 3194 4067 sunt,
3243 3998 3523 4068 cupiditas
3553 4004 3881 4052 retentave-

2177 4072 2269 4124 rit.
2303 4070 2451 4142 Nihil
2486 4087 2732 4142 namque
2763 4071 3060 4125 omisimus
3106 4071 3165 4124 in
3196 4070 3477 4142 hocilibro
3500 4070 3667 4142 quod,
3692 4075 3888 4142 posset

2177 4141 2606 4267 autddelectare
2645 4141 2776 4213 jam
2829 4142 3042 4209 doctos,
3088 4147 3184 4196 aut
3227 4141 3483 4196 indoctos
3513 4141 3885 4196 manifestius

2178 4227 2278 4266 eru
2324 4229 2426 4266 ire.
3691 4245 3710 4258 ..

2178 4227 2426 4266 el'lldll'e.
3691 4245 3700 4252 -

966 4492 1904 4621 PBINCIPIA
2000 4497 3307 4624 RHETORICES‘“).

619 4711 843 4768 CAPUT
884 4715 1174 4771 PRIMUM.
1207 4747 1275 4756 —
1307 4717 1550 4774 Oratoris
1571 4721 1830 4786 ofﬁcium.

446 4797 700 4880 oratoris
745 4800 1010 4880 ofﬁcium
1048 4808 1151 4864 est,
1210 4805 1504 4880 proposita
1559 4806 1872 4880 quaestione
1921 4806 2072 4880 civili

373 4868 672 4950 duntarat,
706 4872 959 4950 primum
996 4868 1554 4950 ipsamintelligere,
1575 4868 1870 4950 generalis
1899 4877 1971 4950 sit
2001 4893 2072 4930 an

373 4941 652 5009 specialis,
688 4941 936 5018 simple!
970 4941 1038 5018 an
1074 4947 1384 5018 conjuncta
1401 4941 1478 5001 'ex
1505 4941 1782 5018 plu'ribus,
1813 4947 2074 5001 absoluta

371 5026 444 5062 an
471 5014 874 5082 comparativa.
911 5017 1124 5070 Deinde
1155 5014 1283 5072 cum
1329 5014 1692 5086 intellexerit,
1724 5017 1981 5071 invenire
2011 5018 2072 5071 in

373 5095 436 5133 ea
469 5089 850 5156 congruentes
903 5087 1197 5156 partitioni
1241 5090 1412 5152 locos,
1457 5095 1513 5142 et
1556 5089 1644 5142 his
1699 5089 1944 5141 morales
1974 5104 2071 5142 seu

372 5154 1139 5232 uatiirales__accomin_odare
1178 5160 1510 5212 sententias.
1565 5158 2070 5232 Exindejudicare

371 5221 442 5275 de
472 5222 759 5301 .inventis,
784 5229 1260 5301 repudiarenquze
1307 5245 1512 5301 parum
1547 5221 1846 5301 commode
1875 5245 2068 5301 occur-

373 5297 554 5346 rerint
587 5311 599 5347 :
633 5300 754 5368 tum
779 5297 848 5350 iis
869 5297 1225 5368 quaajudicio
1257 5297 1616 5364 eiaminarit,
1647 5300 1780 5353 dare
1810 5299 2071 5353 ordinem

371 5369 608 5440 certum.
659 5367 1182 5440 Etenimquamvis
1230 5371 1412 5422 multa
1457 5369 1806 5440 pertinentia
1835 5369 2070 5423 inventa

373 5435 507 5510 sint,
555 5440 747 5490 tamen
805 5438 915 5510 nisi
942 5435 1063 5510 'pro
1090 5441 1385 5510 qualitate
1416 5435 1475 5492 et
1507 5440 1902 5509 magnitudine
1947 5457 2068 5506 sua,

372 5505 540 5557 certis
583 5511 638 5559 et
667 5508 832 5577 quasi
859 5505 1146 5578 legitimis
1161 5511 1388 5564 sedibus
1415 5505 1784 5570 collocentur,
1826 5515 1927 5563 aut
1967 5505 2071 5564 ob;

373 5581 562 5642 erunt,
595 5584 696 5630 aut
726 5594 840 5632 non
870 5594 1217 5648 magnopere
1245 5581 1568 5652 proﬁciunt.
1587 5579 1835 5636 Subinde
1853 5581 2072 5636 ordina-

437 5690 515 5758 (ar)
541 5691 791 5754 Opusculi
815 5691 975 5758 hujus
991 5695 1270 5758 exemplar
1301 5697 1468 5746 ullum
1497 5698 1593 5746 Ms.
1627 5708 1734 5744 non
1761 5696 2067 5758 reperimus.

375 5751 571 5801 Auctor
587 5751 763 5818 graeca
783 5751 1042 5818 vocabula
1066 5751 1196 5805 citr'a
1229 5760 1591 5809 necessitatem
1622 5751 1860 5818 usurpat,
1888 5762 2072 5807 contra

377 5825 574 5862 morem
597 5815 894 5876 Augustini.

2181 4719 2322 4774 tioni
2353 4721 2549 4792 rhetor
2572 4722 3007 4792 explicationem
3029 4740 3222 4778 rerum
3249 4725 3613 4780 commodare
3631 4725 3884 4782 debebit.

2181 4792 2318 4854 Qua:
2343 4791 2564 4866 duabus
2598 4791 2855 4866 partibus
2885 4800 3125 4854 constat,
3176 4801 3474 4848 structurae
3523 4797 3804 4866 qualitate
3834 4805 3889 4852 et

2181 4863 2516 4938 quantitate_
2541 4865 2866 4938 verborum.
2920 4867 3046 4919 Haec
3086 4867 3277 4938 omnia
3311 4863 3596 4938 memoria
3622 4869 3884 4938 suscipit,

2181 4948 2354 5000 quam
2379 4938 2442 5008 _et
2465 4935 2722 5008 plerique
2755 4937 3097 5008 Graecorum,
3131 4941 3186 4989 et
3216 4937 3282 4990 M.
3319 4937 3537 5008 Tullius
3585 4937 3647 4991 in
3678 4935 3886 5008 primis

2181 5003 2394 5077 oratori
2439 5003 2684 5059 afﬁrmat
2724 5007 3121 5070 necessariam,
3153 5009 3281 5071 hoc,
3315 5013 3377 5061 ut
3401 5007 3628 5077 Opinor,
3659 5003 3836 5065 modo
3870 5029 3882 5064 :

2185 5095 2211 5121 «
2243 5074 2416 5127 Venio
2455 5091 2603 5129 nunc
2633 5077 2702 5129 ad
2734 5079 3065 5129 thesaurum
3097 5093 3291 5131 rerum
3341 5074 3600 5132 omnium
3658 5097 3885 5134 memo-

2181 5164 2207 5192 »›
2242 5145 2417 5219 rialu;
2466 5162 2595 5215 qua:
2627 5147 2734 5219 nisi
2773 5152 2961 5219 custos
2993 5147 3256 5213 inventis,
3287 5149 3678 5219 ordinatisque
3711 5154 3886 5206 rebus

2186 5236 2206 5263 ι
2241 5215 2597 5290 adhibeatur,
2654 5217 3027 5287 intelligimus
3057 5219 3271 5284 omnia,
3307 5219 3526 5273 etiamsi
3558 5215 3887 5290 przeclaris-

2182 5305 2215 5360 n_
2245 5286 2386 5360 sima
2416 5287 2548 5347 sint,
2578 5288 2638 5340 in
2656 5286 2880 5340 oratore
2907 5289 3178 5357 peritura.
3207 5309 3234 5340 ι)
3270 5286 3595 5344 Memoriam
3631 5308 3883 5360 pronun-

2179 5357 2338 5410 tiatio
2379 5363 2678 5428 sequetur,
2729 5374 2838 5421 res,
2893 5363 2957 5412 ut
3017 5361 3378 5414 Demostheni
3428 5357 3674 5422 videtur,
3729 5365 3888 5417 inter

2179 5427 2427 5499 oratoria
2453 5427 2640 5481 Ofﬁcia
2669 5429 2754 5481 vel
2786 5430 2972 5498 prima
2996 5433 3079 5484 vel
3112 5433 3231 5484 sola
3265 5447 3277 5484 :
3311 5447 3439 5499 quae
3462 5433 3721 5486 consistit
3747 5436 3887 5488 duo-

2178 5498 2304 5561 bus,
2337 5504 2493 5552 motu
2527 5499 2780 5566 corporis
2827 5507 2883 5553 et
2922 5518 3059 5555 sono
3099 5501 3274 5555 vocis.
3314 5498 3438 5555 Haec
3467 5508 3688 5556 tantum
3724 5522 3886 5559 sum-

2179 5569 2376 5642 matim
2398 5570 2652 5642 tetigisse
2681 5570 2816 5623 satis
2847 5577 2948 5635 est,
2977 5588 3107 5642 quas
3128 5578 3261 5625 sunt
3287 5573 3528 5627 oratoris
3557 5574 3886 5631 oﬂicia.Re~

2177 5639 2399 5710 liquum
2432 5646 2516 5694 est
2548 5641 2739 5694 videre
2770 5643 2906 5712 quid
2937 5639 3011 5696 sit
3042 5643 3194 5696 ﬁnis.

2465 5729 2689 5784 CAPUT
2722 5731 2788 5785 ll.
2825 5761 2887 5770 --
2920 5731 3054 5797 Quis
3078 5734 3151 5786 sit
3178 5731 3307 5803 ﬁnis
3333 5735 3585 5787 oratoris.

2252 5807 2399 5863 Finis
2437 5812 2539 5874 est,
2594 5813 2653 5863 ut
2693 5810 2916 5882 opinor,
2962 5810 3017 5864 in
3069 5813 3334 5867 omnibus
3375 5813 3562 5876 rebus,
3596 5815 3665 5868 ad
3701 5833 3883 5886 quem
