4056 6348
108 317 234 370 1445

99 435 386 510 occidendi
416 450 604 510 causa,
633 435 786 510 quod
813 435 982 491 miles
1009 436 1369 510 deserturum
1399 454 1458 494 se
1487 454 1607 493 esse
1625 439 1786 510 jura-

99 508 188 562 vit.
221 507 381 582 Nunc
410 506 685 582 quoniam
715 507 922 582 scimus
939 507 1187 582 quidsit
1214 525 1403 580 causa,
1438 510 1574 582 quid
1604 506 1787 565 conti-

101 594 257 640 nens,
291 577 585 651 videamus
615 578 786 632 etiam
817 577 1050 650 quid—sit
1078 581 1145 634 de
1173 597 1286 651 quo
1314 577 1698 648 contenditur,
1729 582 1789 636 id

103 655 180 704 est
207 647 347 724 quid
361 648 449 724 _sit
475 657 532 704 τὸ
560 647 862 724 κρινόμενον.
896 651 990 704 Est
1018 647 1210 705 autem
1253 651 1396 724 nihil
1427 653 1583 706 aliud
1615 647 1790 724 quam

103 720 414 794 exploratio
459 721 822 794 continentis,
865 731 951 776 τοῦ
977 730 1278 794 σννέχοντος.
1317 723 1480 787 Quod
1516 720 1653 778 dico—
1681 725 1793 778 tale

105 797 182 846 est
240 790 473 861 (etenim
511 791 583 865 _iu
632 793 833 865 eadem
877 790 1265 848 controversia
1307 795 1791 865 perseverandum

104 866 256 935 puto,
311 862 929 935 quousintdlucidiora
958 880 1088 935 qua
1125 862 1417 931 tradimus)
1467 882 1480 921 :
1527 872 1680 922 αἴτιον
1711 870 1798 920 est

106 932 252 1008 quod
282 932 491 1008 occidit
514 933 754 1008 militem
781 932 1123 1005 imperator;
1147 943 1356 1008 συνέχον
1382 941 1486 1003 est,
1519 953 1633 1008 quo
1665 953 1795 991 reus

107 1004 322 1072 nititur,
354 1005 411 1058 id
441 1009 528 1058 est
554 1004 697 1078 ratio
734 1004 968 1078 propter
1009 1023 1184 1078 quam
1227 1004 1302 1061 se'
1322 1004 1592 1062 occidisse
1619 1008 1795 1075 dicit;

108 1079 186 1130 est
203 1079 397 1129 autem
417 1075 575 1150 quod
596 1075 758 1150 miles
775 1075 989 1150 juravit
1016 1075 1074 1134 se
1088 1080 1446 1150 deserturum
1474 1095 1485 1132 :
1511 1086 1796 1150 κρινόμενον

112 1151 210 1215 est,
251 1147 598 1222 examinatio
624 1147 797 1222 hujus
844 1147 1043 1222 ipsius,
1097 1148 1252 1222 quod
1299 1149 1369 1203 ad
1394 1147 1799 1222 defensionem

111 1233 236 1272 reus
264 1217 475 1290 attulit.
504 1217 569 1290 lu
601 1233 716 1289 quo
747 1217 1155 1290 itaquaritur,
1185 1235 1325 1275 num
1355 1220 1468 1274 alia
1489 1237 1658 1274 causa
1687 1222 1797 1275 im-

110 1287 353 1360 peratori
379 1288 574 1362 fuerit,
607 1287 710 1342 cur
736 1287 1005 1362 occiderit
1023 1287 1269 1348 militem
1300 1307 1313 1346 :
1343 1296 1400 1345 et
1418 1291 1524 1345 hoc
1544 1293 1800 1362 pratexi-

116 1359 217 1421 tur,
251 1364 326 1434 ut_
345 1359 628 1434 videatur,
651 1375 766 1434 non
795 1360 1247 1434 quiajuraverit,
1278 1362 1514 1434 occisus,
1540 1359 1638 1434 sed
1665 1379 1800 1434 qua-

113 1431 331 1501 quevel
356 1429 661 1485 simultatis
680 1432 768 1485 vel
797 1429 1029 1489 invidia
1049 1429 1242 1489 causa.
1261 1433 1478 1488 Poterit
1497 1433 1667 1488 etiam
1681 1429 1799 1488 'hoc

113 1500 275 1556 modo
310 1501 580 1575 articulus
608 1501 713 1575 iste
742 1503 992 1567 tractari,
1023 1522 1095 1559 an
1125 1504 1351 1561 etiamsi
1374 1505 1672 1575 juraverit,
1698 1521 1797 1575 pa-

110 1588 233 1626 rum
249 1576 445 1627 tamen
465 1573 588 1644 hac
602 1573 756 1644 justa
775 1589 942 1628 causa
960 1576 1153 1640 fuerit,
1175 1591 1276 1631 cur
1294 1573 1556 1629 debuerit
1577 1573 1759 1630 occidi
1781 1592 1794 1629 :

111 1647 162 1720 et
187 1647 306 1698 tota
337 1643 612 1714 perfectio
637 1643 810 1720 totius
839 1654 1146 1720 ευνέχοντος,
1179 1647 1330 1719 quod
1357 1645 1427 1700 ad
1452 1651 1604 1702 αἴτιον
1633 1646 1797 1700 affer-

111 1718 216 1788 tur,
236 1737 523 1785 κρινομενον
551 1719 803 1788 vocatur.
838 1717 1036 1773 Evenit
1063 1717 1255 1773 tamen
1285 1732 1715 1788 nonnunquam,
1737 1721 1798 1772 ut

112 1785 166 1840 in
217 1801 337 1840 una
391 1786 786 1862 controversia
829 1803 946 1842 non
989 1789 1160 1862 simul
1217 1796 1369 1862 αἴτιον
1400 1795 1458 1844 et
1486 1785 1694 1862 συνέχον
1742 1791 1799 1843 et

113 1863 410 1929 κρινόμενον,
428 1857 527 1931 sed
543 1856 752 1931 sapius
771 1857 896 1928 ipsa
910 1861 1104 1914 omnia
1122 1876 1227 1931 per
1245 1860 1392 1915 vices
1413 1856 1668 1914 revoluta
1689 1865 1800 1913 tra-

113 1927 356 2000 ctentur;
390 1931 453 1982 ut
479 1927 539 1982 in
567 1928 672 1982 hac
691 1927 1078 1985 controversia
1101 1927 1290 1987 {Reus
1319 1937 1404 1985 est
1429 1932 1648 2000 Ulysses
1671 1931 1796 2000 lege

112 1998 455 2071 reipublicae,
487 2000 643 2070 quod
668 2015 872 2070 procos
902 2002 1192 2057 occiderit.
1233 2002 1330 2056 Hic
1345 1998 1507 2056 enim
1520 2008 1672 2057 αἴτιον
1690 1998 1796 2071 est,

112 2069 255 2154 quod
285 2069 586 2154 occiderit;
619 2069 844 2154 σόνέχον,
879 2073 1048 2154 quod.
1061 2089 1158 2154 eos
1183 2072 1284 2154 qui
1306 2073 1458 2154 bona
1486 2089 1588 2126 sua
1620 2069 1793 2154 depoé

113 2141 468 2213 pulabantur,
493 2144 549 2195 et
570 2141 861 2212 pudicitia
892 2141 1080 2198 uxoris
1102 2141 1538 2210 insidiabantur,
1561 2141 1791 2210 occidit;

113 2220 389 2284 κρινόμενον
431 2216 533 2279 est,
568 2213 847 2284 numquid
885 2215 1114 2270 tametsi
1141 2216 1265 2270 hac
1291 2231 1383 2270 res
1420 2214 1791 2286 pracesserit,

116 2283 438 2356 aliaitamen
466 2299 654 2356 causa,
683 2299 856 2356 quam
873 2286 1150 2356 praetexit,
1177 2286 1487 2340 occiderit?
1507 2286 1616 2352 vel,
1635 2301 1791 2340 num-

641 2323 654 2349 ,
683 2315 856 2352 quam
873 2315 1150 2352 praesunt,
1177 2315 1449 2340 uuuucul.
1466 2315 1480 2340 ι
1511 2315 1616 2352 "si,
1637 2315 1798 2340 nuru-

151 2354 239 2409 uid
281 2371 356 2426 ne
398 2354 923 2426 pessimequidem
955 2357 1024 2411 de
1062 2373 1122 2411 se
1151 2357 1403 2421 meritos,
1436 2356 1797 2411 indemnatos

151 2371 239 2409 uio
281 2371 356 2410 ne
398 2371 643 2426 pessime
729 2371 923 2410 uicem
955 2371 1024 2411 ue
1062 2373 1122 2411 se
1151 2371 1403 2421 meritos,
1436 2371 1797 2411 indemnatos

115 2371 364 2500 debuerjt
390 2425 642 2500 occidere
654 2371 922 2500 ?1)einde
952 2428 1024 2482 ad
1054 2429 1161 2483 hoc
1179 2435 1482 2500 κρινόμενον,
1507 2427 1661 2500 aliud
1686 2451 1798 2482 συν·

115 2504 220 2569 έχον
252 2497 418 2552 aﬂ‘ert
443 2498 834 2569 Ulysses,quo
865 2498 1016 2553 dicat
1053 2515 1110 2553 se
1134 2497 1299 2569 jussu
1324 2497 1595 2553 Minerva
1624 2498 1795 2552 inter-

115 2567 327 2643 emisse.
357 2567 570 2623 Deinde
602 2567 671 2622 ad
699 2567 806 2622 hec
820 2569 1010 2639 ipsum
1039 2567 1246 2643 συνέχον
1267 2570 1652 2643 ίὶῐλκρινόμενον,
1673 2585 1796 2643 quo

115 2639 383 2720 quatitur
411 2631 1002 2720 utrumnam‘propter
1022 2631 1250 2720 jussi'im
1278 2631 1540 2720 Minerva
1567 2631 1793 2720 occide-

113 2710 198 2784 rit,
237 2715 292 2784 et
318 2711 510 2784 initali
540 2727 600 2765 re
621 2726 692 2764 ne
723 2710 985 2766 Minerva
1006 2710 1240 2784 quidem
1271 2712 1666 2784 obtemperare
1696 2711 1796 2766 de-

115 2780 306 2836 buerit.
350 2783 461 2854 iEst
502 2789 694 2854 autem
731 2789 881 2854 αἴτῳν
911 2780 1180 2854 proprius
1231 2780 1572 2838 accusatoris
1615 2783 1796 2853 locus,

115 2862 307 2926 συνέχον
331 2853 668 2926 defensoris,
696 2853 980 2916 κρινόμενον
1010 2853 1308 2926 utriusque
1337 2869 1663 2909 commune.

348 2925 575 2979 CAPUT
617 2925 756 2979 VIIl.
783 2954 849 2967 -
882 2927 1028 2981 Modi'
1044 2925 1544 2980 controversiarum.

177 2995 426 3051 Subinde
477 2995 779 3049 dicendum
823 3002 986 3066 puto,
1031 2997 1516 3066 quemadmodum
1562 3000 1620 3049 et
1660 2998 1799 3066 quot

115 3067 283 3122 modis
357 3067 742 3120 controversia
792 3065 1067 3130 ἀο-ύστατοξ
1104 3068 1220 3122 ﬁat.
1269 3067 1514 3122 Tametsi
1564 3081 1637 3120 ne
1678 3065 1796 3121 dici

116 3138 335 3210 quidem
385 3138 795 3210 controversias
841 3143 1088 3210 oportet,
1136 3154 1265 3210 qua
1311 3143 1521 3193 statum
1554 3138 1799 3210 non_ha-

116 3207 256 3276 bent,
300 3209 399 3264 sed
429 3215 688 3279 πλέγματα
719 3207 1172 3278 ἱττειῐὶδῑιθὺὶιὶεξ
1198 3209 1258 3264 id
1297 3213 1382 3264 est
1424 3217 1598 3279 ἄλογα.
1633 3207 1800 3279 Fiunt

117 3285 294 3353 autem
342 3278 593 3336 ἀσύσταεὲα
642 3280 825 3353 modis
874 3286 1120 3353 quatuor
1159 3299 1176 3334 :
1207 3296 1388 3353 unum
1419 3278 1550 3353 cum
1579 3278 1799 3350 aliquid

117 3350 268 3424 deest
306 3368 377 3407 ex
405 3351 830 3424 circumstantia
861 3350 1046 3424 :‘qua
1093 3355 1288 3406 autem
1327 3351 1410 3406 vis
1457 3351 1531 3406 sit
1550 3353 1800 3424 circum-

118 3423 348 3491 stantia,
381 3428 448 3477 ut
474 3439 647 3494 supra
679 3421 955 3491 diximus;
987 3423 1048 3478 id
1077 3427 1161 3477 est
1189 3438 1318 3476 cum
1360 3421 1796 3494 quastionibus,

117 3499 207 3566 aut
247 3510 440 3566 causa,
472 3492 572 3548 aut
599 3510 860 3566 persona,
895 3499 992 3549 aut
1015 3495 1192 3566 locus,
1222 3499 1323 3566 aut
1350 3492 1569 3566 aliquid
1580 3508 1798 3566 eorum

118 3563 282 3632 deest,
312 3565 523 3636 quibus
552 3563 701 3620 efﬁci
732 3565 1220 3620 circumstantiam
1247 3563 1515 3636 diximus.
1551 3565 1668 3618 Hoc
1697 3579 1801 3618 au-

117 3638 220 3689 tem
246 3635 430 3707 genus
458 3635 689 3707 asystati
712 3635 772 3690 in
800 3636 1191 3691 scholasticam
1223 3635 1520 3690 materiam
1548 3651 1667 3707 non
1695 3651 1800 3704 po-

116 3710 212 3778 test
241 3706 462 3774 cadere,
493 3706 701 3761 idcirco
723 3712 859 3778 quia
877 3723 998 3762 esse
1020 3723 1137 3761 non
1161 3707 1371 3777 poterit
1397 3707 1582 3760 ullum
1607 3706 1800 3759 thema

119 3776 402 3834 deficiente
445 3776 886 3833 circumstantia.
933 3780 998 3833 In
1037 3776 1273 3832 veritate
1302 3781 1494 3831 tamen
1525 3792 1799 3830 nonnun-

115 3863 276 3972 quam
306 3849 520 3916 evenit,
571 3854 632 3904 ut
677 3849 894 3972 aliquid
938 3850 1143 3904 horum
1169 3849 1333 3913 desit,
1367 3852 1422 3901 et
1445 3863 1548 3918 per
1572 3847 1798 3918 impru-

149 3921 353 3972 entiam
399 3921 605 3972 actoris
660 3921 963 3972 nrolicata
1008 3936 1177 3972 causa
1222 3917 1484 3972 veniatur
1530 3920 1602 3972 ad
1649 3917 1797 3972 iudi-

149 3921 353 3976 entiam
399 3921 605 3976 actoris
660 3917 963 3991 profligata
1008 3936 1177 3974 causa
1222 3917 1484 3974 veniatur
1530 3920 1602 3973 ad
1643 3917 1797 3988 judi-

115 4005 245 4047 cem.
304 3992 465 4046 Alter
519 3996 605 4046 est
658 3992 861 4047 modus
921 3991 1193 4062 asystati,
1224 4005 1396 4062 quem
1453 4001 1559 4044 κατ’
1599 3995 1800 4056 tamen

115 4063 409 4132 appellant.
438 4064 550 4117 Nos
571 4068 763 4117 tamen
794 4063 840 4116 si
866 4060 1076 4116 nomen
1102 4060 1344 4132 latinum
1366 4061 1499 4115 dare
1533 4076 1648 4114 non
1667 4076 1798 4130 pos-

117 4131 319 4202 sumus,
365 4140 558 4188 tamen
597 4134 713 4188 vim
769 4133 1090 4204 intelligere
1127 4131 1444 4188 debemus:
1493 4147 1627 4184 nam
1666 4146 1798 4204 cum

116 4205 301 4276 eadem
350 4205 620 4276 utrinque
660 4205 946 4272 dicuntur,
962 4202 1036 4276 fet
1063 4204 1220 4258 nulla
1247 4220 1330 4276 re,
1363 4218 1434 4256 ne
1462 4218 1638 4272 parva
1663 4202 1799 4272 qui-

116 4274 254 4342 dem,
270 4274 707 4353 _discernunt_ur,
738 4281 930 4330 tamen
957 4275 1290 4353 hujusmodi
1312 4279 1799 4353 _1:).éypa,lpr_‘opter

115 4348 492 4418 aequalitatem
518 4347 814 4418 utriusque
832 4345 1050 4418 partis,
1073 4352 1284 4400 statum
1309 4345 1583 4418 implicat.
1616 4345 1685 4418 [lt
1710 4345 1796 4398 vi-

115 4414 216 4471 cini
260 4417 689 4481 adolescentuli,
720 4414 1184 4489 —qui'speciosas
1239 4432 1442 4471 uxores
1489 4414 1794 4489 habebant,

114 4494 272 4543 noctu
319 4490 463 4544 alter
492 4489 734 4543 alterum
763 4485 1003 4543 obvium
1031 4488 1378 4553 habuerunt,
1411 4489 1676 4540 accusant
1703 4485 1794 4539 in-

113 4558 282 4629 vicem
323 4559 593 4615 adulterii
647 4576 660 4615 :
710 4575 846 4614 nam
875 4559 1154 4629 quidquid
1185 4559 1363 4629 altera
1390 4573 1524 4628 pars
1569 4556 1793 4629 dixerit,

113 4575 282 4615 v1cem
323 4575 593 4615 adulterii
647 4576 660 4615 :
710 4575 846 4614 nam
875 4575 1010 4629 quia
1059 4575 1154 4613 uia
1185 4575 1363 4613 altera
1390 4575 1524 4628 pars
1569 4575 1793 4622 uixerit,

112 4627 208 4685 hoc
232 4633 412 4686 altera
451 4631 601 4685 dicat
625 4646 854 4685 necesse
876 4635 980 4684 est.
1013 4575 1142 4683 geri
1172 4628 1358 4682 simile
1387 4633 1472 4682 est
1498 4633 1554 4683 te
1585 4627 1799 4682 adulte-

112 4700 252 4757 rium
291 4701 540 4757 voluisse
591 4701 967 4766 committere,
1027 4699 1162 4770 quia
1219 4701 1542 4754 adolescens
1584 4715 1663 4752 es.
1722 4699 1797 4752 Te

113 4787 334 4846 quoque
363 4773 485 4846 veri
530 4772 714 4846 simile
758 4777 838 4827 est
880 4770 1146 4846 voluisse,
1187 4770 1323 4841 quia
1358 4770 1686 4846 sdolesccns
1715 4785 1794 4825 es.

111 4839 447 4916 Veri-simile
472 4849 579 4912 est,
611 4843 746 4916 quia
771 4842 1086 4916 speciosam
1110 4839 1347 4916 uxdrem
1366 4839 1648 4894 habeo.Te
1666 4856 1801 4916 quo-

113 4928 215 4986 que
241 4917 362 4971 veri
391 4911 576 4970 simile
597 4911 702 4984 est,
732 4911 880 4986 quia
899 4919 955 4986 et
979 4929 1083 4985 ego
1112 4912 1424 4986 speciosam
1446 4911 1798 4986 uxorem;ha-

110 4982 225 5042 beo.
260 4988 608 5042 Facultatem
647 4982 1039 5040 tibi—vicinitas
1073 4982 1436 5056 prabuit._Et
1463 4982 1568 5056 tibi
1597 4982 1796 5056 eadem

109 5056 360 5113 vicinitas
379 5057 626 5129 prabuit
645 5057 999 5129 facultatem.
1020 5052 1131 5110 car
1161 5052 1565 5129 nocte__in_me?
1596 5054 1708 5129 Cur
1732 5059 1797 5107 tu

111 5133 292 5205 autem
322 5123 507 5205 inﬁma
539 5127 828 5205 incidisti?
853 5127 1006 5182 Nihil
1024 5132 1110 5205 est
1124 5125 1276 5205 qulod
1303 5123 1719 5205 distinguatur;
1741 5129 1800 5178 et

110 5197 308 5255 idcirco
348 5203 478 5255 uter
505 5215 705 5254 eorum
737 5198 852 5253 sive
882 5203 1109 5252 accusat
1136 5197 1402 5264 alterum,
1435 5211 1494 5249 se
1522 5197 1796 5249 crimina-

111 5273 225 5342 tur;
257 5271 374 5326 sive
401 5287 460 5326 se
486 5274 715 5342 purgat,
756 5268 1011 5342 defendit
1033 5284 1166 5322 eum
1191 5263 1374 5340 quem‘
1390 5265 1684 5342 criminari
1714 5265 1798 5320 vi-

111 5336 284 5397 detur.
341 5336 629 5397 Terti'um'
655 5345 740 5396 est
785 5339 1018 5411 asystati
1063 5336 1265 5410 genus,
1297 5337 1450 5410 quod
1484 5336 1661 5393 Graci
1689 5344 1797 5392 καθ’

113 5416 440 5485 ἑτερομέρειαν
463 5411 837 5485 appellant,_id
854 5415 940 5465 est
958 5411 1274 5465 secundum
1293 5411 1531 5485 alteram
1550 5411 1794 5485 partem,

113 5480 360 5539 cum'reo
393 5480 560 5540 nulla
577 5483 829 5540 defensio
860 5486 965 5549 est,
1011 5484 1067 5535 et
1095 5485 1194 5535 aut
1230 5482 1387 5536 color
1413 5480 1474 5534 in
1501 5481 1647 5534 facto
1678 5495 1796 5534 non

111 5551 411 5623 invenitur,
470 5560 569 5610 aut
629 5570 836 5625 parum
910 5551 1222 5624 probabilis
1277 5553 1434 5606 color
1486 5550 1791 5625 invenitur.

116 5625 258 5696 [inde
286 5622 464 5682 etiam
505 5622 862 5681 Democrates
903 5622 1218 5696 praeceptor
1250 5638 1411 5696 mens
1439 5622 1640 5696 solitus
1677 5624 1798 5696 erat

113 5693 310 5761 dicere,
345 5715 442 5752 eas
481 5697 652 5752 etiam
700 5693 1135 5761 controversias,
1167 5693 1224 5747 in
1256 5693 1464 5764 quibus
1510 5693 1796 5764 colorldiu

113 5770 403 5836 quaritur,
431 5773 642 5824 statum
661 5784 779 5823 non
799 5767 1031 5822 habere.
1060 5762 1387 5836 Verum—ille
1407 5762 1790 5836 constantius;

112 5835 227 5906 nos,
256 5840 302 5896 si
335 5839 604 5896 efferatur
630 5839 847 5911 aliquid
871 5838 940 5895 ad
961 5835 1350 5894 defensionem
1378 5836 1466 5891 vel
1495 5835 1796 5893 mediocri-

1659 317 2047 374 APPENDIX.

3241 0 3288 13 ’ζ’
3295 0 3316 2 _

3471 329 3490 379 l
3503 325 3606 382 446

1895 444 1984 494 ter
2019 439 2334 510 probabile,
2381 440 2757 496 admittimus.
2788 442 2893 497 Sed
2939 443 2985 496 si
3025 443 3318 500 evidenter
3347 447 3604 503 confessa

1896 526 2065 589 causa
2093 517 2197 589 est,
2226 516 2291 566 ut
2316 517 2540 582 oportet
2569 513 2885 589 secundum
2927 514 3373 589 heteromeriam
3404 519 3598 589 explo-

1897 582 2122 656 demus.
2154 583 2576 654 Nonnunquam
2606 583 2864 639 incidunt
2886 585 3252 656 quastiones,
3277 582 3522 644 maxime
3541 590 3602 644 in

1901 653 2160 720 veritate,
2207 670 2337 724 qua
2377 653 2659 710 summam
2694 653 3028 723 accusatori,
3071 659 3291 713 nullam
3340 676 3437 714 reo
3488 661 3600 714 lar-

1901 724 2140 795 giuntur
2161 724 2532 797 facultatem:
2563 743 2760 781 verum
2791 744 2884 782 eas
2917 744 3030 782 non
3063 730 3602 797 controversias,sed

1901 811 2246 873 communes
2264 797 2415 873 locos
2443 795 2684 873 dicimus
2716 814 2729 853 :
2763 798 2977 870 quippe
3009 805 3094 854 est
3120 798 3180 853 in
3207 800 3296 855 his
3318 818 3436 856 non
3464 795 3604 873 pro-

1901 865 2056 941 batio
2087 866 2364 941 criminis,
2396 868 2490 941 sed
2515 874 2576 922 ut
2600 869 2660 922 in
2685 865 3016 939 express—um
3048 876 3221 941 atque
3253 865 3487 928 evidens
3518 873 3604 927 fa-

1903 937 2403 1012 cinusexpressio.
2441 939 2698 1012 _Quartus
2727 937 2811 994 est
2850 941 3054 995 modus
3083 937 3317 1012 asystati
3346 945 3434 998 vel
3461 944 3601 998 cali-

1904 1007 2298 1082 ginosissimus
2324 1049 2353 1082 ,_
2391 1009 2549 1082 adeo
2599 1015 2663 1064 ut
2716 1007 3163 1082 nonnunquam'
3188 1013 3368 1067 doctis
3424 1014 3601 1069 etiam

1905 1079 2231 1134 hominibus
2277 1080 2456 1134 soleat
2501 1080 2794 1150 obrepere.
2851 1079 3029 1137 Habet
3070 1083 3224 1138 enim
3255 1086 3604 1139 nonnullam

1906 1151 2150 1224 speciem
2195 1150 2520 1224 probabilis
2550 1151 3026 1224 consistentisque
3070 1155 3341 1209 materia.
3387 1157 3462 1210 Ea
3516 1160 3605 1211 est

1904 1221 2252 1294 hujusmodi,
2277 1223 2336 1276 in
2367 1239 2480 1294 qua
2501 1223 2678 1293 judex
2698 1221 2951 1277 ferendae
2982 1226 3277 1279 sententia
3319 1227 3602 1281 rationem

1906 1293 2200 1365 explorare
2227 1309 2346 1347 non
2375 1293 2563 1363 potest
2609 1309 2622 1348 :
2669 1294 2778 1347 hoc
2818 1294 2996 1365 Graci
3024 1301 3207 1365 ἄπορον
3237 1303 3460 1352 vocant.
3491 1298 3601 1352 Sed

1907 1363 2272 1439 subjiciamus
2299 1365 2624 1439 exemplum
2657 1379 2670 1418 :
2700 1364 2935 1439 Petebat
2953 1365 3024 1419 ab
3046 1363 3156 1418 alio
3178 1382 3410 1439 usuram
3430 1369 3601 1439 quasi

1904 1435 2165 1558 pecunia
2195 1435 2422 1489 credita
2460 1452 2472 1488 :
2506 1436 2600 1488 ille
2632 1436 2916 1505 accepisse
2944 1452 3002 1490 se
3033 1438 3335 1506 pecuniam
3361 1435 3603 1493 conﬁte-

1947 1511 2094 1558 atur.
2151 1506 2245 1558 sed
2289 1505 2637 1558 depositam:
2680 1512 2737 1558 et
2779 1506 2990 1558 idcirco
3032 1508 3172 1558 velle
3205 1525 3263 1558 se
3305 1509 3603 1558 restituere

1947 1511 2094 1573 atur,
2151 1506 2245 1559 sed
2289 1505 2637 1575 depositam;
2680 1512 2737 1560 et
2779 1506 2990 1560 idcirco
3032 1505 3172 1560 velle
3205 1525 3263 1561 se
3305 1509 3603 1564 restituere

1905 1581 2118 1648 sortem
2157 1576 2284 1648 sine
2324 1592 2514 1632 usura.
2558 1577 2845 1631 Pendente
2889 1577 3108 1631 interea
3145 1579 3382 1648 judicio,
3415 1580 3501 1633 lex
3532 1580 3600 1634 de

1907 1646 2066 1721 novis
2111 1647 2320 1721 tabulis
2369 1649 2479 1721 lata
2525 1654 2615 1721 est
2653 1663 2667 1701 :
2709 1649 2914 1721 repetit
2940 1646 3230 1721 illelquasi
3260 1650 3597 1721 depositam,

1903 1716 2001 1792 ille
2039 1717 2248 1792 retinet
2275 1718 2438 1792 quasi
2467 1716 2789 1792 creditamf
2811 1719 2934 1792 Non
2965 1716 3116 1792 enim
3158 1716 3498 1792 video—quid
3528 1721 3603 1776 sit

1904 1787 2018 1854 hic,
2067 1789 2220 1862 quod
2359 1788 2650 1862 sententia
2680 1789 2924 1862 ferenda
2946 1790 3140 1862 ijurdex
3184 1791 3346 1862 sequi
3373 1787 3598 1862 “possit,

1904 1874 2034 1913 cum
2063 1860 2276 1929 petitor
2316 1859 2472 1914 idem
2511 1859 2801 1914 interdum
2831 1860 3157 1928 credidisse,
3186 1859 3477 1916 interdum
3508 1864 3605 1917 de-

1903 1929 2157 2001 posuisse
2186 1946 2244 2002 se
2276 1931 2453 1998 dicat;
2484 1935 2540 1984 et
2564 1931 2659 2002 ille
2689 1931 2832 1984 alter
2857 1930 3146 1986 interdum
3168 1932 3486 2002 depositam
3517 1949 3605 1988 ac-

1904 2002 2140 2074 cepisse,
2191 2001 2482 2074 interdum
2536 2001 2809 2074 creditam
2855 2017 2869 2055 :
2921 2007 2981 2074 et
3020 2008 3223 2057 neuter
3242 2001 3353 2056 sua
3381 2004 3598 2074 priore,

1905 2073 2004 2127 sed
2041 2076 2284 2142 uterque
2325 2073 2470 2127 alter
2498 2073 2732 2126 alterius
2760 2073 3046 2142 praterita
3075 2074 3358 2128 sententia
3386 2073 3599 2130 utatur.

2083 2144 2308 2198 CAPUT
2350 2143 2435 2198 lX.
2466 2173 2536 2184 —
2574 2145 2656 2198 De
2685 2145 2880 2212 ﬁguris
2908 2146 3414 2200 controversiarum.

1975 2213 2266 2268 Pertinere
2295 2213 2469 2288 etiam
2501 2214 2766 2288 nonnihil
2789 2215 2860 2268 ad
2889 2231 3010 2288 rem
3039 2216 3428 2288 videturscire
3453 2215 3601 2288 figu-

1903 2299 1996 2338 ras
2043 2286 2588 2359 controversiarum,
2644 2285 2851 2359 quibus
2898 2285 3142 2359 invicem
3188 2286 3435 2356 differat,
3485 2285 3600 2359 quo

1904 2354 2174 2430 magisAin
2203 2355 2451 2430 evidenti
2471 2357 2564 2430 sit,
2584 2354 3070 2430 quemadmodum
3096 2373 3384 2430 quamque
3405 2354 3606 2430 tracte-

1905 2425 2052 2480 mus.
2081 2425 2227 2482 Sunt
2251 2427 2428 2498 igitur
2456 2425 2728 2492 themata,
2762 2427 2820 2482 id
2846 2433 2930 2481 est
2959 2425 3159 2499 figura
3185 2425 3598 2483 controversia-

1905 2513 2060 2563 rum,
2111 2504 2358 2570 quatuor
2407 2514 2421 2552 :
2464 2505 2674 2565 εὔδοξον,
2727 2499 2885 2570 quod
2939 2515 3042 2553 nos
3094 2499 3385 2570 opinionis
3438 2500 3603 2554 bona

1905 2584 2232 2654 possumus.
2259 2569 2477 2636 dicere;
2519 2569 2798 2654 ἀμφςδοξον,
2848 2571 2999 2654 quod
3040 2569 3149 2624 nos
3193 2571 3482 2654 opinionis
3537 2587 3602 2624 ex

1905 2644 2168 2710 utroque,
2216 2639 2369 2712 bono
2419 2656 2483 2694 ac
2532 2639 2704 2712 malo,
2744 2639 2997 2695 confusa
3027 2639 3334 2712 possumus
3362 2641 3549 2696 dicere
3584 2658 3598 2695 :

1903 2717 2192 2784 παράδοξον,
2217 2710 2372 2784 quod
2403 2727 2508 2764 nos
2537 2710 2826 2784 opinionis
2851 2710 3351 2784 mala—possumus
3381 2713 3603 2780 dicere;

1904 2783 2130 2835 tametsi
2185 2781 2434 2853 quidam;
2463 2797 2666 2852 parum
2715 2781 3022 2852 diligenter
3048 2781 3237 2852 grace
3278 2783 3600 2853 loquentes,

1904 2853 2235 2977 Earadoxon
2255 2868 2360 2922 pro
2381 2852 2469 2906 his
2489 2868 2619 2924 qua
2641 2859 2775 2906 sunt
2793 2853 2958 2906 bona
2979 2852 3598 2924 Opinionis,accipiunt.

1954 2922 2065 2977 nde
2110 2924 2280 2977 vulgo
2328 2923 2499 2977 etiam
2539 2923 2960 2977 Olvmoionicas
3008 2931 3065 2977 et
3101 2930 3334 2977 cateros
3364 2926 3598 2977 victores

1954 2922 2065 2977 nde
2110 2924 2280 2994 vulgo
2328 2922 2960 2993 etiam'Olympionicas
3008 2922 3065 2978 et
3101 2930 3334 2978 cateros
3364 2922 3604 2978 victores

1906 3009 2198 3049 sacrorum
2226 2994 2623 3056 certaminum,
2655 2994 2970 3065 paradoxos
2996 3001 3216 3061 vocant,
3250 2995 3432 3065 magis
3475 3011 3605 3050 con-

1906 3065 2206 3120 suetudine
2233 3081 2408 3137 quam
2431 3065 2654 3120 ratione
2684 3065 2838 3120 ducti
2874 3083 2886 3120 :
2923 3081 3078 3131 nam,
3105 3071 3170 3120 ut
3199 3065 3426 3135 opinor,
3439 3074 3601 3137 παρά-

1905 3142 2042 3216 δοξον
2088 3141 2196 3218 est,
2228 3137 2380 3207 quod
2427 3141 2512 3218 est
2537 3146 2670 3216 ποιρὰ
2695 3146 2790 3218 τὴν
2815 3143 2980 3218 δόξανἰ
3009 3137 3067 3191 id
3115 3141 3201 3218 est
3235 3141 3433 3217 contra
3476 3138 3602 3218 opi-

1906 3207 2137 3279 nionem
2182 3206 2410 3279 bo’nam.
2458 3206 2712 3279 Denique
2759 3207 2885 3279 licet
2913 3210 3052 3262 alias
3085 3209 3346 3279 vulgares
3379 3206 3602 3279 signifi-

1906 3278 2158 3332 cationes
2201 3278 2445 3349 probare
2483 3277 2750 3333 malimus
2775 3277 2943 3348 hujus
2972 3277 3243 3348 nominis,
3274 3277 3469 3332 tamen
3493 3279 3603 3334 hoc

1906 3349 2052 3414 loco,
2085 3354 2152 3404 ut
2180 3351 2360 3404 multa
2387 3365 2535 3404 nova
2565 3355 2683 3404 tam
2711 3366 2745 3403 a
2773 3349 3046 3404 technicis
3074 3354 3133 3404 et
3159 3349 3600 3420 mathematicis,

1909 3436 2082 3492 quam
2129 3438 2162 3474 a
2203 3420 3099 3492 philosophiscognominantur,
3124 3419 3401 3492 accipere
3431 3420 3601 3475 debe-

1907 3491 2035 3545 mus
2061 3507 2179 3563 non
2209 3497 2327 3546 tam
2358 3507 2462 3562 pro
2493 3491 2661 3563 solito
2689 3508 2796 3546 usu
2827 3491 3468 3563 consuetudinis,quam
3496 3508 3602 3562 pro

1908 3562 2236 3616 conditione
2265 3563 2559 3634 pracepti.
2580 3562 2800 3634 Quarta
2827 3569 2911 3618 est
2938 3562 3154 3634 species
3187 3562 3599 3631 controversia,

1908 3649 2038 3704 qua
2090 3648 2272 3705 grace
2322 3640 2486 3701 ἄδοξος
2522 3633 2762 3705 Adicitur,
2807 3633 2983 3705 quanti
3028 3649 3290 3705 nosnon
3332 3637 3396 3686 ut
3434 3634 3603 3705 vulgo

1907 3702 2075 3758 mala
2101 3702 2416 3774 opinionis,
2440 3703 2537 3759 sed
2570 3704 2784 3758 nullius
2819 3702 3109 3774 opinionis
3140 3703 3402 3768 dicimus,
3433 3702 3492 3758 id
3519 3702 3605 3759 est

1906 3773 2188 3830 humilem
2217 3778 2276 3829 et
2319 3775 2624 3830 sordidam.
2679 3774 2786 3829 Sed
2820 3773 3110 3829 evidenter
3145 3775 3268 3828 hac
3297 3773 3602 3844 propositis

1908 3847 2183 3916 exemplis
2235 3846 2552 3916 liquebunt.
2585 3853 2783 3914 Εὔδοξος
2835 3845 3221 3900 controversia
3271 3845 3604 3914 hujusmodi

1909 3921 2008 3997 cst,
2043 3916 2104 3997 in
2131 3932 2249 3997 qua
2273 3921 2390 3997 tam
2422 3933 2665 3997 persona
2707 3933 2882 3997 quam
2917 3933 3008 3997 res
3037 3921 3121 3970 est
3149 3917 3424 3997 honesta;
3448 3917 3605 3997 velut

1909 3988 2094 4060 Scipio
2122 3987 2282 4042 victis
2311 3987 2499 4043 Panis
2532 3989 2675 4060 petit
2702 3987 2762 4042 in
2808 3988 3111 4060 pramiurn
3153 3993 3219 4041 ut
3263 3991 3477 4060 spectet
3518 3987 3605 4060 lu-

1907 4057 2018 4142 dos
2035 4058 2230 4142 laurea
2257 4057 2565 4142 coronatus
2597 4076 2610 4115 :
2639 4063 2696 4114 et
2722 4057 2966 4142 persona
2997 4059 3357 4142 honestaJest
3386 4057 3601 4142 Scipio-

1907 4129 2018 4192 nis,
2049 4134 2104 4184 et
2135 4130 2287 4202 quod
2318 4131 2532 4200 petitur
2569 4146 2686 4185 non
2723 4128 3075 4202 improbum.
3106 4135 3381 4202 ξΑμφίδοξος
3412 4128 3515 4202 est,
3543 4128 3604 4183 in

1909 4217 2024 4273 qua
2067 4201 2155 4273 vel
2185 4202 2546 4273 honestatem
2577 4217 2838 4271 persona
2868 4201 3165 4272 turpitudo
3212 4201 3294 4273 rei
3325 4201 3601 4267 maculat;

1906 4271 2152 4345 velutlsi
2189 4271 2345 4345 idern
2389 4272 2576 4344 Scipio
2625 4279 2782 4345 petat
2826 4271 3050 4345 pramii
3079 4272 3312 4326 nomine
3357 4275 3603 4326 mortem

1905 4342 2118 4415 Tiberii
2155 4343 2351 4397 Asellii
2401 4358 2420 4415 ξ
2467 4342 2601 4399 nam
2625 4342 2911 4415 'petito'ris
2947 4360 3190 4415 persona
3220 4345 3456 4415 honesta
3487 4347 3600 4415 est;

1907 4413 2062 4486 quod
2092 4417 2283 4486 autem
2310 4413 2527 4484 petitur
2565 4413 2964 4470 inhonestum.‘
2993 4415 3088 4469 Vel
3118 4420 3337 4476 contra,
3370 4414 3416 4467 si
3436 4413 3603 4486 abdi-

1906 4483 2063 4558 catus
2088 4483 2547 4558 fortiter’fecerit,
2580 4491 2637 4540 et
2655 4493 2813 4557 petat
2843 4485 3324 4558 pramiiinomine
3357 4485 3602 4558 reditum

1904 4554 1966 4628 in
1997 4555 2233 4628 domum
2276 4556 2451 4626 patris
2484 4573 2497 4610 :
2529 4554 2776 4628 persona
2806 4554 2935 4628 qua
2973 4557 3133 4628 petit,
3170 4557 3473 4628 inhonesta
3503 4557 3604 4628 ab-

1906 4626 2109 4698 dicati;
2139 4641 2228 4680 res
2259 4642 2430 4698 quam
2465 4627 2628 4698 petit,
2659 4626 2901 4698 honesta
2945 4632 3005 4680 ut
3045 4626 3106 4680 in
3152 4627 3388 4680 domum
3423 4627 3602 4696 patris

1903 4697 2114 4751 redeat.
2141 4704 2420 4768 Παράδοξον
2448 4697 2535 4751 est
2560 4697 2959 4768 controversia
2985 4713 3187 4768 genus,
3213 4703 3277 4751 ut
3304 4713 3477 4768 supra
3505 4698 3605 4752 de-

1904 4767 2265 4835 ﬁniebam,in
2285 4785 2400 4840 quo
2420 4773 2664 4840 utraque
2690 4774 2822 4840 sunt
2844 4767 3287 4840 inhonesta,tam
3315 4767 3404 4840 res
3426 4784 3602 4839 quam

1905 4855 2172 4912 persona,
2221 4838 2376 4912 velut
2421 4838 2798 4912 impudicitia
2839 4855 2970 4912 reus
3016 4838 3239 4892 fortiter
3266 4838 3418 4905 fecit,
3445 4838 3604 4910 petit

1905 4909 2128 4982 pramii
2149 4911 2384 4982 nomine
2404 4909 2754 4982 accusatoris
2785 4910 2872 4982 sui
2902 4915 3147 4982 mortem
3178 4925 3193 4982 ς
3225 4925 3360 4963 nam
3391 4914 3448 4982 et
3470 4909 3603 4979 per-

1905 4979 2044 5036 sona
2072 4981 2319 5052 petentis
2341 4981 2640 5036 inhonesta
2669 4986 2769 5046 est,
2801 4980 3086 5052 siquidem
3112 4979 3222 5034 fuit
3248 4995 3380 5052 reus
3410 4980 3602 5052 impu-

1904 5049 2133 5124 dicitia,
2165 5052 2393 5124 tametsi
2422 5052 2635 5124 aliquid
2666 5049 3014 5123 turpitudini
3039 5049 3416 5124 derogaverit,
3449 5049 3603 5122 quod

1903 5119 2127 5204 fortiter
2161 5123 2322 5202 fecit;
2371 5127 2429 5178 et
2456 5119 2547 5179 res
2576 5119 2941 5204 quam—petit,
2973 5119 3252 5204 improba.
3286 5119 3500 5204 {k‘Sotq‘f,
3516 5133 3604 5182 est

1904 5194 2304 5266 controversia
2332 5210 2513 5265 genus
2545 5193 2668 5250 sine
2699 5193 2969 5266 opinione
2999 5193 3264 5266 utraque,
3297 5195 3514 5252 humile
3545 5204 3604 5254 et

1904 5264 2218 5320 sordidum.
2250 5264 2476 5336 Pauper
2502 5264 2845 5322 vestimenta
2870 5264 3181 5336 vendebat;
3213 5267 3425 5321 exstitit
3452 5268 3601 5324 alius

1902 5351 2145 5408 pauper,
2175 5336 2276 5407 qui
2305 5335 2617 5392 vindicaret
2642 5353 2728 5405 ea,
2757 5342 2812 5393 et
2838 5337 2989 5408 furto
3017 5335 3207 5408 ablata
3235 5337 3342 5392 sibi
3370 5354 3491 5395 esse
3521 5341 3602 5395 di-

1905 5407 2058 5463 ceret
2091 5424 2106 5462 :
2131 5407 2227 5461 ille
2247 5408 2508 5463 venditor
2536 5409 2637 5475 ait,
2669 5425 2727 5462 se
2753 5408 2822 5463 ab
2853 5407 3112 5462 adultero
3132 5407 3487 5478 deprehenso
3505 5411 3604 5467 illa

1903 5478 2242 5533 vestimenta
2270 5479 2580 5534 detraxisse
2612 5497 2625 5535 :
2662 5479 2904 5533 invicem
2935 5483 3218 5543 accusant,
3251 5479 3346 5533 ille
3376 5483 3606 5538 adulte-

1905 5549 1995 5615 rii,
2051 5550 2146 5604 hic
2198 5550 2356 5626 furti.
2418 5551 2518 5605 Hic
2555 5551 2715 5626 enirn
2745 5555 2799 5604 et
2856 5565 3116 5626 persona
3159 5550 3408 5626 humiles
3464 5571 3603 5626 pau-

1904 5636 2128 5692 perum,
2185 5625 2242 5676 et
2298 5636 2389 5693 res
2451 5637 2578 5692 qua
2627 5619 2892 5693 videntur
2948 5619 3145 5693 fecisse
3197 5619 3598 5693 quastioﬁem,

1905 5693 2158 5761 abjecta,
2206 5692 2678 5764 vestimentorum
2735 5692 3046 5764 vindicatio‘
3096 5695 3153 5764 et
3203 5693 3418 5764 agnitio
3471 5714 3484 5750 :
3544 5692 3602 5752 et

1904 5779 2237 5836 quanquam
2290 5763 2663 5839 intervenerit
2715 5763 2934 5819 crimen
2983 5762 3258 5818 adulterii
3292 5781 3407 5822 non
3441 5769 3600 5839 abje-

1903 5834 2300 5892 etum—tamen
2337 5834 2472 5909 quia
2515 5835 2684 5907 plura
2720 5841 2854 5892 sunt
2881 5839 3012 5894 ante
3039 5846 3319 5912 περίστασιν
3361 5834 3604 5898 humilia
