4056 6398
384 318 403 369 1
419 316 516 369 447

377 443 435 492 et
463 436 709 502 sordida,
741 435 922 490 totius
943 434 1336 488 controversiae
1359 434 1606 505 speciem
1637 435 1745 488 sibi
1764 435 2070 490 vindicant.

380 526 605 581 CAPUT
631 525 689 580 X.
726 552 795 566 —
821 523 967 589 Quid
1003 524 1261 594 utilitatis
1311 539 1424 589 prae
1473 538 1527 576 se
1575 525 1720 590 ferat
1768 523 2073 594 figurarum

958 593 1226 662 ejusmodi
1271 596 1496 660 agnitio.

454 685 795 755 Dignoscere
852 686 1044 755 autem
1096 682 1203 755 has
1260 682 1773 755 contraversiar'um
1835 682 2068 755 ﬁguras,

377 772 507 810 cum
537 753 605 808 ad
640 755 817 808 multa
840 753 946 806 alia
969 753 1381 818 convenit,tum
1401 755 1483 806 vel
1515 753 1571 806 in
1595 753 1795 822 primis
1826 754 1893 806 ad
1926 753 2070 816 id,ut

376 827 614 881 modum
644 823 943 894 praefandi,
977 822 1033 876 id
1063 831 1144 876 est
1173 824 1454 894 principia
1494 823 1718 894 edendi,
1760 837 2072 893 congruen-

376 902 491 952 tem
519 893 780 966 qualitati
808 894 1103 966 materiam
1133 893 1699 966 invenirepossimus
1731 910 1744 946 :
1772 911 1884 947 non
1915 894 2069 947 enim

379 964 578 1022 eadem
627 968 843 1036 species
885 964 1053 1017 debet
1073 980 1191 1019 esse
1226 965 1495 1035 principii
1524 964 1583 1017 in
1613 965 2067 1036 ῐὴθωειῐθηεύδόζῳ

377 1043 435 1092 et
458 1034 698 1108 ἀμφιϐόξῷ
729 1043 785 1090 et
813 1041 1084 1107 παραδόξῳ,
1117 1034 1344 1098 δεάίευει
1369 1037 1573 1105 cuique
1599 1034 2065 1108 formaitribuen-

377 1108 466 1162 da.
497 1105 620 1162 Jam
647 1105 896 1178 primum
924 1112 983 1165 in
1015 1115 1188 1177 εὐδοξῳ
1220 1121 1427 1176 genere
1472 1105 2066 1178 materiaellermago-

375 1194 467 1232 ras
496 1175 669 1248 negat
697 1195 819 1233 esse
851 1175 1208 1250 praefandum
1237 1175 1249 1231 ὲ
1284 1193 1417 1250 nam
1439 1177 1484 1250 si
1518 1175 1944 1250 benevolentia,
1979 1177 2066 1250 in_-

374 1250 530 1325 quit,
552 1247 922 1325 conciliandae
955 1248 1651 1325 grartia-prmfarisohlemus
1680 1247 1740 1325 in
1765 1247 1926 1325 home
1947 1248 2065 1325 opif

373 1317 881 1395 nionisthemate,
934 1317 1100 1395 q'uale
1140 1317 1282 1395 illud
1335 1324 1418 1370 est
1459 1318 1800 1395 Scipionis;_
1828 1317 2066 1395 benigni

371 1397 503 1444 sunt
531 1391 611 1455 hi,
646 1392 798 1461 apud
827 1388 969 1463 quos
999 1390 1242 1447 locuturi
1273 1405 1514 1463 sum_us_:
1547 1388 1905 1463 militantem
1934 1388 2063 1463 atti-

373 1466 473 1537 n_e_t
502 1458 726 1537 parare,
760 1458 910 1533 quod
948 1468 1212 1537 paratum
1245 1463 1345 1537 est.
1386 1458 1494 1537 Sed
1527 1459 1668 1510 mihi
1697 1459 2066 1537 longealiter

371 1530 616 1597 videtur,
650 1537 706 1584 et
735 1529 871 1601 pace
916 1529 1060 1589 tanti
1102 1531 1208 1585 viri
1253 1529 1492 1601 dixerim
1533 1545 1544 1582 :
1583 1529 1950 1601 nequeenim
1981 1534 2065 1601 est

371 1617 600 1670 semper
625 1599 930 1670 spectanda
957 1603 1282 1668 auctoritas,
1314 1600 1509 1668 utique
1535 1615 1664 1652 cum
1699 1599 1916 1651 ratione
1946 1599 2064 1652 vin-

370 1673 799 1743 catur.Censeo
833 1675 1009 1743 igitur
1055 1673 1198 1728 nihil
1227 1670 1624 1743 prohiberein
1653 1675 1827 1743 ερδόξῳ
1857 1684 2062 1743 genere

371 1742 644 1815 materiai,
683 1739 998 1815 quominus
1050 1739 1379 1815 przefemur.
1425 1739 1575 1815 Nihil
1617 1740 1792 1815 enim,
1835 1739 2058 1808 opinor,

368 1813 507 1885 mali
538 1818 640 1876 est,
681 1809 962 1884 benignos
983 1809 1206 1885 judices
1239 1810 1598 1885 benigniores
1650 1809 1888 1885 reddere
1920 1826 2061 1885 prae-

368 1883 560 1943 fando.
599 1888 664 1936 ut
693 1880 1096 1939 cum'ot'l'ensos
1126 1881 1461 1937 adversariis
1493 1880 1769 1943 videmus,
1803 1880 2060 1933 offensio-

367 1968 501 2026 nem
531 1953 689 2026 illam
710 1955 947 2026 dicendo
976 1971 1187 2026 augere
1213 1951 1784 2026 conamur._l)enique
1808 1951 2061 2005 aulmdos

369 2029 425 2078 et
455 2024 788 2078 citharmdos
838 2033 893 2080 et
938 2021 1170 2080 castéros
1217 2021 1547 2090 hujusmodi
1586 2021 1846 2094 artifices,
1878 2038 2058 2091 quan-

367 2110 541 2164 quam
593 2110 707 2166 non
764 2098 1141 2166 polliceantur
1171 2095 1508 2166 orationem,
1565 2093 1822 2144 videmus
1847 2097 2059 2166 _tamen

364 2161 648 2236 praeloqui
677 2161 806 2220 ante
837 2168 1138 2222 actionem.
1191 2167 1261 2236 Et
1283 2163 1708 2236 omninocurta
1733 2167 1787 2215 et
1815 2161 1937 2236 sine
1967 2179 2060 2217 ca-

363 2233 481 2320 pite
512 2233 693 2320 oratio
719 2243 820 2304 est,
860 2255 988 2320 quas
1029 2239 1150 2318 sine
1181 2233 1463 2320 principio
1491 2233 1559 2286 ab
1590 2233 1727 2312 ipsis
1751 2233 1923 2312 rebus
1964 2250 2056 2287 or-

364 2304 541 2360 ditur.
575 2307 812 2378 Utemur
828 2304 999 2362 etiam
1020 2304 1318 2378 principiis
1337 2305 1397 2357 in
1418 2304 1893 2378 bonaaopinionis
1922 2321 2059 2357 con-

365 2377 686 2442 troversiis;
735 2379 833 2433 sed
879 2374 1236 2433 brevioribus
1284 2380 1339 2428 et
1382 2375 1717 2428 rectioribus
1763 2374 1956 2443 paulo,
2001 2381 2057 2428 et

361 2446 776 2520 conﬁdentibus
832 2455 889 2503 et
944 2451 1126 2520 plenis
1161 2446 1562 2520 dignitatibus,
1621 2445 2054 2520 sinenjactantia

367 2518 659 2591 duntaxat,
692 2535 762 2571 ne
803 2535 892 2573 res
936 2514 1120 2591 pariat
1145 2514 1430 2591 invidiam
1464 2532 1476 2567 :
1506 2520 1590 2591 __u_t
1625 2519 1707 2591 est
1732 2514 1872 2567 illud
1902 2516 2055 2591 apud

364 2588 434 2642 Μ.
478 2588 728 2641 Tullium
759 2586 956 2643 contra
998 2589 1329 2643 concionem
1362 2586 1588 2650 Metelli,
1630 2586 1688 2637 in
1726 2600 1840 2654 qua
1869 2589 2056 2638 exsul-

363 2662 484 2711 tare
518 2659 745 2717 videtur
776 2675 788 2713 :
823 2661 911 2715 Sic
941 2663 1101 2724 enim,
1125 2665 1185 2712 ut
1214 2661 1423 2727 opinor,
1452 2658 1709 2725 insequar
1738 2657 2050 2727 fugientem,

366 2731 623 2796 quoniam
658 2731 912 2795 congredi
937 2747 1041 2784 non
1088 2733 1208 2784 licet
1239 2726 1356 2782 cum
1397 2730 1676 2780 resistente
1721 2726 1880 2789 Quod
1912 2743 2055 2780 nun-

361 2815 533 2869 quam
565 2801 812 2869 profecto
836 2805 952 2855 tam
986 2800 1284 2869 magnifice
1303 2799 1489 2852 dicere
1512 2798 1570 2850 in
1601 2797 1831 2869 exordio
1862 2799 2051 2851 statim

361 2868 522 2922 orsus
553 2868 768 2935 fuisset,
801 2873 910 2925 nisi
944 2878 1000 2925 et
1027 2868 1207 2940 ipsius
1237 2869 1442 2923 actoris
1481 2873 1628 2921 esset
1656 2868 2049 2940 lionestaiper-

360 2956 521 3007 sona,
553 2945 608 2993 et
639 2957 728 2994 res
758 2943 827 2996 de
859 2959 970 3012 qua
994 2938 1281 2996 locuturus
1303 2945 1442 3004 erat,
1466 2955 1583 2992 non
1605 2938 2055 3012 improba.ltem-

362 3026 473 3080 que
503 3011 612 3064 alio
645 3013 783 3080 loco,
822 3009 950 3066 cum
982 3013 1051 3066 de
1082 3014 1512 3081 conjuratorum
1559 3009 2053 3063 animadversione

358 3081 692 3150 loqueretur
740 3099 752 3137 :
807 3085 992 3147 Video,
1044 3086 1229 3138 Patres
1261 3082 1569 3148 conscripti,
1601 3083 1659 3133 in
1704 3094 1786 3132 me
1816 3094 2050 3150 omnium

356 3149 592 3206 vestrum
619 3169 714 3207 ora
746 3159 906 3222 atque
939 3156 1112 3207 oculos
1161 3168 1270 3206 esse
1299 3166 1570 3206 conversos
1613 3167 1626 3204 :
1679 3155 1734 3202 et
1763 3149 2047 3222 deinceps.

359 3221 711 3294 Quaaomnia
734 3220 1065 3294 hujusmodi
1095 3228 1247 3290 sunt,
1279 3229 1343 3276 ut
1362 3229 1516 3275 actor
1547 3227 1600 3275 et
1633 3220 1926 3294 splendori
1946 3220 2048 3294 suo

359 3297 415 3364 et
442 3293 611 3364 rebus
634 3294 724 3347 his
763 3291 830 3348 de
861 3295 1067 3364 quibus
1115 3296 1404 3347 locuturus
1436 3299 1536 3349 est.
1572 3291 1735 3364 quasi
1766 3291 2049 3364 honestis-

359 3361 518 3415 simis
547 3364 806 3417 videatur
831 3361 1037 3418 merito
1070 3365 1372 3417 conlidere.
1424 3361 1692 3432 Pleraque
1719 3363 2049 3432 hujusmodi

359 3434 589 3487 exordia
634 3435 783 3504 apud
840 3435 902 3499 Ο.
968 3436 1299 3495 Gracchum,
1343 3440 1557 3502 quanto
1601 3431 1909 3485 nobilioris
1946 3434 2052 3491 fuit

361 3504 611 3572 spiritus,
655 3521 784 3574 quae
829 3507 1112 3559 dicentem
1160 3504 1411 3574 profecto
1459 3504 1788 3574 Merucium,
1825 3509 1922 3555 aut
1952 3504 2052 3556 ali-

358 3590 530 3644 quem
561 3591 627 3628 ex
659 3573 940 3630 Cannensi
993 3573 1215 3629 caterva
1261 3591 1432 3628 nemo
1477 3573 1668 3627 ferret.
1717 3575 1780 3628 In
1809 3579 2050 3645 ἂμφιδόξῳ

357 3661 566 3714 genere
617 3647 871 3700 materiae
904 3646 1296 3700 moderatione
1336 3646 1584 3715 quadam
1615 3649 1890 3702 utendum
1922 3648 2049 3712 erit,

357 3732 485 3788 cum
515 3718 944 3788 principiamus,
969 3725 1028 3771 ut
1051 3722 1105 3770 et
1134 3717 1552 3786 turpitudinem
1577 3733 1705 3785 quae
1735 3720 1926 3772 subest
1947 3717 2047 3786 (a),

357 3791 412 3840 et
441 3787 775 3858 dignitatem
810 3805 937 3860 quae
961 3793 1043 3842 est
1062 3789 1122 3842 in
1149 3804 1208 3840 re
1230 3793 1325 3840 aut
1347 3803 1592 3858 persona
1607 3789 1692 3840 vel
1717 3789 2051 3843 illustrando

419 3904 492 3964 (α)
525 3903 822 3966 Oblegendo
840 3906 1178 3954 minuamus.
1204 3901 1326 3950 Tale
1355 3900 1606 3964 quiddam
1627 3902 1834 3952 videtur
1853 3902 2049 3950 deesse.

1326 311 1632 367 REGULJE
1669 311 1991 369 CLERICIS
2028 313 2365 369 TRADITAE
2405 313 2920 370 FRAGMENTUM.

3764 315 3911 369 1448

2185 452 2513 506 augeamus,
2546 436 2632 489 vel
2663 434 2741 489 ita
2769 434 2922 506 varie
2951 437 3256 505 utrumque
3274 435 3646 496 misceamus,
3673 440 3742 490 ut
3761 438 3913 490 alte-

2180 505 2296 560 rius
2327 507 2503 577 partis
2528 505 2942 576 turpitudinem
2973 506 3204 560 alterius
3239 506 3512 560 honestas
3548 511 3737 576 tegat.
3797 508 3911 562 Ne-

2178 594 2290 648 que
2322 583 2512 632 tamen
2543 593 2672 632 cum
2702 581 2858 648 tanta
2878 577 3209 648 jactatione,
3246 583 3460 648 quanta
3485 577 3549 631 in
3581 578 3690 632 illo
3723 594 3910 648 supe-

2179 647 2318 720 riori
2349 665 2557 719 genere
2614 647 2887 720 materiai,
2929 647 3025 701 sed
3070 647 3233 720 quasi
3261 647 3393 720 cum
3425 648 3682 720 quadam
3719 647 3910 703 conﬁ-

2178 719 2334 773 denti
2353 718 2708 773 verecundia.
2738 718 2794 773 Si
2815 719 2873 771 in
2896 735 2956 790 re
2980 719 3274 790 turpitudo
3296 719 3422 785 erit,
3445 718 3746 790 quantum
3767 720 3908 774 ﬁeri

2219 790 2406 856 oterit,
2439 790 2797 844 avocabimus
2821 789 3074 859 judicem
3106 789 3174 843 ad
3206 789 3479 859 personae
3509 789 3902 860 dignitatem.

2219 806 2406 856 oterit,
2439 806 2797 844 avocammus
2821 806 3074 859 inuicem
3106 806 3174 843 an
3206 806 3470 859 personae
3509 806 3902 860 dignitatem.

2176 806 2233 915 gi
2260 861 2321 914 iu
2350 877 2610 930 persona,
2629 860 2697 914 ad
2731 860 2813 912 rei
2830 860 3166 929 dignitatem
3187 860 3350 931 quasi
3373 860 3443 914 de
3470 861 3810 930 periculoso
3835 862 3903 916 in

2177 931 2444 985 tutiorem
2477 932 2661 985 locum
2696 930 3166 1002 refugiemus,sed
3196 930 3526 1002 Summatim
3557 932 3904 1002 leviterque

2177 1002 2460 1066 cedentes,
2521 1008 2583 1056 ut
2637 1001 2924 1071 despicere
2978 1001 3167 1071 potius
3225 1001 3611 1071 suspicionem
3669 1001 3898 1069 metus,

2177 1088 2350 1142 quam
2380 1072 2583 1126 timere
2609 1072 2920 1126 videamur.
2958 1071 3363 1126 Laborabimus
3395 1078 3587 1127 autem
3619 1073 3682 1126 in
3713 1082 3904 1138 eo,ut

2175 1143 2408 1196 confusa
2434 1149 2676 1211 utraque
2705 1143 2981 1212 dignitate
3003 1143 3086 1196 rei
3111 1148 3168 1196 et
3186 1159 3467 1212 personae,
3490 1146 3624 1213 plus
3649 1145 3900 1199 ﬁduciae

2174 1213 2235 1266 in
2266 1214 2578 1278 honestate,
2625 1230 2797 1283 quam
2847 1221 3032 1267 metus
3063 1213 3122 1266 in
3161 1214 3517 1283 turpitudine
3547 1215 3771 1268 habere
3805 1217 3896 1269 vi-

2175 1283 2428 1337 deamur.
2463 1283 2568 1338 Sed
2601 1292 2661 1355 ut
2692 1283 2983 1353 limpidius
3012 1284 3120 1337 hoc
3147 1300 3326 1352 genus
3357 1285 3756 1355 principiandi
3788 1287 3897 1340 de-

2172 1355 2578 1424 prehendatur,
2609 1354 2754 1407 dabo
2787 1355 3113 1424 exemplum
3145 1356 3294 1424 quod
3312 1354 3602 1410 habuitM.
3634 1357 3896 1423 Tullius,

2173 1441 2301 1478 cum
2334 1441 2437 1494 pro
2486 1426 2553 1479 Μ.
2590 1425 2795 1479 Scauro
2826 1426 3174 1494 loqueretur.
3207 1427 3337 1479 Erat
3362 1426 3516 1480 enim
3549 1435 3900 1482 controver-

2171 1496 2255 1576 sia
2277 1501 2564 1576 ἐμφίὸςζξοςς
2595 1496 2808 1565 quippe
2852 1496 2952 1566 qui
2994 1496 3273 1576 niteretur
3301 1496 3578 1576 dignitate
3614 1515 3896 1576 persona:

2174 1566 2247 1638 lii.
2276 1566 2491 1631 Scauri,
2527 1571 2882 1638 premeretur
2913 1567 3290 1638 turpitudine?
3311 1566 3570 1621 criminis
3599 1566 3671 1622 de
3701 1585 3894 1638 pecu-

2171 1636 2282 1707 niis
2308 1637 2660 1705 repetundis.
2696 1636 3089 1707 Utrumquein
3113 1637 3396 1707 principio
3418 1639 3609 1692 statim
3635 1636 3722 1692 ita
3751 1657 3895 1694 con-

2170 1706 2316 1760 fudit
2367 1713 2578 1771 orator,
2628 1712 2689 1760 ut
2732 1713 2789 1760 et
2827 1706 3241 1777 turpitudinem
3291 1708 3549 1762 criminis
3588 1710 3895 1780 dignitate

2169 1793 2430 1847 personae
2465 1783 2822 1848 contegeret;
2874 1795 3059 1848 neque
3101 1784 3294 1832 tamen
3328 1780 3567 1848 largiter
3599 1781 3888 1848 nimium,

2169 1863 2355 1920 neque
2407 1849 2799 1920 exsultanter,
2831 1849 2924 1902 sed
2967 1849 3043 1902 ita
3077 1855 3136 1903 ut
3179 1855 3477 1920 expromat
3523 1854 3886 1906 nonnullam

2169 1918 2340 1989 etiam
2372 1925 2558 1973 metus
2597 1919 3000 1989 suspicionem.
3051 1918 3286 1974 Mairim'e
3315 1923 3428 1986 fuit
3458 1922 3772 1989 optandum
3802 1926 3884 1978 Μ.

2167 1988 2394 2061 Scauro,
2437 1990 2667 2058 judices,
2695 1988 2776 2043 ’ut
2814 1992 2960 2044 nullo
2990 1997 3229 2059 suscepto
3263 1988 3548 2059 cujusdam
3575 1992 3728 2061 odio,
3762 1998 3891 2048 sine

2167 2060 2544 2133 offensionegac
2573 2062 2840 2133 mialcstia,
2875 2067 2930 2114 et
2959 2068 3179 2133 caetera.
3213 2063 3275 2114 In
3299 2069 3572 2133 παραδόξῳ,
3601 2063 3662 2117 id
3693 2060 3788 2118 est
3821 2065 3887 2119 in

2166 2131 2332 2204 malae
2379 2131 2663 2204 opinionis
2709 2132 2989 2204 themate,
3029 2132 3125 2185 ubi
3160 2137 3216 2204 et
3253 2131 3500 2202 persona
3529 2131 3586 2187 et
3617 2135 3888 2204 dignitas

2165 2201 2382 2269 pariter
2408 2202 2705 2267 laborabit,
2731 2202 3083 2273 longioribus
3109 2201 3408 2272 principiis
3430 2201 3718 2259 utendum
3743 2207 3886 2273 erit,

2167 2277 2223 2342 et
2246 2273 2556 2341 purgandis
2578 2272 2994 2342 suspicionibus
3020 2289 3192 2342 opera
3209 2273 3601 2340 tribuenda,et
3622 2272 3886 2331 demisse

2165 2341 2542 2428 loquendum,
2562 2359 2703 2422 .cum
2728 2343 3043 2423 sententiis,
3060 2341 3193 2423 tum
3219 2345 3404 2428 verbis
3422 2346 3602 2428 etiam
3630 2347 3885 2428 propius

2164 2411 2498 2484 blanditiam
2531 2413 2668 2472 sitis.
2697 2419 2751 2466 et
2781 2414 3140 2484 querimonia
3165 2416 3332 2484 quasi
3364 2416 3489 2470 falsi
3513 2411 3660 2470 illati
3682 2411 3889 2472 crimi-

2166 2482 2275 2559 nis,
2301 2489 2384 2559 _et
2428 2484 2584 2559 falsas
2615 2482 3224 2559 infamizecompositte
3273 2487 3577 2540 adversum
3610 2505 3719 2541 nos
3773 2506 3889 2559 per

2165 2552 2458 2627 invidiam,
2491 2555 2662 2627 etiam
2693 2552 3055 2627 submissiore
3087 2561 3206 2609 toto
3237 2572 3478 2627 corpore
3508 2552 3885 2614 conformato

2164 2624 2236 2677 ad
2277 2625 2698 2690 verecundiam,
2741 2626 3019 2679 submisso
3052 2627 3232 2692 vultu,
3285 2624 3466 2682 oculis
3511 2635 3728 2683 terram
3786 2632 3886 2684 in-

2165 2695 2483 2768 tuentibus;
2517 2696 2829 2768 nequerilla
2854 2697 3078 2768 acriter,
3119 2697 3238 2762 sed,
3271 2698 3318 2750 si
3339 2715 3667 2768 possumus,
3698 2702 3886 2756 etiam

2164 2765 2368 2840 timore
2400 2766 2684 2840 simulato.
2719 2767 2781 2820 In
2810 2773 2979 2840 ἀδόξῳ,
3010 2767 3067 2840 id
3097 2774 3180 2821 est
3207 2768 3264 2821 in
3287 2765 3723 2840 humiligcnere
3753 2789 3885 2827 ma-

2164 2836 2345 2913 terias,
2369 2837 2636 2913 proxima
2662 2840 2914 2913 sermoni
2946 2838 3156 2892 debent
3183 2855 3304 2913 esse
3332 2836 3648 2913 principia;
3681 2859 3883 2913 neque

2163 2907 2454 2979 sententiis
2493 2908 2604 2960 alte
2644 2909 2860 2977 petitis,
2895 2925 3078 2979 neque
3109 2909 3294 2963 verbis
3324 2907 3470 2964 ultra
3501 2907 3744 2967 modum
3774 2907 3881 2968 or—

2163 2976 2551 3051 n‘atis,‘n_equ_e
2577 2976 2858 3032 structura
2895 2976 3174 3051 graviore,
3206 2981 3303 3034 sed
3335 2981 3499 3051 quasi
3529 2984 3787 3037 resoluta
3820 2991 3883 3038 et

2163 3047 2427 3123 simplici.
2464 3049 2776 3123 Vis__a_utem
2807 3047 3068 3103 omnium
3098 3047 3536 3123 sententiarum,
3570 3070 3748 3123 quam
3784 3056 3882 3109 his

2161 3118 2458 3196 principiis
2501 3119 2839 3196 adhibemus
2876 3136 2942 3173 ea
2980 3138 3100 3196 esse
3130 3121 3377 3183 debebit,
3412 3128 3473 3196 ut
3513 3118 3636 3177 rem
3671 3142 3702 3178 a
3734 3142 3878 3196 pro-

2158 3188 2366 3268 pictate
2405 3195 2629 3268 revocet
2675 3191 2743 3245 ad
2779 3192 3277 3268 communitatem,
3329 3199 3386 3246 et
3416 3193 3567 3247 dicat
3593 3188 3879 3268 omnium

2159 3261 2434 3313 interesse
2451 3261 2606 3336 illam
2629 3277 2749 3315 rem
2779 3262 3090 3317 vindicari:
3122 3269 3427 3336 propterea
3455 3265 3610 3334 quod
3645 3272 3880 3336 quanto

2160 3345 2404 3405 quaeque
2449 3331 2673 3405 minora
2719 3338 2871 3405 sunt,
2903 3337 3074 3405 tanto
3117 3331 3371 3387 crebrius
3413 3331 3684 3405 et'magis
3715 3337 3882 3392 inter

2160 3401 2378 3476 multos
2399 3402 2597 3455 cadere
2622 3402 2859 3471 possint.
2894 3404 3004 3456 Nec
3031 3409 3145 3457 tam
3181 3411 3442 3474 oportere
3476 3401 3726 3476 spectari
3749 3425 3883 3462 ma-

2160 3471 2517 3546 gnitudinem
2572 3488 2785 3546 reruni
2815 3478 2868 3526 et
2920 3471 3324 3546 personarum,
3357 3471 3530 3546 quani
3577 3479 3878 3534 rationem

2160 3543 2310 3611 aequi
2337 3547 2391 3595 et
2421 3542 2624 3612 iniqui,
2672 3544 2791 3596 veri
2821 3550 2878 3598 et
2908 3544 3033 3598 falsi
3067 3561 3079 3598 :
3123 3542 3392 3600 eamdem
3425 3542 3579 3602 enim
3614 3565 3741 3603 esse
3774 3551 3883 3604 ho-

2159 3627 2288 3690 rum
2319 3612 2378 3665 in
2413 3613 2666 3690 minimis
2695 3615 2831 3679 vim,
2857 3631 3029 3690 quam
3059 3615 3117 3668 in
3141 3617 3422 3690 maximis.
3458 3618 3618 3690 Talia
3651 3621 3876 3690 princi-

2158 3682 2252 3762 pia
2284 3690 2418 3763 sunt
2442 3686 2717 3763 pleraque
2736 3682 3362 3763 apudDemostlienem
3386 3688 3545 3763 in_iis
3570 3682 3738 3744 libris
3772 3694 3880 3763 qui

2159 3755 2553 3832 inscribuntur
2585 3756 2824 3832 Idiotici,
2857 3762 2914 3810 et
2951 3758 3130 3832 magis
3160 3761 3313 3832 apud
3345 3759 3591 3832 Lysiam,
3625 3766 3685 3815 et
3715 3755 3877 3832 apud

2161 3825 2436 3893 quosdam
2469 3843 2536 3878 ex
2589 3827 2798 3880 nostris
2826 3825 3127 3881 veteribus.
3181 3825 3343 3884 Certe
3383 3825 3603 3885 Marcus
3647 3825 3881 3888 Tullius

2161 3911 2290 3948 cum
2315 3911 2422 3965 pro
2452 3897 2660 3951 Archia
2691 3898 2923 3962 diceret,
2956 3915 3073 3952 non
3103 3899 3268 3953 aliter
3298 3917 3531 3956 exorsus
3559 3907 3664 3958 est.

1789 4089 2421 4169 ADMONITIO

1661 4238 1750 4292 DE
1786 4238 2124 4302 SEQUENTI
2163 4240 2540 4297 OPUSCULO.

425 4357 540 4430 Ho_c
569 4356 903 4430 opusculum
938 4371 1053 4408 una
1083 4353 1341 4430 omnium
1378 4354 1750 4430 eruditorum,
1775 4355 2054 4430 sententia
2085 4358 2444 4430 abjudicatur
2480 4361 2822 4430 Augustino.
2853 4361 3017 4430 Apud
3051 4362 3258 4415 Lucam
3286 4363 3640 4419 Holstenium
3671 4367 3737 4421 in
3777 4385 3875 4424 co-

351 4425 472 4506 dice
500 4427 868 4506 [tegularum
914 4432 1080 4506 parte.
1123 4425 1390 4506 secunda,
1423 4427 1786 4506 Consensoria
1810 4425 2202 4506 .Monachoruin
2238 4425 2858 4506 inscribitur,_aptiore
2902 4425 3088 4486 titulo.
3123 4437 3387 4506 Attamen
3431 4443 3727 4506 receptam
3763 4441 3874 4493 du-

352 4496 489 4570 dum
507 4497 566 4550 in
597 4496 1043 4570 hacAppendice
1067 4496 1498 4570 inscriptionem
1527 4501 1746 4570 mutare
1771 4497 1954 4550 visum
1985 4515 2098 4552 non
2121 4508 2223 4568 est,
2249 4496 2878 4570 praesertimdestitutis
2900 4508 3155 4557 veterum
3179 4504 3458 4559 librorum
3482 4496 3832 4565 auEtoritate
3853 4531 3871 4564 :

352 4567 564 4638 quippe
593 4567 815 4622 nullum
845 4568 1019 4639 hujus
1048 4567 1306 4640 opusculi
1335 4568 1434 4623 Ms.
1464 4569 1758 4638 exemplar
1785 4571 2122 4638 reperimus.

2261 4702 3868 4724 Μ

1233 4789 2018 4913 REGUL/E
2120 4790 2969 4916 CLERICIS

1513 4975 1940 5040 TRADITZE
1987 4976 2674 5043 FRAGMENTUM.

422 5105 725 5161 Communi
767 5103 1102 5177 deﬁnitione
1131 5105 1496 5177 decrevimus
1542 5104 1696 5177 apud
1727 5122 1847 5172 nos,
1894 5107 2047 5177 quod

351 5193 646 5248 nunquam
693 5175 1062 5248 postmodum
1093 5176 1162 5228 ab
1210 5177 1328 5248 ullo
1374 5176 1584 5248 poterit
1622 5175 2044 5248 infringifRe-

347 5247 661 5302 sidentibus
695 5247 868 5302 nobis
911 5247 970 5300 in
1019 5247 1390 5314 monasterio,
1439 5247 1499 5300 in
1543 5247 1775 5301 nomine
1816 5247 2046 5302 Domini

345 5319 522 5372 nostri
551 5321 680 5373 Jesu
711 5318 938 5383 Christi,
973 5317 1239 5371 omnibus
1262 5317 1476 5386 placuit
1492 5319 1802 5372 secundum
1828 5325 2046 5388 aposto-

347 5389 516 5443 licam
562 5389 948 5455 traditionem,
980 5405 1160 5442 unum
1199 5388 1409 5441 sentire
1439 5388 1499 5442 in
1536 5389 1775 5443 Domino
1801 5395 1858 5443 et
1887 5407 2042 5443 com-

345 5461 599 5513 muniter
628 5460 937 5528 possidere.
983 5460 1135 5513 Sicut
1165 5459 1436 5528 scriptum
1469 5465 1554 5513 est
1600 5477 1612 5515 :
1650 5463 1822 5514 Unum
1853 5464 2044 5514 sentite

343 5532 405 5602 in
433 5532 655 5602 Domino
713 5531 946 5602 (ϐαρεῖ,
1008 5535 1074 5596 1).
1132 5532 1198 5584 Et
1241 5547 1423 5602 nemo,
1460 5531 1692 5600 quidem
1739 5532 2039 5602 proprium

345 5601 453 5654 sibi
474 5601 729 5672 vindicet
757 5601 1092 5670 quidquam,
1129 5602 1222 5654 sed
1259 5602 1357 5655 liat
1385 5601 1530 5654 sicut
1555 5603 1827 5672 scriptum
1851 5601 1956 5657 est
1979 5603 2041 5656 in

342 5671 572 5724 Actibus
610 5673 1034 5740 Apostolorum,
1065 5673 1330 5726 Habentes
1369 5677 1548 5727 omnia
1580 5671 1901 5735 communia,
1934 5690 2034 5726 ne-

351 5755 447 5815 mo
479 5741 792 5815 quidquam
825 5757 962 5815 esse
1014 5758 1178 5815 suum
1225 5744 1446 5798 dicebat
1486 5745 1632 5815 (Act.
1669 5761 1723 5809 ιι,
1758 5747 1846 5810 44,
1881 5750 1929 5797 et
1965 5760 2035 5810 IV,

343 5812 456 5880 32).
499 5811 660 5874 Quod
687 5828 721 5864 a
749 5811 910 5865 nobis
937 5812 1210 5882 scriptum
1235 5820 1339 5870 est.
1368 5816 1431 5869 In
1465 5811 1704 5870 Domino
1735 5831 1873 5886 ergo
1903 5815 2036 5885 jure

2155 5107 2562 5161 observationis
2604 5124 2704 5162 nos
2737 5112 3052 5182 teneamus,
3086 5113 3143 5164 et
3169 5110 3230 5164 in
3267 5126 3334 5165 eo
3373 5127 3555 5182 usque
3587 5112 3647 5166 in
3679 5115 3860 5170 tinem

2153 5195 2591 5249 permaneamus
2639 5195 2651 5232 :
2699 5178 2973 5252 quoniam
3015 5179 3076 5233 in
3122 5181 3246 5250 lege
3294 5178 3568 5252 scriptum
3611 5191 3722 5250 est,
3757 5187 3868 5252 Qui

2151 5252 2573 5324 perseperaeerit
2601 5264 2769 5316 usque
2796 5251 2864 5324 in
2879 5252 3067 5324 ﬁnem,
3089 5253 3174 5324 hic
3199 5254 3382 5307 salvus
3405 5251 3513 5308 erit
3544 5251 3860 5324 (Μαίϋιζῑι,

2152 5321 2258 5395 ᾎΞ).
2293 5320 2348 5374 Si
2373 5320 2500 5390 quis
2521 5325 2713 5395 autem
2743 5321 2933 5374 venire
2955 5322 3239 5395 desiderat
3258 5324 3328 5378 ad
3349 5320 3862 5395 congregationem

2151 5389 2436 5465 fratrum,
2477 5390 2575 5465 qui
2630 5389 2689 5442 in
2737 5406 2916 5465 unum
2953 5409 3078 5465 esse
3109 5393 3394 5457 videntur,
3454 5389 3592 5449 ἧοιῖ
3629 5397 3863 5465 ignoret

2153 5461 2441 5529 Evangelii
2470 5461 2703 5527 dictum,
2747 5463 2901 5532 quod
2933 5464 3073 5517 dixit
3120 5481 3133 5518 :
3183 5465 3391 5519 Vendat
3429 5469 3612 5520 omnia
3648 5461 3773 5533 sua,
3810 5477 3862 5524 et

2151 5539 2327 5598 eroget
2373 5533 2549 5598 egenis
2582 5537 2630 5584 et
2665 5534 2995 5602 pauperibus
3039 5535 3148 5603 (Id.
3199 5552 3314 5600 x1x,
3347 5540 3454 5602 21).
3494 5538 3560 5590 Et
3592 5539 3808 5594 iterum
3844 5558 3858 5596 :

2148 5604 2391 5670 Abneget
2421 5605 2782 5670 semetipsum.
2815 5605 2922 5658 sibi
2953 5607 3103 5660 tollat
3135 5612 3184 5659 et
3215 5622 3425 5661 crucem
3461 5623 3639 5671 suam,
3673 5617 3726 5664 et
3773 5628 3861 5666 se-

2150 5680 2353 5741 quatur
2382 5689 2463 5726 me
2506 5675 2647 5739 (Luc.
2710 5691 2780 5736 1x,
2815 5679 2922 5743 23).
2976 5677 3041 5729 Et
3087 5693 3157 5730 ne
3202 5683 3402 5732 tractet
3447 5678 3507 5732 in
3539 5680 3715 5733 corde.
3748 5699 3858 5736 suo

2150 5745 2219 5798 de
2251 5744 2399 5818 victu
2431 5750 2528 5818 aut
2565 5745 2790 5818 vestitu,
2835 5752 2894 5801 et
2944 5747 3160 5801 castoris
3191 5745 3318 5818 qua:
3363 5750 3682 5803 necessaria
3717 5761 3860 5809 sunt

2147 5814 2390 5884 corpori,
2448 5815 2568 5886 ipso
2616 5817 2856 5873 Domino
2896 5814 3286 5888 praemonente
3333 5819 3393 5873 in
3451 5822 3762 5889 Evangelio
3798 5830 3857 5880 et
