4056 6356
80 310 236 362 1449

77 433 323 487 dicente
353 449 366 486 :
401 433 574 490 Nolite
601 433 837 498 cogitare
874 431 1126 498 dicentes,
1167 433 1302 502 quid
1325 433 1506 501 editis,
1541 439 1636 489 aut
1665 435 1802 504 quid

75 506 441 558 uestiemini:
476 505 571 557 hoc
603 506 743 558 enim
773 504 962 559 Gentes
999 507 1255 570 cogitant.
1299 506 1415 560 Scit
1439 508 1598 559 Pater
1630 511 1803 560 vester

79 574 230 644 quia
253 577 448 630 horum
476 577 713 629 omnium
742 576 1000 643 indigetis
1025 595 1040 628 :
1067 578 1288 643 querite
1311 579 1550 644 primum
1578 593 1802 644 regnum

80 648 213 714 Dei,
247 651 299 700 et
327 648 607 716 justitiam
635 646 789 713 ejus;
816 651 864 699 et
904 647 1011 699 haec
1041 649 1221 699 omnia
1258 653 1598 715 opponentur
1625 649 1796 702 vobis.

80 716 326 787 (Matth.
369 733 444 783 vr,
499 717 707 787 31-33).
772 717 1170 770 Verumtamen
1229 723 1534 787 antequam
1591 723 1803 772 statuat

79 803 216 840 esse
250 788 326 867 in_
344 788 710 867 monasterio,
743 787 945 867 probet
971 787 1328 867 propositum
1356 788 1594 842 fratrum
1628 794 1802 867 atque

83 859 455 928 exemplum,
503 862 559 911 et
605 857 1042 927 ipse'probetur
1072 857 1132 912 in
1173 858 1331 912 omni
1374 857 1801 913 conversatidne

83 930 165 983 ab
199 929 306 983 illo
346 929 447 998 qui
480 929 640 982 Prior
667 932 770 996 est,
798 932 854 981 et
881 928 1097 982 caeteris
1126 929 1631 994 consentientibus,
1667 946 1801 998 pro-

81 1004 228 1070 pter
253 999 399 1053 illud
432 999 582 1069 quod
619 999 910 1068 Scriptura
939 1001 1103 1053 docet
1137 1005 1192 1070 et
1228 1000 1514 1064 admonet,
1565 1000 1756 1054 dicens
1786 1015 1799 1053 :

83 1069 354 1125 Amicum
399 1071 514 1124 noli
559 1071 662 1123 cito
715 1071 1075 1138 comprobare.
1125 1069 1232 1124 Sed
1278 1071 1330 1124 si
1384 1071 1687 1140 contigerit
1742 1077 1803 1124 ut

87 1142 313 1212 aliquis
362 1156 428 1212 ex
483 1140 736 1211 qualibet
779 1156 948 1194 causa
986 1141 1335 1194 necessitatis
1380 1157 1412 1194 a
1455 1141 1800 1212 monasterio

86 1211 279 1266 fuerit
325 1211 661 1278 abstractus,
702 1227 773 1264 ne
814 1212 900 1264 vel
936 1217 1126 1264 mente
1162 1212 1446 1280 concipiat
1475 1227 1665 1265 secum
1699 1211 1801 1264 ali-

87 1283 241 1353 quid
273 1281 422 1336 ferre
454 1282 522 1336 de
543 1282 612 1334 iis
642 1281 906 1334 omnibus
929 1299 1056 1352 quae
1087 1283 1145 1335 in
1173 1282 1518 1336 monasterio
1548 1283 1800 1348 fuerunt,

91 1355 214 1407 sive
238 1353 413 1407 etiam
441 1368 570 1422 quae
591 1368 779 1406 secum
802 1353 1110 1422 aliquando
1134 1354 1420 1417 attulerat,
1441 1353 1557 1407 sive
1582 1370 1647 1407 ea
1673 1368 1802 1423 quae

88 1440 233 1478 cum
281 1423 555 1477 fratribus
602 1423 981 1493 acquisierat:
1033 1425 1168 1494 quia
1210 1429 1430 1477 certum
1468 1428 1568 1488 est,
1602 1424 1802 1494 fratres

87 1495 249 1548 nihil
276 1494 508 1562 habere,
537 1495 848 1563 possidere,
880 1493 1148 1560 dare,’vel
1169 1495 1424 1564 accipere
1449 1495 1655 1548 debere
1683 1493 1804 1547 sine

90 1564 418 1636 superioris
450 1564 692 1636 licentia.
740 1565 901 1636 Quod
935 1565 982 1636 si
1019 1566 1397 1636 propinquus,
1436 1565 1525 1636 vel
1567 1565 1800 1636 amicus,

88 1637 184 1690 vel
223 1635 467 1706 quilibet
497 1635 760 1706 fratrum,
795 1635 1010 1705 aliquid
1050 1635 1263 1689 offerre
1293 1635 1572 1706 voluerit;
1614 1635 1803 1706 primo

89 1705 342 1776 quidem
383 1706 568 1759 Priori
615 1705 958 1770 insinuetur,
994 1710 1049 1758 et
1094 1706 1173 1759 sic
1215 1705 1574 1775 suscipiatur,
1608 1705 1656 1758 si
1685 1706 1803 1776 ipse

89 1777 498 1831 mandaverit:
526 1777 594 1847 de
626 1793 738 1847 quo
779 1782 973 1830 tamen
1004 1776 1144 1830 nihil
1178 1776 1279 1830 ﬁat
1312 1777 1485 1847 aliud,
1517 1776 1803 1847 nisiquod

89 1848 285 1902 Priori
333 1846 759 1918 placuerit,’vel
798 1847 1158 1916 permiserit;
1194 1846 1484 1918 quoniam
1521 1846 1681 1901 valde
1708 1862 1801 1898 ve-

89 1916 354 1972 rendum
388 1923 493 1988 est,
533 1933 606 1972 ne
649 1916 755 1971 sibi
795 1918 1018 1971 eveniat
1057 1917 1210 1988 quod
1229 1916 1514 1987 scriptum
1545 1922 1662 1970 est:
1702 1919 1802 1971 Vir

89 1989 382 2043 mutabilis
409 1991 464 2043 in
515 1988 704 2055 lingua
755 1989 946 2042 incidit
995 1990 1054 2042 in
1082 1989 1228 2042 mala
1268 1988 1444 2057 (Prov.
1476 2005 1595 2050 xm,
1633 1988 1702 2056 3).
1739 1988 1803 2040 Et

91 2061 334 2127 iterum,
367 2064 431 2113 ut
455 2061 680 2113 nullum
710 2059 943 2112 omnino
971 2059 1040 2112 de
1069 2059 1340 2112 fratribus
1368 2074 1558 2112 secum
1594 2074 1802 2128 provo-

91 2135 209 2199 cet,
245 2147 319 2184 ne
355 2130 538 2200 magis
575 2130 891 2184 destructor
919 2145 1093 2200 quam
1130 2129 1438 2183 aediﬁcator
1466 2128 1801 2182 monasterii

90 2202 399 2257 videatur:
444 2199 680 2271 propter
708 2201 766 2254 id
797 2201 949 2270 quod
989 2199 1260 2269 scriptum
1292 2205 1416 2253 est:
1458 2201 1560 2265 Qui
1590 2215 1696 2252 non
1725 2202 1802 2253 est

91 2288 325 2340 mecum,
376 2277 562 2326 contra
606 2287 686 2325 me
730 2276 836 2336 est;
887 2275 936 2325 et
974 2273 1070 2332 qui
1110 2286 1312 2324 mecum
1344 2285 1451 2324 non
1493 2274 1800 2337 congregat,

93 2344 373 2413 dispergit
416 2343 634 2402 (Matth.
679 2358 776 2408 xu,
826 2342 935 2413 30).
976 2341 1040 2395 Et
1067 2341 1414 2413 quicumque
1465 2346 1803 2413 provocatus

93 2414 168 2468 ab
188 2411 412 2483 aliquo,
444 2415 514 2467 de
539 2411 900 2466 monasterio
918 2411 1160 2465 voluerit
1187 2411 1513 2478 abscedere,
1544 2417 1642 2465 aut
1664 2411 1804 2483 gred—

94 2481 317 2565 arguat:
356 2488 783 2565 provocantem,
839 2487 937 2563 aut
985 2487 1114 2536 ante
1170 2483 1377 2565 iudicet
1426 2481 1800 2565 Praeposituf,

95 2551 194 2610 cui
223 2551 426 2625 utique
460 2555 529 2609 de
560 2554 646 2618 iis,
691 2553 908 2625 quaerin
935 2553 1226 2607 communi
1265 2551 1616 2625 decrevimus
1659 2551 1803 2605 nihil

97 2642 224 2680 esse
254 2623 459 2680 censeo
500 2624 974 2688 subtrahendum,
1016 2625 1151 2694 quia
1181 2623 1452 2694 scriptum
1484 2627 1604 2676 est:
1638 2625 1803 2677 Paci-

94 2699 190 2766 ﬁci
215 2699 330 2751 sint
354 2697 458 2751 tibi
475 2697 652 2760 multi,
683 2695 777 2749 sed
804 2710 942 2749 unus
967 2711 1035 2748 θαι
1060 2695 1206 2749 mille
1232 2698 1305 2750 sit
1335 2695 1435 2748 tibi
1463 2695 1804 2748 consiliarius

98 2768 296 2836 (Eccli.
318 2784 394 2835 vi,
423 2767 496 2837 6).
525 2766 708 2836 Igitur
726 2767 848 2819 haec
870 2781 997 2835 quae
1019 2765 1228 2832 scripta
1248 2771 1396 2837 sunt,
1429 2781 1555 2818 cum
1582 2780 1806 2837 summa

96 2834 402 2910 diligentia
459 2834 809 2892 Observanda
861 2834 992 2890 sunt
1046 2852 1078 2890 a
1129 2836 1441 2906 Praeposito
1496 2851 1679 2906 usque
1737 2834 1806 2888 ad

159 2945 175 2977 ¹
209 2942 534 3003 Holstenius,
563 2941 768 3023 Abbati.

1289 309 1579 367 REGULA
1618 309 1965 370 SECUNDA.
2008 313 2394 369 APPENDIX.

3466 320 3605 386 1459

1909 452 2108 490 omnes
2128 437 2348 490 fratres.
2378 435 2442 489 Et
2467 435 2514 503 si
2534 435 2662 506 quis
2685 434 2756 488 ab
2785 433 2978 506 aliquo
2997 434 3316 490 doctrinam
3337 437 3601 504 audierit,

1906 511 2117 578 praeter
2145 523 2316 577 quam
2347 506 2408 560 in
2437 506 2783 561 monasterio
2818 512 3157 578 consecutus
3197 512 3280 561 est
3319 509 3388 562 ab
3416 525 3480 561 eo
3511 510 3603 562 cui

1909 576 1965 631 se
1995 576 2260 644 credidit;
2294 579 2439 631 hanc
2469 582 2661 632 autem
2685 576 2974 647 suscipiat,
2998 582 3053 631 et
3082 594 3206 631 eam
3236 594 3353 632 non
3385 581 3606 634 subtra-

1908 649 2006 702 hat
2035 648 2288 702 doctori:
2322 648 2456 719 quia
2501 649 2774 720 scriptum
2823 654 2942 720 est:
2979 649 3142 720 Omne
3185 649 3329 718 quod
3368 653 3601 716 manife-

1907 724 2104 785 statur,
2139 721 2235 772 lum
2262 725 2338 772 est
2370 721 2578 787 (Ephes.
2616 737 2667 787 v,
2698 721 2803 789 t3).
2830 719 2887 772 Si
2916 719 3071 772 enim
3098 720 3248 773 bona
3268 720 3462 785 fuerit,
3487 722 3602 773 col-

1907 790 2194 844 laudanda
2222 793 2332 856 est;
2361 790 2409 842 si
2431 806 2562 843 vero
2584 806 2776 860 prava,
2806 789 3181 859 reprobanda.
3209 792 3286 844 De
3316 790 3385 844 iis
3411 797 3603 844 autem

1908 860 2178 932 fratribus
2224 859 2323 930 qui
2367 860 2451 932 in,
2481 859 2697 914 unitate
2741 862 3077 926 consistunt,
3135 861 3180 913 si
3230 861 3358 932 quis
3414 861 3603 914 subito

1908 931 2173 984 adversus
2204 929 2579 1000 Praipositum
2614 932 2912 984 altercatus
2936 932 3134 997 fuerit;
3167 929 3282 984 non
3310 932 3493 984 solum
3524 948 3606 984 se-

1908 1002 2042 1067 mel,
2068 1002 2163 1055 sed
2195 1001 2440 1055 secundo
2472 1006 2528 1054 et
2549 1002 2733 1066 tertio,
2766 1007 2829 1054 ut
2859 1002 3224 1070 Evangelium
3254 1003 3436 1068 docet,
3473 1003 3603 1055 licet

1911 1087 2138 1126 exorare
2189 1072 2402 1139 (Matth.
2447 1089 2601 1136 xvm,
2649 1073 2854 1138 lii-l7).
2898 1072 2954 1124 Si
3001 1079 3193 1125 autem
3242 1073 3493 1126 noluerit
3543 1088 3601 1125 se

1910 1143 2231 1225 emendare,
2278 1143 2373 1196 ille
2395 1143 2505 1225 ‘cui
2545 1142 2817 1225 injuriain
2854 1141 3134 1222 irrogatus
3174 1148 3278 1206 est,
3323 1147 3450 1212 post
3483 1143 3602 1222 pri-

1909 1229 2062 1266 mam
2083 1214 2168 1266 vel
2201 1213 2510 1267 secundam
2539 1211 2969 1275 correctionem,
3000 1213 3097 1282 qui
3125 1230 3238 1266 non
3257 1211 3606 1267 revocaverit

1909 1288 2319 1352 contumacem,
2355 1283 2653 1337 denuntiet
2682 1288 2736 1336 et
2764 1283 2902 1336 illud
2935 1283 3266 1352 Praeposito,
3293 1300 3364 1337 ne
3395 1300 3498 1354 per
3528 1289 3606 1336 ta-

1910 1355 2314 1420 citurnitatem,
2347 1359 2403 1407 et
2431 1355 2545 1417 ille,
2581 1359 2635 1408 et
2657 1354 2832 1406 frater
2857 1370 2991 1406 suus
3013 1354 3425 1423 periclitentur,
3460 1354 3604 1407 sicut

1909 1426 2177 1478 Salomon
2209 1425 2308 1490 ait,
2342 1425 2445 1490 Qui
2471 1426 2699 1478 occultat
2734 1423 3102 1492 inimicitiam,
3142 1427 3363 1478 instruit
3401 1425 3600 1477 dolum.

1910 1495 1967 1549 Si
1994 1511 2145 1562 vero,
2179 1500 2242 1548 ut
2266 1494 2392 1548 fieri
2422 1497 2581 1560 solet,
2613 1495 2860 1548 incursio
2892 1495 3192 1564 repentina
3219 1496 3606 1564 supervenerit

1911 1570 2010 1620 aut
2038 1565 2338 1631 hostilitas,
2375 1569 2439 1619 ut
2453 1565 2807 1633 impossibile
2838 1565 2909 1618 sit
2934 1566 3204 1619 fratribus
3225 1565 3283 1618 in
3305 1581 3484 1618 unum
3514 1565 3604 1618 fu-

1911 1652 2041 1707 gam
2099 1641 2293 1707 petere
2350 1641 2584 1706 propter
2634 1635 3049 1707 insecutionem
3105 1635 3492 1701 inimicorum,
3551 1640 3608 1688 et.

1909 1706 2274 1778 postmodum
2316 1707 2425 1760 Deo
2466 1709 2685 1778 favente
2724 1706 3022 1766 evaserint,
3061 1710 3118 1778 et
3148 1706 3444 1778 potuerint
3457 1721 3604 1778 per:

1910 1775 2104 1831 venire
2130 1777 2223 1831 ubi
2245 1777 2619 1846 Prtepositum
2645 1792 2764 1830 esse
2791 1776 3190 1842 cognoverint;
3219 1776 3393 1828 veluti
3414 1775 3516 1828 ﬁlii
3537 1775 3608 1829 ad

1910 1854 2157 1919 patrem,
2194 1847 2462 1919 festinare
2490 1847 2807 1919 debebunt.
2841 1847 2950 1899 Nec
2979 1847 3098 1919 ullo
3135 1847 3306 1919 modo
3339 1851 3606 1919 poterunt

1911 1917 2183 1988 separari,
2215 1934 2358 1988 quos
2388 1917 2581 1971 divina
2609 1917 2851 1970 Charitas
2881 1917 3132 1984 sociavit,
3170 1917 3306 1988 quia
3332 1917 3604 1985 scriptum

1910 1987 2013 2057 est,
2062 1987 2303 2055 Per/“ecta
2349 1989 2559 2042 dilectio
2596 1990 2748 2055 foras
2777 1989 2946 2042 mittit
2984 1990 3224 2042 timorem
3254 1987 3299 2056 (Ι
3341 1989 3495 2040 Joan.
3528 2004 3600 2042 ιγ.

1914 2061 2021 2130 18).
2056 2059 2115 2114 Si
2144 2059 2271 2130 quis
2300 2063 2511 2124 autem,
2544 2059 2707 2130 quod
2732 2058 2992 2128 superius
3021 2058 3288 2123 diximus,
3321 2074 3489 2111 causa
3519 2073 3607 2110 ne-

1909 2129 2184 2184 cessitatis
2209 2129 2423 2183 detinet
2450 2130 2528 2194 id,
2561 2129 2712 2200 quod
2743 2146 2775 2182 a
2803 2129 3151 2183 monasterio
3190 2145 3383 2182 secum
3414 2136 3604 2200 porta:

1908 2200 2017 2267 vit;
2052 2217 2277 2254 necesse
2326 2198 2708 2266 habebit—ubi
2755 2200 3098 2270 Prtepositus
3148 2216 3284 2254 suus
3328 2203 3432 2265 est,
3464 2198 3607 2253 illud

1909 2271 2198 2341 perferre:
2229 2271 2364 2341 quia
2391 2288 2503 2325 non
2529 2272 2742 2342 poterit
2771 2271 2876 2325 sibi
2907 2271 3169 2342 retinere,
3202 2270 3353 2340 quod
3380 2285 3483 2338 per
3511 2285 3606 2340 pa-

1911 2347 2063 2396 ctum
2097 2342 2168 2396 ad
2199 2357 2398 2396 omnes
2439 2341 2708 2412 pertinet,
2743 2347 2800 2396 et
2832 2343 2947 2395 Deo
2978 2341 3176 2411 utique
3207 2345 3290 2394 est
3313 2356 3605 2393 consecra-

1908 2417 2052 2493 tum.
2085 2413 2191 2493 Sed
2223 2413 2268 2466 si
2301 2412 2629 2493 cogitaverit
2653 2413 2723 2493 de
2748 2413 2841 2493 his
2872 2412 3392 2493 aliquid‘ret‘i'nere,
3413 2415 3607 2493 contra

1911 2483 2123 2538 dictum
2145 2483 2399 2553 Apostoli
2421 2499 2588 2552 agere
2616 2483 2855 2549 videtur,
2887 2481 2987 2553 qui
3031 2481 3128 2548 ait,
3178 2483 3392 2537 Nemini
3438 2481 3608 2549 quid-

1913 2570 2076 2622 quam
2107 2555 2363 2619 debeatis,
2404 2557 2516 2607 nisi
2547 2559 2608 2608 ut
2634 2556 2862 2608 invicem
2893 2554 3138 2619 diligatis
3168 2568 3260 2606 vos
3287 2555 3460 2620 (Rom.
3490 2567 3609 2619 xui,

1913 2627 1993 2695 8).
2029 2624 2235 2679 Omnia
2269 2640 2405 2695 ergo
2437 2641 2565 2694 quas
2595 2624 2654 2677 in
2685 2624 2793 2677 isto
2826 2624 2968 2678 libro
2989 2623 3379 2695 continentur,
3415 2637 3612 2695 omnes

1913 2693 2117 2749 fratres
2162 2693 2492 2760 observent;
2547 2699 2717 2764 atque
2763 2694 3140 2756 subscribant,
3187 2693 3286 2764 qui
3326 2693 3464 2764 boni
3492 2708 3613 2746 esse

1913 2766 2254 2819 desiderant.
2304 2766 2513 2817 Verum
2555 2762 2791 2834 prbpter
2839 2765 2966 2818 illos
3014 2768 3146 2818 sunt
3186 2762 3370 2829 cauta,
3420 2762 3478 2817 id
3527 2765 3612 2815 est

1913 2837 2140 2907 scripta,
2174 2835 2274 2907 qui
2302 2834 2360 2889 in
2387 2835 2653 2890 omnibus
2685 2834 2914 2889 stabiles
2940 2850 3060 2890 esse
3085 2839 3414 2888 noscuntur.

1539 3128 2167 3212 ADMONITIO
2385 3229 2394 3238 ο

1406 3292 1495 3345 DE
1542 3290 1878 3355 SEQUENTI
1927 3289 2304 3345 OPUSCULO.

170 3423 536 3480 Contulimus
565 3420 719 3476 istud
749 3418 1084 3490 opusculum
1115 3415 1185 3470 ad
1216 3414 1505 3490 exemplar
1534 3412 1874 3490 Corbgiense
1903 3412 2436 3490 autemille‘annqs,
2470 3412 2555 3490 uti
2581 3412 2819 3477 videtur,
2845 3415 3161 3490 exaratum,
3180 3425 3300 3490 quo
3321 3411 3382 3464 in
3411 3427 3609 3490 exem-

73 3496 249 3566 plari
282 3495 351 3548 ab
383 3509 449 3546 eo
486 3493 629 3560 loco,
658 3483 870 3566 Psalini
903 3506 982 3566 in,
1012 3504 1142 3553 Lxu,
1177 3491 1295 3566 e_tc_._
1315 3483 1435 3557 (ubi
1459 3486 1646 3566 _Lucas
1685 3484 2006 3566 Holstenius
2043 3483 2102 3538 in
2132 3483 2344 3566 cnodi‘ce.
2367 3484 2737 3566 Ilegularum,
2786 3488 2947 3565 parte
2987 3483 3235 3566 secunda
3276 3498 3405 3565 cum
3430 3483 3610 3566 editis

98 3555 334 3620 Amerb.
370 3566 521 3618 Eras.
558 3555 626 3617 et'
657 3564 787 3617 Lov.
817 3561 951 3614 satis
978 3555 1331 3627 concordat),
1354 3556 1532 3610 variat
1562 3556 1715 3610 hunc
1743 3555 1802 3627 iu
1833 3555 2108 3627 modum:
2141 3555 2344 3627 P‘salmi
2391 3556 2914 3627 tr_es,_seo:a_gesimus
2962 3557 3248 3620 secundus,
3286 3555 3526 3627 quintus,
3561 3559 3610 3627 et

100 3639 453 3704 octogesimus
478 3649 666 3688 nonus.
701 3633 943 3704 (Lacuna
965 3630 1057 3684 hic
1086 3633 1170 3704 est
1199 3624 1655 3704 exiguazdeleto,
1689 3625 1777 3704 uti
1806 3625 2046 3704 videtur,
2075 3625 2247 3704 verbo
2279 3641 2372 3704 sex
2405 3625 2630 3704 circiter
2658 3625 3002 3704 litterarum,
3036 3629 3092 3704 et
3121 3640 3269 3704 mox“
3283 3624 3546 3704 sequitur
3565 3626 3610 3704 ε)

102 3709 196 3763 Ad
220 3694 467 3762 "tertiam
508 3694 750 3774 psalmus
797 3703 871 3756 ad
913 3694 1343 3769 respondendum
1384 3698 1644 3774 dicatur:
1688 3695 1880 3774 deinde
1913 3695 2408 3774 antiphonwdduae,
2463 3696 2631 3774 lectio,
2673 3699 2722 3747 et
2767 3696 3186 3774 completorium.
3231 3694 3414 3748 Simili
3455 3695 3610 3749 modo

100 3783 261 3833 sexta
285 3783 337 3831 et
365 3765 525 3830 nona:
563 3775 650 3830 Ad
679 3765 1039 3828 lucernarium
1069 3775 1245 3824 autem
1270 3769 1514 3838 psalmus
1543 3769 1913 3835 responsorius
1957 3781 2119 3832 unus,
2146 3767 2457 3833 antiphonze
2495 3769 2747 3838 quatuor,
2781 3765 3184 3838 item__psalmus
3215 3779 3354 3817 unus
3369 3779 3611 3838 respon—

99 3852 303 3917 serius,
349 3849 518 3913 lectio,
572 3851 623 3899 et
667 3846 1083 3917 completorium.
1116 3844 1185 3917 Et
1225 3835 1455 3917 tempore
1491 3842 1974 3917 opportunoppst
2003 3838 2385 3917 lucernarium,
2431 3835 2676 3917 omnibus
2723 3835 3042 3917 sedentibus
3072 3836 3321 3917 legantur
3365 3835 3610 3917 lectiones

102 3921 222 3989 (Hic
253 3906 479 3972 erasum
504 3906 604 3970 'est
631 3906 812 3969 unum
842 3915 1102 3981 verbum,
1133 3915 1189 3966 et
1218 3906 1475 3989 proxime
1507 3906 1764 3989 sequitur
1784 3908 1975 3989 :‘).Post
2007 3908 2114 3989 haec
2143 3911 2319 3989 auieni
2349 3906 2814 3989 consuetudinarii
2838 3907 3042 3989 psalmi
3067 3911 3189 3989 ante
3221 3908 3486 3989 somnium
3517 3906 3609 3989 di-

99 3975 320 4056 cantur,
354 3992 502 4042 nocte
525 3991 705 4040 autem
734 3988 1021 4050 orationes,
1061 3975 1559 4056 mensémOtemb-ri,
1585 3975 1717 4056 etc:
1750 3977 2238 4056 ubi__quod__sem_el
2271 3982 2326 4030 et
2356 3977 2565 4056 iterum
2599 3977 2826 4056 dicitur,
2848 3981 2906 4056 et
2935 3977 3353 4056 completur-ium,
3386 3975 3613 4056 videtur

101 4046 318 4115 sonare,
341 4059 492 4112 idem
523 4073 652 4111 cum
683 4057 862 4110 isthac
891 4046 1140 4109 formula
1167 4070 1198 4107 a
1237 4054 1400 4106 Patre
1441 4046 1632 4104 noStro
1673 4046 1977 4102 Benedicto
2019 4048 2424 4102 Matutinorum
2470 4046 2723 4100 ofﬁcium
2765 4047 3084 4114 ordinante,
3121 4046 3208 4100 bis
3237 4050 3529 4115 usurpata,
3565 4051 3615 4099 et

100 4132 422 4200 completum
452 4128 638 4200 est,id
671 4132 753 4180 est
797 4131 1091 4200 peractum
1131 4124 1209 4200 sic
1233 4123 1356 4200 ierit
1384 4120 1657 4200 ufﬁcium,
1698 4120 1824 4200 vel,‘
1845 4120 2091 4200 addatur.
2114 4118 2300 4171 ﬁnalis
2329 4117 2528 4200 oraiio,
2561 4118 2746 4200 qu‘alis
2779 4117 3240 4200 eascilicetqua’.
3270 4115 3613 4200 inantiquis

100 4187 430 4257 missalibus
479 4187 571 4253 Ad
620 4187 989 4268 complendum
1040 4195 1568 4268 vocita_tur._Porro
1617 4190 1676 4244 in
1723 4188 2162 4268 e_odem_codice
2211 4190 2550 4268 opusculum
2580 4187 3020 4268 ’absque‘titulo
3052 4187 3138 4268 _sic
3182 4187 3612 4268 incipitur/inte

101 4276 306 4338 omnia,
352 4275 460 4325 etc.
493 4269 603 4324 Sed
633 4269 703 4323 ad
731 4257 857 4323 haec
886 4267 1090 4322 ultima
1115 4266 1310 4338 verba,
1343 4264 1408 4338 de
1451 4267 1631 4338 vestra
1677 4262 1868 4338 salute.
1919 4261 2114 4327 Amen,
2163 4257 2538 4338 continenter
2570 4264 2626 4338 et
2653 4257 3070 4338 iu‘eodemmet
3107 4273 3271 4338 versu
3318 4257 3616 4338 subjicitur

103 4329 327 4413 Regula
370 4341 425 4396 S.
458 4339 765 4409 Augustini
811 4339 945 4393 viris
987 4340 1199 4409 aptata,
1230 4329 1316 4391 uti
1351 4335 1475 4405 jam
1513 4331 1957 4394 observavimus,
2009 4347 2137 4386 cum
2186 4331 2339 4385 hisce
2386 4329 2572 4384 verbis
2601 4330 2660 4383 in
2691 4330 2839 4384 line:
2894 4330 3140 4398 Emplicit
3179 4330 3385 4396 Regula
3437 4329 3614 4383 sancti

101 4413 405 4481 Augustini
431 4413 684 4480 episcopi.

1019 4632 1752 4760 REGULA
1845 4627 2708 4755 SECUNDA.

1918 4809 2189 4865 lectiones
2217 4811 2351 4861 tres.
2387 4807 2602 4872 Martio,
2645 4807 2835 4877 aprili,
2879 4807 3212 4878 septembri,
3235 4808 3480 4872 .octobri,
3515 4823 3616 4861 an-

1917 4881 2174 4954 tiphonaa
2197 4878 2420 4954 decem,
2454 4878 2662 4947 psalmi
2685 4878 2959 4954 quinque,
2985 4879 3255 4933 lectiones
3284 4878 3613 4954 tres._Maio,

1911 4948 2098 5022 ju—nio,
2127 4949 2290 5022 julio,
2324 4954 2378 5002 et
2409 4953 2668 5022 augusto,
2704 4948 3033 5018 antiphonee
3062 4955 3207 5020 octo,
3240 4948 3446 5020 psalmi
3474 4963 3614 5018 qua-

1917 5019 2064 5089 tuor,
2100 5019 2369 5074 lectiones
2400 5019 2548 5073 duae.

186 4827 233 4879 1.
265 4825 411 4878 Ante
452 4820 664 4886 omnia,
705 4818 907 4874 fratres
948 4813 1286 4879 charissimi,
1333 4813 1604 4886 diligatur
1637 4813 1807 4886 Deus,

107 4895 314 4950 deinde
342 4897 398 4948 et
433 4883 746 4964 proximus,
766 4888 925 4964 __quia
959 4887 1067 4964 ista
1105 4888 1392 4957 praecepta
1419 4883 1812 4964 principaliter

105 4966 274 5021 nobis
297 4953 609 5018 sunt‘data.
641 4953 894 5025 Qualiter
921 4953 1126 5013 autem—
1143 4973 1248 5010 nos
1275 4953 1500 5025 oportet
1529 4969 1693 5007 orare
1724 4953 1812 5006 vel

107 5037 376 5108 psallere,
423 5032 828 5108 describimus:
869 5031 925 5086 id
971 5033 1076 5099 est,
1114 5028 1175 5082 in
1213 5025 1509 5108 matutiuis
1553 5025 1813 5108 dicantur

107 5095 321 5163 Psalmi
349 5095 429 5172 tu,
471 5121 602 5171 an,
633 5119 706 5168 vi,
751 5106 807 5155 et
833 5095 1088 5174 Lxxxvni,
1109 5114 1259 5174 cum
1287 5096 1516 5174 debitis
1539 5095 1812 5174 ‘antipho-

106 5179 217 5243 nis,
263 5168 520 5231 versibus
559 5168 616 5229 et
657 5171 1052 5244 responsoriis.
1089 5170 1172 5224 Ad
1198 5168 1558 5244 _primam_et
1585 5168 1814 5244 tertiam

110 5236 377 5305 dicantur
424 5246 511 5300 sui
552 5236 780 5317 psalmi,
817 5243 1151 5312 antiphonte
1183 5236 1332 5317 dine,
1354 5237 1630 5317 lectiones
1661 5236 1810 5317 duae.

109 5319 297 5376 Simili
325 5318 496 5372 modo
522 5307 593 5370 ad
616 5307 831 5369 sextam
863 5317 919 5367 et
942 5307 1154 5366 nonam
1183 5311 1442 5365 dicantur
1472 5307 1559 5361 sui
1587 5307 1814 5376 psalmi,

111 5407 243 5446 cum
276 5388 482 5443 debitis
523 5384 892 5457 responsoriis
931 5389 988 5437 et
1027 5381 1372 5457 antiphonis,
1417 5381 1534 5457 lioc
1571 5377 1721 5457 idem
1756 5377 1816 5430 in

115 5461 366 5532 vesperis
413 5464 470 5532 et
522 5451 910 5527 completoriis
953 5451 1229 5532 servetur.
1290 5452 1376 5506 Ad
1406 5451 1814 5532 “lu‘cernarium

115 5521 309 5588 autem
340 5521 1069 5601 psalmus,jesponsorium
1093 5538 1292 5601 unum,
1326 5521 1649 5601 antiphonai
1679 5523 1812 5580 tres,

114 5591 388 5659 lectiones
439 5605 569 5655 tres.
601 5591 673 5653 Et
721 5591 978 5666 tempore
1023 5598 1350 5666 opportuno
1376 5597 1518 5666 post
1557 5591 1815 5666 lucerna-

114 5675 290 5740 rium,
326 5671 593 5728 omnibus
610 5661 936 5723 sedentibus
965 5661 1552 5741 leganturdectibnes.
1580 5661 1818 5741 ‘Noctur-

118 5763 208 5803 nae
235 5732 431 5800 autem
469 5741 753 5796 orationes
791 5753 987 5792 mense
1025 5732 1345 5802 novembri,
1383 5732 1691 5803 decembri,
1728 5732 1818 5801 ja-

119 5801 328 5874 nuario
345 5820 401 5870 et
427 5811 737 5875 februario,
759 5809 1088 5880 antiphonee
1113 5801 1438 5872 duodecim,
1468 5801 1675 5876 psalmi
1700 5815 1816 5868 sex,

425 5887 702 5953 PATROL.
751 5881 997 5950 XXXII.

1988 5095 2042 5147 2.
2075 5093 2393 5161 Operentur
2419 5106 2450 5142 a
2496 5105 2664 5143 mane
2707 5106 2889 5160 usque
2937 5091 3006 5145 ad
3049 5095 3283 5156 sextam,
3319 5093 3373 5142 et
3401 5104 3434 5140 a
3463 5090 3618 5161 sexta

1920 5179 2100 5233 usque
2123 5158 2220 5233 ad,
2246 5176 2456 5233 nonam
2501 5163 2700 5214 vacent
2744 5158 2995 5229 lectioni,
3028 5166 3084 5233 et
3134 5161 3459 5233 ad‘nonam
3491 5158 3621 5212 red-

1921 5229 2058 5288 dant
2104 5231 2338 5286 codices.
2377 5232 2440 5284 Et
2465 5236 2768 5302 postquam
2820 5232 3138 5297 refecerint,
3188 5229 3302 5282 sive
3333 5229 3393 5282 in
3429 5229 3616 5302 horto,

1921 5305 2035 5357 sive
2068 5303 2413 5372 ubicumque
2441 5300 2671 5356 necesse
2705 5303 2896 5369 fuerit,
2929 5302 3137 5372 faciant
3165 5316 3515 5372 opns__usque
3549 5300 3621 5353 ad

1920 5375 2118 5430 horam
2165 5369 2493 5427 lucernarii.
2550 5374 2726 5427 Nemo
2775 5371 3145 5442 sibiraliquid
3191 5369 3438 5423 vindicet
3485 5385 3618 5440 pro-

1920 5443 2295 5517 prium,_isive
2345 5443 2422 5517 in
2455 5444 2813 5517 vestimento,
2865 5441 2978 5494 sive
3026 5441 3084 5517 in
3134 5456 3618 5517 quacumquere.

1921 5510 2303 5586 ApostOlicam
2336 5514 2488 5568 enim
2515 5515 2692 5586 vitam
2716 5510 2977 5586 optamus
2997 5511 3184 5564 vivere
3218 5511 3370 5586 (Act._
3388 5510 3613 5586 x1_,__4_3).

1923 5581 2101 5641 Nemo
2131 5601 2262 5638 cum
2291 5600 2588 5638 murmure
2623 5581 2836 5653 aliquid
2871 5581 3059 5648 faciat,
3088 5587 3154 5636 ut
3180 5581 3502 5653 nonsimili
3527 5582 3622 5650 ju-

1925 5657 2073 5711 dicio
2105 5661 2595 5710 murmuratorum
2624 5652 2854 5724 pereat:
2888 5653 3136 5706 ﬁdeliter
3177 5652 3445 5724 obediant
3475 5668 3486 5705 :
3521 5668 3619 5724 pa-

1924 5732 2072 5782 trem
2102 5743 2270 5782 suum
2301 5727 2583 5781 honorent
2621 5722 2749 5793 post
2778 5724 2955 5777 Deum
2982 5739 2996 5777 :
3043 5722 3356 5794 Praeposito
3395 5739 3496 5776 suo
3525 5722 3622 5776 de-

1925 5799 2113 5854 ferant
2167 5798 2312 5852 sicut
2371 5800 2530 5851 decet
2593 5798 2850 5848 sanctos:
2925 5793 3186 5848 sedentes
3241 5793 3311 5848 ad
3367 5809 3621 5849 mensam

2737 5863 3298 5950 (Quarante-six.)
