4056 6356
66 389 246 444 1453

65 509 351 566 inclusa
379 510 448 565 de
477 510 722 564 crastino
753 509 826 564 sit
855 509 1115 577 sollicita,
1148 525 1277 565 cum
1320 511 1596 566 Dominus
1641 513 1828 568 dicat:

70 583 371 636 Primum
401 585 626 650 quaerite
660 596 882 649 regnum
929 582 1052 650 Dei,
1083 587 1132 635 et
1161 583 1267 636 haec
1296 585 1476 636 omnia
1505 583 1830 652 adﬁcientur

69 652 274 707 vobis
312 654 530 723 (Matth.
565 669 638 718 VI,
674 655 779 719 33).
812 652 1172 722 Quapropter
1209 653 1624 723 providendum
1657 659 1741 708 est
1768 658 1831 708 ut

71 737 290 778 mens
323 723 478 778 omni
507 739 698 777 rerum
731 723 1136 794 temporalium
1166 740 1302 778 cura
1325 729 1584 792 ematur,
1617 729 1673 779 et
1690 741 1831 779 ‘exo-

78 799 370 848 neretur
399 794 798 848 sollicitudine.

79 865 362 920 CAPUT
421 866 507 919 VI.
563 894 632 904 —
688 865 915 920 Reclusa
954 881 1020 919 ne
1070 880 1376 934 pauperum
1422 870 1520 919 aut
1559 865 1831 934 hospitum

163 940 470 1004 praetextu
498 937 788 1002 facultates
834 936 1026 989 habere
1052 937 1218 990 velit:
1251 940 1442 990 utatur
1469 938 1674 991 ancilia
1701 951 1827 1005 pro-

175 1006 334 1060 bata
365 1022 378 1060 :
409 1022 516 1060 non
539 1007 750 1075 puellas
781 1006 986 1060 doceat.

167 1076 361 1140 Quod
395 1082 455 1130 ut
500 1077 618 1142 ﬁat,
656 1077 844 1130 videat
874 1077 1120 1148 inclusa;
1165 1080 1229 1130 ut
1267 1077 1315 1130 si
1353 1075 1480 1130 fieri
1520 1081 1726 1148 potest,
1760 1077 1828 1131 de

82 1147 324 1201 labore
371 1163 646 1201 manuum
680 1163 912 1200 suarum
954 1147 1121 1200 vivat.
1166 1149 1278 1201 Hoc
1315 1148 1469 1200 enim
1516 1147 1829 1217 perfectum

83 1223 211 1272 est.
257 1218 320 1272 Si
354 1223 547 1272 autem
577 1222 676 1271 aut
704 1217 1004 1270 infirmitas
1045 1222 1144 1271 aut
1180 1218 1502 1271 teneritudo
1540 1234 1656 1270 non
1694 1234 1830 1288 per-

84 1288 352 1353 mittat;
383 1292 688 1358 antequam
715 1287 1059 1352 includatur,
1083 1292 1263 1341 certas
1289 1304 1561 1358 personas
1587 1287 1828 1358 quaérat,

85 1375 126 1430 a
157 1360 398 1430 quibus
422 1359 661 1430 singulis
687 1359 888 1413 diebus
908 1359 1061 1429 quod
1093 1358 1191 1412 uni
1223 1358 1620 1430 dieiisufticiat,
1648 1359 1830 1430 humi-

85 1429 252 1482 liter
277 1429 537 1500 recipiat,
573 1445 676 1483 nec
699 1445 866 1483 causa
895 1445 1212 1499 pauperum
1235 1429 1317 1482 vel
1345 1429 1637 1499 hospitum
1661 1429 1828 1499 quid-

88 1515 302 1570 quam
359 1500 606 1570 adjiciat.
661 1500 980 1570 Nonrcirca
1038 1501 1486 1570 cellulamﬁejus
1553 1515 1830 1569 pauperes

90 1569 400 1638 clament,
427 1569 545 1624 non
572 1569 815 1640 orphani
845 1572 1092 1640 plorent,
1121 1585 1234 1623 non
1264 1569 1433 1622 vidua
1463 1570 1827 1624 lamentetur.

89 1641 222 1696 Sed
272 1641 424 1712 quis,
467 1641 716 1712 inquies,
761 1641 868 1694 hoc
911 1641 1123 1712 poterit
1170 1640 1512 1712 prohibere?
1549 1641 1631 1712 Tu
1677 1640 1827 1707 sede,

91 1717 166 1766 tu
203 1709 363 1779 taoe,
394 1716 458 1766 tu
489 1709 725 1765 sustine.
757 1713 880 1766 Mox
910 1709 974 1764 ut
1005 1709 1188 1764 scient
1211 1715 1267 1764 te
1297 1710 1441 1764 nihil
1473 1709 1706 1775 habere,
1741 1726 1830 1763 se-

95 1799 231 1853 que
271 1782 419 1836 nihil
447 1787 797 1852 recepturos,
827 1782 913 1835 vel
952 1781 1175 1853 fatigati
1208 1781 1518 1834 discedent.
1555 1781 1831 1853 Inhuma-

97 1852 268 1908 num
315 1855 423 1907 hoc
464 1855 693 1907 clames.
747 1853 1027 1907 Caeterum
1085 1852 1131 1904 si
1185 1856 1393 1920 praeter
1447 1852 1830 1904 necessarium

98 1925 346 1978 victum
389 1929 446 1978 et
491 1925 760 1978 vestitum
798 1923 1014 1993 aliquid
1051 1921 1247 1993 habes,
1281 1921 1574 1993 monachae
1601 1937 1717 1974 non
1747 1937 1826 1975 es.

99 1995 274 2059 Quid
327 2010 462 2064 ergo
512 1993 815 2064 erogabis?
858 1991 1190 2063 praecipitur
1235 1996 1428 2064 tamen
1469 1991 1726 2064 inclusae,
1770 1996 1834 2064 ut

100 2061 418 2136 quidquid
439 2065 508 2118 de
540 2061 1049 2136 laboremanuum’
1070 2078 1303 2136 suarum
1336 2061 1506 2115 victui
1529 2061 1829 2136 superfuit,

104 2131 320 2190 mittat
349 2136 576 2190 cuidam
616 2134 793 2202 ﬁdeli,
827 2135 928 2204 qui
958 2133 1307 2204 pauperibus
1350 2136 1564 2204 eroget.
1598 2131 1834 2204 Noloiut

102 2206 447 2261 insidiatrix
476 2205 766 2276 pudicitiae
795 2203 986 2258 vetula
1015 2206 1192 2258 mixta
1220 2203 1570 2276 pauperibus
1609 2203 1835 2276 accedat

111 2277 407 2349 propius,
441 2273 656 2349 deferat
686 2276 768 2349 ab_
796 2276 990 2349 aliquo
1035 2274 1442 2349 monachorum
1473 2273 1560 2326 vel
1597 2273 1832 2349 clerico-

113 2345 269 2402 rum
292 2347 580 2418 eulogias;
610 2362 730 2400 non
754 2346 960 2400 blanda
985 2345 1155 2418 verba
1183 2345 1243 2398 in
1288 2360 1424 2397 aure
1453 2347 1727 2418 susurret,
1746 2359 1832 2418 ene

109 2435 230 2490 pro
261 2413 494 2487 accepta
525 2417 888 2490 eleemosyna
917 2416 1178 2470 osculans
1212 2429 1459 2490 manum_
1487 2413 1548 2467 in
1577 2430 1713 2467 aure
1735 2413 1831 2490 in-

115 2484 342 2544 sibilat.
362 2484 704 2564 _Ca_vendum
731 2484 1012 2564 praeterea
1041 2489 1145 2547 est,
1177 2491 1371 2564 utnec
1394 2485 1481 2564 _o_b
1527 2484 1832 2564 susceptio-

115 2503 342 2544 SlDllet.
379 2503 704 2543 uavenaum
725 2503 1012 2611 Praeterea
1041 2503 1145 2547 est,
1177 2503 1241 2538 ιιι
1269 2503 1371 2565 nec
1409 2503 1481 2538 on
1527 2503 1832 2564 susceptio-

115 2576 265 2614 nem
295 2559 697 2626 religiosarum
748 2558 1087 2620 eminarum,
1116 2556 1411 2626 quodlibet
1434 2555 1833 2624 hospitalitatis

116 2577 265 2614 nem
295 2577 401 2614 re"
443 2577 697 2612 losarum
725 2577 1087 2620 Iemlnarum,
1116 2577 1411 2626 quoannet
1434 2577 1833 2624 nospuamaus

116 2647 276 2685 onus
321 2577 539 2684 iugum
573 2628 864 2698 suscipiat.
899 2629 1040 2682 Nam
1087 2627 1454 2698 inter_bonas
1491 2627 1833 2698 plerumque

119 2702 309 2757 etiam
341 2701 606 2770 pessima:
637 2696 891 2770 veniunt,
925 2715 1053 2770 qua:
1083 2702 1219 2770 ante
1248 2696 1480 2770 inclusas
1525 2697 1834 2770 fenestram

125 2765 568 2827 discumbentes
613 2765 1136 2841 praemissis—valde
1181 2767 1391 2841 paucis
1437 2770 1507 2841 de
1556 2765 1834 2841 religiosis

128 2843 503 2897 sermonibus
534 2841 600 2895 ad
615 2835 925 2894 'smcularia
954 2835 1352 2895 devolvuntur.
1378 2835 1510 2889 inde
1537 2837 1833 2890 subtexere

125 2913 437 2979 amatoria,
481 2917 534 2966 et
580 2917 808 2965 noctem
856 2910 975 2963 fere
1021 2913 1196 2962 totam
1245 2907 1830 2979 insomnem_du_cere.

123 2984 282 3040 Sane
326 2988 388 3037 tu
426 2977 546 3036 tale
585 2981 790 3050 devita,
824 2996 896 3034 ne
934 2979 1156 3049 cogaris
1192 2977 1412 3041 audire,
1449 2977 1600 3046 quod
1643 2977 1834 3050 videre

125 3057 394 3110 horreas.
429 3054 592 3107 Forte
625 3047 786 3106 enim
808 3047 1154 3105 videbuntur
1196 3065 1410 3113 amara,
1438 3063 1567 3100 cum
1598 3047 1836 3101 audiun-

129 3132 251 3194 tur,
263 3126 351 3179 vel
365 3128 706 3190 cernuntur;
726 3138 854 3194 quae
872 3126 1210 3192 sequuntur,
1225 3118 1431 3194 dulcia,
1446 3133 1575 3171 cum
1589 3118 1836 3194 cogitan-

127 3187 248 3250 tur:
301 3195 361 3251 Si
403 3187 970 3258 scandalum-times;
1023 3207 1089 3245 eo
1140 3190 1294 3260 quod
1339 3204 1443 3242 nec
1490 3187 1836 3259 pauperibus

131 3283 362 3338 erogas,
395 3263 788 3338 nonesuscipis
828 3262 1108 3338 hospites;
1136 3277 1268 3338 cum
1309 3275 1508 3338 omnes
1544 3263 1702 3338 tuam
1733 3274 1836 3311 nu-

135 3329 377 3392 dita'tem
417 3329 737 3402 didicerint,
766 3351 883 3388 non
917 3329 1025 3387 erit
1053 3331 1151 3402 qui
1189 3330 1588 3400 reprehendat.
1616 3329 1674 3402 Si
1704 3345 1836 3382 vero

133 3424 245 3462 nec
284 3424 390 3478 pro
426 3400 792 3478 pauperibus,
827 3400 1422 3478 necpro—hospitibus
1454 3405 1514 3478 te.
1544 3400 1714 3453 velim
1743 3415 1838 3470 pe-

135 3470 614 3544 cuniosam-esse;
654 3477 835 3531 multo
871 3470 1071 3544 utique
1110 3470 1302 3544 minus
1340 3470 1628 3544 occasione
1669 3487 1838 3541 gran-

137 3549 322 3604 dioris
358 3543 610 3603 familiae.
646 3550 842 3618 Itaque
879 3543 1125 3618 eligatur
1161 3543 1266 3596 tibi
1309 3543 1497 3618 aliqua
1527 3557 1688 3618 anus,
1724 3556 1838 3618 non

143 3621 400 3691 garrula,
428 3635 544 3672 non
568 3634 728 3688 vaga,
749 3611 885 3691 'nou
906 3611 1172 3691 litigiosa,
1196 3629 1311 3691 non
1341 3611 1718 3691 nugigerula;
1743 3611 1838 3691 sed

141 3681 275 3761 quae
305 3681 486 3744 bonos
515 3681 1061 3761 moreseitcoluerit,
1095 3690 1150 3761 et
1179 3684 1246 3736 ab
1277 3683 1540 3761 omnibus
1579 3681 1842 3761 habuerit

141 3751 538 3816 testimonium
567 3758 840 3813 veritatis.
875 3759 1004 3810 Hmc
1033 3755 1244 3809 ostium
1281 3753 1498 3806 cellulae
1539 3751 1837 3815 custodiat,

143 3831 381 3904 etquod
415 3831 700 3904 debuerit,
730 3830 814 3882 vel
856 3827 1139 3904 admittat,
1165 3825 1252 3878 vel
1282 3827 1592 3904 conservet.
1628 3821 1842 3904 Habeat

143 3892 265 3957 sub.
279 3918 415 3956 cura
444 3917 544 3956 sua
573 3900 864 3955 fortiorem
898 3899 964 3952 ad
997 3912 1172 3950 onera
1207 3893 1560 3960 sustinenda,
1592 3892 1842 3962 puellam

143 3989 278 4044 quae
324 3988 549 4044 aquam;
581 3977 636 4044 et
684 3971 855 4044 ligna
885 3971 1221 4044 comportet,
1269 3969 1474 4044 coquat
1521 3963 1702 4044 fabas,
1745 3966 1844 4015 aut

145 4035 333 4109 olera;
371 4035 470 4096 aut
509 4042 556 4095 si
602 4042 708 4096 hoc
729 4035 1084 4109 vintirmitas,
1111 4035 1388 4109 exegerit,
1401 4038 1726 4109 praeparet
1754 4049 1845 4109 po-

147 4103 330 4169 tiora;
355 4115 483 4167 Haec
513 4114 618 4167 sub
648 4112 821 4182 virgae
869 4108 1181 4182 disciplina
1198 4103 1568 4182 custodiatur,
1601 4121 1672 4182 ne
1701 4103 1844 4182 forte

147 4187 274 4256 ejus
311 4183 560 4256 lascivia
584 4176 765 4256 tuum'
793 4176 1069 4256 sanctum_
1091 4176 1836 4256 habitaculum“polluatur,

149 4246 1004 4327 propositum_blasphematur;
1035 4249 1232 4327 Pueris
1276 4253 1333 4327 et
1378 4246 1585 4327 puellis
1624 4246 1844 4298 nullum

148 4317 221 4382 ad
250 4317 305 4380 te
329 4325 604 4380 concedas
633 4317 938 4378 accessum.
975 4321 1120 4376 Sunt
1151 4317 1413 4390 quaedam
1445 4317 1696 4381 inclusae,
1718 4330 1847 4386 quas

151 4397 212 4451 in
244 4397 520 4451 docendis
544 4395 772 4468 puellis
807 4389 1264 4468 occupantur,‘et
1299 4389 1507 4468 cellam.
1538 4403 1700 4468 suam
1729 4402 1852 4438 ver-

153 4471 285 4524 tunt
314 4468 375 4521 in
403 4458 676 4522 scholam.
709 4467 811 4519 Illa
840 4458 998 4517 sedet
1026 4462 1092 4515 ad
1135 4461 1462 4523 fenestram,
1494 4458 1600 4511 ista
1629 4458 1688 4510 in
1717 4472 1848 4526 por-

154 4540 271 4593 ticu
301 4538 529 4592 residet.
566 4538 666 4591 Illa
705 4537 960 4589 intuetur
989 4532 1262 4655 singulas,
1294 4534 1344 4582 et
1392 4530 1541 4582 inter
1568 4528 1850 4598 puellares

155 4614 345 4655 mntns
378 4625 528 4655 nunc
554 4607 834 4655 irascitur.
853 4619 1006 4655 nunc
1027 4602 1072 4655 ri
1118 4605 1194 4655 et.
1216 4617 1367 4654 nunc
1404 4599 1678 4655 minatur.
1700 4611 1850 4651 nunc

155 4614 345 4664 motus
378 4625 528 4662 nunc
553 4607 834 4670 irascitur,
853 4619 1006 4658 nunc
1027 4599 1194 4669 ridet,
1216 4617 1367 4654 nunc
1404 4599 1678 4664 minatur,
1700 4611 1852 4670 nunc

155 4679 422 4750 percutit,
456 4695 608 4734 nunc
647 4669 958 4750 blanditur,
990 4688 1142 4750 nunc
1187 4671 1493 4750 osculatur,
1526 4685 1676 4750 nunc
1711 4669 1854 4750 .ﬂenl-

156 4738 274 4831 tem
308 4738 470 4831 voc—at
490 4767 592 4831 pro
612 4749 844 4831 verbere
870 4743 1132 4831 propius,
1137 4741 1348 4831 ⁸ρέιξκλξ
1360 4738 1854 4831 faciemietrin‘git

157 4823 394 4890 collum,
415 4827 471 4875 et
490 4811 549 4874 in
573 4811 898 4890 amplexum
923 4811 1100 4890 ruens
1119 4811 1274 4866 nunc
1294 4811 1478 4890 tiliam.
1496 4815 1676 4890 vocat,
1702 4823 1855 4862 nunc

157 4881 417 4946 amicam.
451 4881 702 4957 Qualiter
737 4891 887 4944 inter
923 4887 1045 4941 hac
1073 4881 1353 4957 memoria
1383 4881 1502 4947 Dei,
1534 4881 1645 4933 nisi
1683 4896 1855 4957 saecu-

159 4963 299 5018 laria
343 4967 396 5017 et
447 4953 716 5026 carnalia,
771 4959 877 5014 etsi
934 4973 1049 5012 non
1090 4953 1850 5026 perficiantur,_moventur,

159 5039 380 5107 tamen,
404 5038 460 5088 et
505 5032 671 5107 quasi
699 5020 804 5107 sub
832 5030 1010 5107 oculis
1047 5020 1475 5107 dépinguntur‘?
1502 5020 1627 5107 Tibi
1657 5021 1856 5101 utique

160 5106 288 5159 duae
326 5093 439 5158 illa:
483 5093 766 5158 sufficiant
796 5100 867 5154 ad
897 5093 1247 5169 colloquium
1283 5099 1341 5148 et
1383 5094 1451 5147 ad
1492 5093 1854 5169 obsequium.

160 5177 386 5232 CAPUT
426 5177 544 5230 VII.
574 5204 647 5215 —
674 5171 899 5229 Studeat
926 5163 1158 5236 silentio,
1191 5171 1242 5221 et
1270 5181 1398 5220 raro
1427 5163 1760 5231 modesteque
1791 5163 1860 5215 lo-

900 5245 1120 5310 quatur.

233 5316 456 5372 Silentii
508 5315 846 5388 gravitatem
875 5303 1126 5388 inclusae
1173 5306 1513 5388 servandam
1568 5303 1859 5388 preacipue

167 5388 486 5443 suademus.
508 5374 631 5441 VEst
673 5385 828 5439 enim
872 5382 934 5436 in
979 5396 1046 5434 ea
1091 5378 1250 5451 quies
1291 5392 1506 5451 magna
1543 5379 1598 5451 et
1643 5374 1861 5451 fructus

169 5461 397 5514 multus.
438 5460 580 5512 Nam
617 5457 802 5511 cultus
835 5451 1075 5524 justitite
1108 5445 1426 5504 silentium:
1456 5447 1614 5524 Sicut
1647 5445 1726 5498 ait
1749 5445 1862 5524 _Je_-

166 5530 394 5595 remias,
417 5532 623 5584 Bonum
651 5533 729 5581 est
751 5516 871 5580 cum
895 5523 1108 5597 silentio
1136 5524 1446 5597 exspectare
1471 5517 1712 5597 salutare
1741 5516 1857 5569 Dei.

171 5603 235 5655 Et
288 5589 521 5665 iterum,
578 5602 784 5654 Bonum
832 5600 911 5649 est
965 5596 1084 5665 viro
1148 5606 1266 5665 cum
1320 5589 1641 5665 portaverit
1663 5589 1862 5665 jugum

174 5672 384 5742 (Thren.
432 5655 634 5737 111,26,
664 5672 794 5742 2'7)_;
825 5671 890 5742 u_t
935 5664 1127 5742 sedeat
1152 5655 1344 5742 solus:
1370 5664 1428 5713 et
1468 5662 1670 5713 taceat.
1707 5655 1864 5742 U‘nde

173 5726 447 5812 scriptum
476 5726 561 5796 est
594 5726 810 5804 :vAudi,
845 5735 1033 5812 I_s_rael,
1063 5736 1115 5812 et
1144 5735 1280 5812 tace._
1307 5731 1413 5784 Fac
1442 5746 1575 5812 ergo
1607 5726 1760 5798 quod
1788 5726 1868 5810 ait

213 5801 468 5885 ropheta,
507 5812 659 5885 Diri,
691 5801 993 5885 custodiam
1028 5806 1149 5858 vias
1173 5801 1778 5885 :‘utnonndelinquam
1805 5801 1866 5852 in

194 5871 360 5955 ingua
405 5871 544 5940 mea.
595 5871 755 5938 Posui
803 5881 890 5935 ori
935 5891 1048 5932 meo
1090 5873 1391 5930 custodiam
1432 5871 1596 5942 (Psal.
1636 5885 1864 5937 xxxvm,

1460 391 1554 447 DE
1591 389 1765 449 VITA
1803 391 2220 449 EREMITICA.

3492 401 3629 457 1454

1943 517 1990 589 l_,
2023 513 2106 584 2).
2137 512 2226 567 Sic
2253 512 2470 589 inclusa
2493 512 2702 589 timens
2731 529 2925 570 casum
2952 514 3203 589 linguae,
3222 534 3395 589 quam
3427 537 3626 576 secun-

1940 584 2078 638 dum
2130 585 2452 653 apostolum
2496 586 2768 640 Jacobum
2824 602 2995 640 nemo
3046 584 3351 645 hominum
3395 592 3628 647 domare

1938 659 2124 727 potest
2158 655 2365 724 (Jacobi
2401 673 2480 720 ιιι,
2516 657 2590 725 8),
2641 661 2818 727 ponat
2845 658 3161 713 custodiam
3206 660 3292 714 ori
3336 678 3458 727 suo,
3508 663 3630 716 sola

1939 718 2176 791 sedeat,
2196 729 2252 780 et
2281 718 2477 799 taceat
2509 718 2606 780 ore
2627 718 2660 792 ς’
2679 727 2882 799 spiritu
2921 729 3225 799 loquatur:
3260 735 3314 786 et
3347 718 3540 786 credat
3569 749 3628 787 se

1936 811 2066 868 non,
2101 812 2222 850 esse
2269 797 2466 868 solam,
2518 798 2744 868 quando
2794 800 2914 852 sola
2961 797 3062 854 est.
3113 802 3266 854 Tunc
3297 803 3451 856 enim
3497 819 3628 858 cum

1939 867 2164 938 Christo
2203 871 2288 920 est
2325 867 2425 938 qui
2463 883 2578 920 non
2621 868 2888 937 dignatur
2916 869 2976 922 in
3008 871 3188 924 turbis
3226 888 3348 926 esse
3379 889 3508 927 cum
3539 891 3624 929 ea.

1939 937 2141 991 Sedeat
2179 953 2314 1007 ergo
2343 937 2504 1006 "sola,
2548 942 2730 992 taceat
2769 940 3054 993 Christum
3104 943 3360 1006 audiens,
3403 949 3461 998 et
3496 960 3627 999 cum

1940 1007 2159 1062 Christo
2203 1008 2464 1081 loquens,
2495 1013 2674 1081 ponat
2704 1011 3011 1081 custodiam
3053 1012 3138 1064 ori
3180 1029 3302 1068 suo.
3345 1014 3624 1081 Primum,

1938 1083 2001 1131 ut
2041 1095 2183 1154 raro_
2219 1079 2522 1154 loquatur;
2575 1079 2794 1154 deinde
2825 1081 2959 1154 quid
2993 1082 3275 1152 loquatur,
3313 1084 3541 1154 quibus,
3572 1079 3628 1138 et

1939 1149 2224 1223 quomodo
2272 1149 2879 1223 loqu_atu_r,_altendat.
2927 1149 3084 1223 Raro
3120 1149 3409 1223 loquatur,
3451 1149 3629 1208 idest

1939 1220 2104 1292 eertis
2143 1223 2198 1292 et
2234 1219 2562 1292 constitutis
2581 1218 2750 1292 horis,
2789 1220 2857 1272 de
2880 1221 3095 1292 quibus
3125 1218 3320 1292 postea
3349 1225 3621 1280 dicemus.

1938 1289 2153 1364 Quibus
2233 1289 2602 1364 loquaturtid
2643 1295 2725 1342 est
2749 1288 2924 1364 certis
2952 1288 3230 1364 personis,
3264 1299 3318 1346 et
3349 1298 3544 1364 quales
3574 1296 3627 1349 ei

1937 1360 2152 1432 fuerint
2167 1359 2488 1432 designatae.
2510 1359 2803 1422 Quomodo
2819 1361 3105 1430 loquatur,
3123 1362 3180 1416 id
3195 1370 3297 1428 est,
3313 1359 3626 1432 humiliter,

1939 1431 2250 1496 moderate,
2286 1446 2402 1482 non
2431 1430 2543 1483 alta
2583 1446 2736 1494 voce,
2770 1447 2872 1483 nec
2910 1431 3072 1496 dura,
3120 1449 3224 1486 nec
3259 1435 3484 1500 blanda,
3525 1430 3630 1489 nec

1939 1501 2116 1554 mixta
2145 1500 2280 1552 risu.
2317 1501 2456 1553 Nam
2478 1501 2523 1552 si
2544 1501 2650 1553 hoc
2673 1501 2741 1554 ad
2773 1502 3090 1570 quemlibet
3113 1503 3292 1557 virum
3324 1505 3628 1560 honestum

1939 1586 2057 1624 non
2088 1571 2353 1694 pertinet,
2387 1575 2602 1640 quanto
2633 1572 2817 1639 magis
2842 1572 2910 1624 ad
2931 1573 3244 1627 feminam?
3273 1581 3486 1644 quanto
3518 1592 3632 1629 ma-

1941 1641 2025 1694 gis
2054 1657 2085 1694 a
2172 1641 2452 1694 virginem
2487 1641 2517 1694 ?
2557 1647 2770 1694 quanto
2810 1642 2994 1694 magis
3025 1644 3095 1694 ad
3126 1645 3405 1694 inclusam
3431 1645 3459 1694 ‘2
3489 1646 3631 1694 Sede

1940 1641 2025 1711 gis
2054 1641 2124 1694 ad
2172 1641 2452 1711 virginem
2487 1641 2517 1694 ?
2557 1642 2994 1712 quantoemagis
3025 1644 3095 1696 ad
3126 1641 3405 1699 inclusam
3431 1645 3459 1698 ‘2
3489 1646 3631 1700 Sede

1940 1710 2096 1785 ergo,
2126 1710 2288 1785 soror
2316 1727 2463 1785 mea,
2497 1716 2554 1764 et
2574 1710 2712 1764 tace.
2744 1710 2800 1785 S_i
2826 1710 3182 1785 compelleris
3213 1715 3394 1784 loqui,
3424 1732 3631 1785 parum

1939 1781 2196 1852 loquere,
2240 1781 2534 1854 humiliter
2565 1785 2621 1854 et
2651 1781 2944 1854 modeste:
2987 1783 3109 1854 sive,
3140 1784 3208 1836 de
3245 1781 3630 1854 corporalium

1939 1867 2134 1976 geruli:
2163 1851 2517 1919 necessitate,
2547 1851 2661 1905 sive
2691 1851 2760 1905 de
2799 1851 3004 1905 animae
3035 1853 3216 1908 salute
3243 1851 3432 1908 sermo
3462 1857 3630 1910 incu-

1979 1938 2102 1975 uen
2136 1961 2148 1974 .

1979 1922 2148 1976 uerit.

1975 1992 2201 2048 CAPUT
2232 1992 2376 2047 VIII.
2408 2023 2472 2031 —
2505 1991 2827 2116 Quibuslcum
2854 1996 3104 2061 personis
3140 1995 3288 2063 loqui
3329 1996 3475 2051 decet
3508 2013 3593 2052 re-

2672 2079 2698 2116 c
2721 2078 2891 2116 usam.

2672 2078 2891 2117 elusam.

2008 2133 2306 2206 iamnunc
2323 2147 2598 2202 personas
2618 2133 2826 2206 quibus
2848 2133 3006 2206 loqui
3028 2133 3214 2206 debet,
3239 2135 3626 2206 designemus.

1943 2203 2094 2256 Felix
2126 2203 2222 2256 illa
2250 2219 2378 2273 quae
2407 2219 2511 2256 nec
2539 2203 2811 2258 maritum
2845 2203 3088 2270 admisit,
3119 2207 3342 2260 nullum
3369 2203 3630 2264 virorum

1940 2273 2133 2345 videre
2161 2274 2378 2345 volens,
2411 2290 2512 2327 nec
2541 2275 2772 2344 alloqui.
2805 2275 2911 2328 Sed
2941 2291 3066 2345 quae
3101 2292 3252 2330 nunc
3280 2279 3630 2334 reclusarum

1941 2343 2066 2424 hoc.
2093 2344 2353 2424 sequitur
2394 2343 2766 2424 exemplum?
2806 2343 3109 2424 Suﬂic—iuut
3146 2347 3256 2400 illis
3296 2364 3423 2418 qua:
3459 2351 3630 2424 modo

1943 2417 2094 2480 sunt,
2145 2414 2194 2467 si
2233 2414 2379 2468 hanc
2428 2416 2781 2485 corporalem
2812 2415 3128 2488 castitatem
3177 2414 3533 2488 conservent,
3583 2421 3631 2474 si

1943 2501 2059 2538 non
2090 2489 2296 2538 onusto
2325 2491 2520 2538 ventre
2561 2500 2680 2540 non
2711 2486 3098 2551 extrahantur,
3132 2488 3178 2540 si
3207 2505 3322 2542 non
3354 2486 3526 2544 fletus
3551 2491 3633 2544 in-

1941 2555 2108 2626 famis
2139 2559 2368 2624 partum
2413 2555 2671 2609 ediderit.
2722 2557 2939 2620 Quibus
2968 2562 3330 2626 perpetuum,
3387 2577 3458 2613 ne
3502 2577 3632 2615 cum

1942 2625 2078 2679 viris
2127 2626 2456 2698 loquantur,
2504 2626 2753 2698 incidere
2793 2643 2908 2698 non
2957 2625 3263 2698 possumus
3320 2630 3630 2698 silentium,

1943 2712 2071 2776 cum
2105 2696 2311 2776 quibus
2339 2696 2634 2776 honestius
2664 2697 2832 2776 loqui
2859 2697 3100 2766 possint,
3131 2699 3461 2776 videamus._
3486 2696 3632 2772 Ergo

1943 2765 1991 2818 si
2021 2765 2145 2837 ﬁeri
2173 2769 2378 2836 potest,
2419 2765 2788 2837 provideatur
2818 2765 2877 2819 in
2918 2783 3127 2837 magno
3157 2771 3502 2824 monasterio
3544 2765 3631 2826 vvel

1944 2835 2185 2908 ecclesia
2224 2837 2520 2908 presbyter
2565 2835 2769 2908 aliquis
2818 2835 3309 2899 senexfmaturus
3351 2841 3628 2908 moribus,

1944 2907 2034 2959 cui
2082 2921 2235 2972 raro,
2272 2905 2495 2960 nisi’de
2526 2905 2874 2960 confessione
2925 2912 2981 2960 et
3021 2909 3227 2961 animae
3257 2905 3630 2965 mditicatione

1943 2977 2236 3057 loquatur,
2265 2992 2298 3029 a
2323 2992 2436 3046 quo
2451 2976 3028 3057 _consilium_accipiat
3055 2978 3114 3057 in
3144 2979 3351 3057 dubiis,
3374 2980 3431 3033 in
3449 2981 3629 3035 tribu-

1944 3046 2254 3118 lationibus
2274 3047 2741 3118 consolationem.
2767 3049 2972 3101 Verum
2996 3048 3132 3118 quia
3156 3049 3439 3104 inclusum
3455 3068 3634 3106 mem-

1941 3117 2060 3200 bris
2085 3118 2300 3200 malum
2326 3117 2490 3200 illud,
2517 3119 2670 3187 quod
2694 3119 2983 3200 timemus,
3005 3117 3349 3200 plerumque
3375 3123 3626 3189 suscitat,

1943 3193 2001 3242 et
2029 3187 2250 3241 emollit
2286 3191 2602 3260 emortuam
2631 3187 3029 3260 senectutem,
3096 3205 3199 3243 nec
3245 3187 3352 3260 ipsi
3395 3187 3632 3247 manum

1945 3275 2104 3312 suam
2127 3258 2470 3327 tangendam
2504 3259 2760 3328 praebeat
2777 3261 2860 3312 vel
2895 3258 3332 3329 palpandamfN
3342 3263 3458 3316 ulla
3475 3263 3634 3316 vobis

1944 3330 2012 3383 de
2061 3329 2240 3382 macie
2278 3329 2485 3394 vultus,
2538 3330 2608 3382 de
2657 3330 2909 3383 exilitate
2949 3331 3334 3397 brachiorum,
3377 3333 3446 3387 de
3489 3334 3636 3388 cutis

1947 3400 2250 3470 asperitate
2282 3399 2355 3453 sit
2389 3415 2544 3454 cura.

1947 3469 2173 3525 CAPUT
2204 3472 2294 3524 IX.
2330 3499 2395 3510 --
2425 3469 2629 3526 Scribit
2656 3469 2874 3523 vivendi
2899 3472 3133 3537 formam
3156 3471 3382 3528 reclusis
3413 3478 3636 3540 rogatus

2667 3556 2702 3593 a
2728 3556 2925 3595 εονονθ.

2021 3613 2149 3665 Haec
2172 3610 2298 3674 tibi,
2330 3625 2492 3663 soror
2511 3610 2746 3679 (gratias
2779 3611 2933 3679 Deo).
2959 3611 3199 3664 dicenda
3226 3628 3342 3667 non
3372 3613 3632 3669 fuerant:

1948 3682 2045 3754 sed
2075 3680 2210 3754 quia
2239 3696 2344 3733 nec
2365 3681 2809 3754 solum‘propter
2828 3685 2904 3754 te,
2929 3681 3024 3734 sed
3045 3681 3216 3734 etiam
3247 3689 3479 3754 propter
3499 3686 3635 3738 ado-

1948 3750 2332 3825 lescentiores,
2373 3750 2768 3825 quaisimilem
2795 3750 3637 3825 vitam_tuo_consilio'arripere

1950 3821 2221 3892 gestiunt,
2247 3820 2393 3874 hanc
2409 3821 2514 3892 tibi
2531 3821 2839 3892 formulam
2863 3821 3012 3874 tradi
3035 3821 3282 3889 voluisti,
3311 3825 3431 3878 haec
3459 3820 3638 3879 inter-

1951 3890 2445 3962 serandarputavi,
2495 3891 2542 3944 si
2589 3890 2781 3960 aliqua
2815 3892 3009 3961 magni
3036 3893 3304 3962 nominis
3347 3896 3432 3947 Vel
3469 3896 3638 3949 bonae

1953 3961 2351 4034 aastimatiOnis‘
2391 3976 2657 4034 persona,
2706 3962 2880 4034 abbas
2929 3961 3162 4029 scilicet,
3199 3965 3284 4016 vel
3323 3965 3482 4034 prior
3510 3980 3638 4021 cum

1951 4033 2169 4087 inclusa
2198 4031 2358 4103 loqui
2383 4031 2644 4104 voluerit,
2677 4031 2869 4102 aliquo
2898 4039 3179 4101 pra-senta
3207 4031 3492 4104 loquatur.

1953 4104 2178 4158 CAPUT
2216 4104 2277 4157 X.
2321 4131 2390 4142 --
2419 4103 2503 4156 De
2539 4103 2798 4169 colloquio
2838 4118 2956 4155 cum
2985 4106 3154 4157 variis
3189 4103 3453 4172 personis.
3496 4106 3641 4171 Quid

2292 4171 2397 4227 hac
2425 4175 2483 4225 in
2511 4189 2568 4226 re
2597 4173 2985 4227 observandum
3011 4191 3044 4226 a
3072 4171 3300 4229 reclusa.

2025 4244 2252 4298 Nullam
2311 4246 2461 4297 certe
2523 4259 2827 4314 personam
2887 4249 2942 4297 te
3005 4244 3356 4314 frequentius
3414 4246 3643 4300 visitare

1953 4315 2180 4376 vellem,
2199 4330 2304 4368 nec
2321 4329 2451 4368 cum
2481 4315 2668 4384 aliqua
2694 4319 2748 4368 te
2772 4314 3024 4367 crebrius
3056 4316 3338 4379 visitante,
3363 4316 3644 4370 familiare

1955 4387 2157 4438 vellem
2182 4390 2368 4439 tecum
2390 4385 2597 4438 habere
2619 4391 2918 4438 secretum.
2948 4385 3302 4440 Periclitatur
3323 4387 3476 4441 enim
3495 4388 3647 4440 fama

1956 4455 2194 4525 virginis
2233 4456 2440 4521 jcrebra
2481 4461 2632 4509 certe
2681 4456 2919 4522 alicujus
2975 4473 3234 4526 personze
3281 4459 3642 4524 salutatione,

1957 4527 2313 4596 periclitatur
2351 4531 2406 4579 et
2422 4525 2795 4597 conscientia.
2829 4525 3212 4596 Nam’quanto
3243 4528 3450 4597 saepius
3481 4543 3646 4581 eum-

1959 4598 2088 4668 dem
2108 4597 2316 4668 videris
2340 4596 2586 4659 vultum,
2608 4596 2692 4649 vel
2714 4612 2908 4668 vocem
2941 4597 3206 4668 audieris,
3234 4596 3394 4650 tanto
3420 4614 3647 4668 expres-

1960 4667 2076 4721 sius
2115 4667 2236 4737 ejus
2268 4666 2456 4736 imago
2498 4670 2612 4737 tua:
2660 4666 3380 4737 memorizeimprimetur.
3414 4666 3647 4723 Et'ideo

1960 4735 2179 4792 inclusa
2207 4735 2566 4790 etiam’facie
2607 4737 2788 4789 velata
2830 4735 2987 4805 loqui
3029 4737 3195 4790 debet
3240 4754 3370 4792 cum
3412 4740 3554 4804 viro,
3594 4743 3650 4792 et

1962 4809 2082 4878 ejus
2111 4823 2308 4861 cavere
2339 4811 2727 4878 conspectum,
2759 4805 2850 4859 cui
2874 4822 3003 4878 cum
3036 4807 3453 4875 timoresolum
3483 4810 3652 4864 debet

1963 4877 2233 4949 praestare
2283 4877 2563 4949 auditum.
2619 4878 2760 4930 Nam
2802 4877 3059 4949 eamdem
3109 4878 3216 4932 viri
3263 4896 3458 4934 vocem
3498 4894 3649 4948 saepe

1965 4947 2287 5013 admittere,
2319 4947 2659 5018 quibusdam
2692 4947 3077 5018 periculosum
3118 4965 3242 5003 esse
3271 4967 3387 5004 non
3418 4947 3642 5004 dubito.

1964 5019 2424 5074 Adolescentium
2480 5022 2536 5071 et
2591 5022 2980 5088 suspectarum
3035 5036 3408 5089 personarum
3465 5019 3654 5072 devita

1966 5089 2359 5160 colloquium;
2393 5104 2497 5160 nec
2525 5105 2779 5160 unquam
2825 5094 3033 5157 tecum,
3069 5091 3176 5144 nisi
3213 5095 3274 5144 tu
3304 5089 3653 5144 audientiam

1967 5159 2149 5224 illius,
2175 5159 2274 5230 qui
2302 5159 2405 5212 tibi
2443 5161 2672 5230 proprie
2702 5159 3007 5230 loquatur;
3041 5167 3098 5214 et
3127 5162 3232 5214 hoc
3260 5159 3318 5230 esi
3361 5164 3522 5230 certa
3547 5175 3654 5213 ne-

1967 5229 2210 5285 cessitas
2234 5229 2571 5300 p0poscerit.
2607 5231 2745 5285 Cum
2779 5229 2936 5284 nullo
2976 5231 3168 5300 itaque
3207 5229 3651 5298 advenientium,

1967 5305 2178 5372 praeter
2207 5299 2558 5372 episcopum,
2599 5305 2697 5354 aut
2740 5301 3026 5365 abbatem,
3049 5299 3159 5372 vel
3181 5299 3376 5370 magni
3405 5300 3658 5354 nominis

2011 5370 2256 5443 riorem,
2273 5370 2606 5443 sine’ipsius
2633 5372 2950 5443 presbyteri
2970 5370 3201 5443 iicentia
3228 5372 3330 5443 vel,
3345 5441 3353 5443 Α
3370 5379 3658 5443 prmeepto

1968 5389 2244 5497 priorem,
2273 5389 2395 5424 sme
2425 5389 2606 5441 lpSlllS
2633 5389 2950 5443 presnyten
2977 5389 3201 5424 ucenua
3228 5389 3315 5424 νει
3370 5389 3658 5441 praecepto

1993 5442 2244 5514 oquaris,
2285 5445 2367 5514 fut
2396 5441 2704 5496 difﬁcultas
2737 5440 3010 5512 loquendi
3041 5446 3246 5514 tecum,
3297 5441 3400 5514 tibi
3430 5446 3662 5514 praestet

1971 5511 2243 5584 quietem.
2278 5513 2583 5584 Nunquam
2609 5514 2756 5567 inter
2785 5511 2836 5584 te
2868 5516 2923 5584 et
2953 5511 3266 5584 quemlibet
3288 5511 3665 5584 virumiquasi

1973 5581 2269 5639 occasione
2293 5581 2629 5638 exhibendae
2653 5581 2962 5647 charitatis,
2983 5583 3069 5635 vel
3091 5582 3386 5636 nutriendi
3407 5581 3661 5648 affectus,

2040 5691 2052 5724 ¹
2083 5689 2208 5738 Lov.
2240 5687 2319 5738 uti
2345 5688 2440 5738 PP.
2470 5686 2793 5750 Benedicrtini
2823 5686 3020 5747 ferunt,
3054 5687 3210 5744 Quid.
3247 5687 3340 5736 Hic
3359 5691 3444 5750 est
3471 5687 3668 5750 absque

1975 5751 2135 5800 dubio
2163 5752 2352 5799 lacuna
2375 5766 2388 5810 ;
2411 5754 2595 5812 auctor
2616 5749 2757 5812 enim
2779 5762 2962 5812 omnes
2986 5749 3398 5799 enumerationis
3422 5749 3673 5812 praenun-

1973 5814 2116 5863 tiata:
2144 5817 2336 5876 partes,
2367 5811 2566 5876 scilicet
2593 5811 2738 5876 quid,
2767 5811 2951 5873 quibus
2979 5815 3048 5876 et,
3070 5812 3349 5876 quomodo,
3375 5811 3482 5861 non
3506 5812 3673 5876 expli-

1981 5873 2186 5928 catione
2211 5873 2593 5936 complectitur,
2619 5873 2710 5922 sed
2737 5887 2904 5923 unum
2933 5873 3170 5938 negligit,
3201 5873 3400 5925 scilicet
3425 5873 3674 5938 quid.'M.
