4056 6362
396 375 529 430 1455

391 501 478 554 vel
511 497 842 568 expetendae
881 493 1279 568 familiaritatis
1321 497 1419 547 aut
1447 490 1708 568 amicitiai
1739 491 2069 568 spiritualis,

391 562 711 624 discurrant
747 567 974 622 nuntii:
1005 583 1110 620 nec
1142 580 1340 619 eorum
1379 562 1718 617 munuscula
1747 563 2072 632 litterasque

393 641 684 709 suscipias,
719 655 822 692 nec
858 639 970 690 illis
1000 641 1098 690 tua
1132 636 1366 709 dirigas,
1399 639 1570 709 prout
1595 633 1902 709 moris_est,
1936 639 2073 709 puta

390 704 582 775 zonas,
633 709 942 778 marsupia,
964 704 1331 778 quassdiverso
1355 704 1678 778 stamineet
1713 704 2071 778 subtegmine

391 773 603 834 variata
633 785 784 843 sunt,
817 773 873 831 et
905 773 1117 831 caetera
1138 793 1265 846 quas
1298 775 1626 846 hujusmodi
1663 773 2072 846 adolescentio-

387 851 546 904 ribus
585 849 848 902 monachi
884 865 987 918 per
1015 845 1255 918 clericos
1278 848 1530 918 mittunt,
1562 845 1713 918 quod
1753 846 2070 898 fomentum

389 926 473 974 est
501 920 710 973 amoris
739 915 943 983 illiciti,
980 923 1035 972 et
1067 917 1260 986 magni
1291 917 1526 970 materia
1553 915 1707 969 mali.
1939 953 1954 965 .

389 991 610 1044 CAPUT
648 991 736 1044 ΧΙ.
769 1019 837 1029 -
881 990 1140 1056 Operetur
1166 983 1435 1053 inanibus,
1472 992 1690 1040 ornetur
1715 983 2064 1056 verecundia,

459 1061 704 1130 Operare
733 1054 969 1130 proinde
1000 1075 1083 1122 ea,
1120 1075 1248 1128 quas
1291 1059 1377 1110 vel
1413 1056 1712 1130 necessitas
1742 1054 1942 1130 poscit,
1981 1054 2069 1107 vel

384 1125 706 1200 praescribit
733 1125 981 1193 'utilitas,
1014 1134 1071 1182 et
1100 1125 1297 1181 eorum
1331 1127 1578 1196 pretium
1609 1126 1719 1200 tuis
1758 1125 1950 1200 usibus
1979 1139 2066 1200 ce-

387 1194 502 1269 dat,
535 1201 740 1270 quibus
789 1199 836 1253 si
879 1215 995 1270 non
1033 1200 1277 1270 egueris,
1312 1194 1408 1250 aut
1445 1195 1759 1270 necessaria
1796 1194 2066 1270 ecclesias,

387 1265 497 1324 aut
515 1265 886 1340 pauperibus,
931 1265 1374 1332 sicut—diximus,
1404 1267 1642 1340 tribuas.
1681 1266 1854 1320 Ornet
1894 1265 2066 1340 etiam

385 1335 583 1394 omn-es
614 1335 822 1407 motus,
866 1335 1061 1392 Omnes
1099 1354 1386 1391 sermones
1419 1338 1673 1398 inclusae,
1703 1335 2065 1402 verecundia,

426 1428 513 1464 uas
539 1412 793 1481 linguam
823 1413 1160 1481 compescat,
1191 1409 1336 1481 iram
1367 1408 1605 1481 mitiget.
1635 1407 1826 1476 jurgia
1854 1410 2063 1481 caveat.

426 1428 513 1464 uae
539 1427 793 1481 linguam
823 1427 1160 1478 compescat,
1191 1427 1336 1462 iram
1367 1427 1605 1476 mulget.
1635 1427 1826 1476 Jurgia
1854 1427 2063 1459 caveat.

383 1427 565 1544 gnam
615 1481 769 1534 enim
816 1480 1030 1549 pudere
1077 1480 1238 1532 decet
1293 1480 1530 1549 honeste
1582 1478 1823 1549 honesta
1867 1475 2063 1549 loqui;

384 1557 615 1621 quantm
653 1545 1020 1619 impudentiae
1050 1554 1155 1621 est,
1195 1552 1257 1601 ut
1290 1548 1629 1621 inlionesta,_
1646 1545 1771 1600 licet
1812 1545 2068 1600 lacessita

382 1618 610 1689 injuriis
640 1618 753 1674 aut,
769 1621 1057 1673 stimulata
1086 1619 1298 1684 furore,
1329 1618 1635 1688 loquatur?

384 1692 606 1746 CAPUT
655 1692 768 1745 XII.
815 1719 883 1730 —
928 1691 1176 1811 Reclusad
1191 1689 1366 1811 abet-tbis
1397 1689 1645 1743 lacessita
1691 1691 1752 1740 ut
1791 1701 1846 1740 se
1888 1701 2067 1754 gerere

1178 1775 1203 1811 e
1241 1776 1304 1811 e.

1178 1761 1304 1812 ebet.

453 1831 680 1884 Inclusa.
701 1829 877 1899 igitur
913 1828 1162 1898 litiganti
1191 1846 1304 1882 non
1338 1827 1700 1898 respondeat,
1726 1826 2064 1899 detrahenti

381 1917 497 1954 non
557 1896 924 1969 improperet,
968 1896 1262 1953 lacessenti
1318 1896 1466 1969 non,
1508 1896 1856 1969 contradicat
1897 1913 1911 1950 :
1954 1897 2065 1969 sed

381 1917 497 1954 non
557 1917 635 1953 1m
683 1917 924 1969 roperet,
968 1917 1262 1953 lacessenti
1318 1917 1436 1952 non
1508 1917 1911 1951 contradicat;
1968 1917 2063 1950 seu

377 1971 442 2024 in
485 1917 749 2024 omnibus
787 1986 916 2040 quas
963 1970 1022 2022 in
1052 1970 1304 2039 publico,
1339 1970 1426 2022 vel
1454 1968 1513 2021 in
1534 1968 1760 2040 occulto
1792 1972 1889 2020 aut
1918 1966 2063 2040 obji-

380 2041 626 2107 ciuntur,
677 2045 774 2094 aut
803 2037 1209 2105 susurra—ritur,
1253 2037 1319 2093 ex
1358 2037 1719 2092 conscientias
1761 2037 2065 2090 serenioris

381 2127 506 2164 arce
555 2115 899 2171 contemnat,
947 2110 1135 2164 dicens
1181 2126 1308 2163 cum
1350 2110 1641 2179 Apostolo,
1690 2108 1841 2160 Mihi
1888 2111 2064 2179 autem

373 2197 475 2250 pro
506 2184 725 2235 minimo
753 2187 832 2235 est
859 2186 919 2234 ut
947 2197 981 2233 a
1011 2181 1157 2234 vobis
1180 2177 1470 2250 judicertl
1511 2180 1639 2232 Cor.
1674 2195 1747 2243 IV,
1781 2179 1856 2250 3).
1873 2177 2065 2250 Super

378 2248 570 2305 omnia
599 2252 754 2306 enim
782 2252 999 2304 inclusa
1027 2248 1250 2304 studere
1282 2248 1466 2314 debet,
1501 2254 1566 2302 ut
1591 2248 2063 2317 tranquillitatem

379 2323 633 2391 spiritus,
667 2327 725 2375 et
767 2338 964 2390 pacem
995 2321 1180 2374 cordis
1209 2321 1426 2390 jugiter
1464 2319 1736 2391 retinens,
1772 2317 1937 2370 illum
1975 2318 2063 2391 sui

374 2388 619 2462 pectoris
644 2388 921 2445 aeternum
961 2391 1165 2444 habeat
1192 2388 1651 2462 inhabitatorem,
1679 2388 1748 2462 de
1779 2404 1891 2457 quo
1925 2388 2060 2462 scri-

420 2468 540 2516 tum
570 2466 672 2526 est,
704 2464 766 2515 In
794 2478 924 2530 pace
950 2464 1131 2527 factus
1160 2466 1238 2514 est
1268 2463 1408 2514 locus
1439 2461 1554 2527 ejus
1595 2459 1760 2528 (Psal.
1793 2474 1946 2530 Lxxv,
1983 2460 2054 2530 3).

420 2479 540 2516 tum
570 2479 672 2526 εει,
704 2479 766 2515 ιη
794 2479 924 2530 pace
950 2479 1131 2527 laetus
1160 2479 1238 2514 es:
1268 2479 1408 2514 iocus
1439 2479 1554 2527 ejus
1595 2479 1760 2528 μ’δαι.
1795 2479 1946 2520 Lxxv,
1983 2479 2054 2526 ο).

375 2479 444 2586 Et
472 2533 610 2585 alias
643 2533 917 2585 Dominus
943 2547 1042 2601 per
1068 2532 1426 2600 prophetam,
1456 2532 1628 2597 Super
1647 2543 1821 2596 quem,
1853 2528 2058 2597 inquit,

372 2605 666 2669 requiescrt
689 2604 916 2670 spiritus
941 2617 1104 2668 meus,
1132 2603 1241 2654 nisi
1267 2617 1427 2668 super
1449 2601 1699 2670 humilem
1723 2603 1772 2652 et
1801 2601 2056 2665 quiet-um,

375 2677 425 2726 et
471 2669 740 2725 timentem
783 2687 1042 2725 sermones
1088 2687 1226 2724 meos
1269 2672 1420 2739 (Isai,
1467 2687 1607 2735 LXVI,
1641 2669 1742 2739 2)?
1782 2670 1940 2721 Hunc
1978 2687 2061 2722 sa-

375 2743 756 2796 cratissimum
797 2742 1002 2794 mentis
1053 2746 1282 2805 statum,
1324 2757 1438 2794 non
1479 2741 1664 2793 solum
1705 2739 2060 2809 stultiloquia

376 2818 656 2872 evertunt.
680 2812 776 2865 sed
799 2817 853 2864 et
878 2816 1228 2880 pervertunt.
1264 2811 1417 2865 Nihil
1439 2815 1554 2864 tam
1586 2825 1706 2864 esse
1728 2809 1834 2863 tibi
1857 2825 2057 2864 censeo

375 2884 726 2947 sectandum,
758 2898 930 2951 quam
961 2881 1269 2935 silentium.

480 2954 704 3006 CAPUT
732 2950 871 3005 XIII.
901 2981 970 2992 -—
999 2955 1065 3005 De
1096 2957 1326 3020 tempore
1357 2950 1610 3019 loquendi
1635 2954 1685 3002 et
1717 2950 1948 3004 tacendi.

440 3024 562 3076 1am
596 3039 747 3076 nunc
779 3027 1005 3091 tempus
1045 3019 1338 3092 loquendi,
1373 3038 1434 3074 ac
1467 3019 1691 3075 tacendi
1715 3025 1942 3089 tempus
1971 3019 2056 3092 di-

370 3093 744 3163 stinguamus.
805 3094 984 3162 Igitur
1041 3091 1138 3145 abi
1179 3092 1524 3146 Exaltatione
1570 3095 1797 3163 sanctae
1864 3091 2056 3144 Crucis

371 3161 550 3234 usque
593 3165 665 3217 ad
704 3161 1205 3232 Quadragesinam,
1237 3167 1368 3232 post
1396 3161 1852 3234 completorium_
1875 3177 2054 3234 usque

368 3235 438 3288 ad
457 3231 732 3288 auroram
769 3231 1056 3288 silentium
1085 3231 1276 3286 teneat
1301 3249 1313 3286 :
1343 3237 1399 3286 et
1428 3239 1563 3286 tunc
1592 3231 1739 3285 dicta
1769 3231 1972 3300 prima,
2007 3231 2054 3284 si

363 3304 518 3358 aliud
559 3305 628 3358 de
671 3304 877 3357 diurna
924 3303 1251 3356 necessitate
1298 3303 1540 3356 voluerit
1577 3317 1881 3371 suggerere
1929 3317 2050 3354 ser-

362 3373 555 3438 vienti,
589 3373 784 3442 paucis
814 3373 920 3424 hoc
946 3373 1109 3426 faciat
1139 3372 1360 3438 verbis;
1393 3372 1535 3426 nihil
1562 3373 1828 3441 cuiquam
1857 3378 2053 3440 postea

365 3460 551 3514 usque
575 3444 646 3496 ad
682 3442 907 3514 tertiam
936 3442 1220 3514 loquatur.
1255 3443 1406 3514 Inter
1440 3442 1673 3514 tertiam
1697 3457 1834 3514 vero,
1851 3447 1919 3514 et
1945 3458 2048 3496 no-

361 3511 520 3582 nam,
544 3513 632 3566 his
659 3513 757 3583 qui
787 3511 1238 3581 supervenerint,
1269 3511 1427 3582 prius
1451 3512 1498 3583 si
1524 3511 1865 3583 admittendi
1893 3517 2046 3579 sunt,

362 3582 752 3654 competenter
778 3584 1139 3653 respondeat,
1172 3588 1227 3636 et
1255 3582 1547 3654 ministris,
1572 3582 1728 3651 quod
1749 3583 2044 3654 placuerit,

361 3653 644 3725 injungat.
680 3655 810 3707 Post
840 3669 1049 3707 nonam
1070 3659 1304 3725 sumpto
1337 3653 1461 3707 cibo
1491 3668 1660 3725 omne
1695 3653 2046 3725 colloquium

361 3722 436 3779 et'
460 3722 847 3779 dissolutionis
880 3723 1178 3777 materiam
1209 3722 1429 3792 caveat,
1468 3739 1539 3776 ne
1589 3722 1942 3792 impingatur
1992 3724 2045 3776 ei

357 3796 521 3861 illud,
554 3796 703 3864 quod
737 3795 1009 3863 scriptum
1044 3801 1162 3848 est:
1201 3794 1354 3848 Sedit
1379 3794 1611 3864 populus
1643 3794 1968 3846 manducare
1996 3799 2047 3848 et

360 3866 537 3919 bibere
574 3863 624 3918 et
663 3869 1016 3919 surrexerunt
1056 3865 1235 3918 ludere
1281 3863 1490 3933 (Exod.
1539 3879 1710 3928 xxxii,
1757 3863 1828 3932 6).
1871 3866 2042 3916 Porro

355 3936 676 4006 vespertina
701 3935 866 3988 laude
894 3936 1099 3999 soluta,
1131 3951 1260 4006 cum
1289 3934 1552 4006 ministra
1581 3949 1761 4006 usque
1790 3933 1859 3986 ad
1894 3939 2042 3986 tem-

353 4004 472 4075 pus
491 4006 806 4059 collationis
840 4006 908 4059 de
940 4005 1269 4058 necessariis
1297 4004 1574 4075 conferat.
1606 4005 1883 4072 Tempore
1909 4020 2039 4057 vero

355 4073 824 4146 Quadragesimazr
849 4075 1078 4146 inclusas
1109 4091 1333 4146 semper
1379 4073 1668 4146 silentium
1711 4079 1904 4126 tenere
1941 4075 2039 4128 de-

354 4147 549 4201 beret:
586 4143 684 4199 sed
733 4145 867 4216 quia
907 4146 1013 4198 hoc
1052 4143 1756 4216 durumimpossibileque
1785 4149 2035 4216 putatur,

353 4234 482 4271 cum
531 4213 847 4270 confessore
899 4232 1001 4269 suo
1050 4220 1106 4269 et
1151 4213 1432 4279 ministra,
1477 4213 1872 4285 rarius’quam
1913 4215 2037 4268 aliis

350 4287 726 4357 temporibus,
768 4287 1075 4354 loquatur;
1120 4290 1174 4338 et
1213 4285 1538 4357 cumnullo
1578 4284 1734 4357 alio;
1754 4284 1863 4338 nisi
1894 4285 2035 4339 forte

349 4355 880 4435 aliqua-reverenda
907 4371 1151 4424 persona
1180 4370 1249 4408 ex
1279 4355 1403 4435 aliis
1433 4355 1735 4425 provinciis
1765 4371 2034 4435 superve-

347 4426 510 4481 nerit.
547 4428 679 4480 Post
720 4426 931 4479 Pascha
957 4442 1088 4479 vero
1120 4441 1298 4495 usque
1329 4426 1399 4478 ad
1421 4430 1646 4495 tempus
1676 4426 2030 4494 praedictum,

346 4515 381 4551 a
418 4496 788 4568 completorio
809 4512 988 4568 usque
1007 4497 1080 4568 ad
1107 4497 1244 4568 solis
1267 4500 1455 4568 ortum
1485 4496 1716 4568 silentio
1733 4497 2030 4568 custodito,

347 4585 477 4622 cum
509 4566 708 4647 horam
737 4567 980 4647 primam
1001 4567 1060 4620 in
1090 4566 1308 4647 diurnis
1330 4566 1619 4647 obsequiis
1641 4567 2028 4632 celebraverit,

343 4656 474 4693 cum
505 4637 780 4692 ministris
805 4637 920 4690 suis
943 4639 1208 4707 loquatur
1231 4637 1275 4691 si
1305 4638 1623 4707 oportuerit
1645 4654 1658 4702 ;
1684 4653 1814 4691 cum
1837 4654 2033 4707 super-

341 4708 722 4773 venientibus,
775 4707 922 4779 inter
960 4724 1172 4762 nonam
1206 4713 1261 4762 et
1301 4708 1848 4779 vesperam.iFinita
1891 4709 2031 4762 hora

337 4795 724 4850 vesperarum,
745 4778 1014 4850 disponat
1041 4795 1168 4832 cum
1200 4778 1473 4833 ministris
1500 4778 1654 4850 quod
1687 4795 1828 4849 opus
1856 4779 2030 4832 fuerit

338 4849 522 4921 usque
553 4850 621 4904 ad
647 4849 1028 4904 collationem.

337 4917 560 4978 CAPUT
588 4921 720 4974 XIV.
753 4949 822 4959 —
851 4922 1052 4986 Quibus
1081 4922 1354 4974 exercitiis
1389 4919 1693 4975 vacandum
1723 4934 1755 4971 a
1787 4917 2025 4973 calendis

745 4991 981 5044 novemb.
1010 4991 1084 5044 ad
1111 4991 1622 5058 Quadragesimam.

409 5061 504 5116 His
551 5061 838 5131 inspectis,
885 5061 1042 5131 operi
1081 5077 1378 5123 manuum,
1405 5058 1642 5131 lectioni
1687 5062 1742 5112 et
1777 5058 2022 5131 orationi

333 5136 490 5186 certa
523 5128 782 5202 tempora
824 5128 1190 5201 deputentur.
1241 5130 1506 5186 Otiositas
1548 5129 1762 5202 quippe
1786 5128 2022 5202 inimica

332 5207 416 5257 est
445 5197 674 5268 animai,
709 5218 878 5272 quam
897 5197 1024 5272 'pras
1063 5202 1328 5255 omnibus
1359 5197 1753 5272 caveredebet
1780 5199 2013 5272 inclusa.

332 5275 427 5328 Est
455 5274 609 5326 enim
642 5269 1213 5326 omnium—malorum
1251 5286 1476 5339 parens,
1521 5269 1772 5322 libidinis
1792 5269 2015 5337 artifex,

329 5345 799 5415 pervagationum
821 5344 1010 5415 altrix,
1033 5340 1224 5415 nutrix
1246 5340 1529 5415 vitiorum,
1560 5340 1875 5415 fomentum
1899 5357 2018 5394 ace-

327 5410 457 5477 dim,
489 5410 733 5467 tristitiae
773 5413 1140 5467 incentivum.
1177 5411 1302 5479 Ipsa
1337 5411 1613 5478 pessimas
1643 5410 2015 5480 cogitationes

327 5487 590 5551 seminat,
614 5485 940 5538 alfectiones
968 5481 1190 5534 illicitas
1213 5480 1436 5551 quaerit,
1461 5480 1690 5533 suscitat
1708 5481 2010 5536 desideria.

322 5557 449 5624 Ipsa
478 5550 682 5625 quietis
712 5551 1199 5625 fastidiumparit,
1235 5550 1538 5605 horrorem
1569 5550 1772 5625 incutit
1815 5552 2005 5625 cellas.

325 5621 630 5694 Nunquam
662 5630 716 5678 te
747 5623 1138 5694 improvidam,
1178 5637 1473 5692 nunquam
1504 5627 1556 5675 te
1588 5621 1820 5694 spiritus
1852 5622 2009 5676 inve-

320 5697 442 5748 niat
473 5691 731 5748 otiosam.
765 5691 871 5748 Sed
900 5693 1044 5764 quia
1075 5709 1234 5746 mens
1265 5691 1480 5757 nostra,
1519 5707 1646 5756 quae
1677 5692 1736 5745 in
1764 5691 1867 5746 hac
1897 5694 2011 5746 vita

316 5766 540 5819 subdita
570 5763 943 5833 estvanitati,
969 5779 1262 5833 nunquam
1288 5764 1348 5817 in
1379 5764 1575 5818 eodem
1609 5768 1754 5816 statu
1783 5778 2006 5832 perma-

325 5839 463 5901 net;
509 5832 762 5889 otiositas
790 5832 1188 5891 exercitiorum
1219 5834 1488 5890 varietate
1526 5833 1779 5904 fuganda
1806 5837 1908 5901 est,
1949 5838 2008 5887 et

1945 363 2330 420 APPENDIX.

3756 363 3893 416 1456

2181 488 2341 558 quies
2366 491 2561 542 nostra
2590 487 2839 558 quadam
2863 503 3102 558 operum
3133 487 3520 542 vicissitudine
3564 487 3889 543 fulcienda.

2179 560 2378 628 Itaque
2425 576 2456 612 a
2496 559 2742 613 calendis
2787 559 3108 612 novembris
3151 575 3332 628 usque
3381 560 3448 612 ad
3498 559 3891 628 Quadragesi-

2179 645 2354 696 mam,
2403 630 2712 682 secundum
2781 629 3214 682 existimationem
3265 645 3449 692 suam,
3501 631 3632 698 plus
3692 630 3892 684 media

2178 706 2345 779 nocte
2375 704 2638 779 repauset
2669 717 2681 753 :
2721 700 2881 779 etﬁsic
2908 715 3145 779 surgens
3178 715 3309 779 cum
3340 716 3454 779 qua
3483 704 3672 779 potest
3704 702 3891 779 devo-

2178 771 2356 835 tione,
2406 771 2717 823 secundum
2764 769 3025 823 formam’
3062 771 3294 838 Regula:
3358 769 3509 823 beati
3567 770 3888 837 Benedicti,

2178 846 2485 894 nocturnas
2509 841 2730 910 vigilias
2759 841 3024 906 celebret,
3058 842 3266 910 quibus
3298 857 3430 893 mox
3463 843 3734 894 succedat
3765 857 3892 894 ora-

2177 911 2259 964 tio
2293 927 2306 964 :
2341 911 2651 964 secundum
2681 911 2834 980 quod
2873 927 3000 964 eam
3030 910 3271 980 Spiritus
3311 916 3538 964 sanctus
3569 912 3885 980 adjuverit,

2177 983 2610 1061 aut_protelare_
2627 982 2797 1061 debet
2827 985 2933 1061 aut
2961 981 3308 1061 abbreviare.
3332 981 3548 1061 Caveat
3578 989 3781 1061 autem
3811 998 3888 1060 ne

2175 1051 2456 1121 prolixior
2497 1051 2678 1104 oratio
2736 1051 3030 1105 fastidium
3075 1051 3276 1120 pariat.
3332 1051 3535 1104 Utilius
3584 1057 3673 1104 est
3722 1054 3885 1105 enim

2177 1121 2385 1192 saepius
2415 1137 2576 1176 orare
2597 1123 2857 1187 breviter,
2880 1137 3052 1192 quam
3079 1122 3254 1175 semel
3278 1122 3447 1175 nimis
3475 1122 3699 1190 prolixe
3728 1138 3743 1176 :
3776 1123 3890 1175 nisi

2175 1191 2322 1245 forte
2339 1192 2582 1245 orationi
2598 1192 2820 1246 devotio
2841 1191 3115 1262 inspirata
3133 1193 3258 1262 ipso
3280 1193 3584 1257 nesciente,
3601 1192 3702 1262 qui
3729 1197 3885 1260 orat,

2175 1263 2618 1332 prolongaverit.
2669 1265 2802 1316 Post
2837 1263 3152 1316 orationem
3189 1263 3248 1315 in
3295 1264 3577 1316 honorem
3627 1263 3884 1333 Virginis

2176 1333 2432 1386 debitum
2453 1333 2632 1386 solvat
2651 1333 2922 1399 ofﬁcium,
2953 1339 3275 1386 sanctorum
3297 1337 3886 1387 commemorationes

2176 1402 2464 1472 adjiciens.
2501 1405 2644 1457 Cave
2675 1409 2864 1457 autem
2896 1419 2966 1457 ne
2998 1403 3066 1457 de
3097 1420 3336 1457 numero
3369 1405 3754 1470 Psalmorum,
3792 1405 3883 1458 vel

2175 1475 2745 1540 commemoratione,
2777 1474 3029 1543 aliquam
3068 1474 3171 1527 tibi
3215 1475 3399 1544 legem
3438 1474 3742 1543 imponas;
3778 1476 3884 1529 sed

2175 1545 2447 1613 quamdiu
2487 1549 2540 1597 te
2581 1545 2789 1597 Psalmi
2823 1545 3122 1607 delectant,
3157 1549 3314 1597 utere
3353 1544 3486 1598 illis.
3521 1545 3578 1598 Si
3618 1545 3724 1598 tibi
3756 1562 3880 1598 cm-

2172 1614 2364 1683 perint
2391 1630 2512 1667 esse
2535 1615 2781 1678 onerosi,
2808 1615 2986 1668 transi
3016 1616 3084 1668 ad
3116 1615 3415 1668 lectionem
3442 1632 3454 1668 :
3481 1631 3610 1683 quas
3637 1615 3684 1667 si
3718 1615 3882 1668 fasti-

2174 1683 2334 1738 dium
2380 1683 2611 1753 ingerit,
2645 1701 2810 1754 surge
2852 1685 2923 1738 ad
2953 1685 3306 1739 orationem:
3338 1686 3413 1738 sic
3452 1683 3520 1739 ad
3563 1702 3709 1754 opus
3753 1701 3880 1740 ma-

2173 1769 2376 1819 nuum,
2391 1754 2478 1808 his
2497 1755 2750 1823 fatigata,
2764 1756 3167 1824 pertransiens,
3185 1761 3246 1808 ut
3262 1756 3476 1809 salubri
3492 1755 3882 1810 alternatione

2173 1824 2436 1894 spiritum
2474 1841 2712 1893 recrees,
2745 1830 2802 1879 et
2839 1827 3014 1895 pellas
3054 1826 3329 1879 acediam.
3375 1826 3573 1879 Finitis
3616 1842 3881 1880 comme-

2172 1895 2587 1948 morationibus
2612 1911 2857 1965 quarum
2884 1911 3188 1949 numerum
3214 1913 3331 1949 non
3358 1896 3761 1966 propositioni,
3790 1897 3881 1952 vel

2171 1966 2293 2036 voci
2351 1965 2652 2019 necessitas
2724 1971 3075 2036 extorqueat,
3133 1967 3230 2020 sed
3282 1965 3570 2036 inspirans
3641 1967 3881 2021 devotio

2173 2034 2374 2102 dictat;
2408 2041 2634 2104 tempus
2677 2037 2832 2106 quod
2861 2034 3033 2090 restat
3060 2053 3241 2108 usque
3273 2037 3339 2090 ad
3377 2034 3670 2103 auroram,
3709 2039 3882 2108 Operi

2171 2121 2448 2159 manuum
2509 2122 2639 2159 cum
2699 2108 3050 2176 psalmorum
3115 2107 3498 2161 modulatione
3562 2108 3877 2163 deserviat.

2169 2177 2503 2248 Albescente
2531 2192 2739 2248 aurora
2761 2177 3071 2230 matutinas
3092 2178 3289 2231 Iaudes
3319 2194 3450 2231 cum
3474 2178 3632 2231 horae
3664 2179 3876 2248 primm

2171 2247 2493 2300 orationum
2532 2247 2759 2316 hymnis
2808 2249 3121 2316 persolvat:
3155 2253 3210 2301 et
3255 2248 3334 2301 sic
3379 2249 3440 2301 in
3485 2247 3876 2304 alternatione

2170 2317 2492 2388 lectionum,
2528 2319 2882 2372 Psalmorum
2904 2334 3130 2388 quoque
3161 2324 3332 2387 prout
3351 2335 3416 2372 ea
3435 2319 3664 2372 devotio
3687 2321 3876 2373 varia-

2169 2387 2334 2454 verit,
2365 2387 2591 2440 tertiam
2621 2387 2936 2457 exspectet,’
2956 2387 3067 2458 qua
3096 2388 3245 2442 dicta
3289 2390 3346 2442 in
3379 2405 3552 2458 opere
3585 2406 3874 2444 manuum

2168 2473 2349 2527 usque
2379 2458 2449 2511 ad
2487 2459 2686 2511 horam
2719 2475 2928 2512 nonam
2962 2465 3286 2528 occupetur.
3321 2460 3458 2514 Cibo
3489 2467 3685 2513 autem
3714 2478 3874 2515 sum-

2167 2533 2267 2596 pto
2312 2533 2367 2581 et
2400 2528 2714 2598 gratiarum
2747 2529 3063 2582 actionibus
3103 2531 3216 2582 Deo
3247 2530 3466 2595 solutis,
3503 2531 3571 2584 ad
3602 2532 3871 2600 praescri-

2168 2603 2323 2667 ptam
2367 2600 2862 2652 mansuetudinem
2907 2601 3102 2654 redeat
3149 2600 3539 2669 spiritualibus
3579 2602 3874 2655 exercitiis

2167 2683 2310 2737 opus
2341 2670 2632 2741 corporale
2655 2669 3040 2723 intermittens
3071 2686 3252 2739 usque
3283 2671 3354 2724 ad
3375 2687 3663 2741 vesperas.
3698 2673 3872 2726 Facto

2167 2744 2358 2820 autem
2403 2755 2578 2820 parvo
2616 2740 3676 2820 intervallo.aliquam-lectionemude
3723 2743 3873 2796 Vitis

2167 2809 2400 2862 Patrum
2432 2811 2517 2863 vel
2549 2809 2821 2864 institutis
2850 2811 2935 2864 vel
2981 2809 3269 2864 miraculis
3301 2827 3500 2865 eorum
3541 2812 3648 2865 sibi
3679 2829 3868 2866 secre-

2165 2879 2277 2932 tius
2300 2880 2470 2951 legat
2503 2896 2514 2932 :
2549 2885 2612 2933 ut
2657 2885 2781 2934 orta
2818 2897 2885 2933 ex
2933 2881 3021 2934 his
3067 2881 3260 2951 aliqua
3299 2883 3763 2950 compunctione,
3806 2884 3872 2938 in

2165 2949 2414 3022 quodam
2448 2950 2664 3022 fervore
2698 2951 2929 3022 spiritus
2958 2949 3390 3022 completorium
3419 2949 3605 3018 dicat;
3635 2959 3699 3006 ut
3729 2971 3870 3010 cum

2163 3020 2333 3098 pleno
2365 3026 2592 3089 pectore
2624 3020 2936 3098 devotionis
2974 3020 3480 3098 lec_tulo_m_embra
3509 3031 3822 3098 componat
3852 3043 3866 3079 :

2164 3090 2262 3163 illa
2294 3106 2428 3163 sane
2468 3107 2596 3163 quas
2625 3092 2857 3163 litteras
2895 3108 3012 3145 non
3053 3093 3340 3163 intelligit,
3378 3093 3537 3163 operi
3580 3090 3868 3150 manuum

2163 3159 2503 3228 diligentius“
2527 3161 2766 3216 insistat.
2804 3163 2884 3215 Ita
2913 3168 2988 3233 ut
3024 3179 3152 3216 cum
3190 3159 3467 3233 paulatim
3516 3165 3688 3218 fuerit
3726 3166 3869 3220 fati-

2162 3236 2311 3300 gata,
2344 3236 2540 3300 surgat
2580 3236 2635 3284 et
2675 3249 2862 3302 genua
2895 3232 3096 3294 flectat,
3138 3232 3468 3288 et’breviter
3498 3239 3622 3289 oret
3663 3237 3868 3290 Domi-

2160 3316 2300 3354 num
2373 3318 2560 3368 suum,
2619 3308 2674 3376 et
2747 3304 2934 3376 statim
2998 3320 3160 3374 opus,
3225 3305 3376 3375 quod
3445 3305 3866 3376 intermiserat,

2158 3377 2412 3458 resumat
2461 3377 2590 3458 :ie‘t
2620 3373 2752 3458 ‘hoc
2801 3374 2996 3458 faciat.
3025 3373 3282 3454 tempore
3342 3376 3557 3458 scilicet
3613 3373 3865 3458 utroque

2158 3441 2418 3511 lectionis
2462 3446 2518 3495 et
2563 3443 2795 3511 laboris,
2837 3441 3191 3498 Dominicam
3235 3446 3555 3499 orationem
3599 3441 3866 3502 crebrius

2156 3510 2320 3592 inter
2345 3528 2518 3592 opera
2554 3514 2753 3566 eadem
2783 3510 3049 3584 repetens
3076 3532 3088 3569 :
3124 3521 3180 3570 et
3207 3516 3255 3570 si
3295 3533 3439 3587 quos
3471 3519 3723 3587 psalmos
3756 3536 3860 3573 vo-

2155 3582 2346 3645 luerit,
2380 3582 2744 3638 interserens.

2155 3652 2379 3707 CAPUT
2429 3654 2535 3709 XV.
2585 3685 2653 3694 —
2697 3658 2777 3710 De
2823 3657 3094 3709 exercitiis
3139 3672 3172 3709 a
3217 3658 3428 3711 Pascha
3474 3657 3549 3711 ad
3595 3659 3860 3715 calendas

2839 3727 3158 3780 novembris.

2220 3793 2268 3846 A
2297 3793 2505 3866 Pascha
2522 3811 2661 3866 vero
2693 3811 2872 3865 usque
2905 3797 2970 3850 ad
3005 3797 3300 3866 praedictas
3329 3798 3592 3852 calendas
3623 3799 3702 3854 sic
3732 3818 3859 3855 sur-

2151 3867 2247 3942 gat
2277 3864 2348 3917 ad
2378 3864 2622 3942 vigilias,
2649 3869 2712 3918 ut
2753 3864 2930 3942 finitis
2960 3864 3250 3942 nocturnis
3279 3869 3508 3942 hymnis
3542 3875 3599 3922 et
3629 3872 3857 3925 oratio-

2148 3933 2335 4008 nibus,
2389 3936 2725 4008 parvissimo
2783 3937 3090 4008 intervallo
3163 3933 3479 4008 praemisso,
3535 3943 3857 3997 matutinas

2148 4002 2408 4079 incipiat}:
2426 4005 2639 4069 Quibus
2670 4007 3113 4079 expletissusque
3135 4002 3203 4062 ad
3228 4002 3626 4079 plenum'solis
3656 4020 3854 4068 ortum

2148 4075 2683 4150 oratienibusvacet
2719 4081 2774 4130 et
2816 4075 3070 4150 psalmis,
3107 4083 3162 4133 et
3203 4075 3339 4132 tunc
3369 4080 3516 4134 dicta
3543 4082 3734 4150 prima
3767 4101 3856 4138 sa-

2146 4145 2429 4223 criﬁcium
2463 4146 2655 4223 diurni
2686 4145 2873 4216 operis
2895 4149 3148 4223 inchoet,
3183 4167 3362 4223 usque
3392 4153 3461 4204 ad
3494 4145 3692 4205 heram
3732 4160 3850 4207 ter-

2144 4215 2309 4268 tiam:
2336 4215 2394 4292 in
2418 4217 2658 4292 lectione
2689 4215 2744 4269 et
2765 4219 3020 4272 oratione
3040 4236 3219 4292 usque
3242 4215 3310 4274 ad
3333 4227 3548 4274 sextam
3571 4223 3849 4292 spiritum

2144 4291 2396 4355 occupet.
2431 4288 2560 4360 Post
2605 4292 2818 4341 sextam
2864 4295 3088 4359 sumpto
3119 4288 3263 4357 cibo,
3310 4297 3510 4360 pauset
3538 4288 3846 4349 in'lectulo

2142 4370 2244 4431 suo
2270 4372 2452 4426 usque
2482 4357 2552 4410 ad
2584 4373 2793 4431 nonam
2820 4374 2833 4412 :
2865 4365 2922 4412 et
2946 4357 3026 4412 sic
3053 4377 3234 4430 usque
3281 4357 3350 4414 ad
3380 4379 3676 4431 vesperam
3722 4381 3847 4419 ma-

2140 4425 2309 4478 nibus
2336 4425 2624 4498 operetur.
2655 4429 2786 4482 Post
2810 4445 3103 4498 vesperam
3132 4425 3263 4485 vero
3292 4425 3648 4486 orationibus
3679 4441 3848 4492 vacet

2140 4501 2218 4572 et_
2231 4496 2485 4572 psalmis,
2521 4497 2720 4572 horam
2759 4496 3074 4572 collationis
3104 4500 3184 4555 ita
3219 4506 3565 4572 temperans,
3607 4510 3674 4557 ut
3705 4512 3844 4561 ante

2139 4567 2273 4645 solis
2319 4583 2582 4645 occasum
2623 4569 2858 4645 lectulus
2905 4571 3162 4624 membra
3209 4567 3464 4645 recipiat.
3505 4575 3842 4633 Cavendum

2138 4638 2291 4713 enim
2323 4638 2586 4713 est_omn_i
2617 4643 2873 4709 tempore
2904 4657 2974 4713 ne
3003 4647 3179 4702 totam
3209 4638 3531 4697 diei—lucem
3563 4661 3698 4713 nox,
3732 4664 3840 4702 an-

2136 4709 2366 4784 tequam
2395 4707 2706 4763 dormitum
2736 4707 2860 4784 eat,
2895 4712 3018 4784 suis
3037 4713 3282 4784 obducat
3317 4714 3589 4784 tenebris,
3621 4707 3842 4772 et’dor-

2136 4777 2276 4830 mire
2305 4783 2700 4852 eogaturscum
2727 4781 2960 4852 vigilare
2990 4783 3177 4838 debet.

2294 4848 2516 4926 CAPUT
2555 4851 2686 4905 XVI.
2726 4848 2808 4926 -_-—'
2832 4856 2906 4906 De
2933 4854 3407 4926 quadragesimali
3432 4856 3666 4926 jejunio.

2204 4918 2283 4998 De
2315 4923 2573 4998 tempore
2612 4918 3087 4998 quadragesima“
3117 4918 3381 4998 locuturi,
3413 4918 3600 4996 primo
3644 4931 3838 4984 excel-

2130 4987 2365 5042 lentiam
2410 4987 2532 5059 ejus
2575 4987 2859 5046 credimus
2893 4987 3432 5051 commendandam:
3469 4998 3611 5051 Cum
3647 5001 3838 5056 multa

2130 5064 2263 5139 sunt
2291 5061 2744 5140 Christianorum
2768 5063 3017 5140 jejunia,
3043 5067 3309 5140 omnibus
3334 5069 3559 5140 excellit
3587 5071 3836 5140 quadra-

2128 5131 2736 5210 gesimalejejunium,
2775 5131 2928 5202 quod
2965 5133 3156 5210 divina
3189 5139 3524 5210 auctoritate
3561 5131 3680 5194 non
3711 5141 3833 5195 sin-

2127 5201 3108 5279 gulisnquibuscumque’personis,
3156 5223 3272 5279 non
3325 5208 3479 5262 illius
3535 5211 3622 5263 vel
3671 5211 3835 5267 illius

2127 5271 2343 5323 ordinis
2374 5271 2722 5337 hominibus,
2749 5271 2851 5326 sed
2875 5271 3141 5330 omnibus
3171 5277 3439 5332 indicitur
3465 5279 3828 5338 Christianis.

2126 5340 2304 5420 Habet
2333 5343 2946 5420 autem_testim_onium
2978 5348 3327 5420 excellentiae
3359 5366 3391 5402 a
3421 5351 3586 5420 Lege,
3620 5369 3653 5405 a
3685 5353 3830 5407 Pro-

2122 5411 2309 5494 phetis
2333 5417 2388 5465 et
2417 5413 2488 5494 ab
2520 5413 2840 5494 Evangelia.
2867 5417 3006 5494 Nam
3033 5419 3248 5494 Moyses
3271 5411 3527 5494 famulus
3552 5411 3651 5494 Dei
3675 5423 3827 5494 jeju-

2122 5483 2278 5560 navit
2309 5483 2915 5560 qpadragintadiebus
2945 5493 3002 5540 et
3032 5483 3411 5558 quadraginta
3441 5483 3830 5560 noctibiis,vut

2120 5551 2306 5633 legem
2326 5551 2564 5606 Domini
2593 5551 3205 5633 acciperemereretur.
3234 5551 3442 5633 Helias
3466 5568 3659 5633 autem
3687 5551 3825 5633 pro-

2120 5623 2445 5704 phet‘a'eum
2470 5623 2962 5704 manducassetde
2989 5646 3134 5704 pane
3164 5630 3559 5704 subcinericio,
3587 5623 3829 5704 aquam-

2121 5709 2231 5762 que
2254 5693 2505 5775 bibisset,
2531 5711 2699 5775 quam
2725 5699 2958 5768 angelus
2981 5693 3034 5775 ei
3061 5700 3485 5775 ministraverat
3504 5723 3519 5769 ;
3534 5693 3829 5773 jejunavit

2118 5764 2498 5847 quadraginta
2522 5766 2719 5847 diebus
2763 5764 2827 5821 et
2859 5769 3235 5847 quadraginta
3265 5764 3646 5847 noctibuslet
3684 5781 3828 5832 tunc

2115 5847 2314 5889 vocem
2339 5837 2567 5891 Domini
2586 5837 2783 5892 audire
2802 5837 3140 5908 promeruit.
3175 5842 3452 5898 Dominus
3473 5849 3530 5899 et
3553 5844 3826 5903 Salvator
