4056 6378
147 300 287 355 1456

137 426 480 498 nostercum
497 423 778 498 jejunavit
799 423 1175 495 quadraginta
1187 425 1386 480 diebus
1405 430 1458 480 et
1475 426 1842 498 gradraginta

139 494 430 570 noctibus,
463 494 750 570 superavit
779 494 1142 565 tentatorem,
1178 502 1234 551 et
1257 494 1614 552 accesserunt
1637 494 1840 570 Angeli

137 569 196 618 et
229 565 632 618 ministrabant
656 565 727 619 ei.

249 636 481 691 CAPUT
520 637 680 690 XVII.
715 667 782 676 —
812 639 1160 707 Persequitur
1192 637 1256 692 de
1286 640 1487 693 virtute
1508 639 1734 707 jejunii.

215 707 312 779 Est
332 723 466 778 ergo
492 707 779 776 jejunium
803 715 999 762 contra
1029 708 1221 762 omnia
1241 714 1593 763 tentamenta
1625 714 1679 762 et
1707 725 1838 779 pec-

135 777 386 850 cabilem
410 777 650 832 statum.
677 779 740 832 In
772 779 928 832 omni
967 780 1332 833 tribulatione
1361 781 1498 833 utile
1531 777 1838 850 refugium,

137 849 414 920 omnibus
457 849 669 920 nostris
703 849 1092 920 irrefragabile
1137 850 1556 904 fulcimentum.
1606 849 1842 915 Quantae

137 925 340 992 autem
367 919 592 972 virtutis
630 919 1011 992 sitjejunium
1043 921 1164 992 ipse
1205 921 1459 974 Christus
1500 937 1614 974 non
1645 922 1839 982 tacuit,

137 1006 246 1044 cur
279 991 600 1044 dzemonem
631 990 728 1061 qui
769 990 1082 1045 lunaticum
1132 991 1434 1056 invaserat,
1481 993 1683 1061 ejicere
1728 1008 1842 1045 non

137 1065 478 1132 potuerunt.
510 1063 618 1114 Hoc
654 1077 841 1128 genus,
885 1061 1091 1131 inquit,
1125 1062 1503 1116 dazmonim'um
1535 1079 1639 1116 non
1667 1067 1842 1132 potest

136 1134 294 1200 ejici,
321 1134 431 1184 nisi
464 1134 518 1184 in
547 1135 785 1186 oratio-ne
813 1137 863 1186 et
887 1133 1098 1202 jejunio
1130 1132 1319 1203 (Marc.
1357 1150 1430 1200 1x,
1463 1134 1572 1202 28).

215 1203 443 1256 CAPUT
465 1203 650 1256 XVIII.
689 1233 756 1242 --
781 1204 864 1256 De
885 1207 1278 1272 signiﬁcatione
1309 1204 1766 1270 Quadragesimae.

216 1273 370 1345 Licet
394 1279 586 1345 autem
633 1273 924 1345 religionis
972 1291 1160 1328 comes
1201 1290 1428 1345 semper
1475 1275 1678 1328 debeat
1719 1290 1840 1327 esse

131 1343 448 1414 jejunium,
486 1344 606 1396 sine
645 1343 762 1414 quo
788 1344 1013 1398 castitas
1034 1349 1156 1398 tuta
1185 1360 1304 1398 esse
1326 1343 1447 1398 non
1468 1350 1687 1415 potest;
1719 1345 1840 1398 haec

136 1420 336 1468 tamen
368 1415 881 1484 quadragesimalis
903 1415 1221 1470 observatio
1249 1432 1522 1485 magnum
1544 1415 1603 1468 in
1625 1432 1683 1468 se
1703 1432 1839 1468 con-

137 1485 292 1538 tinet
321 1492 758 1540 sacramentum.
794 1486 1015 1540 Primus
1047 1488 1200 1540 locus
1223 1486 1590 1541 habitationis
1630 1491 1838 1540 nostrae

184 1555 440 1609 aradisus
463 1555 586 1609 fuit.
612 1556 901 1611 Secundus
915 1558 1164 1612 mundus
1186 1557 1289 1610 iste
1311 1559 1514 1627 plenus
1541 1557 1831 1611 aerumnis.

188 1627 366 1680 ertius
395 1627 783 1698 incoelorcum
808 1629 1038 1698 Angelis
1064 1633 1118 1681 et
1148 1628 1468 1697 Spiritibus.
1502 1628 1839 1698 Signiﬁcant

136 1703 336 1751 autem
380 1697 472 1751 isti
491 1697 882 1770 quadraginta
907 1697 1033 1752 dies
1086 1703 1271 1753 totum
1330 1697 1583 1770 tempus,
1630 1715 1834 1770 exquo

136 1769 342 1848 pulsus
365 1773 448 1848 est
469 1769 650 1848 Adam
682 1769 1052 1848 de_paradiso_
1070 1786 1249 1848 usque
1273 1769 1638 1848 adultimum
1661 1769 1833 1848 diem,

136 1840 198 1891 in
231 1855 346 1908 quo
373 1840 539 1919 plene
578 1840 976 1919 liberabuntur
1004 1841 1073 1919 ab
1100 1841 1218 1919 hoc
1254 1840 1611 1919 exsilio._Hi_c
1643 1845 1835 1919 autem

136 1926 340 1963 sumus
370 1910 429 1963 in
454 1911 679 1974 timore,
711 1911 769 1964 in
799 1912 1008 1976 labore,
1041 1911 1098 1964 in
1129 1912 1346 1976 dolore,
1378 1911 1615 1980 projecti
1646 1910 1834 1964 afacie

137 1982 437 2053 oculorum
481 1980 601 2053 Dei,
646 1982 866 2053 exclusi
897 1998 930 2034 a
975 1981 1199 2053 gaudiis
1240 1982 1507 2052 paradisi,
1536 1981 1720 2051 jejuni
1766 1981 1835 2053 ab

141 2051 418 2105 alimento
447 2051 658 2105 caelesti
683 2067 697 2105 :
757 2051 1000 2122 semper'
1021 2059 1214 2106 autem
1242 2051 1518 2106 debemus
1548 2053 1692 2106 hanc
1726 2052 1833 2106 mi-

137 2122 348 2175 seriam
379 2127 628 2176 nostram
675 2124 1056 2189 considerare,
1097 2127 1154 2176 et
1188 2123 1505 2193 deplorare,
1552 2128 1608 2177 et
1639 2127 1835 2176 osten-

137 2193 275 2247 dere
307 2193 366 2246 in
388 2194 657 2262 operibus
682 2195 890 2248 nostris
912 2195 1064 2263 quod
1099 2210 1294 2247 sumus
1326 2195 1553 2248 advenae
1584 2197 1637 2246 et
1667 2209 1834 2263 pere-

179 2211 275 2247 ere
307 2211 366 2246 1n
388 2211 657 2262 opennus
682 2211 890 2248 nostris
955 2211 1064 2248 uoa
1099 2211 1294 2247 sumus
1326 2211 1553 2248 advenae
1584 2211 1637 2246 et
1667 2211 1834 2263 pere-

179 2263 363 2350 riniin
392 2265 759 2350 mundorhsed‘
777 2211 1038 2350 quiaj‘ioc
1055 2264 1216 2350 facile
1239 2281 1354 2350 non
1375 2269 1562 2350 potest
1583 2265 1835 2350 humana

159 2335 766 2407 ragilitas,constituit
793 2335 1032 2407 Spiritus
1063 2340 1286 2389 sanctus
1324 2336 1554 2389 tertium
1586 2339 1830 2407 tempus,

179 2422 259 2477 uo
286 2406 341 2458 id
357 2405 647 2471 faciamus,
679 2412 734 2460 et
763 2405 1040 2477 quasdam
1063 2407 1480 2460 observationes
1511 2407 1570 2459 in
1592 2405 1834 2477 Ecclesia

140 2422 256 2530 guo
286 2422 647 2471 intactamus,
679 2422 734 2460 et
763 2422 1040 2477 quasaam
1063 2422 1480 2460 onservauones
1511 2423 1570 2459 in
1596 2422 1834 2459 ecclesia

182 2475 264 2530 eri
284 2477 587 2542 ordinavit,
615 2477 1301 2548 quibusipsiustemporis
1330 2493 1558 2530 causam
1587 2476 1835 2530 animad-

140 2552 358 2601 vertere
398 2549 704 2602 valeamus.
741 2550 882 2602 Nam
915 2548 1009 2602 ubi
1041 2548 1286 2602 ostendit
1324 2563 1425 2601 nos
1461 2548 1657 2616 pulsos
1689 2563 1831 2615 esse,

137 2619 390 2690 adjectos
420 2618 591 2671 morti
634 2624 866 2690 propter
904 2619 1138 2672 verbum
1179 2618 1332 2689 quod
1377 2619 1516 2690 dixit
1560 2617 1832 2690 Dominus

135 2689 205 2742 ad
229 2689 434 2756 Adam,
467 2705 595 2742 cum
635 2688 764 2743 eum
813 2691 1123 2759 expelleret
1154 2688 1221 2743 de
1252 2689 1550 2757 paradiso;
1593 2705 1722 2742 cum
1751 2688 1830 2741 ci-

136 2775 342 2812 nerum
376 2760 702 2828 aspersione
729 2760 933 2814 dicitur
959 2761 1143 2828 nobis,
1170 2761 1354 2814 Putvis
1379 2775 1452 2824 es,
1480 2764 1530 2813 et
1559 2762 1616 2813 in
1641 2761 1829 2829 pulve-

136 2847 249 2884 rem
279 2833 562 2884 reverteris
596 2832 746 2898 (Gen.
778 2849 855 2895 III,
893 2831 996 2900 t9).
1039 2833 1107 2885 Ut
1134 2829 1378 2884 sciamus
1426 2830 1621 2896 etiam,
1680 2829 1833 2900 quod

134 2901 192 2954 in
209 2902 316 2955 hoc
339 2902 536 2954 exsilio
571 2907 812 2972 negatur
839 2902 1021 2955 nobus
1047 2901 1188 2953 visio
1220 2901 1339 2961 Dei,
1369 2901 1712 2972 appendituﬁr
1734 2916 1830 2952 ve-

135 2972 258 3026 lum
291 2972 440 3025 inter
472 2988 573 3024 nos
604 2971 663 3025 et
688 2977 847 3025 santa
868 2977 1212 3025 sanctorum.
1246 2973 1455 3024 Verum
1487 2975 1547 3024 ut
1596 2971 1832 3024 reduca-

135 3059 265 3096 mus
310 3042 381 3095 ad
435 3043 789 3111 memoriam,
847 3043 998 3113 quod
1038 3044 1204 3112 longe
1262 3058 1458 3094 sumus
1511 3042 1581 3095 ab
1633 3057 1834 3094 eorum

136 3113 403 3167 societate
434 3113 503 3167 de
531 3114 738 3182 quibus
764 3114 1039 3183 scriptum
1070 3119 1182 3166 est:
1231 3115 1384 3167 Beati
1434 3115 1530 3182 qui
1587 3113 1836 3166 habitant

136 3187 196 3238 in
225 3185 380 3238 domo
403 3188 516 3247 tua,
549 3185 808 3254 Domine;
843 3187 900 3237 in
945 3186 1140 3238 saecula
1169 3185 1479 3237 saeculorum
1531 3183 1835 3237 laudabunt

139 3260 188 3308 te
209 3256 376 3319 (Psat.
405 3272 626 3319 Lxxxui,
661 3260 748 3322 5);
792 3253 1070 3308 usitatum
1121 3255 1355 3307 verbum
1412 3254 1600 3308 laudis
1652 3253 1830 3306 inter-

137 3326 440 3379 mittimus.
468 3326 624 3390 Quod
660 3342 792 3378 vero
823 3343 924 3379 nos
953 3326 1077 3395 ipso
1108 3326 1215 3379 hoc
1243 3325 1431 3378 altiori
1454 3323 1677 3395 jejunio
1705 3341 1835 3377 con-

138 3396 500 3467 stringimur,
534 3397 816 3450 recordari
866 3394 1150 3461 nos’facit,
1183 3396 1332 3465 quod
1367 3395 1425 3447 in
1457 3397 1562 3448 hac
1590 3394 1703 3448 vita
1730 3411 1834 3467 cce-

136 3467 264 3520 lesti
297 3465 444 3536 pane
471 3483 583 3520 non
617 3467 907 3520 satiamur.
940 3469 1000 3521 In
1044 3467 1150 3520 hoc
1181 3483 1315 3536 ergo
1344 3471 1599 3535 tempore
1646 3465 1833 3518 omnis

139 3538 480 3591 christianus
510 3538 726 3608 aliquid
760 3538 967 3591 addere
996 3537 1205 3590 dicitur
1234 3537 1412 3608 solitis
1437 3536 1744 3606 obsequiis,
1777 3541 1834 3589 et

137 3609 470 3679 diligentius
496 3615 664 3678 atque
693 3608 1046 3678 frequentius
1072 3608 1216 3661 circa
1237 3607 1424 3679 cordis
1442 3608 1623 3679 etoris
1653 3611 1836 3660 custo-

139 3677 290 3732 diam
306 3677 586 3748 occuparii
613 3679 718 3732 Sed
733 3677 949 3732 inclusa
973 3677 1606 3731 maximeinstitutionis
1623 3682 1834 3747 tempo-

138 3750 214 3803 ris
236 3751 409 3821 hujus
439 3749 719 3821 rationem
743 3751 922 3804 multo
941 3750 1145 3821 melius
1164 3748 1685 3821 iutelligit,jqua_uto
1707 3763 1833 3821 eam

136 3821 197 3874 in
215 3818 447 3891 propria
464 3820 578 3874 vita
592 3837 693 3874 sua
715 3820 1034 3890 expressius
1047 3821 1416 3891 recognoscit.
1443 3820 1505 3871 In
1528 3818 1614 3872 his
1637 3818 1832 3891 proin-

138 3889 411 3945 de'sac'ris
441 3889 1024 3962 orationibusquibus
1047 3891 1266 3944 Christo
1297 3890 1518 3960 placere
1546 3889 1834 3962 principue

137 3963 550 4028 desideramus,
585 3968 760 4016 totam
791 3961 848 4016 se
885 3964 996 4015 Deo
1025 3966 1226 4015 voveat
1273 3968 1443 4032 atque
1477 3961 1831 4032 isanctiﬁcet.

136 4034 346 4088 Omnes
371 4033 600 4087 delicias
630 4037 878 4104 respuat,
913 4049 1112 4087 omnes
1142 4031 1636 4104 confabulationes
1671 4032 1832 4100 abju-

135 4109 224 4157 ret
251 4110 345 4168 ;et
375 4105 538 4174 quasi
569 4104 688 4156 dies
719 4102 1048 4173 nuptiarum
1081 4104 1185 4156 hoc
1218 4107 1441 4174 tempus
1481 4102 1832 4167 existimans,

137 4175 202 4228 ad
227 4173 526 4242 amplexus
542 4174 749 4229 Christi
776 4175 932 4228 omni
957 4175 1222 4228 aviditate
1248 4173 1511 4244 suspiret.
1547 4175 1833 4244 Frequen-

137 4245 251 4299 tius
283 4245 446 4298 solito
473 4246 767 4300 incumbat
791 4245 1056 4312 orationi,
1091 4245 1342 4299 crebrius
1372 4261 1429 4296 se.
1451 4245 1689 4314 pedibus
1705 4246 1836 4298 Jesu

136 4320 482 4387 prosternat,
514 4317 710 4370 crebra
740 4316 986 4370 nominis
1015 4316 1168 4369 illius
1198 4315 1532 4387 repetitione
1560 4331 1835 4383 compun-

136 4386 387 4442 ctionem
420 4387 644 4452 excitet,
681 4389 956 4453 lacrymas
987 4392 1278 4457 provocet,
1313 4403 1408 4439 cor
1444 4386 1703 4457 abomni
1733 4403 1836 4439 va-

137 4458 370 4528 gatione
399 4464 737 4527 compescat.
775 4458 971 4512 Finitis
991 4456 1193 4526 itaque
1226 4456 1634 4528 sacrisvigiliis
1662 4457 1836 4510 inter-

136 4527 374 4594 vallum,
403 4530 555 4598 quod
580 4546 612 4581 a
637 4529 928 4582 nocturnis
953 4527 1471 4582 laudabilisdividit
1501 4529 1832 4592 matutinas,

138 4600 390 4653 orationi
422 4606 478 4652 et
506 4600 861 4654 meditationi
892 4599 1193 4653 observiat.
1227 4599 1496 4667 Dictaque
1528 4605 1656 4668 post
1709 4615 1832 4652 ma-

138 4670 354 4724 tutinas
393 4671 576 4740 prima
625 4687 805 4740 usque
847 4670 913 4723 ad
963 4671 1192 4740 plenam
1237 4671 1463 4740 tertiam
1510 4669 1743 4738 psalmis
1774 4687 1836 4722 ac

136 4739 483 4794 lectionibus
512 4746 687 4794 vacet.
716 4739 931 4795 Tertiae
963 4756 1094 4792 vero
1125 4741 1282 4793 horze
1323 4739 1487 4792 laude
1534 4741 1830 4809 completa,

135 4812 297 4882 operi
321 4828 594 4865 manuum
616 4829 796 4881 usque
817 4812 882 4865 ad
903 4811 1105 4882 horam
1134 4826 1342 4882 nonam
1369 4811 1572 4882 devota
1591 4811 1832 4876 insistat,

137 4880 339 4937 breves
389 4899 490 4953 per
539 4880 840 4936 intervalla
871 4881 1160 4953 orationes
1185 4880 1466 4933 inserens:
1521 4881 1670 4934 dicta
1710 4885 1837 4953 post

135 4954 249 5007 hoc
269 4951 503 5023 vespera
528 4970 733 5022 corpus
755 4953 990 5019 reﬁciet,
1025 4957 1080 5006 et
1122 4951 1198 5007 sic
1229 4956 1454 5021 tempus
1475 4952 1835 5022 completorii

137 5025 389 5093 psallens
407 5030 708 5096 exspectet.

135 5096 366 5150 CAPUT
395 5094 526 5150 XIX;
557 5125 616 5137 —
649 5097 730 5150 De
780 5095 888 5150 cibi
935 5099 984 5148 et
1030 5098 1187 5164 potus
1240 5094 1504 5164 qualitate
1558 5096 1609 5145 et
1655 5107 1836 5161 quan-

899 5169 1072 5220 titate.

205 5237 332 5290 Jam
364 5235 575 5306 dercibi
623 5239 679 5290 et
728 5240 895 5306 potus
941 5236 1215 5306 qualitate
1259 5235 1346 5289 vel
1375 5233 1716 5306 quantitate,
1772 5250 1834 5288 ex

135 5305 453 5362 abundanti
483 5307 712 5376 quidem
729 5305 839 5361 tibi
863 5305 1044 5377 legem
1063 5305 1592 5376 imponere,'soror,
1617 5321 1744 5376 qua:
1766 5305 1836 5358 ab

138 5378 263 5447 ipsa
298 5377 557 5448 infantia
611 5394 793 5448 usque
825 5379 892 5431 ad
954 5383 1322 5443 senectutem,
1377 5393 1505 5447 quae
1553 5392 1704 5430 nunc
1742 5381 1839 5430 tua

139 5447 399 5502 membra
430 5447 1062 5520 debilitat,’parcissimo
1097 5447 1221 5520 cibo
1254 5449 1342 5520 vix
1372 5465 1576 5518 corpus
1601 5452 1836 5520 susten-

136 5525 221 5572 tas
254 5536 268 5573 :
305 5520 560 5590 proeliis
591 5518 961 5590 crimquibus
988 5519 1038 5573 id
1077 5518 1218 5572 utile
1247 5519 1503 5573 futurum
1533 5519 1835 5584 arbitrans,

137 5595 352 5644 certam
386 5589 455 5644 de
495 5591 582 5643 his
628 5589 998 5661 prazscribere
1044 5590 1301 5658 regulam
1352 5591 1600 5644 tentabo.
1639 5591 1838 5661 Beatus

139 5662 479 5716 Benedictus
509 5660 714 5716 libram
742 5663 906 5732 panis
951 5667 1011 5732 et
1033 5661 1322 5732 heminam
1355 5666 1521 5730 potus
1577 5660 1840 5714 concedit

137 5733 423 5786 monacho
455 5748 468 5785 :
503 5733 653 5802 quod
690 5730 792 5785 nos
816 5731 1047 5785 inclusis
1078 5730 1499 5784 delicatioribus
1529 5748 1642 5784 non
1668 5747 1838 5799 nega-

138 5821 262 5860 mus
298 5803 790 5871 ;adolescentibus
822 5808 1014 5860 tamen
1072 5802 1131 5856 in
1181 5817 1415 5872 corpore
1461 5802 1726 5871 robustis,
1767 5802 1836 5856 ab

1572 301 1666 356 DE
1705 299 1877 357 VITA
1918 300 2334 359 EBEMITICA.

3509 311 3651 365 1457

1953 427 2115 502 omni
2147 430 2300 500 quod
2355 431 2642 485 inebriare
2690 435 2895 502 potest,
2946 432 3230 487 abstinere
3284 432 3652 489 utilissimum

1951 503 2052 580 est.
2089 500 2302 554 Panem
2334 502 2580 580 nitidum
2604 505 2665 580 et
2692 500 2853 580 cibos
2886 502 3176 580 delicatos,
3211 505 3373 580 quasi
3394 505 3649 576 impudi-

1951 573 2099 641 citiae
2131 587 2414 626 venenum
2448 573 2638 627 evitet.
2698 573 2784 627 Sic
2833 574 3155 628 necessitati
3180 573 3455 641 consulat,
3484 573 3560 630 'ut
3593 580 3648 630 et

1951 640 2160 724 famem
2189 644 2446 724 repellat,
2481 651 2534 698 et
2552 648 2879 724 appetitum
2921 661 3035 698 non
3065 645 3251 724 satiat.
3288 640 3482 716 Itaque
3506 663 3643 724 quae

1953 710 2024 786 ad
2078 710 2470 786 perfectiorem
2519 710 2918 786 abstinentiam
2956 715 3227 786 progredi
3270 710 3408 769 non'
3435 710 3643 783 valent,

1952 781 2103 856 libra
2127 784 2292 856 panis
2331 790 2397 856 et,
2417 785 2644 838 hemina
2694 781 3154 856 lautioris—potus
3186 791 3470 840 contenta).
3506 781 3638 841 siuti

1953 853 2066 905 sive
2090 852 2174 906 bis
2205 855 2525 921 comedent,
2559 855 2671 908 sive
2701 858 2893 909 semel.
2931 852 3116 910 Unum
3151 857 3398 910 habeant
3431 859 3498 911 de
3530 859 3643 910 ole-

1951 923 2109 996 ribus
2140 925 2222 977 vel
2256 925 2640 996 leguminibus
2674 928 3054 996 pulmentum.
3090 929 3176 980 vel
3229 934 3378 981 certe
3411 928 3478 981 de
3500 927 3643 982 fari-

1953 995 2164 1067 naceis.
2196 996 2298 1049 Cui
2349 995 2635 1049 modicum
2682 995 2811 1062 elei,
2844 999 2928 1050 vel
2961 998 3148 1067 butyri
3176 1000 3260 1050 vel
3320 998 3478 1051 lactis
3507 998 3641 1067 inji-

1951 1065 2263 1138 ciens,uhoc
2289 1067 2656 1120 condimento
2707 1067 2992 1138 fastidium
3044 1065 3297 1138 repellat.
3341 1071 3405 1122 Et
3433 1069 3536 1122 hoc
3566 1065 3640 1137 ei,

1950 1135 1995 1187 si
2025 1151 2092 1188 ea
2117 1136 2206 1190 die
2237 1143 2528 1191 ccenatura
2554 1143 2656 1202 est,
2690 1137 2951 1190 sufﬁciat.
3007 1139 3089 1190 Ad
3109 1135 3336 1192 'ccenam
3368 1155 3502 1191 vero
3547 1135 3643 1208 pa;

1949 1221 2078 1279 rum
2131 1208 2289 1279 lactis
2320 1208 2426 1262 sibi
2473 1209 2558 1261 vel
2591 1208 2758 1279 piscis
2790 1208 3093 1272 modicum,
3143 1210 3228 1261 vel
3277 1209 3488 1279 aliquid
3531 1210 3639 1263 hu-

1943 1276 2197 1345 jusmodi
2243 1279 2290 1331 si
2342 1283 2549 1349 praesto
2580 1276 3068 1349 fuerit,apponat.
3126 1280 3246 1349 Uno
3293 1276 3498 1349 genere
3529 1279 3640 1333 cibi

1948 1353 2211 1418 contenta
2224 1348 2356 1402 cum
2369 1349 2553 1418 pomis
2567 1354 2622 1401 et
2635 1348 2825 1401 herbis
2839 1348 2975 1401 crud
2987 1348 3126 1412 ibus,
3141 1348 3187 1400 si
3203 1348 3342 1417 quas
3355 1351 3636 1412 habuerit,

1948 1417 2070 1470 haec
2096 1419 2216 1486 ipsa
2247 1420 2293 1471 si
2343 1417 2514 1472 semel
2555 1419 2867 1472 comederit
2897 1418 2970 1489 in?
3012 1418 3124 1485 die,
3172 1419 3467 1488 praelibato
3517 1421 3640 1489 pul-

1947 1494 2142 1541 mento
2174 1495 2412 1559 possunt
2440 1491 2668 1560 apponi.
2706 1491 2773 1560 In
2796 1488 3004 1560 vigiliis
3027 1493 3354 1560 sanctorum
3377 1488 3565 1544 tamen
3585 1494 3642 1544 et

1947 1561 2199 1623 Quatuor
2227 1559 2570 1630 Temporum
2595 1559 2849 1629 jejuniis,
2871 1559 3140 1612 Omnium
3172 1560 3343 1612 etiam
3371 1560 3639 1614 feriarum

1988 1635 2236 1701 uartaet
2265 1639 2438 1698 sexta,
2471 1637 2627 1685 extra
2655 1630 3199 1701 Quinquagesimam
3230 1630 3288 1682 in
3342 1630 3465 1683 cibo
3496 1647 3638 1701 qua-

1945 1646 2148 1754 quaria
2179 1646 2236 1684 et
2265 1646 2438 1698 sexta,
2471 1646 2627 1685 extra
2655 1646 3199 1701 QuinquageSImam
3230 1647 3288 1682 in
3342 1646 3465 1683 cmo
3496 1647 3638 1701 qua-

1988 1700 2306 1768 ragesimali
2332 1703 2559 1770 iejunet.
2589 1703 2652 1755 In
2674 1701 3271 1771 Quadragesimavero
3299 1717 3476 1754 unum
3505 1718 3641 1771 quo-

1945 1771 2077 1824 tidie
2108 1771 2160 1823 ei
2209 1773 2449 1825 sufﬁciat
2482 1773 2862 1842 pulmentum.
2898 1773 2960 1823 Et
2984 1770 3092 1822 nisi
3119 1770 3424 1823 inﬁrmitas
3453 1770 3641 1842 impe-

1946 1842 2079 1908 diat,
2099 1842 2235 1896 feria
2249 1843 2474 1896 sextain
2489 1859 2635 1912 pane
2657 1847 2712 1896 et
2743 1857 2889 1912 aqua
2907 1842 3147 1912 jejunet.
3179 1842 3264 1894 Ab
3287 1843 3638 1912 Exaltatione

1945 1919 2150 1966 sanclai
2183 1914 2374 1967 Crucis
2409 1911 2586 1983 usque
2617 1913 2685 1966 ad
2719 1911 3225 1983 Quadragesimam
3248 1913 3428 1983 semel
3455 1911 3517 1964 in
3548 1913 3638 1966 die

1943 1984 2084 2037 hora
2136 2000 2290 2037 nona
2337 1981 2578 2040 reﬁciat.
2613 1985 2677 2036 In
2707 1981 3169 2050 Quadragesima,
3202 1981 3351 2035 dicta
3381 1997 3634 2052 vespera,

1936 2054 2223 2126 jejunium
2254 2055 2452 2109 solvat.
2487 2057 2533 2108 Α
2565 2053 2777 2126 Pascha
2815 2069 2995 2126 usque
3043 2053 3135 2126 ad“
3163 2054 3534 2126 Pentecosten
3563 2053 3637 2107 ad

1945 2122 2486 2206 se'xtamprandeat,
2512 2129 2570 2206 et
2599 2125 2666 2206 ad
2705 2122 3364 2206 prandium-silentium
3408 2128 3631 2206 ten-eat;

1943 2197 2094 2267 quod
2127 2193 2298 2250 etiam
2323 2201 2442 2250 tota
2474 2201 2668 2267 testate
2701 2193 2894 2267 faciet,
2915 2199 3122 2267 praster
3151 2193 3320 2247 ferias
3351 2198 3638 2267 quartaget

1943 2265 2115 2334 sexta,
2132 2272 2187 2320 et
2207 2266 2556 2321 solemnibus
2578 2265 2840 2336 jejuniis.
2883 2265 3088 2318 Diebus
3109 2269 3299 2336 autem
3332 2265 3635 2336 quibusje-

1935 2337 2124 2408 junat,
2156 2337 2322 2391 liceat
2349 2338 2400 2391 ei
2432 2337 2487 2408 in
2505 2335 2698 2390 aestate
2719 2352 2822 2408 pro
2853 2351 3054 2388 somno
3069 2335 3388 2408 meridiano
3413 2340 3467 2389 et
3487 2335 3638 2389 inter

1943 2406 2252 2462 matutinas
2283 2413 2338 2463 et
2364 2407 2612 2479 primam
2642 2407 2928 2461 modicum
2951 2406 3160 2477 quietis
3190 2407 3486 2478 indulgere
3508 2421 3633 2459 cor-

1983 2480 2198 2534 usculo.

1942 2496 2272 2604 pusC‘XBUT
2301 2550 2402 2604 XX.
2448 2577 2520 2590 —-
2560 2552 2632 2603 De
2661 2549 2988 2602 vestimentis
3033 2551 3082 2600 et
3111 2547 3498 2602 calceamentis.

2012 2622 2188 2674 Porro
2219 2620 2352 2674 talia
2392 2619 2445 2673 ei
2476 2619 2815 2672 vestimenta
2844 2618 3131 2672 sufﬁciant
3178 2633 3306 2688 quin
3338 2618 3516 2687 frigus
3544 2633 3636 2672 re-

1940 2692 2174 2761 pellant.
2206 2690 2590 2743 Crossioribus
2627 2689 2868 2758 pelliciis
2898 2695 3112 2752 utatur,
3145 2693 3200 2741 et
3228 2689 3475 2761 pellibus
3503 2705 3636 2758 pro-

1940 2759 2070 2831 pter
2100 2761 2348 2814 hiemem
2375 2776 2387 2825 ;
2422 2765 2657 2830 propter
2694 2763 2948 2812 mstatem
2980 2763 3192 2831 autem‘
3214 2775 3390 2812 unam
3433 2759 3639 2831 habeat

1940 2828 2194 2886 tunicam
2221 2848 2232 2885 :
2269 2828 2673 2901 utroque—vero
2711 2835 2969 2898 tempore
3001 2829 3140 2882 duas
3163 2828 3233 2881 de
3261 2829 3516 2952 stugacio
3546 2846 3637 2883 ca-

1942 2902 2136 2952 misias
2164 2902 2250 2952 vel
2283 2902 2572 2952 staminas.
2598 2901 2866 2952 Velamen
2882 2899 3082 2952 canitis
3102 2914 3216 2951 non
3245 2898 3318 2952 sit
3387 2915 3416 2952 e
3449 2916 3637 2952 nanno

1941 2902 2136 2956 misias
2164 2902 2250 2956 vel
2283 2898 2572 2955 staminas.
2598 2901 2866 2954 Velamen
2882 2899 3082 2968 capitis
3102 2914 3216 2951 non
3245 2898 3318 2952 sit
3349 2898 3416 2952 de
3449 2916 3638 2968 panno

1943 2973 2138 3027 subtili
2166 2974 2252 3026 vel
2283 2972 2552 3043 pretioso,
2587 2972 2682 3025 sed
2714 2970 2988 3043 mediocri
3024 2969 3226 3043 nigro:
3273 2985 3344 3022 ne
3375 2969 3638 3043 videatur

1942 3045 2131 3097 colore
2162 3041 2318 3097 Vario
2351 3043 2610 3096 affectare
2640 3043 2923 3095 decorem.
2949 3041 3360 3106 Calceamenta,
3397 3041 3634 3110 pediles,

1943 3115 2171 3184 caligas,
2227 3119 2506 3183 quantum
2561 3112 2702 3184 satis
2733 3112 2911 3184 fuerit
2939 3111 3160 3184 habeat.
3196 3111 3637 3184 Etpaupertatis

1943 3180 2269 3239 suae'custos
2286 3184 2524 3238 sollicite
2553 3183 2891 3246 consideret,
2914 3188 2979 3234 ut
3008 3180 3177 3234 etiam
3213 3181 3635 3250 aliquantulum

1943 3256 2133 3310 minus
2162 3255 2366 3309 habeat
2397 3271 2571 3324 quam
2598 3254 2893 3321 indulgere
2926 3251 3031 3324 sibi
3062 3251 3236 3324 possit
3262 3251 3418 3324 justa
3447 3267 3635 3324 neces-

1943 3327 2098 3380 sitas.
2134 3327 2283 3394 Hmc,
2315 3321 2477 3379 soror
2525 3324 2877 3386 charissima,
2927 3323 2996 3394 de
3041 3321 3342 3394 exterioris
3387 3322 3636 3376 hominis

1942 3393 2370 3451 conversatidne
2427 3413 2541 3450 non
2587 3413 2693 3466 pro
2727 3393 3082 3464 antiquitatis
3117 3393 3359 3466 fervore,
3391 3394 3635 3466 sedpro

1941 3468 2112 3538 hujus
2133 3468 2311 3520 nostri
2337 3463 2612 3537 temporis
2635 3467 2816 3538 spatio
2838 3463 2892 3518 te
2913 3463 3286 3538 compellente
3306 3463 3633 3538 conscripsi,

1944 3533 2186 3592 inﬁrmis
2206 3533 2588 3607 temperatum
2607 3533 2910 3608 quemdam
2934 3535 3170 3588 modum
3188 3533 3636 3608 _vivendi_propo-

1939 3625 2104 3675 nens,
2156 3604 2490 3662 fortioribus
2543 3604 2643 3661 ad_
2670 3606 3012 3676 perfectiora
3059 3604 3363 3674 prodiendi
3405 3605 3636 3659 liberta-

1940 3684 2055 3733 tem
2091 3679 2437 3749 relinquens.

1942 3751 2164 3805 CAPUT
2189 3745 2315 3803 XXI.
2346 3778 2414 3789 —
2445 3747 2689 3804 Sotitudo
2734 3751 2812 3801 est
2868 3746 3140 3800 hominum
3188 3745 3449 3798 consortio
3492 3761 3634 3814 prae-

2117 3820 2342 3885 ferenda
2366 3824 2592 3889 propter
2619 3819 3068 3889 conservationem
3097 3817 3452 3889 virginitatis.

2013 3891 2119 3945 Sed
2148 3892 2268 3960 jam
2301 3887 2677 3944 nu’nc'audiat
2707 3893 2764 3942 et
2793 3887 3079 3960 intelligat
3106 3887 3276 3960 verba
3303 3901 3453 3960 mea,
3485 3902 3636 3960 quaa-

1941 3957 2187 4032 cumqu'e
2219 3959 2872 4032 abrenuntiansmundo
2915 3958 3086 4010 vitam
3132 3957 3283 4032 hanc
3319 3957 3633 4032 solitariam

1943 4027 2197 4101 elegerit,
2229 4031 2496 4086 abscondi
2528 4031 2902 4101 desiderans,
2933 4043 3053 4101 non
3108 4027 3308 4092 videri,
3346 4032 3431 4101 _et_
3471 4027 3636 4101 quasi

1942 4097 2167 4157 mortua
2194 4105 2399 4156 saecqu
2445 4102 2504 4156 in
2552 4104 2821 4172 spelunca
2850 4100 3071 4172 Christo
3101 4097 3455 4172 consepeliri.
3495 4097 3635 4151 ’Pri-

1941 4191 2101 4228 mum
2124 4174 2227 4227 tibi
2255 4168 2619 4226 solitudinem
2650 4171 2948 4226 hominum
2972 4169 3178 4223 debeas
3209 4168 3478 4237 praeferre
3498 4184 3632 4222 con-

1943 4245 2139 4308 sortio,
2171 4244 2475 4314 diligenter
2519 4244 2763 4297 attende.
2833 4244 3017 4314 Virgo,
3071 4238 3260 4314 inquit
3305 4240 3633 4314 Apostolus,

1943 4311 2422 4384 cogitatquae'sunt
2441 4316 2563 4382 Dei,
2581 4314 2840 4384 quomodo
2866 4313 3079 4384 placeat
3104 4311 3245 4384 pec,
3265 4315 3325 4364 ut
3345 4313 3419 4384 sit
3446 4315 3636 4384 sancta

1943 4381 2257 4456 corpore—ac
2314 4388 2518 4456 spiritu
2550 4381 2610 4455 ’(l
2653 4388 2774 4442 Cor.
2817 4381 2912 4448 vn,
2955 4382 3071 4450 34).
3104 4381 3497 4456 \foluntarium
3529 4382 3637 4456 hoc

1945 4451 2280 4511 sacriﬁcium
2310 4451 2412 4522 est,
2447 4451 2658 4510 oblatio
2707 4459 3041 4526 spontanea,
3075 4451 3144 4505 ad
3184 4468 3356 4522 quam
3394 4468 3507 4506 non
3547 4453 3632 4505 lex

1943 4529 2204 4598 impellit.
2238 4529 2345 4582 Sed
2376 4528 2676 4581 necessitas
2705 4525 2874 4598 cogit,
2903 4540 3018 4598 non
3049 4527 3223 4598 urget
3258 4529 3630 4593 prmceptum.

1946 4595 2102 4654 Unde
2137 4597 2411 4652 Dominus
2438 4598 2496 4651 in
2533 4597 2870 4668 Evangelio:
2906 4595 3033 4668 Qui-
3053 4597 3226 4668 potest
3279 4609 3487 4668 capere,
3528 4609 3632 4668 ρα-

1942 4672 2062 4740 piat
2093 4670 2316 4737 (Matth.
2351 4685 2464 4740 xix,
2501 4669 2602 4740 l2).
2635 4663 2770 4740 Quis
2802 4663 3038 4740 potest?
3067 4663 3164 4715 Ille
3196 4667 3344 4740 certe
3400 4663 3632 4740 cuiDoj

1945 4735 2134 4794 minus
2175 4741 2321 4794 hanc
2375 4735 2734 4810 inspiraverit
2783 4737 3132 4810 voluntatem
3190 4738 3245 4787 et
3302 4735 3636 4810 praasti-terit

1943 4812 2287 4865 facultatem.
2309 4803 2564 4864 Primum
2580 4805 3016 4878 igiturutvirgo,
3041 4803 3633 4878 bon_um.propositu_m

1945 4887 2108 4936 tuum
2137 4881 2244 4952 ipsi
2275 4881 2374 4951 qui
2399 4873 2696 4952 inspira'vit
2724 4873 3098 4952 cumsumma
3126 4873 3427 4930 devotione
3449 4876 3635 4952 cordis

1946 4945 2310 5019 commenda,-
2327 4945 2710 5005 intentissima
2741 4948 2995 5003 oratione
3021 4946 3350 5019 deposcens,
3385 4952 3448 5000 ut
3480 4945 3631 5016 quod

1946 5017 2297 5095 impossibile
2328 5028 2413 5076 est
2462 5037 2564 5091 per
2616 5021 2910 5080 meritum,
2942 5017 3104 5095 facile
3153 5018 3354 5095 sentiat
3381 5032 3484 5086 per
3511 5031 3634 5095 gra-

1946 5088 2105 5149 tiam.
2141 5093 2338 5164 Cogita
2368 5088 2614 5163 semper,
2647 5107 2818 5163 quam
2850 5088 3164 5161 pretiosum
3194 5088 3521 5164 thesaurum
3572 5088 3633 5140 in

1946 5182 2116 5237 quam
2146 5157 2330 5235 fragili
2350 5157 2571 5217 vasculo
2600 5157 2814 5237 portes,
2829 5157 2890 5237 et
2900 5175 3073 5237 quam
3104 5157 3632 5237 mercedem,quam

1948 5229 2210 5304 gloriam,
2236 5229 2418 5305 quam
2453 5229 2722 5288 coronam
2751 5229 3047 5304 virginitas
3084 5233 3296 5305 servata
3328 5229 3632 5281 ministret.

1947 5299 2128 5380 Quam
2183 5299 2420 5380 insuper
2467 5322 2715 5376 poenam,
2776 5299 2949 5380 qu'am
3000 5299 3410 5380 confusionem,
3459 5313 3634 5378 quam

1947 5370 2376 5431 damnationem
2407 5370 2678 5447 iuiportet
2704 5370 2954 5436 amissa,
2996 5370 3386 5447 indesinenter
3438 5370 3633 5447 animo

1949 5450 2190 5502 revolve.
2225 5447 2370 5512 Quid
2423 5441 2528 5501 hoc
2582 5447 2881 5519 pretiosius
2911 5441 3232 5519 thesauro
3255 5456 3370 5511 quo
3389 5441 3634 5519 hcce-lum

1950 5519 2180 5584 emitur,
2215 5511 2323 5588 quo
2353 5511 2597 5589 angelus
2637 5520 2964 5589 delectatur,
3011 5513 3172 5589 cujus
3219 5511 3339 5589 ipse
3382 5511 3637 5589 Christus

1948 5582 2191 5664 cupidus
2211 5582 2310 5652 e-st,
2348 5582 2461 5660 quo
2493 5589 2726 5664 illicitur
2746 5587 2814 5664 a‘d
2837 5582 3249 5664 amandum,.et
3275 5582 3341 5636 ad
3365 5588 3636 5664 praestan-

1947 5658 2081 5714 dum
2111 5658 2467 5731 provocatur,
2484 5661 2620 5731 quid
2641 5658 2858 5731 ?audeo
2874 5659 3080 5722 dicere,
3100 5658 3355 5731 seipsum
3378 5658 3639 5731 etomnia

1947 5749 2068 5784 sua.
2095 5724 2291 5802 Itaque
2313 5724 2523 5786 nardus
2539 5729 2878 5799 virginitatis
2899 5736 3013 5784 tuae
3038 5727 3209 5802 etiam
3238 5726 3295 5779 in
3318 5724 3641 5802 ccelestibus

1945 5804 2085 5858 dans
2115 5797 2350 5860 odorem
2381 5818 2569 5870 suum,
2603 5797 2736 5855 facit
2765 5806 2827 5856 ut
2855 5800 3213 5872 concupiscat
3258 5815 3355 5852 rex
3381 5797 3642 5852 decorem
