4056 6364
367 273 502 328 1459

1910 271 2296 330 APPENDIX.

3749 266 3888 318 1460

366 405 554 464 tuum,
595 401 653 452 et
700 396 822 466 ipse
858 400 943 449 est
973 395 1242 466 Dominus
1274 396 1427 466 Deus
1450 399 1612 466 tuus.
1637 393 1773 447 Vide
1829 394 2062 466 qualem
2171 394 2290 466 gita
2316 396 2541 466 Agnem
2593 389 3052 466 beatissimam_a
3103 403 3504 466 qua__aurum,_
3539 390 3889 466 argentum,

369 469 476 524 tibi
514 463 790 538 sponsum
817 465 1076 538 elegeris,
1111 464 1354 538 qualem_
1369 463 1751 538 tibiamicum
1783 463 2059 538 attuleris.

374 543 500 620 Ipse
531 534 616 620 est
645 534 932 620 speciosus
959 534 1142 589 forma
1180 551 1299 604 prie
1324 534 1805 620 ﬁliisIhominum‘.
1830 534 2064 620 ‘Specio:

377 605 493 664 sior
513 605 690 664 etiam
710 608 828 662 sole
847 613 902 660 et
931 622 1099 676 super
1117 621 1347 659 omnem
1379 606 1672 659 stellarum
1694 605 2069 674 pulchritudi-

381 697 533 736 nem.
565 678 958 749 Spiritusejus
980 692 1151 746 super
1168 677 1281 749 mel
1302 676 1507 749 dulcis,
1531 680 1588 729 et
1621 677 1923 749 haereditas
1946 677 2068 749 ejus

382 767 552 821 super
581 745 693 821 mel
725 753 781 802 et
803 745 1014 821 favum.
1043 745 1363 821 Longitudo
1389 746 1451 799 in
1479 746 1709 821 dextera
1738 747 1880 821 ejus,
1915 745 1984 821 et
2008 745 2071 821 in

385 814 613 876 sinistra
641 820 762 889 ejus
787 818 996 872 divitias
1029 822 1084 870 et
1107 817 1309 889 gloria.
1344 818 1467 889 Ipse
1519 820 1577 889 te
1621 817 1744 886 jam
1771 814 2072 889 Veiegituin

386 884 688 962 sponsam:
705 890 810 943 Sed
843 905 957 942 non
987 884 1278 942 coronabit
1307 884 1414 939 nisi
1460 884 1775 962 probatam.
1829 888 1894 939 Et
1925 884 2075 962 dicit

385 956 710 1030 Scriptura:
764 962 869 1029 Qui
921 974 1026 1030 non
1090 963 1170 1030 est
1220 962 1473 1023 tentatus,
1539 972 1644 1010 non
1693 961 1770 1030 est
1813 956 2074 1030 probatus

389 1027 567 1102 (Eccti.
617 1027 814 1102 xxxiv,
842 1032 910 1096 9).
959 1028 1266 1102 Virginitas
1295 1043 1498 1102 aurum
1529 1031 1630 1093 est,
1666 1028 1805 1102 cella
1823 1027 2073 1102 formax,

389 1096 667 1157 conﬂator
706 1100 985 1164 diabolus,
1039 1096 1187 1167 ignis
1216 1097 1473 1164 tentatio,
1518 1113 1648 1150 caro
1694 1096 1939 1167 virginis,
1983 1112 2078 1148 vas

390 1174 609 1226 luteum
639 1172 696 1223 in
727 1187 841 1240 quo
890 1165 1095 1223 aurum
1141 1168 1486 1234 reconditur,
1517 1183 1622 1221 nec
1650 1183 1747 1222 vas
1775 1165 2017 1221 ulterius
2049 1182 2081 1219 a

393 1242 644 1314 quolibet
663 1241 884 1314 artifice
915 1243 1233 1314 reparatur.
1271 1311 1279 1314 Α
1356 1311 1385 1314 r_
1662 1309 1692 1314 μ
1733 1279 1748 1284 -

393 1308 618 1368 CAPUT
661 1313 812 1365 XXII.
844 1339 917 1350 —
959 1312 1023 1364 Ut
1073 1311 1412 1374 virginitatis
1449 1309 1786 1378 propositum
1834 1308 2083 1373 religiose

1016 1379 1439 1433 custodiendum.

466 1455 598 1507 Haec
625 1450 785 1521 virgo
807 1449 1031 1521 jugiter
1059 1447 1825 1521 cogitanspretiosissimum
1854 1444 2087 1521 virgini-

397 1524 528 1578 tatis
557 1517 906 1588 thesaurum;
942 1520 1038 1590 qui
1062 1517 1183 1590 tam
1213 1517 1432 1573 utiliter
1462 1517 1802 1590 possidetur,
1835 1521 1952 1571 tam
2003 1517 2086 1569 ir-

398 1591 866 1663 recuperabiliter
891 1589 1192 1663 amittitur,
1226 1589 1812 1663 summa’diligentia,
1846 1603 2086 1663 summo

399 1657 763 1718 cum'timore
790 1660 1087 1714 custodiat.
1123 1661 1343 1730 Cogitet
1389 1659 1510 1714 sine
1551 1657 1973 1712 intermissione
2015 1657 2089 1712 ad

401 1735 563 1804 cujus
593 1732 890 1786 ordinatur
917 1731 1254 1804 thalamum,
1286 1730 1359 1783 ad
1399 1730 1563 1800 cujus
1592 1734 1946 1804 praeparatur
1974 1744 2090 1804 am-

400 1799 630 1876 plexum
685 1805 1002 1876 pro_ponat_
1027 1801 1134 1876 sibi
1185 1816 1397 1876 agnum
1427 1799 1654 1876 _que_m_
1690 1799 2087 1876 sequi__habet,

402 1869 761 1946 quocumque
784 1869 929 1946 ierit:
965 1869 1396 1946 Contemplatur
1427 1869 1815 1924 beatissimam
1835 1869 2091 1946 _Mariam

400 1940 817 2016 praecedentem
885 1941 1087 2016 choros
1119 1940 1461 2016 Lviijginum,
1541 1946 1597 1994 et
1674 1940 2091 2016 prtecinentem

403 2010 565 2070 dulce
592 2013 732 2090 illud
763 2028 892 2090 cum
928 2010 1266 2090 virginitatis
1293 2017 1573 2090 tympano
1603 2013 1909 2090 canticum,
1941 2010 2093 2090 quod

403 2101 572 2164 nemo
599 2088 790 2164 potest
833 2081 1037 2163 canere
1091 2082 1200 2164 nisi
1245 2081 1542 2164 utriusque
1599 2097 1760 2164 sesus
1820 2081 2091 2164 virgines:

406 2158 485 2210 De
515 2152 722 2225 quibus
769 2154 1041 2223 scriptum
1099 2157 1218 2206 est:
1269 2155 1342 2206 Hi
1397 2157 1522 2206 sunt
1578 2154 1674 2220 qui
1718 2167 1836 2206 cum
1864 2152 2098 2225 mulieri-

407 2226 501 2280 bus
531 2221 639 2279 non
676 2230 801 2279 sunt
837 2221 1173 2293 coinquinati
1194 2238 1208 2287 ;
1264 2225 1501 2290 virgines
1546 2225 1688 2276 enim
1735 2227 1860 2293 sunt
1891 2221 2092 2293 (Apoc.

404 2313 516 2362 xxv,
549 2296 622 2365 4).
655 2296 767 2349 Nec
821 2295 899 2348 sic
949 2292 1054 2348 hoc
1105 2293 1332 2365 dictum
1365 2293 1630 2365 aestimes,
1665 2292 1828 2365 quasi
1855 2308 1981 2365 n_on_
2012 2292 2098 2365 vir

404 2361 524 2420 sine
561 2361 821 2430 muliere,
875 2368 974 2418 aut
1024 2363 1232 2417 mulier
1289 2363 1412 2416 sine
1463 2363 1598 2433 viro
1640 2361 1818 2433 possit
1872 2361 2094 2433 foedari3

408 2438 549 2492 Cum
579 2435 973 2490 detestandum
1005 2434 1148 2487 illud
1180 2434 1378 2494 scelus,
1411 2449 1524 2503 quo
1553 2431 1659 2503 vir'
1681 2433 1742 2486 in
1770 2431 1978 2498 virum,
2011 2431 2100 2485 vel

406 2506 621 2562 femina
642 2506 703 2558 in
729 2505 1025 2568 feminam,
1059 2503 1325 2557 omnibus
1351 2502 1582 2573 ﬂagitiis
1613 2502 1990 2573 damnabilius
2013 2503 2102 2573 ju-

410 2577 650 2631 dicetur.
701 2575 807 2628 Sed
839 2579 894 2627 et
921 2574 1134 2644 absque
1159 2573 1358 2627 alienae
1386 2572 1571 2627 carnis
1594 2573 1894 2644 consortio
1926 2572 2100 2644 virgi-_

409 2647 558 2701 nitas
616 2645 954 2714 plerumque
1010 2642 1414 2713 corrumpitur,
1467 2642 1694 2714 castitas
1746 2642 2102 2714 violaturgSi

413 2712 802 2770 vehementior
821 2712 989 2768 cestus
1009 2712 1585 2768 carnem’concutiens
1613 2714 1962 2767 voluntatem
1993 2712 2105 2766 sibi

415 2785 743 2849 subdiderit,
779 2791 834 2838 et
877 2786 1129 2855 rapuerit
1157 2785 1434 2851 membra,
1476 2783 1686 2854 cogitet
1713 2783 1887 2855 virgo
1933 2799 2105 2855 super

414 2857 607 2910 omnia
637 2873 740 2909 sua
767 2853 1110 2909 sanctificata
1142 2857 1278 2921 Deo,
1311 2855 1641 2922 incorrupta
1696 2853 1938 2914 Christo.
1981 2854 2102 2922 Spi-

415 2927 551 2980 ritui
581 2930 772 2980 sancto
800 2925 1075 2979 dedicata.
1109 2925 1416 2995 Indignum
1456 2923 1674 2994 judicet
1712 2924 1866 2994 quod
1895 2923 2103 2979 Christi

418 3001 522 3063 est,
554 2997 774 3051 tradere
805 3001 1036 3061 satanas,
1069 3000 1123 3049 et
1153 2995 1417 3066 virginea
1459 2995 1582 3066 ejus
1610 2995 1868 3049 membra
1896 2995 2103 3049 erube-

414 3073 532 3121 scat
564 3067 648 3120 vel
679 3067 922 3136 simplici
955 3071 1112 3120 motu
1149 3065 1442 3120 maculari.

418 3139 644 3193 CAPUT
691 3134 876 3192 XXIII.
929 3167 994 3176 —
1036 3138 1316 3192 Castitatis
1387 3134 1732 3204 dispendium
1793 3137 1852 3190 in
1923 3149 2109 3190 mensa

859 3207 1178 3272 timendum,
1210 3212 1259 3260 et
1289 3209 1348 3260 in
1374 3207 1672 3275 colloquiis.

489 3279 686 3348 Itaque
708 3277 948 3346 proinde
983 3277 1042 3330 in
1063 3275 1404 3348 virginitatis
1430 3292 1545 3330 suae
1575 3275 1893 3348 custodiam
1921 3279 2109 3348 totum

421 3345 678 3401 animum
709 3345 926 3402 tendat.
967 3345 1357 3417 Cogitationes
1408 3345 1834 3417 eXpendart,i_ut
1888 3346 2110 3399 virtutis

418 3418 590 3486 hujus
620 3417 1029 3487 perfectionem
1056 3415 1350 3487 'esuriens,
1405 3415 1616 3487 famem
1650 3415 1880 3487 delicias
1927 3421 2106 3487 putet,

420 3484 644 3542 divitias
672 3492 1088 3556 paupertatem.
1121 3487 1183 3539 In
1214 3485 1358 3551 cibo,
1406 3484 1469 3556 in
1495 3490 1658 3555 potu,
1695 3485 1754 3538 in
1784 3484 2026 3552 sommo,
2050 3486 2112 3556 in

420 3555 691 3610 sermone
711 3555 937 3627 semper
986 3557 1186 3610 timeat
1211 3555 1577 3627 dispendium
1619 3555 1924 3627 castitatis,
1963 3573 2034 3610 ne
2065 3555 2112 3610 si

418 3629 545 3698 plus
557 3627 748 3681 debito
777 3625 933 3680 carni
961 3625 1469 3698 reddiderit,’vires
1497 3626 1748 3698 praebeat
1767 3627 2110 3698 adversario,

421 3697 478 3752 et
506 3698 723 3752 occulto
753 3698 970 3751 nutriat
998 3698 1239 3752 hostem.
1272 3697 1486 3752 Sedens
1515 3697 1690 3767 igitur
1737 3697 1806 3752 ad
1854 3713 2113 3753 mensam

423 3769 688 3823 decorem
717 3768 1003 3839 pudicitiae
1030 3773 1217 3821 mente
1247 3768 1523 3839 revolvat,
1568 3773 1625 3821 et
1649 3767 1717 3821 ad
1761 3768 1882 3838 ejus
1927 3769 2115 3838 perfe-

423 3839 671 3893 ctionem
714 3837 1005 3909 suspirans
1034 3839 1188 3893 cibos
1231 3837 1519 3909 fastidiat,
1555 3842 1756 3909 potum
1788 3837 2109 3909 exho’rreat,

424 3909 592 3980 etiam
617 3910 769 3980 quod
801 3907 1143 3964 sumendum
1174 3907 1863 3980 necessitasijudicaverit.
1895 3914 1993 3980 aut
2023 3926 2114 3963 ra-

424 3979 504 4034 tio
535 3979 846 4046 dictaverit,
878 3997 1009 4034 cum
1035 3980 1228 4034 dolore
1258 3983 1357 4033 aut
1381 3979 1619 4049 pudore,
1647 3979 1954 4049 aliquando
1985 3996 2114 4035 cum

424 4051 687 4121 lacrymis
714 4055 920 4105 sumat.
951 4051 1008 4105 Si
1036 4050 1087 4104 ei
1123 4066 1308 4121 sermo
1333 4049 1503 4121 fuerit
1525 4064 1655 4121 cum
1704 4049 1918 4121 aliquo,
1963 4067 2112 4105 sem-

425 4137 527 4193 per
543 4119 767 4175 ‘metuat
795 4121 1013 4192 aliquid
1033 4120 1264 4193 audire,
1319 4119 1469 4193 quod
1515 4119 1940 4193 vel_modi’cum
1969 4137 2116 4176 sere-

423 4189 664 4246 nitatem
693 4189 964 4246 castitatis
995 4190 1292 4245 obnubilet
1314 4189 1736 4262 {deserendam
1765 4206 1824 4262 se
1872 4208 1904 4244 a
1935 4193 2117 4262 gratia

425 4278 540 4315 non
571 4262 810 4329 dubitet,
842 4262 889 4316 si
923 4263 1008 4317 vel
1038 4277 1221 4315 unum
1259 4261 1497 4315 verbum
1531 4266 1728 4315 contra
1760 4261 2117 4319 honestatem

470 4333 702 4386 roferat.

425 4349 855 4456 ἓᾏοιξῗὶείᾶςχιν.
881 4402 1105 4456 —Ante
1132 4415 1390 4455 sommum
1427 4402 1747 4455 conscientia
1775 4405 2114 4464 excutienda.

910 4475 961 4524 et
989 4472 1273 4526 dolendum
1305 4472 1368 4525 de
1391 4474 1644 4541 peccatis.

502 4544 786 4596 Prostrata
814 4542 1021 4596 lectulo
1046 4542 1382 4612 pudicitiam
1405 4547 1575 4612 tuam
1610 4544 1947 4598 commenda
1979 4547 2114 4612 Deo,

427 4617 485 4684 et
515 4613 599 4684 sic
613 4612 776 4684 signo
789 4612 969 4666 crucis
999 4611 1216 4667 armata
1237 4611 1680 4684 revolveanimo
1711 4616 2001 4684 quomodo
2025 4611 2116 4670 die

427 4683 525 4736 illo
554 4683 758 4749 vixisti,
793 4684 838 4737 si
867 4684 1058 4754 verbo,
1110 4684 1157 4738 si
1187 4699 1380 4754 opere,
1432 4683 1480 4737 si
1526 4683 1745 4754 affectu
1779 4686 2003 4740 Domini
2031 4687 2117 4740 tui

428 4754 618 4835 ecutos
644 4753 926 4835 qlfendisti
950 4775 964 4821 ;
986 4754 1043 4835 si
1077 4753 1275 4835 levior,
1307 4755 1354 4808 si
1384 4753 1633 4835 otiosior,
1668 4755 1716 4835 si
1735 4757 2119 4835 negligentior

429 4823 620 4877 debito
647 4823 839 4887 fuisti;
872 4824 917 4878 si
945 4826 1073 4894 plus
1102 4825 1226 4880 cibo
1264 4823 1526 4890 'crudior,
1587 4829 1730 4894 potu
1787 4823 2118 4882 dissolutior

428 4899 609 4968 metas
632 4894 976 4968 necessitatis
999 4895 1304 4968 excessisti.
1334 4896 1390 4951 Si
1418 4895 1752 4964 subreptum
1773 4896 1880 4968 tibi
1901 4899 2117 4968 aliquid

426 4965 658 5036 horumi
689 4965 1087 5036 deprehendis,
1138 4967 1382 5036 suspira,
1426 4971 1624 5035 pectus
1672 4967 1885 5034 tunde;
1927 4965 2118 5022 ethoc

427 5033 700 5160 sacrificio
712 5035 1035 5106 vespertino
1066 5041 1165 5092 tuo
1194 5033 1616 5092 reconciliatam
1646 5053 1854 5107 sponso
1875 5033 2116 5110 Sponsus

429 5121 647 5160 excipis
679 5149 690 5160 .

429 5121 690 5174 excipiat.

431 5175 655 5231 CAPUT
684 5177 834 5231 XXV.
855 5205 927 5219 —
952 5180 1016 5232 In
1039 5179 1419 5232 tentationibus
1449 5178 1740 5246 impudicis
1769 5180 2118 5248 recogitanda

876 5251 1108 5316 virginis
1141 5252 1370 5316 Agnetis
1402 5250 1650 5302 historia.

502 5315 560 5399 _Si
581 5316 840 5399 vigilanti
869 5315 1079 5399 subito,
1102 5315 1806 5399 autquiete_soporis,_aut
1840 5322 1959 5373 arte
1991 5323 2114 5374 ten-

432 5387 631 5460 tatoris
650 5387 806 5460 calor
833 5391 1083 5460 corporis
1110 5387 1608 5460 fueritiexcitatus,
1647 5393 1704 5442 et
1759 5389 1818 5460 in
1849 5405 2116 5446 somnum

428 5457 664 5529 callidus
697 5458 875 5512 hostis
932 5457 1230 5526 invexerit,
1280 5459 1628 5528 diversisque
1680 5459 2116 5529 cogitationibus

429 5527 679 5606 quietem
709 5529 996 5606 pudicitiae
1017 5601 1030 5606 _
1052 5529 1420 5606 infestaverit,
1472 5527 2115 5606 proposueritque__d_el_i-

426 5599 559 5663 cias,
582 5599 710 5652 vita:
743 5599 986 5654 durioris
1017 5601 1315 5655 horrorem
1346 5599 1672 5665 incusserit;
1703 5599 1894 5654 veniat
1920 5602 2020 5656 tibi
2052 5603 2113 5658 in

429 5672 681 5741 mentem
714 5669 895 5724 beatas
923 5670 1218 5741 virginis,
1255 5687 1383 5741 qua:
1432 5670 1491 5724 in
1547 5674 1740 5724 tenera
1787 5676 1950 5725 aetate
1994 5678 2110 5728 tam

433 5739 628 5796 crebro
645 5739 961 5807 reportavit
977 5739 1402 5811 de’impiiss‘imo
1423 5741 1587 5798 hoste
1606 5741 1984 5812 triumphum.
2011 5745 2116 5800 Co-

2172 455 2353 519 vestes
2368 455 2824 534 pretiosissimas,
2857 455 3345 534 lapidespretiosi
3377 463 3434 512 et
3481 455 3891 534 tota'saacula-

2173 536 2253 590 ris
2278 530 2477 606 gloriae
2507 548 2716 606 pompa
2734 530 3201 606 quasiqusedam
3227 534 3475 606 stercora
3509 531 3686 606 sunt-
3711 542 3890 606 repu-

2175 597 2312 660 tatav.
2346 597 2550 658 Vocata
2577 597 2660 656 ad'
2677 597 2926 655 tribunal
2949 597 3072 654 non
3103 600 3320 666 abfuit;
3355 598 3774 653 blandiebatur
3800 597 3896 666 ju-

2181 677 2309 744 dex,
2337 673 2682 744 contempsit
2710 692 2726 737 ;
2752 671 3098 744 minabatur,
3145 670 3346 744 irrisit,
3397 669 3583 739 magis
3614 673 3893 744 metuens

2178 763 2250 801 ne
2276 739 2531 816 parceret
2567 739 2748 816 quam
2814 759 2886 796 ne
2942 742 3174 816 puniret
3195 739 3569 816 :_f(Je_dumque
3603 740 3891 816 _lupanar

2182 809 2430 888 vertitin
2458 809 2804 888 oratorium:
2837 809 2992 888 quod
3023 811 3394 888 cumvirgine
3415 809 3898 888 ingrediens__an-

2183 889 2342 956 gelus
2373 887 2558 939 lucem
2588 883 2795 956 infudit
2820 880 3090 956 tenebris,
3121 886 3177 935 et
3222 880 3628 956 insectato’rem
3658 880 3897 956 pudici-

2187 951 2277 1011 Eias
2301 961 2482 1010 morte
2517 955 2842 1008 mulctabat.
2860 953 2917 1007 Si
2947 953 3123 1022 igitur
3141 955 3196 1006 et
3215 957 3278 1006 tu
3308 951 3575 1015 oraveris,
3609 956 3666 1003 et
3689 955 3897 1022 contra

2185 1026 2438 1082 libidinis
2468 1025 2818 1079 incentorem
2847 1021 3226 1094 lacrimarum
3260 1028 3488 1094 tuarum
3513 1021 3899 1094 armaleva-

2186 1098 2355 1165 veris,
2386 1112 2504 1150 non
2541 1100 2691 1148 certe
2726 1091 2977 1165 angelus
3018 1098 3114 1146 tuo
3142 1098 3320 1165 Acasto
3373 1091 3555 1146 deerit
3593 1091 3902 1165 cubiculo,

2187 1168 2286 1240 qui
2315 1161 2633 1240 prostibula
2653 1181 2766 1218 non
2791 1161 2995 1240 defuit.
3019 1163 3214 1240 Itierito
3235 1164 3459 1240 beatam
3481 1166 3709 1240 Agnem
3742 1161 3904 1232 ignis

2188 1232 2293 1292 iste
2315 1232 2649 1290 'materialis
2698 1234 2954 1314 nequivit
2994 1234 3253 1314 adurere,
3302 1233 3394 1314 cui
3421 1232 3908 1314 carnisntlamma

2188 1313 2470 1378 tepuerat,
2497 1322 2670 1377 quam
2700 1303 2848 1378 ignis
2878 1305 3244 1378 succenderat
3280 1303 3588 1358 charitatis.
3628 1303 3906 1378 Quoties—

2191 1373 2435 1448 cumque
2475 1373 2986 1448 néquam'spiritus
3015 1375 3211 1428 illicita
3239 1390 3480 1448 quaque
3517 1373 3909 1448 suggesserit,

2191 1444 2586 1504 vehementior
2628 1444 2955 1500 incubuerit
3003 1451 3192 1514 aestus;
3247 1446 3410 1498 illum
3458 1444 3557 1515 qui
3601 1449 3910 1498 scrutatur

2194 1521 2366 1574 corda
2391 1523 2446 1572 et
2474 1533 2658 1583 renes,
2693 1517 2830 1570 scito
2861 1531 2981 1571 esse
3010 1519 3373 1586 praesentem,
3405 1515 3584 1586 etsub
3615 1515 3746 1586 ejus
3774 1529 3914 1568 ocu-

2195 1592 2278 1646 los
2307 1607 2425 1644 esse
2455 1587 2738 1659 quidquid
2767 1585 2888 1658 agis
2916 1587 2999 1640 vel
3033 1587 3292 1659 cogitas._
3319 1585 3470 1639 Habe
3503 1585 3789 1659 proinde
3817 1600 3914 1638 re-

2192 1655 2507 1715 verentiam
2541 1655 2828 1723 Do'mino,'
2852 1673 3024 1728 quem
3052 1656 3156 1710 tibi
3187 1656 3445 1728 assistere
3500 1671 3619 1708 non
3646 1655 3911 1720 dubites,

2197 1737 2254 1786 et
2283 1729 2662 1801 depraedatori
2691 1725 2998 1801 responde:
3030 1727 3312 1798 Angelum
3342 1725 3914 1801 habeoamatorem,

2198 1802 2298 1874 qui
2330 1796 2510 1856 nimio
2534 1796 3172 1874 _zelo_custodit_corp_us
3202 1813 3416 1874 meum:
3459 1796 3708 1874 Adjuvet
3737 1813 3918 1874 cona-

2198 1867 2323 1926 tum
2343 1876 2508 1925 tuum
2530 1870 2590 1924 in
2607 1869 2709 1923 tali
2733 1868 3064 1922 necessitate
3091 1869 3335 1922 discreta
3364 1867 3737 1920 abstinentia.
3763 1867 3918 1931 Quia

2197 1943 2298 1998 ubi
2327 1942 2506 1995 multa
2535 1940 2720 1994 carnis
2750 1939 3002 2005 afﬂictio,
3035 1943 3133 1992 aut
3161 1939 3339 2004 nulla,
3372 1942 3471 1992 ant
3499 1953 3678 2008 parva
3709 1938 3920 2008 aliqua

2199 2019 2539 2084 potestessei
2551 2010 2882 2084 delectatio.

2203 2079 2428 2138 CAPUT
2460 2083 2634 2136 XXVI.
2663 2109 2736 2121 —
2766 2081 2999 2136 Castitas
3021 2081 3079 2132 in
3100 2079 3337 2147 juvenili
3363 2083 3518 2134 aetate
3555 2080 3674 2133 sine
3693 2094 3914 2147 magna

2345 2153 2521 2207 cordis
2546 2157 2596 2206 et
2623 2153 2861 2220 corporis
2904 2153 3202 2220 attritione
3227 2166 3333 2204 non
3363 2154 3474 2204 stat
3518 2152 3761 2218 integra.

2275 2225 2451 2278 Nemo
2483 2238 2541 2276 se
2570 2219 2782 2292 palpet,
2817 2237 2984 2292 nemo
3014 2219 3342 2292 blandiatur
3371 2219 3497 2284 sibi,
3521 2235 3696 2275 nemo
3721 2236 3785 2274 se
3810 2220 3919 2292 fal-

2205 2295 2299 2349 lat.
2332 2295 2635 2364 Nunquam
2663 2291 2731 2345 ab
2789 2291 3242 2364 adolescentibus
3271 2291 3395 2364 sine
3448 2307 3660 2361 magna
3715 2291 3922 2364 cordis

2206 2360 2549 2419 contritione
2579 2367 2635 2416 et
2663 2361 2849 2416 carnis
2886 2361 3193 2415 afﬂictione
3241 2360 3468 2415 castitas
3515 2360 3919 2432 cenquiritur,

2205 2436 2292 2489 vel
2319 2438 2592 2498 servatur,
2625 2449 2754 2504 quae
2783 2433 3121 2504 plerumque
3144 2432 3312 2504 aegris
3341 2433 3436 2504 veli
3458 2432 3722 2504 sensibus
3754 2432 3916 2502 peri-

2207 2505 2452 2559 clitatur.
2490 2505 2632 2558 Nam
2643 2501 2796 2556 licet
2813 2501 3162 2556 continentia
3186 2501 3400 2556 donum
3420 2502 3518 2556 Dei
3541 2501 3637 2566 sit,
3658 2506 3715 2556 et
3735 2501 3920 2556 nemo

2209 2576 2392 2646 possit
2414 2590 2533 2646 esse
2561 2573 2878 2646 continens,
2909 2573 3018 2646 nisi
3050 2573 3197 2626 Deus
3226 2572 3340 2646 det,
3379 2588 3485 2646 nec
3529 2573 3665 2646 ullis
3694 2572 3922 2646 nostris

2207 2642 2426 2700 meritis
2453 2645 2669 2698 donum
2695 2644 2824 2704 hoc,
2847 2643 2944 2696 sed
2971 2644 3093 2712 ejus
3113 2642 3375 2713 gratuitas
3405 2642 3479 2696 sit
3506 2642 3708 2713 gratiae
3740 2643 3921 2696 ascri-

2208 2716 2465 2793 bendum
2482 2715 2648 2793 ;_illo_s
2674 2719 2868 2767 tamen
2888 2717 3054 2793 tanto
3075 2712 3526 2793 donoindignos
3545 2713 3790 2793 judicat,
3811 2713 3924 2793 qui

2209 2786 2432 2864 aliquid.
2453 2785 2794 2864 laboris‘pro
2825 2799 2891 2837 eo
2932 2783 3122 2864 subire
3155 2783 3492 2864 detrectant,
3529 2784 3794 2864 volentes
3825 2783 3923 2864 in-

2211 2853 2555 2934 ter—delicias
2578 2853 2716 2934 casti
2745 2869 2886 2918 esse,
2932 2853 3301 2934 interepulas
3340 2853 3701 2934 continentes
3712 2869 3731 2934 ξ
3761 2854 3924 2908 inter

2211 2929 2504 3004 pueros_et
2529 2926 2751 3004 puellas
2789 2923 3230 3004 eonversari,et
3268 2924 3674 3004 nonutenta‘ri}
3708 2923 3772 2978 in
3818 2941 3922 3004 co_-

2214 2994 2652 3052 inessationibus
2692 2999 2748 3048 et
2776 2994 3148 3048 ebrietatibus
3177 2994 3340 3047 foedis
3369 2994 3617 3048 distendi
3649 2995 3926 3049 humori-

2214 3069 2340 3132 hus,
2360 3064 2912 3136 etnoncoinquinari
2933 3064 3156 3136 {ligare
3178 3065 3363 3118 visum
3392 3080 3561 3136 suum
3591 3081 3723 3118 cum
3754 3065 3926 3119 ﬂam-

2213 3138 2432 3262 ἷηὶειὲῑ
2451 3152 2567 3216 non
2589 3134 2769 3190 exuri.
2797 3134 3040 3190 Difﬁcile
3059 3135 3166 3190 hoc
3194 3139 3388 3190 utrum
3407 3139 3505 3190 aut
3532 3135 3925 3206 impossibile,

2240 3225 2276 3262 u
2301 3225 2355 3261 v1
2397 3223 2526 3260 eris.

2213 3214 2276 3264 tu
2301 3207 2526 3262 videris.

2217 3279 2440 3334 CAPUT
2468 3277 2675 3331 XXVII.
2707 3305 2781 3317 —
2807 3275 2889 3330 De
2933 3277 3188 3330 monacho
3227 3277 3506 3332 stimulum
3533 3279 3722 3331 carnis
3756 3276 3926 3332 duris

2285 3347 2736 3402 macerationibus
2777 3349 2876 3401 via:
2899 3350 3293 3417 comprimente,
3325 3363 3431 3402 non
3455 3351 3673 3416 penitus
3702 3351 3928 3402 apstin-=

2327 3423 2499 3473 uente.

2327 3436 2499 3473 uente.

2289 3436 2429 3542 ἕωγὶ
2460 3503 2564 3558 ego
2603 3486 2980 3558 monachum,
3023 3487 3124 3558 qui
3169 3503 3301 3558 cum
3327 3487 3494 3542 initio
3523 3503 3641 3542 suae
3677 3504 3926 3543 conver-

2219 3559 2409 3625 sionis,
2444 3557 2561 3612 tam
2586 3557 2942 3612 naturalibus
2968 3557 3283 3624 incentivis,
3345 3563 3464 3612 tam
3518 3558 3798 3612 violentia
3835 3559 3927 3614 vi-

2218 3630 2378 3684 tiosae
2423 3628 2881 3699 consuetudinis,
2921 3631 3045 3699 tam
3092 3627 3704 3699 suggestionehcallidi
3734 3629 3928 3685 hostis

2219 3704 2554 3762 tentaretur,
2603 3704 2668 3753 ut
2695 3697 3029 3769 pudicitiam
3083 3697 3245 3753 suam
3299 3697 3608 3769 periclitari
3662 3699 3926 3769 timeret,

2220 3770 2399 3826 erexit
2425 3787 2482 3824 se
2513 3775 2710 3824 contra
2737 3786 2816 3836 se,
2850 3773 2905 3824 et
2932 3769 3197 3824 adversus
3237 3785 3397 3824 suam
3425 3785 3657 3824 carnem
3694 3771 3923 3824 suavis-

2219 3841 2428 3895 simum
2459 3840 2782 3911 concipiens
2812 3840 3010 3895 odium
3038 3840 3182 3894 nihil
3221 3841 3403 3912 magis
3433 3857 3608 3912 quam
3655 3843 3814 3912 quod
3849 3842 3929 3896 ad

2221 3928 2347 3966 eam
2375 3913 2680 3972 aifectaret,
2721 3915 3045 3982 expeterett
3090 3912 3286 3982 Itaque
3328 3911 3552 3982 inedia,
3587 3911 3928 3966 ma’cerabat

2222 3999 2444 4053 corpus,
2478 3987 2534 4054 et
2551 3997 2680 4054 quas
2711 3982 2775 4054 ei_
2792 3981 2860 4036 de
2873 3997 2932 4036 se
2961 3981 3315 4054 debebantur
3343 3981 3714 4054 subtrahens,
3742 3983 3927 4038 etiam

2223 4052 2412 4132 motus
2441 4052 2875 4132 ejussimplices
2907 4052 3338 4132 comprimebat.
3371 4053 3479 4108 Sed
3510 4069 3643 4132 cum
3703 4053 3928 4108 iterum

2224 4123 2403 4178 nimia
2443 4123 2714 4178 debilitas
2739 4123 2848 4202 sibi
2874 4124 3002 4202 plus
3031 4123 3331 4202 indulgere
3360 4124 3756 4202 compelleret.
3791 4140 3930 4202 ecce

2225 4211 2353 4249 caro
2383 4211 2580 4248 rursus
2609 4198 2782 4263 caput
2814 4193 3038 4265 erigens
3078 4193 3434 4265 acquisitam,
3477 4198 3540 4265 ut
3583 4195 3927 4264 putabatur,

2224 4266 2527 4320 infestabat
2563 4265 2854 4336 quietem;
2899 4263 3278 4336 plerisquése
3326 4263 3552 4336 frigidis
3585 4263 3932 4336 aquisinji-

2225 4336 2396 4401 ciens,
2428 4339 2678 4407 tremens
2709 4334 3038 4407 aliquandiu
3067 4334 3349 4407 psallebat
3373 4334 3440 4407 et
3478 4334 3701 4407 orabat.
3755 4334 3930 4407 Saepe

2226 4408 2399 4461 etiam
2427 4405 2650 4459 illicitos
2682 4406 3152 4476 sentiensmotus
3187 4405 3383 4460 urticis
3419 4405 3662 4460 fricabat
3689 4405 3930 4476 corpus,

2225 4483 2281 4531 et
2295 4478 2461 4531 nudae
2475 4476 2630 4529 carni
2653 4476 2914 4546 aperiens
2932 4475 3262 4530 incendium
3291 4477 3556 4531 incendio
3589 4475 3928 4546 superabat;

2227 4549 2292 4602 Et
2319 4564 2449 4601 cum
2473 4548 2594 4600 haec
2623 4547 2816 4600 omnia
2859 4563 2972 4600 non
2999 4547 3344 4613 sufﬁcerent,
3377 4547 3757 4601 nihilominus
3788 4564 3932 4603 eum

2225 4618 2458 4688 spiritus
2487 4617 2878 4671 fornicationis
2907 4623 3172 4687 urgeret;
3208 4624 3344 4671 tunc
3395 4617 3548 4688 quod
3586 4618 3774 4672 solum
3834 4635 3929 4672 su-

2225 4688 2456 4758 perfuit,
2487 4692 2804 4758 prostratus
2831 4689 3285 4758 antepedeslesu
3316 4693 3460 4755 orat,
3491 4689 3698 4759 plorat,
3739 4689 3932 4759 suspi-

2224 4763 2330 4825 rat,
2363 4763 2545 4829 rogat,
2604 4759 2844 4828 adjurat,
2905 4759 3239 4824 obtestatur,
3291 4763 3355 4812 ut
3410 4758 3507 4812 aut
3557 4758 3803 4828 occidat,
3837 4758 3929 4815 vel

2225 4835 2422 4895 sanet;
2450 4831 2654 4883 clamat
2679 4829 2900 4895 crebro,
2930 4830 3054 4884 Non
3086 4829 3272 4900 abibo,
3308 4845 3423 4882 non
3445 4829 3700 4900 quiesco,
3730 4845 3840 4884 nec
3869 4835 3929 4884 te

2227 4900 2508 4954 dimittam
2540 4900 2648 4953 nisi
2674 4899 3032 4954 benedixeris
3058 4899 3236 4970 mihi:
3263 4899 3564 4970 praestatur
3594 4901 3666 4954 ad
3715 4901 3927 4956 horam

2226 4971 2610 5041 refrigerium,
2624 4971 2717 5025 sed
2732 4974 2974 5041 negatur
3001 4969 3294 5041 securitas.
3308 4970 3743 5041 Quiescentibus
3763 4972 3928 5026 enim

2226 5040 2524 5111 paululum
2541 5042 2724 5095 carnis
2746 5040 2991 5112 stimulis
3011 5040 3336 5094 affectiones
3365 5040 3579 5096 illicitaa
3616 5046 3819 5112 pectus
3842 5043 3930 5096 in-

2226 5112 2456 5166 vadunt.
2491 5114 2638 5166 Deus
2663 5111 2855 5182 meust
2888 5125 3029 5178 quas
3057 5127 3270 5182 cruces,
3299 5127 3434 5182 qua:
3465 5111 3758 5166 tormenta
3789 5117 3936 5168 tunc

2224 5182 2456 5252 pertulit
2487 5182 2659 5236 miser
2687 5181 2804 5248 ille,
2828 5181 3008 5234 donec
3037 5185 3196 5236 tanta
3212 5181 3411 5252 infusa
3457 5187 3542 5236 est
3591 5183 3644 5236 ei
3685 5183 3926 5238 dilectio

2225 5251 2515 5324 Castitatis,
2550 5257 2612 5324 ut
2642 5267 2843 5324 omnes
2865 5267 2994 5322 quas
3025 5251 3224 5306 sentiri
3254 5257 3511 5323 possunt,
3542 5252 3627 5306 vel
3661 5253 3926 5324 cogitari,

2226 5323 2451 5393 quasvis
2472 5322 2732 5394 injiceret
2760 5321 3116 5394 voluptates;
3153 5327 3208 5377 et
3251 5321 3387 5376 tunc
3416 5339 3644 5394 quoque
3691 5321 3931 5380 recessit

2226 5394 2297 5448 ab
2350 5410 2435 5448 eo.
2469 5393 2576 5448 Sed
2606 5407 2785 5462 usque
2816 5393 2887 5447 ad
2909 5399 3135 5463 tempus
3166 5398 3222 5448 et
3266 5393 3724 5448 nunc’senectuti
3772 5411 3929 5450 mor-

2225 5464 2332 5518 bus
2358 5463 2608 5526 accessit,
2642 5479 2744 5516 nec
2773 5463 2852 5517 sic
2882 5468 3071 5518 tamen
3099 5480 3156 5518 se
3187 5464 3255 5518 de
3279 5465 3581 5520 securitate
3609 5465 3926 5522 blanditur.

2225 5535 2448 5590 CAPUT
2508 5535 2734 5589 XXVIII.
2778 5562 2850 5575 —
2893 5537 3100 5589 Contra
3147 5550 3292 5589 senes
3348 5538 3444 5604 qui
3499 5537 3929 5593 concubinarum

2705 5609 2964 5661 consortio
3007 5622 3185 5660 carere
3222 5608 3428 5661 nolunt.

2298 5677 2455 5749 Unde
2485 5691 2604 5749 non
2648 5691 2853 5749 parum
2881 5677 3061 5747 pudet
3087 5678 3470 5749 quorumdam
3518 5677 3925 5749 impudicitiae,

2230 5746 2329 5820 qui
2359 5763 2488 5802 cum
2523 5747 2583 5802 in
2618 5746 3243 5816 sordibus’senuerunt,
3283 5763 3389 5803 nec
3417 5747 3495 5803 sic
3525 5746 3924 5821 suspectarum
