4056 6366
428 344 559 397 1463

422 464 471 513 et
497 459 604 528 ﬁde
624 474 730 513 non
755 463 882 528 ﬁcta
906 459 1071 527 (Tim.
1103 477 1137 527 ι,
1171 463 1242 528 5).

424 531 650 585 CAPUT
679 531 948 584 XXXVIII.
982 559 1049 568 —
1078 533 1164 584 Ea:
1198 531 1319 596 lini,
1365 545 1468 598 quo
1497 530 1671 582 altare
1701 534 1948 596 ornatur,
1983 545 2106 584 con-

687 602 1011 655 sideratione
1042 601 1300 668 quomodo
1319 615 1488 654 mores
1522 599 1862 654 instituendi.

500 672 567 725 In
596 670 686 725 his
725 671 1006 742 glorieris,
1038 671 1095 724 in
1126 671 1211 724 his
1242 671 1569 742 delecteris;
1600 672 1772 742 intus,
1799 686 1916 742 non
1945 669 2108 742 foris;

432 742 490 795 in
536 742 682 796 veris
713 739 1031 805 virtutibus,
1083 757 1199 794 non
1250 742 1311 794 in
1367 740 1600 811 picturis
1654 746 1711 794 et
1747 739 2108 810 imaginibus.

434 813 614 866 Panni
641 813 777 866 Iinei
799 812 1025 865 candidi
1053 817 1214 865 tuum
1243 813 1521 866 adornent
1537 812 1732 872 altare,
1768 811 1866 881 qui
1896 811 2114 864 castita-

433 889 550 937 tcm
575 899 674 936 suo
704 883 943 936 candore
984 883 1404 950 commendent,
1436 887 1491 935 et
1523 882 1941 950 simplicitatem
1967 897 2111 952 prae-

433 959 766 1007 monstrent.
791 953 984 1022 Cogita
1004 970 1117 1023 quo
1142 954 1354 1020 labore,
1386 952 1592 1023 quibus
1623 951 1982 1005 tonsionibus
2009 957 2116 1023 ter-

432 1040 656 1089 renum,
698 1024 760 1076 in
798 1040 911 1094 quo
957 1022 1148 1089 crevit,
1200 1023 1381 1076 linum
1405 1022 1658 1076 colorem
1690 1025 1929 1087 exuerit,
1959 1027 2015 1075 et
2047 1022 2115 1076 ad

435 1095 603 1148 talem
647 1094 952 1148 candorem
995 1094 1335 1163 pervenerit,
1368 1098 1431 1147 ut
1459 1109 1523 1147 ex
1554 1109 1620 1146 eo
1650 1099 1884 1146 ornetur
1912 1094 2114 1160 altare,

434 1165 638 1218 Christi
694 1181 899 1234 corpus
955 1165 1192 1218 veletur.
1244 1166 1383 1218 Cum
1431 1169 1658 1217 terreno
1691 1164 1880 1217 colore
1919 1179 2117 1217 omnes

431 1235 720 1288 nascimur
750 1251 763 1289 :
798 1234 1070 1304 quoniam
1102 1237 1160 1288 in
1185 1235 1561 1301 iniquitatibus
1591 1240 1867 1302 conceptus
1899 1249 2037 1300 sum,
2068 1238 2118 1288 et

431 1308 490 1358 in
534 1308 765 1375 peccatis
815 1303 1051 1374 concepit
1096 1321 1177 1358 me
1217 1309 1387 1358 mater
1426 1321 1544 1358 mea
1575 1305 1736 1374 (Psal.
1782 1320 1836 1370 L,
1879 1305 1956 1372 7).
1990 1303 2116 1358 Pri-

438 1374 596 1455 mum
631 1375 1466 1455 igiturLcharissima,“linum
1508 1374 1669 1445 aquis
1699 1375 2061 1455 immergit-ur
2101 1390 2114 1428 :

436 1463 540 1499 nos
561 1447 620 1500 in
644 1445 806 1516 aquis
829 1446 1185 1515 Baptismatis
1214 1445 1432 1499 Christo
1455 1445 1896 1513 consepelimur;
1922 1445 2002 1499 ibi
2022 1445 2118 1516 dea

433 1518 583 1570 letur
611 1515 1006 1586 iniquitas,sed
1037 1517 1278 1570 necdum
1308 1521 1539 1569 sanatur
1565 1515 2120 1586 inﬁrmitas.Aliquid

437 1585 1061 1657 candoris’recepimus
1101 1587 1160 1640 in
1205 1591 1567 1656 peccatorum
1611 1586 1974 1652 remissione;
2002 1585 2121 1640 sed

438 1658 682 1711 necdum
712 1658 878 1726 plene
919 1661 1146 1710 terreno
1189 1658 1376 1710 colore
1427 1657 1688 1710 exuimur
1735 1673 1838 1726 pro
1879 1660 2119 1725 natura},

439 1744 566 1798 quae
593 1733 783 1794 restat,
829 1727 1216 1797 corruptione.
1261 1729 1390 1780 Post
1419 1743 1596 1798 aquas
1625 1727 1806 1798 linum
1834 1727 2074 1780 siccatur
2104 1742 2116 1780 :

439 1797 573 1868 quia
602 1813 827 1851 necesse
857 1802 957 1865 est,
991 1802 1117 1867 post
1154 1813 1330 1868 aquas
1371 1797 1730 1868 Baptismatis
1776 1813 1980 1868 corpus
2016 1813 2121 1867 per

439 1867 842 1922 abstinentiam
874 1867 1222 1922 maceratum
1252 1867 1462 1921 illicitis
1493 1867 1805 1922 honoribus
1830 1867 2118 1924 vacuetur.

437 1939 648 1993 Deinde
673 1938 854 1992 linum
886 1939 1105 1992 malleis
1134 1939 1411 2006 tunditur,
1445 1943 1500 1992 et
1526 1955 1655 1992 caro
1680 1944 1875 1992 nostra
1923 1937 2119 1992 multis

436 2009 845 2064 tentationibus
873 2009 1160 2079 fatigatur.
1194 2011 1327 2064 Post
1345 2010 1452 2063 hoc
1477 2009 1658 2063 linum
1687 2009 1884 2062 ferreis
1913 2009 2124 2062 aculeis

437 2080 799 2150 discerpitur,
850 2084 910 2133 ut
947 2080 1193 2150 deponat
1231 2079 1518 2149 superﬂua
1552 2096 1564 2132 :
1597 2084 1653 2133 et
1683 2096 1784 2133 nos
1813 2079 2124 2150 disciplina}

437 2150 668 2219 ungulis
694 2150 805 2204 rasi
835 2151 926 2204 vix
953 2150 1266 2204 necessaria
1297 2150 1628 2204 retinemus.
1655 2150 1969 2204 Adhibetur
1999 2152 2127 2221 post

437 2221 543 2275 hoc
571 2221 698 2302 lino
736 2220 960 2275 suavior
998 2221 1361 2302 stimulorum
1408 2221 1693 2302 leviorque
1722 2220 2027 2302 purgatio:
2070 2224 2127 2274 et

441 2307 543 2371 nos
574 2291 730 2371 victis
759 2307 890 2371 cum
918 2307 1124 2371 magno
1162 2291 1356 2371 labore
1385 2291 2062 2371 pessi'mis‘passionibus,
2093 2307 2127 2344 a

440 2361 744 2416 levioribus
774 2365 828 2415 et
858 2361 1204 2432 quotidianis
1233 2361 1476 2432 peccatis
1505 2361 1748 2431 simplici
1777 2361 2126 2432 confessione

439 2437 495 2486 et
521 2431 898 2486 satisfactione
946 2431 1308 2486 mundamur.
1361 2434 1484 2486 lam
1525 2437 1662 2486 tunc
1701 2432 2021 2486 amentibus
2060 2431 2126 2485 li-

439 2518 582 2555 num
621 2502 682 2555 in
715 2504 945 2566 longum
975 2503 1306 2572 producitur
1340 2519 1352 2555 :
1386 2507 1440 2555 et
1470 2518 1573 2572 nos
1602 2502 1662 2554 in
1684 2502 1970 2555 anteriora
2002 2503 2125 2555 lon-

442 2572 774 2642 ganimitate
806 2571 1178 2626 extendimur.
1213 2575 1386 2626 Porro
1411 2578 1471 2625 ut
1492 2571 1542 2624 ei
1573 2572 1874 2642 perfectior
1901 2572 2129 2626 accedat

441 2642 714 2712 perfectio
744 2647 799 2695 et
826 2643 1206 2711 pulchritudo,
1238 2643 1388 2712 ignis
1427 2643 1728 2696 adhibetur
1756 2647 1812 2696 et
1850 2658 1997 2712 aqua
2027 2661 2043 2696 :
2073 2647 2129 2696 et

445 2712 608 2766 nobis
661 2714 1072 2766 transeundum
1117 2717 1200 2766 est
1244 2729 1348 2783 per
1390 2713 1582 2782 ignem
1618 2712 2021 2779 tribulationis,
2073 2717 2129 2766 et

444 2799 652 2854 aquam
674 2783 1146 2854 compunctionis,
1174 2789 1239 2837 ut
1259 2783 1658 2854 perveniamus
1678 2784 1746 2837 ad
1769 2783 2127 2854 refrigerium

442 2853 730 2907 castitatis.
783 2856 910 2907 Haec
943 2853 1044 2908 tibi
1077 2854 1312 2907 oratorii
1340 2853 1424 2906 tui
1455 2857 1790 2908 ornamenta
1819 2853 2127 2923 repraesen-

441 2928 581 2988 tent,
614 2941 729 2977 non
758 2925 951 2978 oculos
981 2929 1109 2978 tuos
1138 2923 1502 2978 varietatibus
1533 2923 1738 2978 mentis
1769 2929 2018 2992 pascant.

445 2995 668 3050 CAPUT
696 2996 909 3049 XXXIX.
957 3025 1025 3034 --
1071 2998 1251 3062 Imago
1281 2996 1557 3063 Cruciﬁxi,
1599 2999 1650 3049 et
1673 2997 1972 3049 assistentis
2005 2996 2128 3049 hinc

511 3065 639 3120 inde
665 3067 867 3120 Mar-i2
891 3082 953 3120 ac
985 3068 1210 3120 Joannis
1239 3070 1327 3120 sat
1355 3081 1464 3120 esse
1485 3066 1638 3120 debet
1662 3068 1721 3120 in
1749 3068 2130 3120 sanctimonia-

519 3137 652 3189 lium
692 3140 945 3190 oratorio.

514 3206 768 3261 Sufﬁciat
815 3207 918 3261 tibi
963 3207 1023 3260 in
1053 3206 1218 3260 altari
1247 3211 1347 3261 tuo
1379 3206 1682 3262 Salvatoris
1711 3207 1770 3260 in
1795 3222 1958 3261 cruce
1988 3222 2129 3276 pen-

445 3276 630 3330 dentis
659 3277 871 3347 imago,
909 3293 1035 3347 qute
1068 3277 1388 3346 passionem
1419 3294 1581 3331 suam
1607 3277 1710 3331 tibi
1743 3281 2129 3347 repraesentet,

447 3362 618 3416 quam
667 3345 942 3416 imiteris;
987 3345 1248 3415 expansis
1297 3347 1541 3402 brachiis
1588 3348 1655 3401 ad
1688 3345 1824 3401 suos
1848 3352 1902 3400 te
1934 3347 2135 3401 invitet

449 3416 746 3486 amplexus
780 3415 856 3486 in
901 3416 1108 3486 quibus
1138 3417 1458 3482 delecteris;
1500 3418 1724 3470 nudatis
1755 3417 2024 3470 uberibus
2052 3419 2135 3471 lac

450 3485 743 3539 suavitatis
773 3485 1052 3557 infundat,
1097 3503 1211 3556 quo
1250 3487 1576 3541 consoleris.
1613 3488 1680 3557 Et
1709 3487 1755 3540 si
1792 3487 1898 3540 hoc
1929 3487 2130 3557 placet,

451 3557 520 3610 ad
573 3556 1082 3610 commendandam
1155 3557 1259 3611 tibi
1319 3556 1662 3626 virginitatis
1718 3556 2130 3624 excellentiam,

449 3625 608 3696 virgo
641 3632 823 3680 mater
850 3627 909 3680 in
942 3644 1062 3699 sua,
1097 3631 1152 3681 et
1178 3627 1338 3699 virgo
1370 3625 1681 3698 discipulus
1713 3627 1774 3680 in
1803 3644 1924 3694 sua,
1973 3629 2135 3698 juxta

449 3713 672 3751 crucem
693 3701 999 3769 curventur
1034 3698 1311 3768 imagine;
1347 3704 1409 3752 ut
1439 3699 1652 3768 cogites
1684 3715 1854 3769 quam
1880 3703 2040 3769 grata
2065 3699 2136 3753 sit

451 3769 670 3822 Christo
705 3768 998 3838 utriusque
1028 3785 1192 3822 sexus
1232 3769 1543 3838 virginitas,
1571 3768 1743 3839 quam
1771 3769 1833 3822 in
1861 3768 2042 3823 matre
2080 3773 2137 3823 et

449 3855 568 3908 prae
615 3839 831 3892 caeteris
863 3839 972 3893 sibi
1016 3839 1219 3893 dilecto
1269 3839 1544 3908 discipulo
1575 3841 1938 3894 consecravit.
1977 3840 2133 3894 Unde

450 3927 548 3964 eos
576 3910 830 3980 pendens
856 3909 914 3962 in
940 3926 1102 3964 cruce
1125 3915 1282 3964 tanto
1310 3910 1518 3965 foedere
1548 3910 1850 3980 copulavit,
1885 3915 1947 3964 ut
1975 3910 2134 3965 illam

449 3981 727 4050 discipulo
774 3986 1036 4046 matrem,
1080 3981 1243 4036 illum
1289 3980 1458 4035 matri
1503 3981 1688 4035 tilium
1735 3981 2040 4051 delegaret.
2090 3981 2133 4036 Ο

450 4051 842 4106 beatissimum
880 4051 988 4105 hoc
1017 4052 1344 4106 testimonio
1374 4053 1651 4106 Joannem
1700 4051 1792 4106 cui
1820 4052 1993 4106 totius
2022 4052 2134 4106 hu-

451 4122 608 4176 mani
637 4122 860 4194 generis
888 4122 1076 4194 decus,
1100 4139 1237 4192 opes
1267 4123 1489 4194 mundi,
1513 4122 1694 4194 gleria
1724 4123 1870 4188 coeli,
1903 4122 2136 4177 misero-

450 4209 578 4247 rum
623 4193 931 4261 refugium,
967 4192 1305 4247 afﬂictorum
1333 4192 1618 4258 solatium,
1659 4209 1976 4264 pauperum
2005 4209 2136 4248 con-

450 4264 671 4326 solatio,
707 4264 1137 4332 desperatorum
1161 4263 1386 4328 erectio,
1413 4263 1789 4333 peccatorum
1808 4264 2136 4318 reconcilia-

447 4333 550 4393 tio,
584 4337 868 4405 postremo
909 4334 1071 4405 orbis
1103 4334 1352 4400 domina,
1392 4335 1524 4405 coeli
1553 4334 1771 4405 regina,
1793 4334 2134 4405 testamenti

450 4404 781 4457 auctoritate
797 4403 1172 4457 committitur
1187 4406 1198 4459 l
1217 4405 1345 4458 Haec
1362 4404 1464 4457 tibi
1477 4403 1770 4474 praebeant
1785 4404 2131 4460 incentivum

449 4473 758 4539 cbaritatis,
788 4489 902 4527 non
934 4476 1319 4543 spectaculum
1341 4473 1602 4529 vanitatis
1631 4493 1644 4530 :
1670 4475 1758 4529 his
1778 4476 1931 4530 enim
1952 4476 2110 4530 omni

447 4546 552 4600 bus
599 4545 670 4599 ad
716 4561 896 4598 unum
949 4561 1176 4617 necesse
1225 4550 1307 4599 est
1351 4550 1416 4599 ut
1467 4547 1800 4612 contendas;
1861 4547 2134 4617 quoniam

449 4633 626 4691 unum
652 4620 736 4691 est
761 4616 1161 4691 necessarium.
1194 4617 1346 4691 Illud
1379 4620 1462 4670 est
1487 4633 1686 4691 unum,
1721 4616 2015 4691 quodnon
2045 4617 2132 4671 in-

447 4687 672 4740 venitur
685 4686 790 4739 nisi
819 4687 880 4740 in
904 4703 1038 4752 uno,
1063 4687 1213 4758 apud
1234 4703 1438 4756 unum,
1460 4686 1755 4754 cum‘uno,
1789 4689 1939 4758 apud
1961 4703 2132 4758 quem

448 4773 566 4809 non
598 4761 682 4810 est
723 4758 1133 4825 t.ansmutatio,
1173 4774 1277 4812 nec
1309 4758 1710 4812 vicissitudinis
1749 4759 2129 4812 obumbratio.

447 4827 554 4890 Qui
583 4828 835 4898 adhaeret
864 4829 936 4894 ei,
969 4845 1118 4883 unus
1151 4846 1279 4883 cum
1304 4845 1369 4883 eo
1399 4829 1632 4898 spiritus
1662 4829 1923 4894 efficitur,
1952 4833 2133 4882 trans-

447 4897 577 4972 itus-
609 4897 666 4950 in
698 4897 861 4972 illud-
876 4915 1077 4972 unum,
1131 4897 1552 4972 quodsem’per
1569 4900 1718 4972 idem
1752 4904 1854 4972 est,
1888 4903 1945 4954 et
1966 4900 2132 4972 cujus

447 4968 582 5041 anni
611 4985 728 5022 non
757 4967 1343 5026 deﬁciunt.iAdhaisio
1374 4967 1482 5025 ista
1509 4971 1798 5026 charitatis
1819 4970 1980 5041 quasi
2011 4967 2132 5040 spe-

447 5039 601 5093 cialis
633 5044 716 5093 est
747 5044 980 5092 ornatus
1001 5041 1129 5094 finis
1160 5046 1215 5095 et
1251 5043 1498 5096 ﬁmbria.

447 5111 666 5166 CAPUT
698 5111 801 5166 XL.
835 5140 903 5150 -—
931 5113 1005 5165 De
1030 5111 1307 5167 dilectione
1331 5116 1426 5167 Dei
1449 5117 1498 5167 et
1515 5115 1776 5182 promimi,
1809 5127 1871 5165 ac
1891 5113 2132 5180 primum

586 5187 645 5236 ut
673 5184 730 5235 in
745 5185 1055 5252 proximum
1084 5185 1377 5238 exercenda
1409 5201 1442 5238 a
1467 5183 1986 5238 sanctimonialibus.

517 5252 697 5306 Vestis
725 5255 939 5323 quippe
965 5253 1237 5321 nuptialis
1279 5271 1347 5309 ex
1385 5255 1662 5309 virtutum
1693 5254 1964 5308 varietate
1995 5269 2133 5306 con-

447 5326 640 5402 terta,_
675 5331 902 5402 oportet
948 5324 1291 5402 1_1t_timbriis
1353 5326 1560 5392 aureis,
1593 5327 1655 5402 id
1709 5329 1792 5402 est
1844 5323 2132 5402 cbaritatis

445 5394 845 5466 splendoribus
871 5395 1312 5466 ambiatur.quaa
1333 5411 1527 5451 omnes
1553 5396 1792 5450 virtutes
1819 5395 2126 5466 contineat,

444 5470 499 5517 et
527 5464 874 5537 constringat
902 5467 962 5521 in
1001 5464 1217 5532 unum;
1235 5473 1292 5521 et
1321 5483 1479 5522 suam
1519 5468 1868 5537 singularem
1906 5465 2128 5537 clarita-

442 5538 558 5587 tem
589 5534 939 5603 impertiens,
975 5538 1043 5590 de
1068 5538 1262 5592 multis
1286 5555 1460 5592 unum
1485 5534 1666 5603 faciat,
1699 5543 1754 5591 et
1780 5551 1910 5590 cum
1934 5535 2129 5588 multis

442 5605 542 5676 uni
573 5606 857 5676 adhaereat
879 5609 1100 5676 ;utjarn
1117 5610 1306 5662 omnia
1328 5626 1445 5663 non
1469 5612 1586 5663 sint
1603 5607 1899 5668 multa,sed
1924 5620 2124 5676 unum.

443 5675 694 5746 Charitas
726 5682 914 5730 autem
947 5675 1007 5731 in
1039 5679 1152 5733 duo
1182 5680 1470 5746 dividitur,
1506 5681 1562 5734 in
1597 5679 1697 5732 Dei
1744 5677 2007 5731 videlicet
2033 5675 2129 5746 Wdi-

442 5745 742 5818 lectionem
786 5753 842 5801 et
874 5748 1148 5818 proximi.
1186 5753 1358 5804 Porro
1396 5749 1623 5804 dilectio
1653 5747 1896 5818 proximi
1926 5747 1984 5818 in
2010 5745 2127 5818 duo

442 5814 832 5885 subdividitur,
867 5814 926 5872 in
958 5817 1340 5874 innocentiam
1371 5827 1427 5873 et
1457 5814 1914 5884 beneficentiam,
1938 5815 2127 5871 videli-

1961 340 2338 395 APPENDIX.

3802 335 3964 388 1464

2218 461 2316 528 cet
2351 460 2413 510 ut
2458 455 2601 510 nulli
2658 471 2879 528 noceas,
2918 454 3270 528 Abenefacias
3324 455 3534 528 quibus
3587 455 3877 528 potueris
3947 473 3961 508 :

2217 527 2490 598 scriptum
2522 531 2606 581 est
2635 527 2870 598 quippe,
2900 526 3051 598 Quod
3083 527 3185 598 tibi
3212 541 3316 581 non
3341 526 3442 598 'vis
3471 527 3626 597 ﬁeri.
3665 527 3851 598 alteri
3889 540 3965 580 ne

2219 597 2410 666 feceris
2442 598 2591 668 (Tob.
2636 597 2706 662 1v,
2749 597 2832 667 16)
2867 616 2884 652 :
2920 601 2976 650 et
3010 597 3130 651 haec
3159 597 3507 652 innocentia.
3545 598 3613 652 Et
3645 597 3964 652 Dominus

2221 670 2282 723 in
2309 667 2632 739 Evangelio,
2663 668 2873 735 Omnia,
2911 667 3116 738 inquit,
3158 684 3504 737 quaecumque
3535 670 3713 722 uultis
3744 673 3813 722 ut
3842 669 3964 734 fet-

2221 743 2369 794 ciant
2386 741 2533 794 vobis
2565 740 2820 805 homines,
2852 743 2902 793 et
2928 754 3020 793 vos
3047 740 3217 804 facite
3249 740 3358 793 illis
3391 740 3622 804 (Matth.
3651 755 3755 805 vir,
3791 741 3902 808 i2)
3941 757 3957 790 :

2222 812 2343 865 haec
2398 809 2786 864 beneﬁcentia.
2846 809 3133 873 Quantum
3180 810 3248 864 ad
3297 815 3352 863 te
3409 810 3524 864 duo
3583 810 3703 863 ista
3754 809 3963 879 perti-

2223 886 2413 947 neant,
2474 881 2778 950 diligenter
2819 880 3064 933 adverte.
3120 881 3376 934 Primum
3407 885 3472 934 ut
3501 880 3646 933 nulli
3681 896 3964 947 noceas;

2225 952 2427 1006 deinde
2458 955 2522 1004 ut
2546 950 2689 1004 nulli
2713 950 2848 1003 velis
2872 965 3095 1004 nocere.
3129 951 3384 1004 Primum
3413 950 3561 1004 illud
3589 950 3768 1004 facile
3806 950 3963 1018 tibi,

2223 1039 2353 1076 cum
2384 1021 2580 1092 necrid
2618 1020 2800 1092 possis
2849 1020 2958 1092 nisi
2990 1021 3148 1092 forte
3179 1021 3377 1091 lingua
3406 1021 3768 1092 percusseris
3805 1037 3822 1075 :
3867 1036 3966 1074 se-

2223 1092 2472 1147 cundum
2502 1090 2663 1159 illud,
2696 1107 2813 1144 non
2837 1090 2945 1144 erit
2971 1091 3224 1162 difﬁcile,
3256 1090 3304 1145 si
3333 1090 3707 1162 propositum
3740 1097 3965 1146 atten-

2224 1164 2322 1218 das
2349 1168 2540 1227 tuum;
2567 1163 2614 1214 si
2645 1162 2953 1232 professam
2975 1161 3239 1215 dilexeris
3260 1161 3602 1217 nuditatem.
3622 1164 3762 1216 Non
3774 1163 3958 1216 enim

2224 1233 2330 1288 tibi
2359 1233 2571 1303 poterit
2598 1248 2734 1301 erga
2780 1232 3029 1302 aliquam
3057 1249 3177 1286 esse
3207 1233 3372 1287 male:
3402 1233 3722 1286 voluntatis
3752 1238 3963 1287 mate-

2225 1305 2330 1369 ria,
2363 1303 2464 1357 ubi
2492 1303 2767 1374 cupiditas
2796 1304 2972 1368 nulla,
2997 1303 3092 1356 ubi
3114 1303 3258 1356 nihil
3288 1303 3565 1374 diligitur,
3596 1304 3767 1374 quod
3795 1320 3960 1374 pos-

2226 1375 2298 1428 sit
2325 1374 2562 1440 auferri;
2595 1373 2737 1444 nihil
2765 1373 3006 1440 tollitur,
3031 1374 3183 1444 quod
3213 1373 3413 1428 debeat
3441 1373 3646 1428 amari.
3681 1373 3960 1429 Domum

2225 1446 2371 1500 bene
2391 1445 2528 1498 velis
2560 1443 2846 1515 omnibus,
2882 1443 3065 1515 prosis
3089 1445 3296 1515 quibus
3319 1445 3522 1514 possis.
3569 1446 3634 1498 In
3667 1461 3822 1515 quo,
3865 1446 3965 1497 in-

2228 1516 2387 1587 quis;
2431 1531 2560 1587 cum
2590 1514 2731 1569 mihi
2759 1531 2884 1587 non
2903 1514 3070 1587 liceat
3101 1514 3187 1569 vel
3218 1516 3527 1582 modicum,
3559 1514 3724 1586 quod
3756 1531 3961 1586 egen-

2227 1585 2378 1641 tibus
2405 1585 2673 1652 tribuam,
2701 1585 3026 1656 possidere?

2228 1665 2452 1720 CAPUT
2480 1665 2610 1720 XLI.
2650 1693 2719 1704 —
2766 1666 2841 1717 De
2869 1664 3109 1732 exemplo
3137 1665 3326 1718 Maria
3367 1668 3419 1718 et
3456 1665 3726 1731 Martha,
3763 1664 3961 1732 deque

2633 1737 2748 1788 vita
2776 1735 2955 1788 activa
2987 1739 3037 1788 et
3066 1736 3506 1804 contemplativa.

2298 1817 2552 1886 Agnosco
2608 1813 2994 1886 conditionem
3034 1817 3220 1886 tuam,
3265 1813 3618 1886 charissima.
3654 1815 3806 1869 Dum
3849 1830 3957 1886 so-

2229 1883 2387 1940 rores
2417 1888 2577 1938 erant
2606 1885 2822 1939 Martha
2862 1888 2918 1937 et
2948 1883 3120 1938 Maria
3153 1899 3167 1936 :
3209 1883 3504 1937 laborabat
3532 1884 3653 1951 illa,
3693 1885 3958 1940 vacabat

2230 1957 2364 2022 ista;
2403 1957 2499 2010 illa
2529 1956 2820 2025 erogabat,
2855 1953 2962 2007 ista
2992 1954 3255 2025 petebat;
3299 1954 3400 2008 illa
3428 1955 3745 2025 praestabat
3775 1956 3957 2010 obse-

2231 1998 2453 2098 quium,
2485 2027 2592 2098 ista
2619 1995 2906 2098 Sutrieliat
2930 1995 3255 2098 affectum;
3280 1995 3550 2098 Denique
3567 2041 3688 2080 non
3721 2027 3952 2098 ambu-

2232 2095 2371 2162 lans,
2403 2098 2490 2168 vel
2519 2097 2841 2168 discurrens
2857 2095 2967 2148 huc
2987 2100 3158 2166 atque
3185 2095 3598 2168 illuc,_nonrde_
3619 2097 3958 2168 suscipien-

2233 2168 2320 2222 dis
2335 2167 2651 2238 hospitibus
2668 2165 2927 2238 sollicita,
2941 2181 3056 2238 non
3071 2165 3213 2238 cura
3233 2165 3315 2219 rei
3335 2166 3635 2238 familiaris
3656 2165 3954 2238 distenta,

2232 2255 2349 2292 non
2382 2235 2703 2309 pauperum
2734 2236 3073 2309 clamoribus
3099 2235 3344 2309 intenta
3365 2237 3600 2290 sedebat
3632 2237 3705 2292 ad
3758 2238 3957 2309 pedes

2231 2305 2400 2376 Iesu;
2427 2305 2789 2362 et'audiebat
2817 2305 3053 2360 verbum
3095 2306 3267 2361 illius.
3305 2307 3431 2360 Hmc
3461 2323 3593 2376 pars
3622 2305 3779 2373 tua;
3803 2309 3954 2362 cha—

2232 2380 2473 2446 rissima,
2507 2395 2635 2449 quae
2665 2378 2869 2449 saeculo
2900 2383 3125 2449 mortua
3153 2382 3326 2449 atque
3352 2379 3814 2449 sepulta,rsurda
3849 2380 3956 2433 de-

2232 2451 2331 2504 bes
2361 2466 2480 2503 esse
2509 2447 2578 2502 ad
2609 2447 2802 2502 omnia
2833 2447 3022 2501 saeculi
3067 2447 3463 2501 blandimenta
3511 2448 3832 2514 audienda,
3873 2450 3951 2504 ad

2234 2520 2587 2591 loquendum
2618 2524 2834 2591 muta_:
2885 2518 3184 2591 necdebes
3232 2517 3498 2584 distendi,
3534 2518 3635 2572 sed
3665 2520 3947 2585 extendi;

2235 2587 2482 2660 impleri,
2544 2605 2661 2643 non
2719 2587 3024 2660 exhauriri.
3081 2589 3434 2658 Exsequatur
3482 2594 3707 2659 partem
3773 2606 3952 2645 suam

2236 2662 2451 2738 Martha
2493 2676 2505 2714 =
2555 2675 2682 2738 sese
2716 2659 2845 2738 licet
2871 2673 2987 2738 eo"
3025 2663 3264 2738 noset!"
3299 2660 3488 2738 liena...
3527 2660 3950 2738 Meriajaniee

2235 2731 2440 2785 melior
2471 2728 2828 2801 praidicatur.
2877 2728 3167 2801 Numquid
3195 2728 3421 2801 invidit!
3445 2731 3678 2784 Marthae
3708 2731 3900 2786 Maria
3922 2733 3954 2784 ?

2235 2802 2332 2856 illa
2363 2799 2550 2873 potius
2578 2801 2688 2855 isti.
2719 2801 2800 2873 Ita
2829 2799 2998 2852 etiam
3016 2814 3275 2873 quisque).
3308 2799 3540 2873 optimae
3570 2801 3849 2856 videntur
3885 2802 3952 2855 in

2238 2871 2463 2937 saeculo,
2506 2877 2663 2925 tuam
2696 2871 2868 2923 vitam
2901 2871 3264 2936 aemulentur,
3316 2886 3432 2924 non
3463 2871 3695 2925 illarum
3730 2876 3823 2926 tu.
3854 2873 3946 2926 Ad

2235 2943 2363 2997 illos
2391 2947 2606 3013 spectat
2634 2942 3123 3010 eleemosynarum
3153 2940 3396 3064 largitio,
3432 2957 3681 3011 quorum
3713 2947 3807 2996 est
3835 2948 3952 2997 ter-

2237 3030 2374 3064 rena
2403 3012 2701 3064 possessio.
2753 3012 2840 3064 vel
2883 3011 3090 3064 auibus
3135 3026 3227 3064 cre
3273 3012 3349 3064 ita
3387 3018 3472 3064 est
3512 3027 3710 3064 rerum
3757 3015 3951 3064 eccle-

2237 3030 2374 3067 rena
2403 3011 2701 3084 possessio,
2753 3012 2840 3065 vel
2883 3011 3090 3084 quibus
3135 3011 3349 3065 credita
3387 3018 3472 3065 est
3512 3027 3710 3067 rerum
3757 3015 3951 3068 eccle-

2241 3083 2589 3137 siasticarum
2624 3083 2992 3153 dispensatio.

2239 3163 2465 3218 CAPUT
2513 3163 2673 3217 XLII.
2707 3189 2776 3202 —
2805 3163 2879 3215 De
2906 3175 3085 3284 rentia;
3114 3160 3597 3215 ecclesiasticarum
3645 3162 3949 3232 dispensa-

3023 3246 3157 3284 zone.

3023 3246 3157 3284 ιοηθ.

2312 3311 2449 3375 Οιιω
2497 3310 2650 3366 enim
2692 3309 3060 3364 sacrosanctis
3098 3309 3346 3364 ecclesiis
3377 3327 3409 3364 a
3433 3310 3703 3366 ﬁdelibus
3734 3315 3956 3368 collata

2244 3387 2394 3453 sunt,
2416 3381 2699 3452 episcOpi,
2738 3381 3054 3453 sacerdotes
3085 3385 3140 3453 et
3183 3381 3373 3434 clerici
3403 3381 3798 3453 dispensanda
3827 3401 3954 3438 sus-

2241 3451 2481 3522 cipiunt,
2525 3457 2581 3505 et
2639 3467 2752 3504 non
2807 3451 3196 3522 recondenda;
3250 3467 3369 3505 non
3416 3451 3790 3522 possidenda,
3846 3455 3952 3509 sed

2243 3521 2548 3593 eroganda.
2579 3521 2868 3592 Quidquid
2889 3521 3120 3585 habent,
3142 3521 3463 3592 pauperum
3493 3527 3595 3589 est,
3630 3524 3953 3580 viduarum

2243 3598 2312 3673 et.
2332 3594 2742 3673 orphanorum’1
2774 3596 2828 3673 et
2857 3607 3054 3645 eorum
3081 3593 3180 3673 qui
3211 3593 3373 3647 altari
3402 3593 3864 3673 deserviuntLut
3879 3597 3951 3673 de

2243 3663 2409 3718 altari
2445 3663 2657 3717 vivant.
2712 3663 2818 3717 Sed
2864 3678 2931 3716 ea
2968 3679 3096 3733 quae
3131 3663 3192 3717 in
3221 3679 3356 3717 usus
3399 3680 3701 3720 servorum
3728 3666 3948 3721 Christi

2242 3734 2599 3788 monasteriis
2639 3734 3027 3806 couferuntur,
3062 3750 3109 3806 ar
3123 3733 3289 3787 certis
3319 3733 3580 3806 personis
3610 3735 3944 3806 dispensari

2242 3809 2487 3875 oportet,
2518 3809 2580 3858 ut
2599 3804 2751 3875 quod
2777 3803 3489 3875 necessitatibussuperest
3517 3803 3790 3870 fratrum,
3827 3823 3946 3862 non

2241 3874 2560 3950 includatur
2581 3874 2913 3945 marsupiis;
2938 3874 3039 3929 sed
3065 3874 3737 3947 hospitibus,peregrinis
3761 3883 3945 3950 atque

2241 3946 2592 4018 pauperibus
2620 3951 2904 4016 erogetur.

2243 4025 2468 4079 CAPUT
2497 4025 2678 4080 XLIII.
2710 4054 2778 4097 ε
2823 4025 3148 4081 Claustrales
3190 4040 3297 4097 non
3330 4025 3522 4079 debent
3545 4042 3866 4097 pauperum
3899 4033 3949 4082 et

2728 4096 2998 4164 hospitum
3024 4111 3156 4150 cura
3187 4096 3444 4150 distendi.

2315 4175 2381 4228 Et
2430 4174 2537 4246 hoc
2582 4175 2813 4229 illorum
2860 4175 3371 4246 interest,quibus
3419 4191 3548 4244 pars
3582 4179 3668 4229 est
3699 4177 3946 4233 Marthae

2242 4245 2564 4310 commissa,
2615 4262 2728 4299 non
2775 4245 2874 4316 qui
2913 4245 3148 4300 salutari
3182 4245 3314 4299 iotio
3347 4250 3547 4300 vacant
3575 4262 3708 4301 cum
3739 4249 3942 4303 Maria.

2244 4317 2745 4397 Ita‘claustralibus
2773 4317 2930 4397 nulla
2958 4317 3125 4397 debet
3149 4331 3270 4370 esse
3303 4332 3407 4397 pro
3424 4317 3800 4397 pauperibus
3832 4319 3942 4397 sol-

2241 4385 2491 4453 licitudo,
2533 4388 2690 4440 nulla
2724 4403 2826 4457 pro
2865 4387 3184 4456 hospitibus
3229 4385 3602 4457 suscipiendis
3635 4388 3944 4455 distentio;

2241 4458 2454 4528 quippe
2484 4458 2689 4528 quibus
2719 4457 3076 4528 nulladebet
3101 4473 3220 4512 esse
3244 4457 3312 4511 de
3338 4458 3584 4512 crastino
3615 4461 3946 4526 cura,nulla

2241 4528 2353 4582 cibi
2382 4527 2467 4582 vel
2494 4527 2661 4598 potus
2698 4527 3056 4597 providentia
3087 4545 3099 4581 :
3132 4529 3463 4582 nutriantur
3493 4528 3688 4598 potius
3715 4529 3780 4584 in
3815 4547 3942 4585 cro-

2241 4598 2373 4678 ceis,
2406 4599 2794 4678 spiritualibus
2823 4603 3152 4678 pascanturr
3172 4599 3351 4678 Altius
3377 4604 3566 4678 autem
3593 4600 3653 4653 hi
3676 4601 3781 4678 qui
3814 4617 3944 4655 con-

2239 4669 2589 4750 temptibiles
2610 4673 2741 4750 sunt
2753 4669 3944 4750 constitutiadjudicandum,amplexantur

2241 4745 2508 4812 stercora.
2544 4739 2656 4812 Ipsi
2688 4740 2900 4810 quippe
2935 4744 3066 4794 sunt
3100 4741 3292 4802 boves,
3320 4755 3564 4810 quorum
3594 4739 3761 4812 piger
3795 4748 3941 4797 ster-

2241 4810 2467 4864 coribus
2492 4811 2796 4880 lapidatur.
3607 4810 3610 4811 '
3670 4810 3682 4812 ‘
3975 4827 3980 4832 -

2241 4890 2464 4946 CAPUT
2487 4892 2663 4946 XLlV.
2687 4921 2755 4930 -—
2781 4891 3203 4945 Administratio
3231 4888 3607 4958 temporalium
3639 4892 3796 4944 haud
3824 4909 3941 4947 con-

2345 4964 2489 5016 venit
2519 4961 2808 5025 cenabitis,
2843 4963 3114 5029 multoque
3141 4963 3318 5015 minus
3350 4963 3558 5029 virgini
3585 4964 3833 5017 reclusas.

2309 5039 2452 5094 Sunt
2482 5040 2635 5094 enim
2665 5040 2919 5111 quidam,
2950 5038 3048 5108 qui
3078 5037 3227 5111 circa
3273 5039 3593 5109 spiritualia
3623 5040 3856 5095 desides
3887 5046 3940 5095 et

2238 5110 2389 5181 pigri
2413 5111 2592 5164 instar
2626 5109 2827 5180 populi
2854 5109 3187 5181 peccatoris,
3228 5126 3400 5180 super
3445 5126 3658 5164 manna
3702 5112 3936 5166 caeleste

2240 5179 2536 5253 nauseant,
2568 5179 2934 5253 videntesque
2966 5179 3105 5234 alios
3146 5179 3661 5251 circa’temporalia
3690 5199 3936 5253 occupa-

2239 5257 2349 5322 tos,
2388 5251 2664 5317 invident,
2711 5250 3036 5322 detrahunt,
3081 5250 3462 5322 murmurant,
3499 5256 3555 5305 et
3584 5268 3690 5322 pro
3721 5250 3935 5307 sterco-

2238 5321 2415 5389 ribus,
2473 5322 2680 5391 quibus
2713 5319 2822 5390 ipsi
2867 5321 3176 5387 foedantur,
3226 5321 3330 5375 zeli
3377 5327 3434 5376 et
3480 5319 3936 5378 amaritudinum

2239 5392 2498 5465 stimulos
2529 5392 2720 5465 ferunt
2751 5407 2764 5444 :
2799 5391 2868 5445 de
2899 5392 3108 5465 quibus
3133 5393 3177 5445 si
3199 5392 3357 5465 forte
3373 5393 3626 5463 aliquam
3653 5398 3935 5465 tempora-

2237 5463 2380 5516 lium
2411 5461 2891 5530 dispensationem
2916 5461 3142 5516 ifuerint
3172 5461 3802 5533 adepti,convenienter
3824 5464 3933 5520 dici

2237 5537 2458 5603 potest:
2483 5533 2588 5598 Qui
2614 5536 2813 5587 nutriti
2841 5538 2995 5587 erant
3015 5535 3073 5588 in
3089 5536 3303 5599 croceis,
3329 5536 3629 5604 amplcmati
3653 5541 3784 5590 sunt
3804 5542 3932 5591 ster-

2238 5619 2363 5658 cora
2385 5605 2604 5675 (Thren.
2637 5620 2710 5675 iv,
2743 5605 2813 5672 5).
2847 5605 2988 5658 Cum
3022 5603 3197 5674 igitur
3224 5620 3329 5658 nec
3358 5603 3490 5670 illis,
3521 5606 3622 5675 qui
3653 5605 3715 5659 in
3746 5623 3933 5663 εαξηο-

2237 5675 2346 5728 biis
2369 5680 2512 5738 sunt,
2547 5674 2757 5746 quibus
2785 5675 2847 5729 in
2877 5675 3092 5746 Martha
3113 5691 3229 5729 non
3259 5691 3432 5746 parva
3461 5674 3800 5732 communio
3830 5682 3929 5742 est,

2237 5746 2385 5800 circa
2408 5745 2657 5817 plurima
2686 5745 2950 5818 occupari
2965 5745 3321 5818 conceditur;
3341 5750 3559 5818 quanto
3586 5747 3786 5803 minus
3812 5748 3926 5813 tibi,

2239 5834 2366 5888 quae
2411 5815 2473 5873 te
2528 5820 2704 5873 totam
2760 5815 2842 5872 de
2887 5817 3092 5871 saeculo
3150 5815 3381 5884 exuisti,
3433 5818 3525 5872 cui
3579 5835 3702 5873 non
3751 5821 3928 5876 solum
