4056 6360
192 297 210 348 1
229 295 338 348 465

182 413 510 539 polssiderte,
557 413 654 469 sed
696 429 801 468 nec
838 413 1050 482 videre,
1083 430 1187 470 nec
1215 417 1412 473 audire
1453 417 1584 473 licet
1612 435 1742 491 quae
1783 436 1888 475 saa-

188 499 270 538 cn
296 502 310 538 ι
343 501 449 539 sun
483 524 497 539 .

188 499 310 538 CIIII
343 499 497 540 sunt.

184 563 425 620 CAPUT
453 566 606 620 XLV.
639 595 708 606 —
754 567 820 621 Ut
855 567 1285 623 sanctimonialis
1329 568 1480 624 debet
1515 571 1566 624 si
1608 570 1744 639 quid
1787 572 1893 626 sibi

783 644 1043 707 superest,
1070 654 1305 707 erogare.

266 705 329 780 Si
364 706 539 780 enim,
567 708 711 780 nihil
756 705 864 762 tibi
911 705 1214 780 quisquam
1259 710 1356 765 det
1404 710 1476 765 ad
1522 713 1887 780 erogandum,

182 777 350 854 unde
380 779 616 854 habebis
647 780 797 850 quod
819 777 1019 849 erogas
1034 777 1134 854 ‘t‘si
1163 797 1295 854 vero
1326 797 1394 834 ex
1419 786 1518 835 tuo
1549 777 1766 854 aliquid
1793 777 1893 838 ha-

181 847 293 902 bes
325 849 533 914 labore,
572 850 644 903 da
662 847 789 904 'non
815 847 946 913 tua;
966 852 1061 905 sed
1086 851 1320 905 alterius
1353 868 1529 906 manu
1554 871 1568 917 ;
1591 847 1890 909 si'abunde

184 919 311 990 tibi
330 919 594 990 provenit
617 920 814 974 victus.
841 920 996 974 Unde
1020 921 1123 975 tibi
1151 923 1340 978 aliena
1368 923 1730 989 distribuere,
1760 941 1889 979 cum

183 989 345 1044 nihil
369 990 491 1072 ‘tibi
524 1007 707 1072 supra
750 992 1700 1072 necessarium_liceat_nsurp_are?
1742 995 1891 1072 Quid

180 1076 332 1186 ergo
369 1061 633 1116 beneﬁcii
670 1062 974 1143 impendes
1010 1063 1314 1133 proximo?
1356 1061 1711 1146 Nihil-ditius
1741 1066 1892 1147 bona

182 1147 260 1185 vo
293 1137 508 1187 untate.
545 1137 601 1187 nt
633 1138 710 1186 ait
740 1133 974 1187 quidam
1005 1140 1265 1187 sanctus:
1299 1135 1446 1187 hanc
1475 1137 1704 1187 largire-
1744 1137 1888 1187 Ould

182 1135 508 1199 voluntate,
545 1137 601 1187 nt
633 1135 710 1186 ait
740 1135 974 1203 quidam
1005 1140 1265 1188 sanctus:
1299 1135 1446 1188 hanc
1475 1137 1704 1206 largire.
1744 1137 1888 1201 Quid

183 1201 754 1327 ﬁngapgpsipéetate?
766 1206 911 1258 hanc
923 1205 1208 1275 impende.
1229 1206 1374 1270 Quid
1391 1205 1586 1260 utilius
1599 1207 1891 1262 oratione?

231 1290 344 1328 anc
375 1290 601 1343 largire,

187 1353 422 1408 CAPUT
454 1355 633 1408 XLVI.
675 1383 744 1394 —
790 1354 942 1420 Quod
987 1356 1323 1424 eleemosynz
1360 1372 1527 1424 genus
1564 1375 1598 1412 a
1636 1358 1888 1413 moniali-

767 1425 864 1480 bus
894 1427 1134 1494 impendi
1161 1428 1323 1481 decet.

269 1495 464 1566 Itaque
506 1498 694 1550 totum
732 1497 1012 1550 mundum
1059 1513 1173 1551 uno
1211 1498 1532 1553 dilectionis
1575 1499 1703 1553 sinu
1733 1515 1888 1553 com-

188 1566 464 1637 plectere.
486 1566 596 1638 ubi
625 1567 795 1621 simul
827 1583 1047 1632 omnes,
1090 1568 1189 1638 qui
1218 1569 1352 1622 boni
1383 1575 1534 1634 sunt,
1571 1570 1888 1630 considera,

187 1637 597 1710 congratulare
622 1653 635 1691 :
666 1638 762 1692 ubi
784 1639 942 1706 mali,
965 1637 1188 1693 intuere
1217 1645 1273 1693 et
1301 1641 1448 1710 lnge.
1477 1642 1560 1694 Ibi
1591 1646 1890 1695 occurrant

190 1707 390 1780 animo
405 1707 634 1780 miseria
644 1725 984 1779 pauperum,
1001 1707 1392 1780 orphanoruni
1407 1712 1672 1780 gemitus,
1699 1711 1786 1765 vid
1796 1728 1892 1765 ua-

188 1795 325 1852 rum
358 1778 654 1852 desolatio,
679 1778 927 1852 trietium
957 1778 1310 1849 maestitudo,
1341 1778 1700 1837 necessitates
1727 1799 1888 1852 pere-

187 1849 566 1923 grinantium,
632 1850 884 1923 pericula
937 1851 1348 1921 navigantium,
1408 1858 1536 1906 vota
1578 1849 1886 1923 virginum,

188 1921 540 1992 tentatioues
568 1921 1003 1987 monachorum,
1037 1924 1406 1992 praelatornm
1428 1921 1770 1992 sollicitudo,
1802 1924 1886 1977 la-

186 1991 302 2065 bor
332 1991 720 2065 militantium.
745 1993 1019 2065 Omnibus
1040 1991 1238 2062 pectus
1266 1998 1379 2048 tua:
1409 1995 1726 2065 dilectionis
1754 1991 1890 2065 ape-

188 2061 342 2144 rias‘:
369 2061 910 2144 hisntuas‘impende
943 2061 1375 2144 lac‘rynias,pro
1404 2064 1668 2144 hishtuas‘
1693 2061 1888 2135 pre—ces

184 2132 416 2205 fundas.
444 2134 574 2186 Hinc
595 2134 978 2205 eleemosyma
1001 2132 1115 2189 Deo
1138 2132 1461 2205 gratiosior.
1491 2132 1712 2191 Christo
1737 2152 1890 2190 acce-

187 2203 365 2276 ptior,
395 2207 509 2276 tum
539 2203 879 2276 professioni
914 2205 1123 2276 aptior,
1148 2203 1251 2258 'his
1289 2206 1498 2275 quibus
1533 2206 1890 2276 impenditur

187 2274 552 2347 fructuosior.
587 2275 760 2344 Hujus
796 2291 1007 2330 munus
1037 2274 1496 2347 beneliciitnum
1527 2274 1887 2347 propositum

187 2345 442 2418 adjuvat,
477 2361 592 2418 non
641 2347 938 2418 perturbat
972 2346 1336 2418 dilectionem
1380 2345 1662 2417 proximi}
1696 2353 1886 2418 auget,

190 2431 315 2488 non
341 2415 588 2488 minuit;
637 2415 842 2470 mentis
888 2417 1144 2488 quietem
1191 2415 1397 2482 servat,
1455 2435 1574 2473 non
1624 2415 1885 2488 impedit.

191 2486 358 2559 Quod
389 2485 530 2540 nihil
561 2491 639 2559 est
671 2485 1089 2559 appetendum,
1126 2491 1189 2542 ut
1224 2489 1501 2543 habeatur
1529 2490 1598 2543 ad
1639 2485 1888 2559 largien-

193 2557 336 2630 dum
361 2576 376 2623 ;
408 2573 538 2630 cum
553 2557 941 2630 nihil'babere
971 2558 1042 2612 sit
1069 2559 1402 2630 perfectum.
1436 2560 1583 2624 Quid
1613 2560 1698 2613 his
1724 2557 1890 2630 plura

193 2627 502 2700 dicamus?
533 2628 674 2700 cum
706 2629 902 2696 sancti,
948 2637 1010 2682 ut
1045 2627 1292 2700 perfecte
1323 2636 1560 2699 possunt
1597 2627 1890 2700 prox—imos

192 2697 460 2769 diligere,
485 2699 826 2753 studuerunt
853 2699 913 2753 in
933 2697 1288 2754 hoc—mundo
1311 2697 1453 2754 nihil
1480 2697 1712 2762 habere,
1746 2701 1890 2756 nihil

196 2769 286 2822 vel
316 2769 729 2840 sineappetitu
757 2771 1065 2840 possidere.
1092 2771 1363 2840 Agnoscis
1383 2772 1553 2826 verba
1581 2772 1732 2825 beati
1753 2773 1888 2826 Gre-

193 2839 364 2911 gorii.
399 2839 540 2911 Vide
571 2839 971 2910 quemcontra
997 2839 1166 2895 multi
1191 2842 1456 2911 sapiunt:
1489 2846 1552 2895 nt
1575 2841 1729 2896 enim
1763 2843 1891 2896 cha-

193 2910 380 2964 ritatis
406 2910 682 2983 impleant
706 2911 915 2981 legem,
943 2919 1210 2983 quaerunt
1230 2910 1293 2966 ut
1317 2913 1562 2966 habeant
1580 2913 1734 2982 quod
1763 2929 1890 2967 ero-

194 2986 370 3054 gent;
399 2997 543 3054 ριιιιιΔ
565 2981 687 3050 ejus
717 2981 1125 3054 perfectionem
1156 2981 1294 3052 ipsis
1334 2981 1634 3049 adscribat,
1671 2984 1770 3054 qui
1803 2983 1888 3037 ni-

194 3052 278 3106 hil
322 3051 672 3118 habendum,
718 3051 863 3108 nihil
901 3053 988 3108 vel
1037 3053 1157 3108 sine
1182 3051 1447 3125 appetitu
1476 3051 1887 3124 possidendum

194 3122 567 3177 arbitrantur.

193 3122 567 3177 arbitrantur.

195 3202 420 3257 CAPUT
448 3203 655 3257 XLVII.
688 3232 756 3241 -—
789 3204 871 3257 De
900 3203 1180 3258 dilectione
1203 3204 1311 3258 Dei
1335 3205 1657 3259 concitanda
1686 3207 1743 3260 in
1773 3221 1888 3260 mc-

576 3273 840 3327 ditatione
868 3276 1244 3342 mysteriorum
1283 3277 1502 3331 Christi.

271 3344 365 3397 His
390 3344 457 3397 de
487 3343 730 3414 proximi
761 3345 1063 3398 dilectione
1099 3345 1431 3414 praemissis,
1477 3347 1547 3400 de
1585 3346 1889 3401 dilectione

196 3414 299 3488 l_)ei
329 3430 508 3484 pauca
554 3414 1036 3488 subjungam_(a).
1091 3418 1230 3488 Nam
1281 3417 1691 3488 licetutraque
1733 3434 1892 3472 soror

196 3486 377 3557 Deum
409 3485 852 3557 proximumque
890 3485 1167 3548 dilexerit,
1209 3487 1524 3557 specialiter
1559 3485 1753 3542 tamen
1781 3489 1890 3542 cir-

193 3571 262 3628 ca
297 3555 642 3628 ‘obsequium
683 3555 1078 3628 proximorum
1115 3555 1496 3628 occupabatur
1534 3559 1768 3625 Martha,
1823 3576 1892 3614 ex

193 3625 405 3680 divinae
443 3625 576 3680 vero
608 3625 865 3681 lectionis
895 3628 1052 3682 fonte
1093 3625 1392 3683 hauriebat
1431 3629 1622 3683 Maria.
1663 3631 1748 3684 Ad
1790 3629 1891 3684 Dei

196 3713 331 3750 vero
378 3697 738 3752 dilectionem
786 3698 899 3752 duo
941 3698 1247 3767 pertinent,
1290 3699 1524 3752 affectus
1563 3700 1790 3768 mentis,
1836 3704 1892 3755 et

195 3767 429 3822 effectus
469 3768 677 3839 operis.
725 3770 788 3822 Et
835 3785 978 3839 opus
1024 3769 1132 3823 hoc
1179 3769 1239 3822 in
1273 3769 1550 3824 virtutum
1581 3767 1886 3837 exercitio;

193 3839 432 3910 alfectus
470 3855 625 3910 vero,
648 3839 855 3893 mentis
897 3840 958 3893 in
989 3839 1298 3909 spiritualis
1327 3845 1526 3910 gustus
1566 3841 1888 3906 dulcedine,

197 3909 540 3982 Exercitium
577 3909 852 3982 virtutum
896 3910 956 3964 in
990 3915 1143 3982 certo
1182 3909 1403 3982 vivendi
1432 3912 1615 3982 modo,
1654 3911 1713 3966 in
1739 3913 1888 3982 jeju-

193 3980 326 4047 niis,
350 3981 661 4062 in‘vigiliis,
690 3981 748 4034 in
779 3981 1060 4062 opere,_in
1086 3981 1414 4062 dilectione,
1439 3981 1499 4036 in
1527 3980 1890 4062 orationeiin

192 4055 530 4123 paupertate
560 4057 617 4105 et
645 4052 865 4105 caeteris
894 4052 1225 4122 hujusmodi
1254 4053 1688 4108 commendatur
1713 4074 1726 4120 ;
1758 4053 1890 4108 affe-

192 4127 318 4194 ctus
347 4123 579 4176 salutari
610 4123 978 4177 meditatione
1011 4123 1285 4177 nutritur.
1327 4125 1522 4194 Itaque
1545 4129 1610 4178 ut
1638 4124 1732 4178 ille
1760 4125 1887 4178 dul-

193 4193 452 4266 cissimus
480 4209 642 4247 amor
661 4195 797 4266 Iesu
826 4194 884 4248 in
913 4199 1011 4266 tuo
1038 4199 1251 4266 crescat
1279 4193 1503 4259 affectu,
1537 4195 1743 4266 triplici
1774 4212 1890 4250 me-

193 4263 468 4338 ditatione
494 4281 635 4338 opus
656 4265 866 4338 habes:
899 4265 969 4338 de
998 4265 1302 4338 praeteritis
1334 4266 1570 4332 scilicet,
1596 4263 1890 4338 praesenti-

191 4334 300 4406 bus
330 4339 388 4388 et
434 4334 660 4402 futuris,
706 4335 762 4389 id
794 4339 879 4389 est
918 4334 1437 4406 de’preeteritorum
1473 4334 1882 4402 recordatione,

193 4405 264 4460 de
297 4406 647 4476 experientia
672 4405 1064 4476 praesentium,
1098 4408 1167 4461 de
1197 4407 1650 4463 consideratione
1672 4409 1886 4462 futuro-

194 4492 341 4531 rum.
373 4478 514 4532 Cum
543 4477 720 4582 igitur
752 4493 911 4531 mens
940 4481 1038 4532 tua
1067 4477 1237 4533 fuerit
1276 4479 1344 4532 ab
1386 4480 1542 4534 omni
1582 4479 1887 4550 cogitatio—

195 4563 332 4582 nnm
374 4549 536 4582 any-An
627 4549 899 4582 uin-tntum
950 4548 1218 4582 nvnnnitin
1265 4556 1503 4582 πηι-ηηιη
1551 4551 1660 4582 ζει-ιη
1694 4551 1884 4582 Αηηιηα

192 4563 334 4621 num
373 4549 536 4602 sorde
570 4548 593 4621 ἦ
627 4549 904 4621 virtutum
950 4548 1218 4602 exercitio
1265 4556 1508 4621 purgata
1545 4548 1675 4620 jam'
1693 4551 1887 4604 oculos

192 4617 492 4691 defaecatos
519 4619 609 4691 ad
642 4618 960 4691 posteriora
993 4617 1284 4691 retorquei
1326 4617 1405 4674 Ac
1451 4617 1702 4691 primum
1755 4637 1886 4675 cum
1937 4624 1972 4643 θ

193 4689 362 4762 beata
395 4689 569 4743 Maria
596 4690 852 4762 ingressa
876 4689 1222 4762 cubiculum,
1255 4691 1431 4744 libros
1452 4689 1668 4762 quibus
1699 4692 1884 4762 Virgi-

194 4759 284 4814 nis
323 4765 518 4830 partus
556 4776 687 4814 cum
717 4760 925 4815 Christi
961 4761 1340 4829 prophetatur
1368 4759 1640 4827 advisntu,
1671 4759 1881 4816 evolve.

195 4830 608 4902 Ibiadventnm
636 4831 839 4902 Angeli
869 4833 1218 4902 praestolare,
1247 4836 1309 4884 ut
1328 4832 1520 4886 videas
1549 4834 1882 4899 intrantem,

193 4901 389 4972 audias
409 4902 760 4972 salutantem
789 4919 801 4955 :
838 4907 894 4955 et
922 4901 1066 4955 sicut
1093 4903 1310 4972 repleta
1342 4908 1572 4972 stupore
1603 4909 1657 4957 et
1687 4904 1887 4957 ecstasi

191 4971 579 5043 dulcissimam
605 4973 900 5027 dominam
921 4977 1077 5027 tuam
1105 4971 1234 5026 cum
1255 4971 1472 5043 Angelo
1495 4975 1776 5028 salutante
1803 4991 1887 5028 sa-

193 5042 363 5107 lutes,
387 5044 566 5097 clama
589 5043 800 5108 dicens,
827 5045 940 5098 Ave
966 5047 1152 5113 gratia
1178 5042 1364 5113 plena,
1385 5045 1648 5100 Dominus
1676 5050 1844 5099 tecum
1869 5061 1882 5100 :

190 5113 467 5168 benedicta
515 5119 574 5168 tu
623 5115 1040 5186 inrmulieribus
1085 5115 1232 5185 (Luc.
1269 5133 1308 5183 ι,
1338 5117 1444 5180 28).
1500 5117 1612 5169 Hoc
1658 5115 1885 5186 plenius

189 5189 478 5257 repetens,
509 5201 639 5257 quas
670 5185 740 5239 sit
767 5186 887 5238 haec
915 5186 1113 5257 gratiae
1140 5187 1458 5257 plenitudo,
1485 5187 1554 5240 de
1591 5185 1704 5257 qua
1731 5192 1886 5241 totus

189 5255 439 5309 mundus
470 5255 710 5328 gratiam
741 5255 1040 5320 mutuavit,
1074 5255 1346 5328 quoniam
1383 5255 1762 5312 Verbum—caro
1793 5260 1885 5322 fa-

191 5331 336 5398 ctum
359 5331 458 5394 est,
491 5332 542 5381 et
564 5327 835 5380 habitavit
860 5328 918 5380 in
945 5328 1096 5382 nobis
1112 5330 1330 5398 plenum
1355 5331 1548 5395 gratim
1568 5333 1616 5382 et
1638 5331 1885 5383 veritatis

190 5396 367 5467 (Joan.
415 5414 454 5462 ι,
504 5397 612 5464 Ui),
663 5398 1070 5467 contemplare,
1113 5396 1177 5452 et
1218 5400 1503 5454 admirare
1554 5399 1881 5464 Dominum,

191 5467 292 5538 qui
311 5471 522 5522 terram
543 5468 743 5539 implet
763 5474 817 5522 et
835 5469 1061 5534 caelum,
1084 5468 1236 5524 intra
1255 5471 1426 5525 unius
1445 5471 1652 5542 puellm
1671 5471 1884 5524 viscera

255 5610 266 5643 ¹
295 5607 449 5672 Apud
474 5608 726 5669 Anselm.,
758 5608 924 5672 fuerit
943 5608 1138 5672 absque
1166 5610 1542 5671 cogitationum
1566 5610 1820 5662 tumultu.

253 5688 341 5758 (a)_
358 5688 577 5758 Reliqua
611 5703 730 5752 pars
759 5689 919 5753 hujus
949 5688 1066 5738 libri
1091 5692 1170 5739 est
1210 5689 1350 5738 inter
1377 5704 1537 5754 opera
1565 5690 1617 5739 S.
1649 5689 1882 5739 Anselmi

188 5751 457 5801 Meditatio
487 5765 566 5800 ιν·
580 5751 704 5802 xvu.

1574 297 1668 352 DE
1706 295 1878 354 VITA
1918 297 2332 354 EREMITICA.

3572 305 3708 362 1468

2001 419 2209 492 claudi,
2257 437 2430 492 quam
2477 424 2643 476 Pater
2692 421 3075 487 sanctiﬁcavit,
3134 422 3307 478 Filius
3356 424 3702 489 fecundavit,

2002 491 2364 567 obumbravit
2383 492 2642 567 Spiritus
2662 497 2906 547 sanctus.
2933 493 2975 548 Ο
2998 493 3177 567 dulcis
3207 494 3461 567 domina,
3487 502 3704 567 quanta

2001 561 2374 635 inebriabaris
2421 561 2742 630 dulcedine,
2795 581 2908 635 quo
2953 565 3164 618 amoris
3207 564 3338 634 igne
3386 561 3700 622 succende-

2000 632 2171 708 baris,
2204 650 2332 687 cum
2357 636 2598 708 sentires
2630 635 2688 708 in
2713 632 2902 689 mente
2933 640 2990 689 et
3016 641 3209 708 ventre
3237 632 3412 690 tanta:
3441 639 3700 708 majesta-

2001 703 2073 757 tis
2103 705 2495 773 praesentiam;
2515 722 2642 759 cum
2662 707 2729 760 de
2760 711 2858 760 tua
2878 723 3046 760 carne
3068 707 3176 761 sibi
3203 722 3431 760 carnem
3450 703 3697 762 assume-

2002 778 2109 848 ret,
2138 780 2193 848 et
2223 777 2494 848 membra
2524 777 2728 847 quibus
2766 779 3137 846 corporaliter
3180 780 3368 831 omnis
3401 779 3697 848 plenitudo

2001 845 2311 920 divinitatis
2367 845 2666 914 habitaret,
2713 864 2742 900 e
2772 845 2903 920 tuis
2962 848 3085 920 sibi
3120 845 3691 920 membris'aptaret!

2003 917 2130 990 Haec
2155 917 2344 969 omnia
2373 923 2706 990 propterte,
2733 918 2910 987 virgo,
2939 925 3001 972 ut
3032 918 3340 989 Virginem,
3371 917 3544 990 quam
3572 919 3696 975 imi-

2002 986 2110 1040 tari
2158 988 2528 1057 proposuisti,
2563 988 2784 1058 diligas,
2827 986 2886 1042 et
2933 986 3177 1058 Virginis
3228 986 3474 1044 fructum
3522 993 3564 1058 ί,
3604 991 3695 1045 cui

2001 1058 2261 1126 nupsisti.
2286 1059 2408 1111 Iam
2433 1075 2721 1112 nunccum
2744 1059 3066 1113 dulcissima
3084 1061 3426 1114 dominatua
3446 1062 3507 1115 in
3531 1078 3693 1115 mon-

2001 1133 2134 1182 tana
2163 1130 2499 1196 conscende,
2532 1135 2587 1182 et
2625 1129 2832 1200 sterilis
2861 1135 2915 1182 et
2947 1131 3180 1200 virginis
3212 1148 3442 1185 suavem
3474 1133 3696 1186 intuere

2001 1200 2390 1272 complexum;
2425 1207 2480 1252 et
2509 1199 2869 1272 salutationis
2900 1199 3172 1265 ofticium,
3205 1202 3263 1254 in
3296 1219 3409 1272 quo
3441 1204 3698 1256 servulus

2003 1270 2332 1337 Dominum,
2366 1286 2549 1339 praeco
2583 1271 2856 1340 jndicem,
2891 1287 2994 1323 vox
3039 1270 3492 1339 Verbum,'intns
3522 1274 3698 1327 anilia

2001 1341 2220 1412 viscera
2255 1341 2642 1412 conclususin
2675 1341 2908 1411 virginis
2942 1346 3100 1395 utero
3144 1343 3397 1396 clausum
3442 1346 3692 1412 agnovit,

2001 1416 2056 1464 et
2094 1411 2386 1482 rindicibili
2433 1411 2646 1482 gaudio
2734 1413 3017 1466 salutavit.
3092 1413 3245 1466 Beati
3321 1411 3546 1467 ventres
3631 1414 3692 1468 in

2000 1481 2176 1554 totius
2204 1483 2406 1554 mundi
2435 1481 2586 1536 salus
2615 1483 2888 1554 exoritur,
2920 1483 3215 1554 pulsisque
3245 1485 3492 1537 tenebris
3519 1484 3694 1538 tristi-

2000 1552 2109 1613 tiae,
2143 1553 2490 1622 sempiterna
2523 1553 2722 1607 laetitia
2751 1552 3147 1624 prophetatur'.
3180 1554 3323 1617 Quid
3353 1555 3493 1623 agis,
3528 1571 3559 1608 ο
3588 1555 3697 1608 vir-

2000 1624 2609 1694 go?Accurre,quaeso,
2626 1623 2875 1687 accurre,
2892 1628 2948 1677 et
2969 1623 3142 1677 tantis
3171 1624 3392 1695 gaudiis
3415 1626 3695 1680 admisce-

1999 1710 2080 1761 re,
2115 1700 2470 1765 prosternere
2501 1695 2567 1748 ad
2603 1696 2772 1763 pedes
2795 1695 3115 1764 utriusque,
3142 1703 3196 1748 et
3226 1696 3282 1748 in
3307 1697 3476 1750 unius
3502 1701 3698 1750 ventre

2000 1781 2271 1845 sponsum
2304 1770 2464 1818 tuum
2495 1767 2857 1845 amplectere,
2887 1767 3134 1818 amicum
3160 1781 3296 1845 verp
3326 1768 3448 1845 ejus
3476 1767 3536 1820 in
3565 1767 3700 1822 alte-

1998 1836 2117 1889 rius
2162 1845 2320 1890 utero
2354 1852 2640 1890 venerare.
2676 1837 2833 1889 Hunc
2878 1843 3110 1888 euntem
3154 1836 3213 1888 in
3249 1838 3535 1890 Bethleem
3565 1854 3698 1892 cum

1998 1905 2156 1960 omni
2181 1907 2478 1960 devotione
2495 1923 2862 1976 prosequere,
2889 1910 2942 1959 et
2969 1906 3029 1959 in
3051 1906 3362 1976 hospitium
3390 1908 3695 1974 divertens,

1998 1993 2127 2030 cum
2166 1977 2262 2049 illa
2293 1977 2508 2040 assiste,
2543 1983 2600 2031 et
2639 1978 2948 2049 obsequere
2979 1977 3253 2046 parienti;
3293 1979 3598 2049 locatoque
3637 1979 3698 2033 in

1997 2048 2277 2118 praesepio
2300 2049 2554 2117 parvulo,
2581 2046 2815 2117 erumpe
2845 2046 2905 2100 in
2927 2063 3119 2100 vocem
3152 2046 3560 2113 exsultationis,
3583 2049 3696 2103 cla-

1996 2135 2159 2172 mans
2193 2135 2320 2172 cum
2353 2118 2496 2172 Isaia
2528 2136 2540 2172 :
2572 2120 2838 2173 Parvulas
2868 2122 3026 2172 natus
3053 2124 3128 2173 est
3147 2119 3320 2186 nobis,
3347 2125 3396 2172 et
3420 2121 3566 2188 ﬁlius
3596 2120 3693 2173 da-

1999 2194 2084 2243 tus
2108 2194 2191 2261 est
2221 2190 2370 2244 nobis
2403 2190 2556 2256 (Isai.
2593 2205 2667 2256 ix,
2699 2192 2776 2261 6).
2795 2189 3160 2261 VAmplectere
3190 2189 3353 2244 dulce
3382 2190 3522 2244 illud
3552 2207 3696 2261 prai-

1998 2260 2241 2331 sepium.
2280 2261 2476 2313 Vincat
2505 2260 2909 2331 verecundiam
2927 2275 3115 2331 amor,
3149 2261 3415 2314 timorem
3446 2260 3697 2331 depellat

1998 2329 2256 2401 affectus,
2275 2334 2338 2383 ut
2369 2330 2761 2384 sacratissimis
2786 2330 3025 2400 pedibus
3055 2329 3196 2401 ﬁgas
3223 2331 3389 2398 labia,
3421 2336 3477 2385 et
3503 2329 3696 2386 oscula

1997 2399 2254 2472 gemines
2283 2404 2323 2454 ³.
2363 2401 2570 2455 Exinde
2618 2399 2920 2472 pastorum
2943 2399 3206 2455 excubias
3238 2408 3427 2456 mente
3473 2407 3696 2472 pertra-

1999 2471 2108 2540 cta,
2138 2473 2489 2541 Angelorum
2523 2473 2835 2526 exercitum
2861 2471 3163 2540 admirare,
3193 2473 3408 2527 ccelesti
3437 2471 3698 2528 melodia:

1998 2547 2124 2597 tuas
2169 2542 2468 2612 interpone
2512 2549 2720 2612 partes,
2753 2543 2920 2596 corde
2964 2542 3132 2596 simul
3173 2549 3228 2596 et
3268 2559 3364 2598 ore
3412 2543 3695 2598 decanta:

1999 2615 2185 2670 Gloria
2217 2617 2273 2667 in
2304 2615 2525 2667 excelsis
2561 2617 2661 2667 Deo
2690 2614 2845 2679 (Luc.
2883 2629 2939 2675 ιι,
2978 2614 3086 2680 lli).

1999 2685 2225 2739 CAPUT
2253 2685 2482 2737 XLVIII.
2515 2713 2582 2724 —
2613 2687 2681 2737 De
2701 2685 2993 2751 Magorum
3019 2684 3351 2750 adoratione,
3377 2686 3516 2753 fuga
3542 2685 3693 2741 Chri-

2067 2757 2142 2809 sti
2185 2756 2241 2807 in
2289 2757 2600 2823 iEgyptum,
2633 2759 2683 2808 et
2729 2754 2794 2806 de
2834 2755 3040 2807 latrone
3087 2755 3162 2808 ad
3204 2757 3410 2810 Christi
3449 2756 3699 2809 dea-trum

2070 2827 2346 2893 cruci/iro.

2073 2896 2196 2949 Noli
2212 2897 2271 2948 in
2288 2900 2384 2948 tua
2405 2893 2774 2948 meditatione
2795 2894 3090 2964 Magorum
3111 2909 3353 2948 munera
3372 2895 3695 2965 praeterire;

1998 2981 2100 3020 nec
2146 2966 2455 3036 fugientem
2488 2965 2548 3018 in
2589 2963 3331 3037 A‘lgyptuini_incomitatum
3362 2963 3621 3037 relinque
3652 2963 3694 3020 ⁸.

1997 3035 2242 3106 Opinare
2283 3052 2480 3089 verum
2529 3051 2648 3088 esse
2695 3036 2848 3106 quod
2877 3035 3104 3102 dicitur,
3136 3052 3268 3106 eum
3314 3053 3344 3090 a
3384 3035 3698 3090 latronibus

1995 3105 2410 3188 deprehensum
2443 3105 2731 3188 innviahet
2755 3105 3157 3188 adolescentuli
3175 3107 3485 3188 cujusdam
3514 3107 3690 3161 bene-

1996 3175 2125 3232 ﬁcio
2158 3182 2442 3248 ereptum.
2488 3177 2616 3248 Erat
2645 3175 2714 3243 is,
2745 3181 2808 3230 ut
2835 3177 3052 3242 dicunt,
3100 3175 3376 3246 principis
3406 3179 3696 3231 latronum

2000 3249 2176 3316 ﬁlius,
2206 3247 2305 3319 qui
2352 3247 2544 3319 prmda
2591 3248 2827 3317 potitus,
2878 3263 3025 3319 cum,
3057 3249 3356 3318 parvulum
3403 3247 3460 3301 in
3500 3248 3698 3302 matris

2001 3317 2239 3390 gremio
2267 3317 2654 3390 comperisset,
2710 3323 2865 3372 tanta
2911 3318 2962 3371 ei
3013 3317 3072 3390 in
3120 3319 3240 3388 ejus
3285 3319 3698 3390 speciosissime

2001 3387 2162 3444 vultu
2177 3387 2494 3461 splendoris
2513 3389 2778 3461 majestas
2795 3387 3079 3461 apparuit,
3097 3387 3160 3442 ut
3177 3387 3499 3460 eum-supra
3517 3389 3700 3444 homi-

1999 3477 2133 3515 nem
2156 3459 2282 3532 esse
2322 3477 2437 3513 non
2470 3459 2784 3532 ambigens,
2817 3460 3159 3532 incalescens
3189 3475 3383 3514 amore
3405 3459 3699 3532 amplexa-7

1999 3535 2092 3585 tus
2121 3531 2192 3584 sit
2226 3548 2378 3585 eum.
2418 3533 2500 3598 Et,
2531 3547 2584 3598 ο,
2619 3530 2826 3600 inquit,
2857 3530 3181 3584 beatissime
3206 3530 3576 3600 parvulorum
3604 3532 3615 3586 ι
3652 3531 3700 3586 si

1999 3602 2306 3672 aliquando
2347 3607 2671 3672 septempus
2713 3601 2984 3672 obtulerit
3023 3600 3163 3672 mihi
3205 3601 3532 3672 miserendi,
3563 3607 3700 3656 tunc

1999 3670 2288 3725 memento
2321 3670 2452 3735 mei,
2479 3675 2532 3723 et
2553 3671 2724 3740 hujus
2747 3670 3020 3740 temporis
3041 3671 3159 3740 noli
3187 3671 3459 3725 oblivisci.
3488 3673 3701 3726 Ferunt

1999 3745 2150 3796 hunc
2178 3757 2298 3795 esse
2344 3739 2644 3805 latronem,
2680 3739 2779 3810 qui
2810 3739 2878 3794 ad
2912 3739 3119 3795 Christi
3150 3741 3442 3795 dexteram
3473 3743 3696 3797 cruciﬁ-

1998 3829 2124 3880 xus,
2148 3829 2276 3866 cum
2299 3812 2542 3865 alterum
2561 3810 3053 3880 blasphemantem
3076 3811 3458 3881 corripuisset,
3479 3813 3694 3881 dicens,

1997 3886 2180 3952 Neque
2210 3889 2268 3937 tu
2299 3885 2447 3936 times
2481 3883 2672 3947 Deum,
2702 3883 2798 3950 qui
2824 3883 2883 3934 in
2913 3883 3096 3936 eadem
3125 3881 3469 3937 damnatione
3495 3899 3548 3938 es
3567 3882 3594 3936 ?
3630 3887 3698 3939 Et

1996 3970 2091 4009 nos
2122 3955 2338 4023 quidem
2361 3954 2544 4020 juste;
2578 3969 2704 4006 nam
2730 3954 2899 4019 digna
2938 3953 3148 4007 damna
3174 3955 3339 4019 factis
3368 3956 3693 4022 recipimus:

1998 4027 2084 4080 hic
2108 4031 2285 4079 autem
2307 4026 2449 4078 nihil
2469 4023 2602 4077 mali
2623 4027 2784 4088 fecit:
2809 4039 3111 4077 conversus
3133 4024 3203 4077 ad
3230 4023 3538 4078 Dominum
3562 4041 3694 4080 eum

1996 4095 2057 4150 in
2089 4095 2185 4149 illa
2215 4112 2342 4166 qua:
2371 4095 2427 4148 in
2447 4095 2696 4166 puerulo
2727 4099 3092 4164 apparuerat,
3123 4093 3351 4148 intuens
3378 4097 3692 4164 majestate,

1996 4167 2146 4238 pacti
2177 4165 2262 4220 sui
2295 4183 2410 4220 non
2441 4165 2762 4232 immemor,
2784 4168 3068 4238 Memento,
3093 4166 3302 4235 inquit,
3325 4169 3428 4220 mei
3457 4182 3574 4220 cum
3603 4183 3693 4238 ve-

1995 4235 2141 4293 neris
2188 4240 2246 4291 in
2289 4253 2512 4306 regnum
2550 4242 2702 4308 tuum
2747 4235 2902 4308 (Luc.
2937 4238 3340 4308 3111,4042).
3389 4238 3582 4308 Itaque
3622 4237 3695 4292 ad

1995 4308 2347 4364 incentivum
2377 4307 2612 4375 amoris,
2647 4323 2762 4360 non
2805 4307 3007 4379 inutile
3039 4307 3286 4379 arbitror
3318 4307 3423 4361 hac
3452 4307 3536 4362 uti
3567 4308 3692 4379 opi-

1995 4381 2189 4439 nione.
2221 4385 2442 4433 remota
2471 4379 2631 4433 omni
2667 4378 2992 4432 afﬁrmandi
3023 4378 3362 4432 temeritate.

2067 4451 2292 4530 CAPUT
2330 4451 2604 4530 XLI_)_(.._—
2633 4453 2718 4530 De.
2742 4450 3182 4530 contemplatione
3212 4451 3416 4530 Christi
3436 4451 3620 4520 pueri.

2067 4523 2348 4576 Praeterea
2393 4520 2613 4574 nihilne
2658 4519 2759 4572 tibi
2809 4519 3099 4573 suavitatis
3151 4520 3396 4574 aestimas
3439 4519 3692 4575 accessu-

1994 4607 2146 4657 rum,
2187 4593 2234 4646 si
2270 4607 2413 4662 eum
2464 4591 2615 4662 apud
2664 4591 2942 4644 Nazareth
2990 4606 3258 4662 puerum,
3291 4591 3442 4644 inter
3486 4608 3694 4662 pueros

1995 4661 2437 4733 contempleris?
2483 4659 2530 4714 si
2559 4660 2967 4733 obsequentem
2999 4660 3189 4733 matri,
3218 4659 3265 4714 si
3294 4659 3558 4733 operanti
3584 4679 3692 4717 nu-

1994 4733 2148 4788 tritio
2180 4731 2536 4787 assistentem
2568 4731 2879 4784 intuearis?
2907 4731 3053 4794 Quid
3084 4731 3132 4784 si
3161 4731 3534 4788 duodennum
3565 4750 3692 4787 cum

1995 4803 2325 4875 parentibus
2345 4803 2756 4875 Jerosolymam
2786 4802 3206 4875 ascendentem,
3230 4807 3286 4856 et
3314 4803 3426 4857 illis
3456 4805 3690 4858 redeun-

1995 4873 2148 4929 tibus
2169 4881 2226 4930 et
2247 4874 2630 4944 nescientibus
2652 4873 2710 4926 in
2735 4873 2871 4926 urbe
2897 4877 3289 4944 remanentem
3315 4891 3418 4944 per
3441 4875 3692 4929 triduum

1995 4962 2121 5000 cum
2152 4951 2332 5000 matre
2357 4943 2690 5016 quaesieris?
2712 4944 2754 4999 Ο
2782 4948 2994 5016 quanta
3020 4943 3183 5016 copia
3205 4943 3384 4999 fluent
3404 4946 3690 5015 lacrymm,

1995 4962 2121 5000 cum
2152 4961 2332 5000 matre
2357 4961 2690 5016 quamensr
2712 4961 2754 4999 U
2782 4961 2994 5068 quanta
3020 4961 3183 5014 copia
3205 4961 3384 4999 nuent
3404 4961 3690 5015 iacrymoe,

1994 5033 2125 5070 cum
2183 5016 2431 5070 audieris
2487 5020 2728 5068 matrem
2832 5013 2964 5085 ulcir
2998 5015 3248 5085 quadam
3307 5016 3692 5085 increpatione

1993 5088 2177 5143 tilium
2229 5088 2638 5151 verberantem,
2672 5087 2798 5150 Fili,
2833 5084 2969 5154 quid
3011 5084 3194 5152 fecisti
3227 5085 3378 5140 nobis
3407 5084 3526 5139 sie?
3553 5087 3694 5141 Ecce

1993 5163 2149 5228 pater
2176 5164 2297 5213 tuus
2334 5163 2383 5212 et
2413 5174 2505 5224 ego
2536 5158 2768 5210 dolentes
2800 5157 3166 5226 qumrebamus
3199 5160 3245 5209 te
3276 5155 3378 5228 (Id.
3415 5173 3471 5221 ιι,
3504 5158 3614 5222 48).

1996 5226 2219 5285 CAPUT
2249 5229 2307 5284 L.
2341 5259 2408 5269 ——
2438 5233 2511 5283 De
2534 5229 2960 5283 consideratione
2983 5229 3256 5296 baptismi,
3273 5226 3481 5295 jejunii
3507 5232 3556 5282 et
3578 5233 3689 5282 ten-

2598 5302 2820 5354 tationis
2859 5297 3086 5356 Christi.
3145 5305 3158 5317 '

2063 5371 2117 5426 Si
2169 5375 2359 5425 autem
2397 5369 2678 5441 virginem
2731 5369 2878 5441 ‘vis
2931 5367 3092 5437 sequi
3134 5383 3498 5440 quocumque
3541 5369 3688 5439 ierit,

2057 5443 2072 5476 ¹
2104 5441 2254 5504 Apud
2283 5436 2546 5499 Anselmi,
2585 5440 2809 5504 Virginis
2834 5436 3026 5504 ﬁlium:

2054 5505 2074 5538 ³
2099 5499 2248 5566 Apud
2282 5504 2534 5566 Anselm.,
2565 5510 2616 5554 ct
2643 5499 3078 5562 oscuta'genibus.
3108 5500 3180 5549 Ac
3207 5501 3366 5564 paulo
3397 5505 3534 5566 post,
3574 5506 3692 5552 tatas

1993 5567 2274 5628 interpone
2304 5579 2509 5628 preces.

2053 5630 2072 5662 3
2099 5623 2249 5691 Apud
2279 5623 2509 5678 Anselm.
2535 5625 2797 5676 sexdecim
2819 5623 3026 5673 circiter
3051 5625 3202 5674 linem
3225 5625 3309 5675 hic
3335 5626 3433 5676 loci
3461 5627 3691 5691 interpo-

1991 5695 2257 5816 minima
2285 5752 2535 5809 Anselm.,
2560 5761 2814 5812 sponsum
2844 5748 3126 5810 virginem.
