4056 6400
263 277 286 332 1
297 277 401 333 46⁸7

266 397 509 452 delectet
535 394 739 450 altiora
767 394 889 465 ejus
922 398 978 449 et
1005 395 1305 450 secretiora
1335 395 1574 450 scrutari
1607 411 1620 449 :
1651 399 1718 450 ut
1745 395 1802 449 in
1832 397 1956 450 Jor-

1809 271 2196 332 APPENDIX.

3623 264 3765 318 1468

2061 398 2148 450 ter
2175 394 2381 461 dicere,
2413 393 2566 469 quod
2599 388 2741 469 dixit
2768 387 2854 444 illi
2881 387 3213 469 paralytico,
3245 387 3629 469 ptmittuntur
3659 385 3766 438 tibi

265 467 430 524 danis
459 465 694 521 ﬂumine
717 457 916 520 audias
941 465 1004 536 in,
1025 481 1159 519 voce
1187 467 1431 532 Patrem,
1455 465 1514 519 in
1536 481 1703 519 carne
1727 465 1954 534 Filium,
2058 471 2280 536 peccata
2310 457 2565 519 tua-Sed
2593 457 2941 536 quicumque
2961 457 3092 536 sine
3121 473 3224 511 suo
3251 458 3469 536 labore,
3503 457 3612 536 vel.
3629 472 3765 536 c_on-

266 539 328 594 in
358 538 619 593 columba
647 537 836 591 videas
863 535 1136 607 Spiritum
1167 540 1444 590 sanctum.
1481 536 1562 590 Ibi
1593 541 1655 590 tu
1685 537 1753 590 ad
1782 536 1955 607 spiri-

269 609 452 663 tuales
498 607 720 662 initiata
772 609 786 644 ²
827 606 1052 678 nuptias
1086 622 1363 678 sponsum
1407 607 1648 678 suscipis
1679 606 1877 661 datum
1924 623 1958 660 a

269 683 453 757 Patre,
485 677 1397 757 purgationem"anFilioLpignus
1425 677 1715 757 amorisa
1745 678 1959 757 Spiritu

272 747 501 806 sanctof
528 747 734 802 Exinde
772 747 1092 802 solitudinis
1118 748 1224 802 tibi
1262 752 1474 802 secreta
1503 747 1957 814 ditavit,_sancti-

272 820 460 876 ﬁcavit
495 819 802 890 jejunium,
833 817 912 872 ibi
948 819 1310 890 subeundum
1351 819 1558 873 docens
1601 835 1730 890 cum
1778 818 1958 872 calido

272 892 436 946 hoste
483 889 823 943 conflictum.
867 890 992 942 Haec
1039 889 1146 942 tibi
1184 890 1350 958 facta,
1382 894 1439 943 et
1477 905 1581 958 pro
1613 894 1667 943 te
1709 889 1873 954 facta,
1906 891 1963 942 et

274 961 564 1033 quomodo
595 961 739 1033 facta
763 959 1066 1033 diligenter
1091 960 1365 1014 attendas.
1401 960 1582 1031 Dilige
1612 975 1645 1013 a
1674 976 1787 1031 quo
1814 960 1962 1014 facta

274 1029 425 1097 s'unt,
459 1035 514 1084 et
542 1030 767 1084 imitare
797 1046 926 1100 quae
966 1029 1110 1082 facta
1138 1034 1288 1083 sunt.

337 1102 559 1158 CAPUT
600 1102 683 1154 LI.
715 1131 783 1140 ——
814 1099 886 1155 De
914 1102 1135 1155 Muliere
1163 1103 1222 1153 in
1250 1099 1519 1154 adulterio
1547 1100 1893 1169 deprehensa.

347 1171 598 1228 Occurrit
615 1172 735 1240 jam
759 1187 910 1224 nunc
935 1170 1226 1224 memoriae
1255 1171 1463 1223 mulier
1487 1171 1582 1223 illa
1610 1171 1963 1238 deprehensa

274 1242 336 1298 in
374 1241 674 1305 adulterio,
709 1247 765 1294 et
791 1243 952 1296 Jesus
1001 1246 1231 1309 rogatus
1276 1241 1634 1308 sententiam,
1666 1241 1802 1311 quid
1829 1255 1962 1311 ege-

275 1313 369 1375 rit,
401 1313 610 1384 quidve
646 1312 851 1366 dixerit
889 1311 1201 1384 recordare.
1235 1311 1375 1366 Cum
1418 1311 1570 1384 enim
1609 1310 1860 1384 scribens
1904 1310 1964 1363 in

277 1382 436 1437 terra
455 1387 711 1437 terrenos
741 1398 856 1446 eos,
882 1397 998 1436 non
1022 1382 1288 1445 ccelestes,
1314 1382 1689 1452 prodidisset;
1718 1383 1821 1448 Qui
1850 1384 1966 1436 sine

275 1458 491 1524 peccato
521 1458 629 1524 test,
664 1452 874 1523 inquit,
904 1456 1137 1506 vestrum
1171 1455 1410 1524 primum
1441 1453 1677 1524 lapidem
1717 1455 1775 1506 in
1811 1454 1966 1507 illam

277 1523 481 1579 mittat.
506 1523 646 1578 Cum
675 1539 809 1577 vero
839 1538 1036 1577 omnes
1063 1523 1338 1577 sententia
1365 1523 1641 1576 tenuisset
1665 1527 1686 1559 ²
1708 1528 1764 1577 et
1791 1538 1964 1592 expu-

277 1595 436 1650 lisset
463 1595 532 1647 de
561 1594 796 1664 templo,
823 1593 1137 1664 imaginare
1158 1609 1330 1664 quam
1355 1593 1478 1663 pios
1500 1595 1692 1646 oculos
1722 1595 1780 1647 in
1805 1593 1966 1647 illam

279 1664 564 1727 levaverit,
599 1680 770 1734 quam
802 1664 1024 1718 dulcem
1055 1680 1154 1716 sua
1198 1667 1334 1717 voce
1363 1664 1700 1718 sententiam
1741 1665 1965 1734 absoluf

278 1735 453 1789 tionis
495 1733 631 1804 ejus
653 1734 974 1805 protulerit.
1010 1736 1156 1788 Puta
1194 1735 1348 1805 quod
1397 1734 1782 1805 suspiraverit,
1815 1733 1968 1804 quod

279 1807 620 1875 lacrymatus
673 1805 764 1870 sit,
814 1821 944 1857 cum
995 1805 1224 1866 diceret,
1266 1807 1436 1875 Nemo,
1480 1811 1528 1858 te
1574 1806 1962 1868 condemnavit,

278 1874 508 1931 mulier?
543 1877 648 1931 Nec
685 1890 777 1941 ego
817 1879 866 1928 te
909 1875 1284 1930 condemnabo.
1328 1874 1501 1937 Felix,
1544 1881 1608 1928 ut
1644 1875 1724 1928 ita
1761 1875 1966 1943 dicam,

279 1947 420 2014 haec,
454 1962 581 2017 quae
605 1945 667 2017 in
691 1945 971 2017 adulterio
1003 1946 1360 2016 deprehensa
1387 1945 1610 2017 mulier,
1641 1962 1768 2016 qua:
1794 1945 1966 2017 etiam

281 2018 350 2072 de
395 2015 700 2088 praeteritis
747 2015 1084 2088 absolvitur,
1109 2031 1313 2088 secura,
1351 2016 1594 2088 efﬁcitur
1635 2015 1701 2088 de
1741 2016 1964 2088 futuris.

278 2086 413 2143 Jesu
448 2087 612 2149 bone,
661 2091 717 2140 te
755 2086 999 2156 dicente,
1027 2102 1134 2141 non
1177 2087 1555 2157 condemnabo,
1595 2087 1721 2157 quis
1759 2087 1967 2157 conde:

279 2158 542 2213 mnabit?
575 2159 720 2212 Deus
749 2157 847 2227 qui
870 2155 1164 2228 justiﬁcat,
1199 2157 1326 2227 quis
1354 2161 1438 2228 est
1464 2156 1564 2228 qui
1593 2155 1970 2211 condemnet?

280 2228 564 2284 Audiatur
602 2228 670 2282 de
708 2227 910 2282 caetero
956 2245 1061 2282 vox
1091 2233 1225 2282 tua:
1286 2227 1452 2295 Vade,
1483 2227 1541 2282 et
1577 2229 1699 2297 jam
1736 2229 1970 2297 amplius

279 2301 393 2355 noli
415 2314 636 2369 peccare
665 2298 838 2368 (Joan.
872 2315 988 2365 VIII,
1019 2300 1099 2368 7).

283 2379 508 2434 CAPUT
540 2379 653 2433 Lll.
681 2409 748 2417 —
773 2378 857 2432 De
886 2379 1105 2432 muliere
1133 2378 1386 2444 lacrymis
1409 2377 1567 2446 pedes
1596 2376 1709 2445 ejus
1737 2378 1967 2444 rigante.

351 2451 471 2504 Jam
495 2464 647 2502 nunc
669 2449 906 2502 domum
927 2448 1226 2518 ingredere
1255 2447 1536 2510 Pharisaei,
1559 2451 1615 2500 et
1636 2447 1971 2518 recumben-

281 2524 399 2575 tem
427 2519 508 2574 ibi
533 2519 839 2573 Dominum
868 2517 1031 2572 tuum
1051 2519 1300 2572 attende.
1327 2518 1540 2572 Accede
1569 2533 1699 2570 cum
1729 2517 1828 2570 illa
1846 2517 1974 2571 bea-

283 2590 503 2646 tissima
533 2591 841 2660 peccatrice
871 2589 939 2642 ad
965 2590 1138 2660 pedes
1165 2590 1320 2660 ejus;
1349 2589 1470 2642 lava
1501 2587 1786 2660 lacrymis,
1805 2593 1970 2660 terge

286 2658 823 2732 capillisfdemulce
870 2658 1104 2732 osculis,
1140 2664 1195 2712 et
1233 2659 1368 2732 fove;
1401 2658 1729 2732 unguentis.
1771 2659 1972 2732 itionne

291 2727 404 2799 jam
430 2729 572 2783 sacri
592 2729 746 2782 illius
775 2729 1011 2799 liquoris
1037 2729 1210 2783 odore
1241 2727 1638 2799 perfunderis?
1658 2728 1714 2783 Si
1744 2727 1845 2782 tibi
1873 2727 1970 2782 ad-

329 2816 399 2856 uc
427 2816 560 2854 suos
589 2804 764 2870 negat
787 2800 980 2870 pedes,
1010 2800 1174 2865 insta,
1199 2816 1319 2860 ora,
1342 2803 1398 2854 et
1420 2799 1972 2870 gravidostlacrymis

287 2871 478 2926 oculos
505 2869 720 2936 attolle,
753 2869 996 2941 imisque
1025 2869 1280 2941 suspiriis
1300 2874 1355 2924 et
1383 2869 1856 2941 inenarrabilibus
1876 2884 1971 2922 ex-

287 2947 489 3014 torque
519 2941 668 3011 quod
689 2940 877 3014 petis.
911 2939 1141 3014 Luctare
1169 2957 1314 3014 cum
1344 2942 1461 3014 Deo
1506 2940 1653 3014 sicut
1682 2939 1978 3014 _.l_acob,_ut

288 3009 509 3084 ipsese
539 3009 1120 3084 igaudéatgsuperari.
1164 3011 1475 3084 Videbitur,
1498 3011 1602 3064 tibi
1649 3009 1978 3084 aliquando,

289 3079 442 3155 quod
472 3079 686 3155 avertat
701 3079 932 3155 ⁸οαιιὶοεξζ
947 3083 1101 3153 quod
1129 3097 1293 3155 aures
1321 3081 1559 3155 claudat,
1585 3079 1981 3155 quod’deside-

288 3152 441 3209 fatos
472 3154 644 3223 pedes
665 3152 987 3207 abscondat.
1014 3155 1098 3207 Tu
1123 3152 1495 3205 nihilominus
1527 3153 1674 3205 insta
1702 3154 1980 3221 opportu-

290 3241 383 3292 ne,
409 3225 773 3293 importune;
804 3224 1004 3290 clama,
1033 3226 1312 3292 Usquequo
1333 3225 1530 3289 faciem
1556 3227 1705 3276 tuam
1731 3223 1933 3293 avertis
1950 3236 1986 3293 a

290 3291 418 3350 me?
446 3291 726 3364 Usquequo
767 3295 1025 3359 clamabo,
1056 3291 1238 3348 etnon
1269 3293 1522 3347 emaudies
1553 3293 1736 3364 4(Psal.
1770 3308 1865 3364 xu,
1894 3291 1986 3364 ηεξ

294 3365 486 3420 Redde
513 3361 675 3430 mihi,
707 3365 836 3417 Jesu
857 3365 1025 3427 bone,
1051 3365 1307 3418 laetitiam
1335 3361 1595 3417 salutaris
1615 3362 1720 3429 tui,
1745 3363 1878 3433 quia
1907 3361 1984 3415 ti-

293 3436 353 3490 bi
381 3434 525 3489 dixit
551 3450 652 3488 cor
680 3448 904 3489 meum:
930 3435 1165 3498 Quaesivi
1190 3436 1386 3500 faciem
1418 3439 1584 3500 tuam,
1615 3435 1810 3498 faciem
1838 3437 1986 3486 tuam

294 3507 571 3575 requiram
622 3505 791 3575 (Psal.
844 3520 990 3568 xxvr,
1047 3506 1130 3569 8).
1195 3506 1356 3559 Certe
1408 3519 1523 3557 non
1592 3503 1825 3575 negabit
1881 3517 1988 3575 pe-

297 3572 396 3631 des
421 3592 552 3629 suos
581 3573 812 3644 virgini,
858 3589 999 3645 quos
1029 3575 1367 3628 osculandos
1396 3573 1640 3644 praebuit
1671 3572 1986 3644 peccatrici.

299 3655 525 3710 CAPUT
567 3653 703 3708 Llll.
742 3682 814 3694 —
858 3657 931 3707 De
969 3655 1271 3722 paralytico
1309 3668 1404 3720 per
1443 3653 1651 3723 tegulas
1688 3654 1896 3706 invecto
1942 3654 1992 3704 et

579 3725 930 3792 corporaliter
965 3726 1442 3794 spiritualiterque
1460 3727 1669 3794 sanato.
1989 3760 1993 3767 .

371 3795 479 3851 Sed
509 3798 566 3849 et
594 3794 831 3848 domum
865 3793 1021 3848 illam
1051 3811 1167 3848 non
1200 3793 1542 3865 praeteribis,
1570 3793 1668 3848 ubi
1695 3807 1798 3865 per
1825 3795 1992 3865 tegu-

301 3868 382 3922 las
410 3866 754 3936 paralyticus
784 3870 912 3936 ante
938 3865 1111 3934 pedes
1134 3862 1256 3936 ejus
1283 3863 1656 3936 submittitur,
1684 3862 1784 3936 ubi
1812 3862 1994 3931 pietas

303 3942 368 4014 et_
384 3933 636 4014 potestas
674 3933 1044 4014 obviaverunt
1085 3933 1370 4014 sibi.‘1_v‘ili,
1401 3933 1608 4014 inquit,
1624 3935 1996 4014 remittuntur

305 4003 405 4062 tibi
445 4012 667 4076 peccata
711 4014 804 4061 tua
852 4008 1062 4076 (Matth.
1104 4024 1176 4074 1x,
1217 4008 1294 4076 2).
1327 4007 1370 4061 Ο
1415 4003 1563 4076 mira
1590 4003 1925 4076 clementia!
1960 4019 1992 4056 o

305 4073 612 4134 indicibilis
671 4073 1085 4131 misericordia!
1129 4073 1362 4146 Accepit
1413 4075 1546 4129 felix
1601 4073 1994 4146 remissionem

303 4153 907 4221 peccatorum,_q_uam
953 4164 1070 4202 non
1117 4145 1485 4221 praecesserat
1537 4145 1832 4221 confessio,
1881 4159 1996 4221 no‘u

304 4213 595 4275 meruerat
619 4213 949 4285 satis-factio,
981 4234 1098 4273 non
1117 4213 1390 4288 exigebat
1419 4215 1708 4288 contritio.
1736 4213 1998 4288 Corporis

310 4291 551 4345 salutem
581 4290 832 4360 petebat,
861 4305 973 4342 non
1005 4285 1259 4360 animae}
1283 4293 1341 4342 et
1367 4287 1606 4360 salutem
1633 4285 1845 4360 recepit
1873 4301 1996 4338 cor-

307 4361 465 4432 poris
490 4365 546 4414 et
581 4357 819 4432 animai.
844 4361 1005 4423 Vere,
1038 4358 1295 4426 Domine,
1328 4357 1445 4411 vita
1473 4357 1533 4432 in
1563 4358 1850 4432 voluntate
1877 4361 1994 4410 tua.

305 4426 362 4486 Si
393 4431 705 4486 decreveris
745 4429 958 4482 salvare
989 4444 1115 4498 nos,
1147 4445 1259 4482 non
1291 4433 1376 4482 est
1403 4427 1504 4498 qui
1552 4427 1759 4498 audeat
1788 4426 1996 4493 dicere,

309 4505 421 4557 Cur
444 4502 524 4555 ita
551 4499 688 4554 facis
705 4498 733 4553 ?
753 4499 1058 4564 Pharisaae,
1082 4516 1114 4553 a
1134 4503 1192 4570 te
1209 4499 1342 4570 quid
1374 4497 1745 4570 murmurast
1774 4513 1847 4551 an
1867 4511 1998 4570 ocu-

311 4574 397 4627 lus
426 4577 558 4626 tuus
589 4586 836 4642 nequam
885 4575 987 4637 est,
1021 4570 1155 4640 quia
1182 4567 1304 4640 ipse
1334 4570 1516 4624 bonus
1545 4571 1671 4623 est?
1701 4569 1862 4642 Certe
1892 4567 2001 4642 mi-

313 4647 530 4697 seretur
558 4641 649 4695 cui
669 4638 914 4696 voluerit
939 4661 953 4707 ;
975 4638 1262 4712 ploremus
1291 4645 1346 4695 et
1371 4656 1598 4694 oremus
1626 4644 1691 4694 ut
1715 4638 1868 4712 velit.
1895 4640 2001 4712 Bo-

313 4715 400 4769 nis
415 4713 586 4768 etiam
607 4712 871 4782 operibus
889 4709 1225 4782 pinguescat
1244 4712 1447 4776 oratio,
1471 4714 1746 4782 augeatur
1761 4709 1999 4782 devotio,

314 4783 540 4838 dilectio
571 4780 868 4838 excitetur.
889 4780 1185 4837 'Leventur
1213 4798 1372 4851 purae
1403 4780 1606 4836 manus
1631 4780 1691 4834 in
1722 4780 2000 4851 oratione,

315 4871 457 4926 quas
493 4869 608 4926 non
651 4853 880 4926 sanguis
917 4849 1294 4908 immunditiaz
1310 4851 1634 4926 maculavit,
1649 4849 2007 4926 tactusillici-

315 4922 407 4979 fus
437 4940 558 4979 non
587 4922 839 4994 foedavit,
870 4939 982 4978 non
1011 4923 1362 4994 exasperavit
1390 4922 1936 4994 avaritiachvetuc
1951 4923 2007 4972 et

313 5012 409 5050 cor
438 4995 560 5048 sine
588 4994 672 5047 ira
703 4999 758 5047 et
791 4991 1220 5065 disceptatione,
1254 4994 1404 5065 quod
1429 4991 1818 5065 tranquillitas
1843 4991 2005 5065 seda:

313 5066 555 5136 vit,an
583 5064 924 5135 composuit,
945 5060 1166 5135 puritas
1195 5060 1551 5119 conscientiae
1577 5060 1868 5136 animavit.
1900 5060 2008 5136 Sed

315 5130 463 5191 nihil
497 5130 1084 5206 horum-paralyticus
1113 5136 1216 5189 iste
1255 5136 1464 5206 legitur
1507 5130 2009 5206 prmmis_isse,_qui

315 5213 506 5262 tamen
530 5203 1156 5275 legitur'remissionem
1179 5203 1539 5276 peccatorum
1561 5203 1854 5276 meruisse.
1882 5203 2010 5276 [iam

315 5283 399 5332 est
426 5272 730 5331 ineffabilis
760 5277 881 5347 ejus
911 5272 1314 5332 misericordiae
1361 5276 1561 5347 virtus,
1595 5274 1686 5327 cui
1715 5272 1858 5326 sicut
1888 5272 2008 5347 bla-

318 5349 623 5418 sphemum
646 5353 728 5401 est
752 5343 1045 5417 derogare,
1074 5349 1152 5401 ita
1173 5353 1228 5401 et
1254 5348 1361 5418 hoc
1385 5345 1492 5418 sibi
1512 5359 1858 5418 praesumere
1873 5343 2009 5418 stul-

318 5412 621 5473 tissimum.
657 5420 850 5472 Potest
886 5412 1225 5490 cuicumque
1254 5416 1376 5470 vult
1401 5412 1532 5469 hoc'
1554 5415 1742 5486 ipsum
1773 5412 2011 5467 efﬁcaci-

388 5525 402 5558 ¹
435 5523 587 5585 Apud
615 5522 868 5585 Auselm.,
894 5525 1131 5585 invitata.

382 5577 564 5647 2Ap'ud
580 5577 878 5647 Anselmao'
889 5587 1034 5634 mira
1046 5589 1096 5633 et
1108 5579 1560 5647 inexstinguibtlis
1574 5578 1773 5647 Christi
1787 5577 2015 5647 benigni:

323 5650 410 5696 tas
431 5642 636 5706 tOuam
662 5646 1015 5708 condemnare
1031 5647 1188 5706 juste
1211 5642 1402 5708 potuit,
1424 5642 1642 5708 adverte
1670 5653 1839 5708 quam
1858 5645 1947 5702 pie
1970 5643 2016 5708 et

325 5701 497 5772 quani
509 5711 668 5758 caute
692 5707 951 5758 liberavit.
980 5701 1112 5757 Cum
1133 5701 1271 5756 enim
1289 5717 1465 5756 omnes
1482 5701 1741 5754 sententia
1764 5701 2012 5753 trivisset.

2061 526 2314 602 tritione,
2349 537 2436 588 vel
2478 526 2866 596 confessione;
2895 530 2979 584 vel
3011 529 3184 602 etiam
3214 529 3472 602 oratione
3504 526 3617 582 sibi
3653 527 3766 580 hoc

2063 599 2365 731 picendu‘m
2397 606 2715 675 exspectat;
2747 615 3044 672 nunquam
3077 600 3127 654 ei
3155 599 3523 673 remittemur
3549 612 3766 668 pecca-

2089 695 2120 731 a
2150 694 2268 731 sua.
3019 720 3021 724 Α

2089 695 2120 731 8
2150 694 2268 731 sua.

2065 756 2289 811 CAPUT
2319 755 2451 810 LIV.
2483 781 2552 795 —
2582 755 2656 808 De
2678 754 2974 822 receptione
3001 752 3214 807 Christi
3250 752 3308 804 in
3346 749 3499 804 domo
3529 747 3769 804 Martha:

2761 828 2809 877 et
2838 824 3049 878 Mariae.

2135 895 2245 952 Sed
2274 895 2597 949 exeundum
2626 897 2711 947 est
2756 893 2912 962 hinc,
2960 897 3016 946 et
3045 891 3113 945 ad
3155 889 3486 962 Bethaniam
3524 888 3771 962 venien-

2065 967 2226 1034 dum,
2267 965 2366 1020 ubi
2415 963 2791 1019 sacratissima
2838 959 3052 1017 foedera
3100 961 3365 1034 amicitiae
3419 959 3768 1034 auctoritate

2067 1030 2296 1093 Domini
2326 1039 2746 1090 consecrantur.
2784 1034 3069 1104 Diligebat
3100 1032 3446 1104 enim_Jesus
3478 1030 3769 1104 Martham

2068 1113 2125 1163 et
2153 1107 2407 1172 Mariam,
2439 1110 2495 1160 et
2520 1108 2814 1173 Lazarum,
2839 1099 2990 1174 quod
3014 1102 3312 1174 hospitalis
3332 1099 3622 1174 amicitiae,
3647 1115 3770 1174 qua

2068 1178 2151 1233 illi
2175 1169 2531 1232 familiariori
2551 1169 2917 1230 adhaerebant
2944 1169 3164 1237 affectu,
3195 1172 3436 1226 detineri
3456 1187 3630 1225 nemo
3659 1169 3769 1240 qui

2069 1248 2321 1319 ambigat
2362 1251 2401 1302 ί.
2449 1249 2638 1302 Testes
2687 1251 2820 1319 sunt
2856 1245 3119 1319 lacry'mai
3149 1243 3262 1297 illae
3301 1243 3513 1319 dulces,
3547 1241 3770 1311 quibus

2069 1316 2411 1390 lacrymatus
2441 1322 2524 1390 est
2551 1333 2680 1371 cum
2716 1316 3180 1390 lacrymantibus,
3214 1330 3355 1390 quas
3376 1318 3539 1390 totus
3570 1327 3768 1390 popu-

2070 1391 2158 1446 lus
2187 1382 2409 1443 'amoris
2446 1382 2855 1459 interpretatur
2888 1385 3185 1440 indicium.
3220 1385 3431 1459 Videte,
3464 1382 3766 1459 inquiunt,

2072 1461 2331 1531 quomodo
2358 1460 2582 1531 amabat
2598 1453 2764 1524 'eum;
2799 1462 2849 1510 et
2876 1472 2988 1511 ecce
3013 1459 3221 1525 ponunt
3247 1457 3298 1508 ei
3340 1453 3672 1531 coenamibi,
3716 1456 3770 1506 et

2071 1523 2292 1587 Martha
2309 1529 2674 1584 ministrabat.
2691 1523 2932 1582 Lazarus
2953 1523 3130 1580 autem
3151 1531 3268 1579 erat
3286 1539 3425 1578 unus
3440 1539 3506 1577 ea:
3527 1523 3773 1576 discum-

2000 1654 2002 1656 ,
2075 1603 2332 1656 bentibus.
2366 1603 2545 1655 Maria
2568 1605 2746 1652 autem
2774 1601 3005 1667 snmpsit
3033 1597 3368 1650 alabastrum
3395 1596 3685 1661 unguenti,
3707 1597 3773 1667 ret

2071 1676 2248 1740 fracto
2269 1671 2543 1726 alabastro
2568 1670 2762 1738 effudit
2785 1666 2946 1737 super
2973 1671 3136 1740 caput
3159 1668 3297 1740 ,Iesu
3328 1667 3512 1734 (Joan.
3544 1666 3725 1740 x1,_3_6
3752 1679 3768 1728 ;

2072 1734 2167 1811 xu,
2214 1746 2268 1808 2,
2323 1743 2398 1810 3).
2449 1734 2661 1806 Gaude,
2712 1734 2939 1811 quaeso,
2977 1734 3110 1811 huic
3155 1737 3437 1811 interesse
3476 1734 3774 1811 convivio,

2075 1804 2433 1884 singulorum
2467 1804 2752 1880 distingue
2794 1809 2998 1862 ofﬁcia.
3046 1808 3262 1862 Martha
3300 1805 3606 1868 ministrat,
3649 1804 3776 1859 dis-

2075 1884 2292 1938 cumbit
2321 1883 2579 1938 Lazarus.
2613 1880 2777 1938 unlzit
2803 1880 2993 1934 Maria.
3027 1879 3140 1932 Hoc
3169 1878 3442 1931 ultimum
3470 1882 3633 1930 tuum
3660 1879 3774 1928 est.

2077 1897 2292 1938 cummt
2321 1897 2579 1946 Lazarus,
2613 1897 2777 1950 ungit
2803 1897 2993 1934 maria.
3029 1897 3140 1932 nec
3169 1897 3442 1931 Ultimum
3470 1897 3633 1930 Illum
3660 1897 3774 1928 est.

2077 1957 2294 2024 Frange
2335 1949 3130 2024 igiturtalabastrum_cordis_,
3180 1947 3550 2024 e_t_quidquid
3592 1947 3778 2024 habes

2079 1965 2294 2024 Frange
2335 1965 2512 2022 igitur
2538 1965 2884 2005 alabastrum
2925 1965 3130 2013 cordis,
3180 1965 3236 2001 et
3314 1965 3550 2017 moqum
3592 1965 3778 1999 naoes

2076 2024 2410 2097 devotionis,
2435 2021 2713 2097 quidquid
2734 2020 2964 2097 amoris,
2989 1965 3574 2097 quidquidliiesiderii,
3600 2015 3778 2097 quid-

2077 2095 2215 2167 quid
2269 2088 2812 2170 atfectionis,_totum
2857 2088 3084 2170 etlunde
3115 2088 3522 2170 super‘sponsi
3549 2088 3639 2170 tui
3677 2103 3783 2140 ca-

2117 2171 2200 2234 ut,
2232 2167 2472 2220 adorans
2499 2164 2561 2218 in
2600 2164 2713 2217 Deo
2752 2161 3069 2234 hominem,
3105 2158 3250 2234 etin
3294 2158 3532 2234 homine
3560 2158 3772 2212 Deum.

2117 2183 2200 2234 ιιι,
2232 2183 2472 2220 adorans
2499 2183 2561 2218 1n
2600 2183 2713 2217 U80
2752 2183 3069 2225 nomlnem,
3105 2183 3160 2215 cl.
3189 2183 3250 2213 lu
3294 2183 3532 2214 uuuuuu
3560 2183 3772 2212 neum.

2076 2183 2136 2292 gi
2191 2237 2403 2301 fremit,
2436 2234 2483 2288 si
2533 2237 2876 2296 murmurat,
2908 2232 2954 2285 si
3007 2231 3242 2293 invidet,
3269 2229 3316 2301 si
3346 2229 3613 2299 proditor
3641 2243 3778 2301 per-

2077 2307 2355 2362 ditionem
2376 2298 2535 2359 vocat
2563 2304 2941 2368 devotionem,
2973 2318 3087 2355 non
3110 2302 3180 2354 sit
3200 2300 3303 2354 tibi
3328 2298 3500 2354 curae.
3537 2298 3774 2367 thuid,

2078 2378 2177 2444 ait,
2198 2379 2433 2447 perditio
2454 2377 2560 2430 hac
2582 2377 2610 2430 Ι
2637 2379 2816 2447 Posset
2833 2376 3287 2447 hoc_unguentum
3307 2369 3780 2447 venundari_mul-

2080 2454 2151 2514 to,
2165 2439 2226 2502 et
2245 2449 2372 2502 dari
2393 2446 2725 2518 pauperibus
2747 2448 2766 2499 !
2787 2439 3104 2518 Pharism'us
3135 2446 3476 2518 murmumt,
3493 2439 3778 2518 invidens

2077 2511 2427 2590 pmnitentii
2449 2511 2769 2590 murmurat
2810 2515 2997 2590 ludas,
3045 2512 3307 2566 invidens
3345 2511 3612 2590 effusioni
3658 2525 3778 2563 un-

2077 2581 2297 2661 guenti.
2328 2589 2432 2661 sed
2470 2588 2644 2661 judex
2675 2586 3090 2661 accusationem
3121 2599 3239 2661 non
3275 2581 3500 2652 recipit,
3515 2597 3776 2661 accusa-

2077 2654 2194 2715 tam
2225 2654 2487 2714 absolvit:
2520 2660 2711 2722 Sinite,
2743 2656 2950 2726 inquit,
2982 2655 3153 2708 illam.
3174 2657 3399 2726 Bonum
3437 2654 3582 2726 enim
3637 2665 3779 2726 opus

2078 2735 2300 2800 operata
2348 2734 2426 2784 est
2457 2732 2516 2782 in
2564 2743 2645 2800 me
2688 2723 2876 2800 (Marc.
2909 2741 3020 2790 x1v,
3069 2724 3211 2800 4—_6).
3266 2723 3783 2800 Laboret_Ma_rtha,

2081 2792 2389 2865 ministret,
2412 2803 2575 2869 paret
2594 2792 2910 2869 hospitium
2927 2795 3269 2869 peregrino,
3280 2792 3554 2869 esurienti
3565 2792 3788 2869 cibum,

2083 2876 2296 2926 vestem
2326 2863 2556 2940 algenti.
2605 2863 2720 2938 Ego
2749 2867 2901 2920 solus
2929 2863 3141 2940 Mariae,
3174 2869 3232 2940 et
3257 2865 3356 2940 illa
3382 2863 3525 2917 mihi
3550 2879 3564 2916 :
3595 2866 3788 2940 totum

2127 2947 2336 3006 raestet,
2365 2935 2520 3010 quod
2542 2935 2749 3003 habet;
2781 2954 2815 3010 a
2837 2953 2927 2990 me
2959 2935 3445 3010 quidquid‘optat,
3477 2936 3790 3010 exspectet.

2132 3013 2231 3067 uid
2253 3003 2448 3066 enim?
2483 3012 2638 3065 Tunc
2669 3008 2856 3064 Marias
2884 3003 3135 3061 consulis
3161 3003 3566 3076 relinquendos
3585 3003 3794 3076 pedes,

2087 3074 2236 3154 quos
2260 3087 2376 3154 tam
2393 3081 2633 3154 dulciter
2656 3078 2982 3133 osculatur?
3003 3074 3560 3154 avertendos—“oculos
3583 3074 3792 3154 ab_illa

2090 3144 2504 3225 speciosissima
2524 3150 2673 3225 _facie
2700 3164 2873 3225 quam
2903 3147 3368 3225 contemplaturftl
3398 3144 3791 3225 amovendum

2092 3215 2350 3278 a'uditum
2387 3223 2458 3276 ab
2488 3222 2610 3291 ejus
2641 3215 2798 3274 suavi
2828 3234 3091 3272 sermone
3122 3215 3236 3287 quo
3266 3215 3570 3270 reﬁcitur?

2095 3303 2319 3360 CAPUT
2352 3303 2436 3356 LV
2495 3331 2564 3340 —
2604 3301 2686 3354 De
2719 3302 2965 3366 ingressu
2994 3298 3200 3352 Christi
3228 3298 3288 3349 in
3321 3295 3628 3351 Jerusalem
3653 3309 3791 3362 pue-

2396 3374 2478 3426 ris
2501 3370 2942 3436 acclamantibus,
2977 3367 3326 3432 HOSANNA,
3361 3371 3469 3419 etc.

2167 3443 2276 3498 Sed
2300 3442 2420 3511 jam
2451 3446 2747 3510 surgentes
2777 3435 2972 3511 eamus
3001 3437 3152 3491 hinc.
3184 3437 3323 3511 Qtlo,
3356 3435 3591 3511 inquis?
3622 3435 3793 3511 certe

2096 3519 2157 3568 ut
2179 3504 2519 3567 insidentem
2553 3504 2724 3564 asello
2754 3509 2879 3562 εωὶί
2905 3513 3188 3578 terraeque
3223 3504 3528 3561 Dominum
3555 3504 3792 3578 comite-

2097 3585 2196 3651 ris,
2228 3588 2385 3637 tanta
2416 3581 2540 3636 ﬁeri
2570 3597 2674 3652 pro
2705 3586 2759 3634 te
2796 3575 3219 3652 obstupescens,
3253 3575 3790 3652 pguerorum_tau_di-

2098 3646 2204 3710 bus
2229 3659 2354 3707 tuas
2386 3646 2599 3706 inseras
2627 3653 2877 3706 clamans
2907 3646 3214 3703 et'dicens:
3248 3646 3505 3702 Hosanna
3530 3647 3644 3715 ﬁlio
3675 3646 3796 3699 Da-

2100 3726 2198 3782 vid
2220 3725 2522 3778 benedictus
2552 3725 2647 3792 qui
2674 3724 2818 3776 venit
2845 3724 2903 3775 in
2930 3722 3139 3792 nomine
3166 3719 3386 3772 Domini
3413 3717 3630 3792 (Matth.
3673 3732 3791 3792 xxi,

2102 3801 2172 3863 9).
2205 3797 2325 3850 lam
2357 3811 2508 3849 nunc
2552 3787 2791 3848 ascende
2829 3807 2960 3845 cum
2989 3806 3056 3863 eo
3091 3790 3152 3842 in
3182 3790 3536 3863 caenaculum
3569 3787 3795 3858 grande

2101 3859 2362 3933 stratum,
2411 3871 2468 3920 et
2497 3863 2759 3919 salutaris
2783 3877 2959 3916 coenae
3004 3861 3278 3914 interesse
3323 3859 3540 3913 deliciis
3589 3863 3797 3929 gratu-

2101 3939 2238 3993 lare.

2103 4016 2328 4071 CAPUT
2389 4014 2518 4068 LVI.
2576 4043 2641 4052 -—
2701 4012 2778 4066 De
2829 4025 2975 4065 ccena
3028 4011 3247 4065 Domini
3301 4013 3351 4062 et
3401 4008 3559 4062 rebus
3612 4008 3672 4060 in
3729 4023 3799 4062 ea

2850 4083 3033 4150 gestis.

2175 4156 2372 4210 Vincat
2472 4147 2872 4208 verecundiam
2948 4165 3127 4214 amor,
3186 4147 3458 4203 timorem
3535 4147 3801 4203 excludat

2105 4228 2337 4282 affectus
2361 4242 2373 4280 :
2395 4228 2458 4279 ut
2480 4226 2678 4278 saltem
2692 4223 2760 4278 de
2783 4221 2942 4276 micis
2963 4236 3175 4275 mensa:
3195 4219 3350 4274 illius
3371 4220 3798 4289 eleemosynam

2103 4299 2358 4380 prebeat
2387 4294 2753 4380 mendicanti.
2780 4293 2879 4380 Vel
2908 4294 3138 4380 alonge
3163 4294 3268 4372 sta,
3300 4295 3356 4372 et
3384 4289 3548 4380 quasi
3573 4305 3803 4380 p‘auper

2106 4361 2410 4423 intendens
2430 4366 2489 4420 in
2519 4365 2775 4431 divitem,
2803 4369 2869 4417 ut
2897 4363 3108 4433 aliquid
3140 4362 3382 4433 accipias
3413 4361 3650 4414 extende
3678 4377 3805 4414 ma-

2107 4455 2270 4503 num,
2287 4440 2494 4492 famem
2514 4436 2778 4505 lacrymis
2795 4432 3148 4505 prode.’Cum
3171 4432 3289 4502 jam
3311 4447 3550 4505 surgens
3565 4447 3601 4505 a
3635 4447 3804 4485 ccena

2111 4501 2283 4564 linteo
2323 4525 2380 4562 se
2413 4501 2730 4578 praecinxit,
2753 4501 3054 4576 posuitque
3085 4501 3389 4578 aquam_in
3425 4501 3663 4578 pelvim,
3708 4518 3805 4578 οό-

2110 4581 2226 4652 gita
2254 4595 2383 4650 qua:
2413 4572 2694 4652 maj‘estas,
2719 4572 2859 4652 quae
2885 4572 3458 4652 potestas’hominu‘m
3489 4572 3668 4652 pedes
3699 4572 3804 4625 ab-

2112 4642 2217 4706 luit
2238 4642 2294 4704 ei
2317 4642 2592 4720 extergit:
2626 4642 3102 4720 quae—benignitas
3132 4642 3434 4720 proditoris
3459 4642 3695 4720 vestigia
3719 4659 3808 4696 sa-

2113 4722 2220 4776 cris
2241 4713 2506 4774 manibus
2535 4713 2736 4787 tangit.
2762 4713 2963 4786 Specta
2992 4720 3048 4768 et
3073 4713 3354 4787 exspecta,
3377 4717 3433 4767 et
3454 4713 3660 4787 ultima
3681 4729 3807 4767 om-

2113 4792 2273 4864 nium
2301 4796 2428 4844 tuos
2442 4789 2530 4864 _ei_
2557 4784 2748 4864 praebe
2779 4784 3124 4842 abluendos:
3160 4784 3295 4864 quia
3324 4799 3498 4864 quem
3529 4784 3668 4864 ipseA
3682 4800 3807 4864 non

2111 4863 2267 4929 lavit,
2299 4877 2414 4915 non
2442 4853 2673 4914 habebit
2715 4865 2933 4929 partem
2967 4871 3092 4929 cum
3116 4853 3213 4929 eo.
3259 4853 3403 4929 Quid
3434 4853 3806 4929 modo__festi-

2113 4950 2216 4988 nas
2237 4924 2427 4987 exire?
2447 4931 2671 4986 Sustine
2691 4924 3009 4998 paululum.
3031 4926 3268 4998 Videsne
3290 4924 3672 4998 quisnamille
3696 4929 3806 4998 est,

2114 5020 2251 5074 rogo
2273 5008 2348 5067 te,
2372 5002 2470 5074 qui
2503 5017 2675 5074 supra
2693 4994 3035 5074 pectusejus
3051 4994 3349 5074 recumbit,
3370 5000 3424 5048 et
3446 4995 3512 5074 in
3529 4994 3656 5048 sinu
3680 4995 3810 5074 ejus

2115 5065 2283 5144 caput
2315 5065 2598 5126 reclinat?
2631 5065 2781 5125 Felix
2811 5065 3160 5144 quicumque
3202 5067 3296 5120 ille
3342 5071 3444 5120 est.
3477 5065 3810 5144 Q.e_cee_vi-

2116 5083 2283 5144 caput
2315 5083 2598 5126 reclinat?
2631 5083 2781 5125 r'enx
2811 5083 3160 5191 qu1cumq)ue
3202 5083 3296 5120 me
3342 5083 3444 5120 εει.
3477 5083 3519 5120 υ
3554 5083 3683 5118 ecce
3721 5083 3810 5118 v1-

2116 5146 2242 5204 deo.
2273 5145 2517 5198 Joannes
2545 5146 2630 5195 est
2654 5155 2866 5193 nomen
2887 5139 3028 5208 ejus.
3108 5139 3384 5208 Joannes,
3407 5135 3543 5208 quid
3558 5136 3649 5208 ibi
3675 5135 3810 5208 dul-

2116 5215 2350 5275 cedinis,
2384 5213 2519 5283 quid
2549 5210 2831 5283 gratisnet
2859 5206 3168 5283 suavitatis,
3198 5207 3346 5283 _quid_
3352 5206 3602 5283 luminis
3628 5210 3686 5259 et
3714 5207 3815 5260 de—

2117 5285 2361 5340 votionis
2391 5277 2459 5337 ab
2490 5277 2587 5335 illo
2609 5279 2870 5334 hauriam
2901 5280 3072 5343 fonte,
3105 5277 3294 5332 dicito.
3325 5277 3410 5331 lbi
3437 5280 3586 5330 certe
3609 5292 3818 5330 omnes

2117 5355 2370 5410 thesauri
2402 5352 2695 5423 sapientia?
2723 5355 2779 5403 et
2808 5349 3090 5423 scientiae;
3117 5349 3196 5401 ibi
3225 5348 3350 5402 fons
3377 5346 3819 5423 misericordiae,

2119 5417 2484 5482 domicilium'
2503 5421 2748 5492 pietatis,
2777 5426 2829 5492 et
2858 5421 3024 5492 favus,
3046 5425 3272 5492 aeternae
3305 5417 3619 5492 suavitatis.
3650 5417 3819 5492 Unde

2118 5497 2244 5566 tibi,
2267 5513 2299 5550 ο
2327 5487 2572 5551 Joannes
2594 5492 2784 5546 omnia
2810 5491 2918 5546 ista
2935 5493 2963 5546 ?
2983 5489 3271 5559 Numquid
3296 5494 3358 5543 tu
3385 5487 3688 5543 sublimior
3716 5490 3822 5543 Pe-

2184 5638 2199 5671 ι
2232 5635 2270 5685 A
2291 5635 2378 5683 iud
2412 5631 2661 5686 Anselm.,
2691 5629 2830 5694 quod
2855 5629 2927 5680 ad
2953 5627 3177 5690 speciale
3201 5628 3445 5677 amicitia?
3468 5625 3822 5689 privilegium

2184 5711 2224 5748 ιο
2253 5650 2395 5750 illi...
2425 5695 2620 5747 dictant
2646 5706 2798 5744 nemo
2825 5694 2903 5744 est
2927 5691 3023 5750 qui
3044 5690 3292 5750 ambigat.

2121 5711 2224 5762 quo
2253 5690 2395 5750 illi...
2425 5695 2620 5747 dictant
2646 5690 2798 5744 nemo
2825 5694 2903 5744 est
2927 5691 3023 5755 qui
3044 5690 3292 5750 ambigat.
