4056 6380
136 271 158 322 ι
172 271 295 326 469

127 397 813 482 ξςο,ῄλξηάι·εςθὶεεροῐίοιξ,
848 397 1066 482 caeteris
1097 397 1365 482 omnibus
1393 398 1676 480 Apostoiis
1713 416 1844 482 gra-

127 465 304 542 tior?
328 466 581 542 Speciale
610 467 718 542 hoc
750 467 1089 538 virginitatis
1109 465 1496 542 privilegium,
1529 470 1666 540 quia
1687 465 1844 542 virgo

130 551 207 590 es
244 539 457 592 electus
495 555 528 592 a
552 538 816 604 Domino,
850 543 1158 609 antequam
1189 540 1300 594 ires
1323 538 1460 594 cum
1484 538 1674 595 matre
1704 538 1844 596 dile-

130 613 280 684 ct_us
311 611 349 663 ί.
394 610 517 684 tam
561 609 966 684 misericordiae
998 611 1448 684 exsulta,rvirgo,
1493 612 1691 684 accede
1723 628 1847 684 pro-

131 679 309 753 pius,
342 685 399 734 et
426 680 679 753 aliquam
707 680 810 734 tibi
836 681 1005 753 hujus
1036 679 1694 753 dulcedinisportionem
1723 679 1846 737 vin—

133 750 358 822 dicare,
378 766 494 805 non
524 751 772 805 differas.
826 751 883 806 Si
913 752 983 805 ad
1015 752 1236 822 potiora
1266 750 1388 806 non
1408 759 1593 822 potes,
1625 754 1848 808 dimitte

132 821 364 875 Joanni
406 826 622 892 pectus,
678 821 777 876 ubi
810 838 942 875 eum
975 821 1171 876 vinum
1203 821 1424 877 laetitiae
1448 824 1508 878 in
1538 824 1850 878 divinitatis

136 892 485 964 cognitione
511 892 758 947 inebriet
789 909 800 946 :
827 898 888 946 tu
919 909 1152 964 currens
1171 894 1242 947 ad
1263 893 1439 948 ubera
1457 895 1849 964 humanitatis,

140 963 244 1034 Iac
295 963 573 1034 exprime,
629 980 743 1034 quo
785 963 1075 1018 nutriaris.
1113 965 1262 1017 Inter
1309 964 1430 1018 haec
1474 965 1853 1019 sacratissima

141 1033 258 1088 illa
279 1033 538 1088 oratione
566 1033 876 1104 discipulos
895 1035 1302 1088 commendans
1333 1035 1487 1089 Patri
1515 1036 1850 1100 dixerit,Pa-

143 1109 260 1172 ter,
283 1120 441 1159 serva
463 1120 547 1176 eos
568 1108 628 1158 in
655 1107 864 1176 nomine
897 1111 1017 1173 tuo;
1052 1105 1262 1160 inclina
1290 1110 1452 1160 tuum
1483 1112 1666 1176 caput,
1706 1112 1772 1161 ut
1799 1111 1854 1161 et

144 1180 222 1229 tu
248 1175 519 1229 merearis
545 1175 765 1241 audire,
795 1177 923 1231 Volo
952 1180 1011 1229 ut
1041 1176 1136 1229 ubi
1154 1191 1272 1230 sum
1297 1192 1410 1246 ego,
1441 1182 1490 1231 et
1518 1175 1604 1232 illi
1622 1179 1731 1232 sint
1751 1193 1856 1232 me-

142 1261 284 1300 cum
318 1246 509 1313 (Joan.
540 1263 672 1314 xvu,
710 1250 792 1309 Il.
826 1248 937 1312 24).

191 1318 424 1373 CAPUT
465 1318 617 1371 LVII.
652 1347 720 1356 —
748 1321 821 1371 De
861 1319 1066 1373 Christi
1107 1319 1306 1386 agonia
1333 1320 1390 1373 in
1418 1323 1593 1373 monte
1625 1319 1820 1374 Otiveti

232 1389 568 1460 Bonumest
591 1387 695 1441 tibi
732 1388 823 1460 hic
850 1404 990 1460 esse.
1019 1388 1125 1443 Sed
1155 1389 1479 1444 exeundum
1509 1394 1612 1456 est,
1649 1405 1854 1460 praece-

147 1457 247 1512 dit
276 1458 399 1530 ipse
419 1458 489 1512 ad
519 1463 773 1530 montem
796 1459 1086 1530 0liveti,tu
1117 1475 1372 1530 sequere.
1395 1462 1458 1514 Et
1484 1461 1617 1515 licet
1644 1457 1857 1514 assum-

147 1533 262 1599 pto
304 1529 468 1584 Petro
497 1534 554 1583 et
580 1529 803 1584 duobus
831 1529 963 1584 ﬁliis
992 1529 1247 1584 Zebedaei
1277 1531 1346 1585 ad
1372 1536 1586 1585 secreta
1615 1547 1856 1586 secesse-

148 1599 268 1672 rit;
294 1601 382 1653 vel
413 1617 444 1652 a
467 1600 638 1672 longe
659 1600 902 1672 intuere,
925 1601 1212 1672 quomodo
1239 1601 1300 1655 in
1321 1618 1380 1656 se
1405 1608 1660 1656 nostram
1679 1606 1858 1656 trans-

149 1670 299 1726 tulit
316 1670 727 1742 necessitatem.
744 1671 882 1725 Vide
895 1670 1185 1742 quomodo
1199 1672 1482 1742 ille,cujus
1495 1678 1628 1726 sunt
1643 1673 1856 1739 omnia,

152 1756 373 1812 pavere
403 1740 607 1810 incipit
647 1747 702 1795 et
741 1740 968 1809 taedere,
1021 1745 1214 1797 Tristis
1245 1748 1323 1797 est
1365 1740 1551 1797 anima
1597 1760 1734 1804 mea.
1769 1745 1855 1796 in-

154 1811 390 1937 ?)uiens,
423 1827 592 1880 usque
623 1813 696 1866 ad
718 1818 940 1894 mortem
972 1815 1185 1894 illiatth.
1220 1830 1367 1894 xxvr,
1392 1814 1501 1884 38).
1542 1814 1698 1895 Unde
1727 1815 1856 1880 hoc,

213 1898 320 1937 eus
348 1886 551 1937 meus?
585 1885 933 1937 Comnateris
962 1885 1106 1937 mihi
1137 1885 1410 1937 exhibens
1437 1886 1753 1937 hominem.
1796 1889 1856 1937 ut

213 1898 320 1937 eus
348 1886 551 1937 meus?
585 1884 933 1953 Compateris
962 1884 1106 1938 mihi
1137 1885 1410 1938 exhibens
1437 1886 1753 1950 hominem,
1796 1889 1861 1939 ut

157 1953 596 2026 quodammodo
617 1954 858 2008 videaris
889 1955 1104 2008 nescire
1123 1955 1276 2026 quod
1301 1957 1444 2008 Deus
1475 1971 1534 2008 es
1570 1971 1583 2008 :
1617 1959 1862 2025 prostra-

157 2028 259 2078 tus
282 2024 344 2078 in
373 2024 574 2079 faciem
604 2041 754 2092 oras,
787 2030 837 2078 et
863 2028 1045 2092 factus
1073 2024 1333 2080 est'sudor
1349 2030 1503 2092 tuus,
1530 2024 1668 2080 sicut
1696 2032 1862 2094 gutta:

158 2097 451 2164 sanguinis
491 2096 824 2151 decurrentis
871 2099 930 2150 in
971 2101 1171 2151 terram
1215 2098 1360 2166 (Luc.
1403 2113 1535 2160 xxu,
1567 2097 1682 2166 44).
1714 2096 1862 2160 Quid

160 2167 322 2220 stas?
352 2171 664 2228 accurre,et
688 2167 1047 2221 suavissimas
1075 2166 1203 2220 illas
1233 2172 1421 2237 guttas
1448 2167 1721 2233 lambe,et
1740 2168 1862 2237 pul-

162 2253 364 2291 verem
391 2238 606 2307 pedum
636 2237 788 2291 illius
834 2237 1004 2308 linge.
1058 2238 1186 2292 Noli
1213 2237 1463 2292 dormire
1508 2254 1639 2291 cum
1671 2240 1860 2297 Petro,

166 2324 245 2362 ne
269 2308 542 2361 merearis
567 2309 786 2374 audire,
824 2310 909 2364 Sic
940 2325 1045 2363 non
1076 2311 1309 2378 potuisti
1338 2325 1448 2363 una
1471 2309 1610 2364 hora
1634 2309 1864 2376 vigilare

164 2394 375 2433 mecum
399 2379 614 2447 (Matth.
643 2396 792 2446 xxvr,
815 2378 947 2448 40)?

407 2450 630 2504 CAPUT
659 2451 837 2504 LVIII.
872 2479 940 2488 —
978 2453 1052 2504 De
1077 2450 1282 2506 Christi
1313 2450 1624 2504 traditione.

242 2519 351 2574 Sed
370 2521 628 2590 eccejam
641 2521 991 2590 proditorem
1003 2525 1358 2590 praeeuntem
1377 2520 1688 2591 impiorum
1699 2521 1866 2576 turba

169 2591 563 2662 subsequitur,
596 2596 664 2662 Aet
693 2592 952 2645 osculum
982 2591 1275 2662 praebente
1304 2591 1466 2654 Iuda,
1502 2608 1705 2645 manus
1735 2591 1867 2662 inji-

170 2660 336 2716 ciunt
365 2660 424 2715 in
447 2660 752 2716 Dominum
773 2666 958 2725 tuum,
981 2660 1198 2728 tenent,
1223 2662 1419 2732 ligant,
1447 2667 1503 2716 et
1521 2663 1646 2716 illas
1675 2660 1866 2716 dulces

170 2748 383 2786 manus
415 2732 652 2786 vinculis
681 2732 1020 2802 astringunt.
1062 2733 1200 2798 Quis
1229 2732 1408 2786 ferat?
1450 2733 1597 2799 Scio,
1630 2737 1868 2802 occupat

171 2819 332 2857 nunc
348 2819 446 2856 cor
473 2807 637 2857 tuum
667 2803 866 2874 pietas,
893 2803 1086 2858 omnia
1104 2803 1318 2858 viscera
1343 2807 1440 2857 tua
1460 2805 1614 2858 zelus
1646 2803 1866 2858 inﬂam-

172 2878 317 2954 mat.
364 2874 520 2954 Sine,
567 2890 746 2954 rogo,“
775 2874 1028 2954 patiatur
1073 2874 1183 2954 qui
1219 2880 1426 2954 pro_te
1455 2875 1689 2954 patitur:

172 2891 317 2927 mat.
364 2891 518 2940 Sine,
567 2891 726 2944 rogo,
775 2891 1028 2945 patiatur
1073 2891 1173 2954 qui
1260 2891 1322 2928 ro
1371 2891 1426 2929 te
1455 2891 1689 2944 patitur.
1723 2891 1867 2938 Quid

172 2948 341 3015 optas
371 2945 665 3014 gladium?
710 2945 854 3008 Quid
886 2945 1185 2998 irasceris?
1214 2891 1362 3008 Quid
1407 2945 1760 3015 indignaris?
1808 2945 1868 3000 Si

170 3014 357 3087 instar
386 3015 538 3070 Petri
562 3015 882 3087 cujuslibet
905 3031 1101 3070 aurem
1129 3015 1454 3081 abscideris,
1491 3014 1868 3087 sitferrobra-

175 3085 371 3157 chium
403 3085 657 3156 tuleris,'
684 3086 732 3140 si
777 3086 986 3157 pedem
1027 3086 1392 3148 truncaveris,
1441 3087 1563 3156 ipse
1606 3086 1869 3157 restituet

172 3156 372 3281 omnita
387 3156 558 3282 .tqui
613 3156 794 3212 etiam
832 3156 880 3210 si
922 3173 1094 3228 quem
1125 3157 1398 3212 occideris
1439 3158 1651 3229 absque
1694 3156 1868 3212 dubio

173 3243 326 3281 susci
357 3245 382 3279 a
429 3245 444 3280 1
476 3268 489 3282 .

173 3226 489 3282 suscitabitl

175 3299 404 3354 CAPUT
456 3299 587 3353 LIX.
636 3327 706 3369 5-
753 3301 824 3353 De
860 3300 1084 3369 injuriis
1125 3299 1337 3355 Christo
1380 3298 1532 3367 apud
1563 3299 1869 3369 principem
1929 3355 1933 3359 ,

483 3368 819 3424 sacerdotum
851 3375 898 3424 et
919 3368 1079 3439 apud
1106 3371 1344 3425 Pilatum
1373 3371 1564 3424 illatis.

245 3439 494 3511 sequere
524 3439 713 3510 potius
738 3457 870 3494 eum
917 3456 1098 3511 usque
1128 3440 1199 3494 ad
1234 3441 1445 3495 atrium
1474 3439 1750 3511 principis
1781 3457 1870 3511 sae

176 3509 499 3582 cerdotum,
525 3509 604 3564 tet
650 3509 1125 3580 speciosissimam
1155 3512 1278 3580 ejus
1309 3509 1531 3579 faciem,
1581 3509 1754 3582 quam
1785 3510 1870 3564 illi

178 3580 362 3661 sputis
379 3580 630 3661 illinunt,
653 3585 717 3661 tu
737 3582 1000 3661 lacrymis
1021 3583 1163 3636 lava.
1182 3584 1410 3661 Intuere
1425 3580 1723 3661 quam—piis
1743 3597 1872 3635 ocu-

176 3652 268 3718 lis,
300 3667 472 3722 quam
507 3652 967 3724 misericorditer,
1013 3669 1187 3724 quam
1229 3652 1532 3707 efﬁcaciter
1569 3652 1735 3706 tertio
1765 3667 1868 3724 ne-

175 3726 411 3793 gantem
439 3723 688 3792 respexit
715 3726 968 3790 Petrum,
1001 3723 1230 3793 quando
1270 3724 1367 3777 ille
1393 3739 1696 3778 conversus
1726 3727 1782 3776 et
1807 3723 1868 3777 in

177 3810 237 3848 se
267 3809 526 3847 reversus
561 3794 715 3848 flevit
743 3810 955 3849 amare.
991 3794 1237 3859 Utinam,
1265 3794 1412 3848 bone
1439 3795 1586 3856 Jesu,
1618 3799 1752 3848 tuus
1777 3809 1869 3847 me

178 3864 358 3919 dulcis
378 3864 643 3936 respiciat
670 3866 888 3934 oculus,
919 3864 1018 3936 qui
1047 3869 1100 3936 te
1123 3865 1289 3919 toties
1317 3865 1387 3936 ad
1418 3863 1866 3936 vocemrancillee

176 3935 447 4006 procacis,
480 3935 667 3989 carnis
697 3951 840 3990 meae
865 3935 1128 4005 pessimis
1158 3935 1426 4005 operibus
1456 3935 1865 4005 aﬁ‘ectibusque

176 4005 402 4076 negavi.
432 4006 537 4061 Sed
561 4006 683 4077 jam
709 4023 876 4061 mane
905 4007 1051 4061 facto
1081 4007 1326 4061 traditur
1355 4006 1557 4060 Pilato.
1591 4007 1673 4060 Ibi
1704 4022 1864 4060 accu-

177 4081 356 4149 satur,
392 4081 448 4130 et
491 4081 640 4132 tacet
671 4093 684 4132 ε
715 4078 988 4149 quoniam
1034 4083 1293 4148 tanquam
1323 4080 1434 4132 ovis
1460 4077 1534 4131 ad
1561 4080 1870 4132 occisionem

178 4147 418 4214 ducitur,
447 4152 498 4202 et
527 4151 666 4203 sicut
695 4147 869 4218 agnus
903 4165 1082 4204 coram
1111 4147 1360 4204 tOnde-nte
1396 4164 1466 4211 se,
1500 4151 1578 4203 sic
1605 4164 1711 4202 non
1735 4163 1870 4216 ape-

173 4221 288 4272 ruit
317 4233 551 4290 ossuum
581 4218 745 4288 (Isai.
784 4237 898 4290 Lm,
929 4225 994 4287 7;
1017 4221 1138 4275 Act.
1171 4237 1284 4282 VIII,
1323 4221 1426 4288 32).
1459 4219 1616 4285 Vide,
1643 4218 1868 4290 attende

175 4289 469 4370 quomodo
500 4290 1117 4370 stat_ante_prae_sidem,
1149 4291 1422 4345 inclinato
1453 4289 1871 4370 capite,demis:

175 4359 254 4413 sis
286 4359 482 4433 oculis,
531 4361 693 4416 vultu
739 4359 981 4433 placido,
1031 4378 1295 4416 sermone
1340 4378 1490 4424 raro,
1522 4359 1765 4433 paratus
1796 4360 1868 4415 ad

177 4431 510 4504 opprobria,
532 4431 831 4504 promptus
861 4432 1034 4487 etiam
1060 4433 1128 4486 ad
1163 4433 1417 4504 verbera.
1449 4431 1591 4498 Scio,
1621 4448 1736 4486 non
1764 4447 1867 4502 po-

175 4501 269 4572 tes
291 4501 853 4566 ulterius’sustinere,
895 4519 999 4557 nec
1037 4503 1428 4558 dulcissimum
1468 4504 1703 4559 dorsum
1746 4501 1868 4572 ejus

176 4571 418 4645 flagellis
449 4573 633 4645 atteri,
677 4591 778 4628 nec
807 4574 1010 4628 faciem
1046 4574 1225 4645 alapis
1255 4575 1417 4640 cedi,
1452 4591 1557 4629 nec
1587 4571 1866 4628 veneran-

175 4643 316 4715 dum
345 4643 489 4698 illud
527 4649 698 4715 caput
725 4645 902 4715 spinis
931 4643 1216 4710 coronari,
1255 4661 1359 4698 nec
1396 4645 1706 4709 dexteram,
1740 4661 1867 4715 qua;

175 4714 386 4769 caelum
416 4719 471 4768 et
491 4714 700 4769 terram
730 4714 1004 4781 continet,
1038 4715 1315 4770 arundine
1346 4715 1732 4782 dehonestari,
1755 4714 1867 4768 tuis

177 4784 356 4839 oculis
379 4785 627 4858 aspicere
656 4787 892 4856 poteris.
929 4788 1062 4840 Ecce
1092 4785 1350 4839 educitur
1372 4787 1708 4858 flagellatus,
1740 4802 1868 4856 por-

175 4856 591 4937 tansspineam
635 4873 926 4937 corgnam,
959 4861 1014 4910 et
1055 4873 1409 4937 purpureum
1441 4856 1864 4937 vestimentum.

179 4927 245 4980 Et
269 4926 405 4981 dicit
442 4927 680 4991 Pilatus,
731 4931 862 4983 Ecce
906 4926 1068 4982 homo
1100 4928 1286 4995 (Joan.
1322 4945 1434 4992 x1x,
1471 4930 1525 4996 5)
1557 4944 1568 4981 :
1599 4943 1730 4982 vere
1761 4929 1865 4982 ho-

177 5013 272 5051 mo
296 5002 400 5070 est,
430 4997 558 5070 quis
588 4999 842 5054 dubitet?
872 5001 1062 5054 Testes
1087 5003 1220 5052 sunt
1248 4999 1431 5069 plaga:
1461 4998 1771 5069 virgarum,
1804 4998 1869 5053 li-

173 5083 274 5140 vor
301 5069 579 5132 ulcerum,
614 5070 835 5124 foeditas
865 5077 1183 5140 sputorum.
1212 5071 1334 5124 Jam
1373 5085 1526 5140 nunc
1565 5085 1863 5138 cognosco,

171 5139 399 5212 Zabule,
432 5140 567 5212 quia
615 5149 697 5212 est
741 5139 958 5212 homo.
987 5143 1126 5196 Vere
1156 5142 1328 5195 homo
1371 5145 1470 5212 est,
1514 5139 1725 5212 inquis.
1758 5140 1867 5194 Sed

173 5209 312 5280 quid
343 5209 468 5277 est;
491 5212 646 5282 quod
675 5211 736 5264 in
765 5216 848 5265 tot
886 5211 1111 5282 injuriis
1143 5228 1262 5266 non
1291 5211 1553 5282 irascitur
1581 5209 1642 5264 ut
1669 5211 1862 5276 homo,

172 5296 296 5352 non
322 5281 583 5336 movetur
607 5289 670 5336 ut
695 5283 890 5349 homo,
922 5281 1035 5336 non
1063 5283 1177 5336 suis
1206 5283 1514 5337 tortoribus
1534 5281 1867 5352 indignatur

174 5356 246 5424 ut
268 5351 479 5424 homo?
510 5354 652 5424 Ergo
679 5354 808 5424 plus
836 5358 920 5407 est
949 5369 1122 5423 quam
1143 5353 1336 5408 homo.
1365 5353 1471 5409 Sed
1504 5353 1631 5423 quis
1652 5351 1866 5424 cogno-

175 5423 279 5477 scit
296 5423 502 5495 illum?
534 5423 906 5495 cognoscitur
933 5427 1083 5478 certe
1112 5424 1287 5479 homo
1313 5425 1628 5495 impiorum
1657 5423 1867 5494 judicia

175 5440 502 5478 scitiuum‘!
534 5440 906 5550 uognoscuur
933 5440 1083 5478 certe
1115 5440 1287 5479 nomo
1313 5440 1628 5495 impiorum
1657 5440 1793 5494 juau

173 5494 459 5548 sustinens
492 5511 506 5548 :
550 5512 606 5549 se
677 5500 1054 5564 cognoscetur
1085 5496 1232 5548 Deus
1252 5496 1531 5562 judicium
1563 5495 1793 5548 faciens.

175 5565 401 5621 CAPUT
435 5567 536 5620 LX.
568 5596 636 5608 —
679 5567 760 5620 De
780 5568 1044 5691 pass-iolpel
1057 5566 1289 5651 Christi,
1325 5571 1378 5621 et
1406 5568 1710 5637 deceptione
1737 5565 1867 5619 dia-

994 5652 1021 5691 ο
1047 5653 1085 5691 z.

994 5652 1085 5691 οη.

243 5707 380 5763 Sero
406 5707 1110 5775 animadvertisti,Zabule.
1135 5707 1280 5772 Quid
1307 5707 1414 5763 tibi
1441 5725 1545 5780 per
1565 5707 1867 5764 mulierem

237 5791 250 5825 ¹
278 5787 435 5853 Apud
453 5787 707 5850 Anselm.,
737 5790 894 5852 atque
918 5787 1062 5840 inter
1088 5789 1302 5841 caeteros
1331 5791 1506 5852 magis
1535 5789 1788 5842 dilectus.

1539 276 1634 332 DE
1673 277 1846 335 VITA
1883 277 2299 343 EREMITICA.

3523 281 3658 336 1470

1954 401 2140 455 visum
2169 404 2471 472 estragere,
2495 404 2559 455 ut
2586 400 2942 472 dimittatur?
2974 400 3151 454 Tarde
3181 401 3405 472 locutus
3437 417 3513 455 es.
3533 401 3645 472 ,Se-

1955 472 2050 526 det
2070 487 2174 542 pro
2206 470 2481 525 tribunali
2512 471 2689 542 judex
2720 487 2733 525 :
2775 471 2996 542 prolata
3039 475 3124 542 est
3164 470 3447 525 sententia
3479 487 3492 525 :
3520 471 3647 542 jam

1954 541 2145 613 portat
2174 542 2464 613 propriam
2495 541 2753 609 crucem;
2788 541 3016 596 ducitur
3045 541 3113 594 ad
3147 547 3408 595 mortem.
3445 542 3486 596 Ο
3518 541 3645 612 Spe-

1955 613 2266 668 ctaculuml
2304 613 2580 667 Videsne?
2627 615 2757 668 Ecce
2780 614 3128 682 principatus
3169 627 3330 680 super
3367 614 3648 668 humerum

1955 685 2072 754 ejus
2100 683 2252 752 (Isai.
2289 700 2362 751 Ix,
2397 686 2468 752 6).
2514 686 2636 738 Haec
2667 688 2751 738 est
2775 683 2933 754 virga
2959 683 3262 754 aequitatis,
3298 682 3647 754 virgaregni

1956 753 2063 809 sui.
2101 756 2274 808 Datur
2302 754 2353 808 ei
2384 755 2577 808 vinum
2613 755 2742 809 felle
2773 753 3045 808 mixtum;
3077 754 3310 808 Exuitur
3341 753 3644 807 vestimen-

1956 825 2028 880 tis
2055 825 2190 890 suis,
2223 830 2281 879 et
2309 825 2456 878 inter
2484 825 2688 878 milites
2731 826 3076 879 dividuntur.
3109 824 3321 878 Tunica
3350 840 3466 878 non
3497 828 3644 878 scin-

1956 897 2111 950 ditur
2145 913 2156 950 :
2187 896 2284 950 sed
2315 899 2466 949 sorte
2497 896 2699 949 transit
2728 895 2798 949 ad
2832 912 3029 949 unum.
3069 896 3266 948 Dulces
3291 895 3646 966 manusiejus

1959 974 2017 1022 et
2043 967 2215 1038 pedes
2246 967 2414 1020 clavis
2434 967 2815 1038 perferantur,
2839 971 2895 1021 et
2923 973 3186 1021 extensus
3214 965 3275 1020 in
3305 983 3469 1021 cruce
3494 964 3648 1020 inter

1958 1037 2211 1092 latrones
2235 1037 2621 1108 suspenditur.

2233 1109 2457 1162 CAPUT
2498 1108 2628 1162 LXI.
2654 1136 2719 1146 —
2751 1108 2833 1161 De
2870 1109 3078 1163 Christo
3119 1110 3176 1161 in
3204 1122 3378 1162 cruce.

2031 1178 2302 1234 Mediator
2352 1178 2452 1232 Dei
2483 1183 2539 1232 et
2571 1177 2887 1244 hominum,
2928 1178 3077 1232 inter
3109 1179 3314 1232 cmlum
3353 1182 3408 1231 et
3435 1180 3650 1232 terram

1961 1249 2181 1304 medius
2211 1249 2486 1321 pendens,
2517 1249 2634 1302 ima
2662 1248 2882 1321 superis
2919 1249 3062 1312 unit,
3094 1253 3152 1301 et
3182 1248 3503 1321 coelestibus
3534 1253 3650 1321 ter:

1961 1336 2098 1374 rena
2129 1318 2444 1391 corijungit.
2466 1321 2665 1391 Stupet
2693 1318 2918 1391 caelum,
2961 1323 3017 1373 et
3056 1324 3208 1373 terra
3231 1319 3469 1391 miratur
3483 1318 3655 1391 ;quid

1961 1394 2066 1446 tu?
2097 1388 2458 1445 Non—mirum
2490 1391 2537 1444 si
2568 1388 2686 1445 sole
2711 1389 3064 1451 contristato,
3096 1394 3159 1443 tu
3187 1388 3574 1455 contristaris;
3608 1388 3652 1443 si

1961 1465 2114 1516 terra
2155 1461 2534 1527 tremiscente,
2582 1466 2648 1515 tu
2693 1460 3108 1525 contremiscis;
3164 1460 3211 1513 si
3258 1459 3440 1513 scissis
3483 1459 3652 1528 saxis,

1965 1549 2065 1587 cor
2088 1537 2251 1586 tuum
2275 1533 2582 1599 scinditur;
2607 1532 2654 1585 si
2675 1532 2943 1586 ﬂentibus
2959 1532 3123 1601 juxta
3143 1547 3368 1585 crucem
3394 1530 3652 1584 mulieri-

1965 1603 2092 1668 bus,
2120 1608 2182 1657 tu
2212 1603 2652 1674 collacrymaris.

2005 1675 2226 1729 CAPUT
2260 1673 2510 1729 LXIL—
2538 1676 2613 1728 De
2648 1675 2789 1727 mira
2823 1674 3028 1728 Christi
3046 1674 3320 1742 patientia
3357 1673 3416 1726 in
3445 1686 3613 1727 cruce.

2039 1747 2250 1798 Verum
2279 1744 2339 1798 in
2361 1745 2448 1798 his
2470 1744 2735 1798 omnibus
2765 1743 3060 1797 considera
3089 1743 3231 1796 illud
3264 1742 3655 1797 dulcissimum

1966 1819 2364 1887 pectus,quam
2394 1813 3220 1887 tranquillitatem_scrvaverit,
3243 1829 3415 1884 quam
3441 1813 3656 1867 habue-

1967 1884 2042 1941 rit
2061 1884 2349 1957 pietatem.
2376 1887 2499 1939 Non
2521 1901 2682 1957 suam
2698 1884 2943 1957 attendit
2961 1884 3252 1957 injuria‘m,
3273 1899 3402 1957 non
3425 1900 3661 1957 pcenam

1967 1954 2215 2027 rep—ntat,
2262 1973 2380 2010 non
2423 1956 2592 2010 sentit
2637 1955 3030 2009 contumelias.
3073 1954 3187 2027 Sed
3225 1954 3336 2007 illis
3380 1954 3573 2027 potius
3628 1971 3662 2008 a

2010 2025 2175 2082 uibus
2205 2027 2442 2097 patitur,
2465 2027 2560 2080 ille
2589 2027 2966 2097 compatitur;
3009 2043 3036 2079 ε
3060 2025 3279 2097 quibus
3301 2025 3655 2097 vulneratur,

1968 2094 2065 2153 ille
2091 2094 2381 2164 medetur;
2408 2097 2582 2151 vitam
2596 2094 2881 2168 procurat,
2913 2112 2946 2150 a
2974 2094 3180 2168 quibus
3197 2094 3490 2168 occiditur.
3515 2096 3659 2168 Cum

1969 2185 2082 2240 qua
2111 2169 2320 2222 mentis
2348 2166 2676 2240 dulcedine,
2694 2184 2832 2240 cum
2861 2183 2972 2240 qua
2992 2166 3231 2238 spiritus
3262 2166 3660 2240 devotione,in

1971 2238 2083 2310 qua
2113 2239 2399 2293 charitatis
2420 2238 2803 2310 plenitudine,
2834 2239 3060 2304 clamat,
3089 2240 3266 2303 Pater,
3306 2239 3517 2306 ignosce
3545 2238 3657 2292 illis

1995 2312 2122 2366 Luc.
2156 2327 2311 2372 xxur,
2345 2312 2428 2376 34)
2453 2319 2463 2362 ῐ

1973 2311 2122 2380 (Luc.
2156 2327 2311 2372 xxur,
2345 2312 2463 2376 3i)!

1974 2437 1976 2439 ,
2137 2381 2318 2435 CAUT
2361 2381 2516 2435 LXII.
2549 2409 2618 2421 —
2662 2381 2828 2446 Virgo
2856 2381 3082 2448 propior
3106 2379 3290 2433 adstat
3323 2381 3488 2433 cruci.

2044 2452 2180 2506 Ecce
2211 2466 2339 2521 ego,
2372 2449 2632 2517 Domine,
2663 2454 2776 2504 tuae
2799 2449 3108 2520 majestatis
3129 2450 3413 2516 adorator,
3433 2465 3551 2503 non
3572 2448 3661 2503 tui

1973 2521 2224 2593 corporis
2265 2522 2624 2593 interfector;
2657 2526 2769 2593 tua:
2808 2521 3015 2593 mortis
3037 2525 3382 2593 venerator,
3405 2535 3516 2574 non
3547 2525 3662 2574 tuae

1973 2591 2495 2674 passionis-irrisor;
2529 2597 2641 2646 tua;
2673 2591 3074 2674 misericordias:
3105 2591 3662 2674 contemplator,non

1974 2662 2325 2742 infirmitatis
2351 2668 2726 2742 contemptor.
2751 2663 3100 2742 Interpellet;
3107 2662 3297 2742 itaque
3321 2679 3422 2742 pro
3447 2666 3666 2742 tuatua

1974 2733 2152 2789 dulcis
2173 2733 2523 2802 humanitas,
2549 2732 2922 2787 commendet
2941 2749 3033 2786 me
3065 2732 3214 2786 Patri
3239 2738 3334 2786 tua
3363 2732 3666 2786 inetfabilis

1975 2805 2176 2875 pietas.
2221 2804 2317 2858 Dic
2348 2820 2505 2875 ergo,
2531 2804 2710 2858 dulcis
2743 2802 3002 2875 Domine,
3022 2805 3430 2875 _Pater,”ignoce
3454 2803 3560 2875 illi.
3594 2806 3668 2858 At

1976 2872 2064 2944 tu,
2086 2875 2266 2946 virgo,
2284 2874 2375 2928 cui
2393 2872 2576 2946 major
2606 2881 2691 2928 est
2709 2874 2863 2946 apud
2884 2872 3128 2944 Virginis
3148 2873 3354 2927 Filium
3374 2873 3666 2946 conﬁden-

1977 2943 2058 3026 tia
2087 2943 2774 3026 quam_mulie_ribus,quaa
2805 2945 2972 3026 longe
2994 2943 3308 3026 stant,cum
3340 2949 3520 3026 matre
3550 2943 3662 3026 vir-

1977 3014 2123 3086 gine'
2140 3022 2198 3070 et
2228 3017 2507 3087 discipulo
2537 3014 2989 3087 virgineaccede
3012 3015 3078 3068 ad
3105 3029 3354 3087 crucem,
3385 3019 3443 3068 et
3471 3014 3663 3087 perfu-

1978 3085 2103 3141 sum
2134 3087 2353 3157 pallore
2373 3085 2603 3141 vultum
2635 3085 2896 3140 cominus
2924 3086 3170 3139 intuere.
3202 3085 3348 3149 Quid
3381 3087 3556 3157 ergo?
3583 3086 3665 3157 Tu

1979 3159 2101 3212 sine
2119 3154 2401 3227 lacrymis,
2417 3157 2824 3211 amantissimas
2845 3157 3094 3211 dominae
3117 3157 3391 3227 lacrymas
3415 3154 3665 3227 videbis?

1976 3230 2058 3284 Tu
2087 3225 2247 3282 siccis
2294 3229 2472 3282 oculis
2504 3244 2722 3294 manes,
2773 3232 2829 3281 et
2875 3228 2995 3296 ejus
3046 3226 3297 3280 animam
3335 3225 3667 3296 pertransiit

1978 3299 2199 3370 gladius
2228 3299 2478 3354 doloris?
2504 3301 2586 3354 Tu
2604 3299 2726 3352 sine
2743 3299 2989 3369 singultu
3019 3298 3213 3370 audies
3239 3298 3523 3350 dicentem
3548 3313 3664 3350 ma-

1978 3369 2053 3424 tri
2086 3387 2098 3424 :
2124 3372 2338 3437 Mulier,
2365 3386 2473 3424 ecce
2499 3372 2644 3439 ﬁlius
2673 3375 2824 3436 tuus;
2859 3374 2914 3422 et
2930 3369 3134 3424 Joanni
3164 3385 3176 3421 :
3211 3371 3342 3422 Ecce
3369 3374 3543 3422 mater
3573 3372 3668 3439 tua

1980 3441 2166 3512 (Joan.
2217 3458 2324 3509 XIX,
2357 3444 2445 3508 ‘26,
2475 3437 2562 3505 27)
2588 3442 2787 3512 ‘iCum
2827 3439 3105 3512 discipulo
3139 3444 3380 3492 matrem
3412 3437 3669 3492 commit-

1977 3511 2144 3577 teret,
2194 3512 2403 3566 latroni
2441 3511 2768 3583 paradisum
2817 3511 3208 3581 promitteret;
3244 3514 3380 3562 tunc
3424 3525 3561 3564 unus
3602 3525 3670 3563 θα)

1978 3583 2242 3637 militibus
2273 3582 2458 3637 lancea
2487 3584 2631 3636 tatus
2660 3585 2776 3650 ejus
2815 3584 3052 3650 aperuit,
3093 3587 3142 3634 et
3171 3582 3338 3634 exivit
3367 3583 3590 3647 sanguis
3620 3584 3669 3634 et

1979 3669 2127 3722 aqua
2157 3653 2324 3722 (Ibid.
2369 3655 2476 3715 34).
2524 3653 2771 3720 Festina,
2813 3667 2884 3706 ne
2939 3650 3269 3715 tardaveris,
3321 3651 3553 3722 comede
3584 3650 3667 3704 fa-

1976 3739 2112 3776 vum
2133 3739 2263 3777 cum
2295 3724 2463 3778 melle
2491 3726 2610 3776 tuo.
2640 3723 2773 3776 Bibe
2802 3723 2999 3775 vinum
3021 3726 3183 3775 tuum
3213 3736 3342 3774 cum
3373 3721 3514 3775 lacte
3545 3725 3666 3776 tuo.

1978 3794 2221 3865 Sanguis
2249 3793 2355 3848 tibi
2399 3793 2459 3847 in
2503 3793 2702 3847 vinum
2737 3793 2996 3865 vertitur,
3029 3797 3093 3846 ut
3121 3791 3457 3865 inebrieris;
3492 3791 3552 3844 in
3582 3791 3669 3845 Iac

1978 3861 2133 3936 aqua,
2181 3869 2456 3936 mutatur,
2489 3863 2885 3936 utnutriaris.
2922 3865 3086 3917 Facta
3119 3867 3252 3936 sunt
3278 3861 3381 3915 tibi
3421 3861 3478 3936 in
3510 3866 3671 3933 petra

1977 3933 2304 4000 flumina,in
2336 3934 2609 3990 membris
2638 3935 2760 4006 ejus
2789 3935 3042 4006 vulnera,
3077 3938 3133 3987 et
3160 3933 3228 4006 in
3252 3933 3501 4006 maceria
3537 3948 3659 4006 cor-

1977 4006 2133 4078 poris
2174 4007 2297 4076 ejus
2327 4022 2586 4078 caverna,
2619 4004 2681 4060 in
2708 4005 2916 4076 quibus
2945 4005 3126 4078 instar
3151 4004 3426 4078 columbae
3458 4004 3666 4078 latitas,

1977 4074 2033 4132 et
2074 4074 2422 4132 deoscularis
2450 4077 2694 4148 singula.
2725 4074 2818 4130 Ἐκ
2869 4076 3145 4148 sanguine
3193 4076 3314 4144 ejus
3357 4075 3498 4148 fiant
3524 4074 3669 4128 sicut

1975 4148 2116 4203 vitta
2141 4149 2402 4202 coccinea
2432 4145 2581 4202 labia
2609 4153 2728 4215 tua,
2755 4153 2808 4202 et
2839 4145 3131 4218 eloquium
3163 4150 3328 4200 tuum
3359 4145 3540 4200 dulce.

2329 4220 2553 4275 CAPUT
2608 4220 2780 4274 LXIV.
2811 4248 2879 4259 —
2911 4221 2980 4273 De
3011 4218 3310 4272 decurione.

2047 4289 2157 4346 Sed
2185 4290 2372 4346 adhuc
2420 4294 2682 4360 exspecta
2719 4290 2899 4344 donec
2946 4289 3152 4343 nobilis
3181 4288 3277 4360 ille
3307 4285 3669 4360 decuriouve-

1977 4359 2164 4430 niens,
2196 4361 2457 4416 extractis
2482 4356 2650 4416 clavis
2673 4377 2878 4415 manus
2910 4360 3195 4431 pedesque
3226 4359 3516 4431 dissolvat.
3537 4356 3668 4411 Vide

1977 4434 2265 4504 quomodo
2293 4433 2632 4488 felicissimis
2661 4432 2906 4487 brachiis
2919 4430 3134 4504 corpus
3163 4430 3581 4504 complectitur,
3607 4444 3672 4482 ac

1979 4501 2081 4575 s'no
2115 4504 2394 4575 astringit
2420 4504 2654 4574 pectori.
2687 4505 2842 4557 Tuuc
2874 4501 3059 4575 dicere
3089 4502 3278 4572 potuit
3301 4501 3385 4554 vir
3413 4501 3516 4575 ille
3539 4516 3666 4575 san-

1976 4573 2260 4628 ctissimus
2290 4572 2336 4628 z'
2354 4572 2662 4629 Fasciculus
2710 4576 2964 4641 myrrha,
2995 4574 3220 4627 dilectus
3248 4587 3392 4625 meus
3420 4572 3556 4624 mihi
3582 4573 3668 4624 in-

1980 4651 2058 4700 ter
2087 4645 2255 4700 ubera
2297 4645 2715 4700 commorabitur
2744 4646 2918 4701 (Cant.
2955 4661 2991 4705 ι,
3031 4645 3139 4712 l2).
3177 4643 3424 4712 Sequere
3454 4647 3517 4695 tu
3549 4656 3671 4713 pre-

1975 4715 2351 4770 tiosissimum
2394 4716 2556 4770 illum
2586 4714 2711 4770 cmli
2743 4720 3024 4784 terraeque
3063 4714 3416 4778 thesaurum,
3451 4713 3538 4766 vel
3571 4728 3670 4784 pe-

1976 4787 2074 4841 des
2105 4791 2296 4857 porta;
2347 4788 2434 4840 vel
2465 4802 2667 4840 manus
2699 4785 3044 4857 brachiaque
3075 4789 3365 4857 sustenta;
3398 4784 3486 4857 vel
3519 4787 3669 4857 certe

1977 4854 2292 4912 deﬂuentes
2333 4857 2662 4911 minutatim
2707 4854 3103 4927 pretiosissimi
3145 4855 3441 4926 sanguinis
3493 4855 3670 4927 stillas

1977 4928 2256 4983 curiosius
2275 4929 2563 4998 collige,et
2581 4925 2795 4998 pedum
2819 4926 2972 4998 illius
2993 4925 3286 4998 pulverem
3312 4925 3670 4996 linge.Ccrne

1976 5004 2255 5071 pra-nerea
2279 4995 2436 5070 quod
2458 4995 2698 5054 dulciter
2721 4995 3084 5071 beatissimus
3115 4995 3452 5071 Nicodemus
3485 5010 3670 5071 sacra-

1977 5065 2196 5125 tissima
2221 5065 2344 5140 ejus
2374 5071 2610 5124 vulnera
2633 5068 2895 5124 tractavit
2924 5068 3140 5140 digitis,
3170 5069 3308 5122 fovit
3338 5065 3666 5140 unguentis,

1978 5146 2033 5196 et
2061 5158 2192 5196 cum
2238 5135 2431 5196 sancto
2473 5141 2685 5213 Joseph
2726 5140 2965 5195 involvit
2990 5135 3253 5205 Sindene,
3286 5135 3582 5192 collocavit
3612 5136 3672 5191 in

1973 5214 2258 5282 sepulcro.

2013 5279 2233 5339 CAPUT
2281 5283 2428 5339 LXV.
2464 5312 2533 5324 —-
2570 5286 2645 5338 De
2672 5283 2999 5350 Magdalena
3026 5281 3329 5350 sepulcrum
3357 5279 3630 5333 visitante.

2047 5355 2172 5430 Noli
2211 5359 2486 5430 praeterea
2518 5349 2868 5430 Magdalenze
2884 5349 3142 5430 deserere
3155 5349 3496 5430 comitatum
3529 5365 3542 5402 :
3571 5349 3669 5430 sed

1974 5426 2186 5496 paratis
2208 5421 2576 5494 aromatibus,
2597 5421 2724 5480 cum
2750 5442 2815 5480 ea
2838 5421 3063 5496 Domini
3085 5421 3169 5496 tui
3193 5422 3517 5496 sepulcrum
3541 5421 3670 5496 visi-

1977 5491 2097 5550 tare
2143 5501 2450 5552 memento.
2497 5491 2634 5553 Olsi
2679 5496 2828 5568 quod
2881 5494 2979 5568 illa
3009 5492 3207 5568 ocnlis,
3253 5498 3315 5546 tu
3358 5492 3419 5568 in
3452 5491 3671 5568 spiritu

1977 5583 2209 5621 cernere
2253 5569 2546 5638 merearis,
2576 5561 2726 5622 nunc
2758 5581 2939 5638 super
2965 5564 3213 5638 lapidem
3247 5563 3568 5638 revqutum
3598 5561 3667 5615 ab

1976 5639 2120 5692 ostio
2151 5640 2514 5694 monumenti
2533 5633 2813 5707 angelum
2835 5633 3360 5707 residentemmunc
3382 5633 3530 5687 intra
3553 5647 3670 5686 mo-

1976 5715 2328 5784 numentum
2345 5726 2525 5765 unum
2564 5705 2647 5784 ad
2664 5711 2854 5784 caput,
2888 5707 3066 5784 alium
3101 5707 3173 5760 ad
3204 5705 3378 5784 pedes
3407 5719 3668 5784 resurre-

1976 5780 2176 5836 ctionis
2188 5781 2428 5852 gloriam
2445 5776 2821 5852 praedicantes
2831 5794 3002 5848 ,nunc
3023 5778 3213 5851 ipsum
3228 5779 3422 5833 Jesum
3436 5776 3669 5832 Mariam
