4056 6362
380 301 510 354 1471

376 421 631 488 ﬂentem,
661 424 719 476 et
742 419 966 474 tristem
995 422 1113 473 tam
1138 418 1288 472 dulci
1317 417 1714 488 respicientem
1744 421 1930 486 oculo,
1953 422 2069 474 tam

377 491 535 546 suavi
573 507 707 544 voce
757 490 1062 554 dicentem,
1106 491 1304 544 Maria.
1353 488 1496 552 Quid
1529 489 1633 542 hac
1657 506 1792 544 voce
1825 490 2066 556 dulcius,

380 562 522 634 quid
550 561 798 630 suavius,
830 560 963 631 quid
988 559 1314 634 jucundius,
1353 561 1533 614 Maria
1547 561 2069 634 {Rumpunturad

380 629 528 688 hanc
547 648 745 686 vocem
769 629 969 685 omnes
989 629 1187 702 capitis
1208 635 1520 702 cataractas,
1550 630 1618 684 ab
1644 629 1783 702 ipsis
1807 631 2070 686 medullis

382 703 689 758 eliciuntur
717 703 1002 772 lacrymaa,
1035 701 1322 768 singultus
1367 706 1537 772 atque
1568 701 1811 770 suspiria
1840 703 1910 755 ab
1939 701 2070 755 imis

382 775 704 843 trahuntur,
731 771 1058 843 visceribus.
1103 773 1311 843 Maria.
1365 771 1414 843 O_
1441 771 1632 843 beata!
1669 773 1804 843 quid
1835 773 1936 826 tibi
1967 789 2069 842 pro

382 844 602 898 meritis
630 842 756 910 fuit,
788 842 926 913 quid
957 841 1154 907 animi,
1192 857 1321 895 cum
1353 841 1421 895 ad
1452 842 1598 895 hanc
1629 841 1817 913 vocem
1850 849 1904 895 te
1933 841 2068 911 pro-

380 919 681 977 sterneres,
749 912 821 966 et,
864 913 1108 966 reddens
1155 928 1352 965 vocem
1401 912 1668 965 salutanti
1713 913 2067 981 inclamares,

380 984 672 1038 Rabboni?
700 984 843 1048 Quo,
873 999 1036 1052 rogo,
1069 982 1296 1048 affectu,
1338 998 1452 1052 quo
1483 983 1782 1048 desiderio,
1826 983 2068 1036 mentis-

382 1071 492 1126 que
523 1055 722 1108 ardore
753 1053 1028 1126 clamasti,
1075 1054 1359 1108 Rabboni?
1391 1054 1531 1106 Nam
1580 1054 1743 1126 plura
1769 1052 1955 1126 dicere
1987 1055 2068 1107 la-

383 1124 592 1194 crymze
663 1124 992 1194 prohibent,
1062 1139 1442 1194 cumrvocem
1499 1124 1758 1177 occludat
1813 1125 2067 1190 affectus,

380 1193 694 1274 omnesque
736 1195 950 1274 animae
976 1193 1366 1274 ‘corporisque
1405 1210 1622 1256 sensus,
1657 1194 1866 1274 nimius
1899 1195 2070 1274 ardor

382 1264 700 1320 absorbéat.
735 1265 862 1330 Sed,
895 1281 929 1317 o
961 1264 1140 1317 dulcis
1167 1265 1319 1328 Jesu,
1351 1280 1452 1316 cur
1497 1281 1530 1317 a
1577 1265 1967 1318 sacratissimis
2005 1281 2070 1318 ac

380 1335 876 1390 desideratissimis
923 1334 1165 1404 pedibus
1211 1335 1321 1387 tuis
1363 1335 1442 1388 sic
1485 1351 1640 1388 arces
1670 1337 1996 1389 amantem?
2026 1337 2068 1390 Ο

381 1407 618 1460 verbum
650 1404 886 1459 duruml
935 1406 1080 1469 Noli,
1121 1405 1327 1474 inquit,
1374 1421 1456 1458 me
1496 1411 1713 1473 tangere
1757 1409 1940 1471 (Joan.
1973 1423 2066 1474 xx,

386 1480 466 1544 t6,
504 1479 611 1547 1'7).
643 1477 874 1547 thuid,
909 1475 1185 1529 Domine?
1213 1476 1397 1539 Quare
1421 1492 1535 1547 non
1565 1482 1798 1545 tangam
1849 1476 2070 1530 deside-

380 1554 504 1601 rata
533 1545 632 1600 illa
656 1545 895 1615 vestigia
922 1550 1022 1599 tua
1052 1563 1154 1616 pro
1185 1561 1274 1599 me
1305 1546 1593 1616 perforata
1622 1548 1812 1614 clavxs,
1843 1547 2072 1617 perfusa

380 1617 699 1688 sanguine?
723 1618 847 1688 Non
863 1621 1240 1688 tangammon
1254 1617 1623 1688 deosculabor
1636 1619 1664 1670 ?
1684 1622 1769 1671 An
1791 1617 2072 1672 inimicior

382 1705 441 1742 es
470 1685 560 1752 e'o,
596 1687 732 1758 quia
750 1685 1086 1757 gloriosior?
1121 1688 1278 1749 Ecce,
1309 1703 1424 1758 non
1453 1687 1734 1741 dimittam
1758 1694 1953 1755 te,non
1982 1704 2072 1741 re-

380 1759 578 1812 cedam
606 1757 640 1810 a
666 1763 740 1822 te,
773 1773 886 1810 non
919 1773 1144 1826 parcam
1176 1757 1458 1827 lacrymis,
1487 1764 1686 1826 pectus
1725 1759 2071 1826 singultibus

381 1828 1103 1900 suspiriisquerumpetur,
1131 1827 1238 1880 nisi
1269 1832 1521 1898 tangam.
1558 1829 1623 1900 Et
1652 1829 1746 1900 ille
1776 1845 1789 1882 :
1823 1831 1948 1885 Noli
1991 1845 2073 1883 me

382 1897 618 1968 tangere.
654 1897 776 1952 Noli
820 1897 1056 1968 timere;
1104 1913 1221 1952 non
1265 1899 1521 1953 aufertur
1560 1899 1664 1951 tibi
1696 1900 1906 1952 bonum
1941 1900 2068 1964 hoc,

380 1967 495 2024 sed,
518 1968 779 2023 differtur
811 1983 824 2021 :
874 1967 1015 2021 vade
1053 1972 1268 2034 tamen,
1317 1974 1373 2022 et
1409 1969 1609 2022 nuntia
1635 1969 1906 2023 fratribus
1930 1969 2072 2023 meis

380 2039 516 2112 quia
558 2037 798 2112 surrexi.
836 2038 1193 2112 Currit__citoi
1221 2039 1418 2092 volens
1466 2039 1699 2112 redire._
1725 2040 1892 2112 Bedit
1942 2056 2072 2112 cum

380 2109 505 2165 aliis
535 2110 892 2164 mulieribus.
925 2109 1141 2173 Quibus
1169 2111 1328 2164 Jesus
1358 2125 1661 2164 occurrens
1687 2110 1897 2164 blanda
1919 2111 2070 2164 salu-

378 2180 615 2246 tatione,
643 2181 887 2248 dejectas
914 2181 990 2233 sic
1019 2179 1208 2249 erigit,
1241 2180 1430 2233 tristes
1460 2181 2068 2236 consolatur.Adverte.

381 2253 538 2306 Tunc
569 2255 653 2304 est
687 2251 904 2316 datum,
937 2251 1086 2321 quod
1122 2254 1252 2303 ante
1278 2251 1384 2304 fuit
1413 2251 1670 2304 dilatum.
1702 2255 2074 2306 Accesserunt

381 2322 534 2377 enim
565 2325 618 2375 et
648 2325 956 2392 tenuerunt
984 2321 1156 2392 pedes
1175 2322 1332 2392 ejus.
1371 2321 1467 2375 Hic
1487 2322 1759 2392 quamdiu
1782 2323 2074 2392 potes,vir-

381 2407 750 2465 go,_morare.
770 2393 906 2465 ⁸Νοῐι
945 2391 1304 2465 has_delicias
1329 2396 1455 2465 tuas
1481 2391 1714 2446 somnus
1741 2391 2068 2465 interpolet,

382 2461 574 2517 nullus
604 2462 856 2516 exterior
886 2461 1167 2516 tumultus
1197 2461 1488 2532 impediat.

384 2534 609 2589 CAPUT
637 2533 814 2588 LXVI.
846 2559 913 2573 --
949 2536 1025 2587 De
1052 2532 1243 2585 mundi
1279 2537 1331 2586 et
1360 2549 1539 2587 rerum
1566 2535 1911 2602 prasentium
1949 2547 2071 2588 con-

1119 2607 1339 2670 tempta.

455 2674 665 2726 Verum
709 2671 844 2742 quia
874 2671 933 2725 in
964 2672 1070 2725 hac
1109 2673 1316 2726 misera
1347 2673 1458 2726 vita
1501 2673 1644 2728 nihil
1676 2673 1893 2740 stabile,
1926 2673 2072 2728 nihil

385 2747 665 2798 aeternum
713 2748 818 2808 est,
865 2759 1160 2813 nunquam
1214 2743 1272 2815 in
1329 2743 1532 2798 eodem
1581 2750 1724 2798 statu
1778 2749 2074 2815 permanet

385 2816 590 2878 homo;
641 2829 866 2867 necesse
909 2817 1014 2880 est,
1054 2819 1116 2866 ut
1145 2814 1338 2867 anima
1370 2820 1580 2880 nostra,
1623 2814 2068 2880 dum’vivimus,

382 2885 629 2956 quadam
659 2884 930 2956 varietate
958 2889 1238 2956 pascatur.
1274 2886 1430 2939 Unde
1458 2902 1489 2939 a
1520 2886 1943 2956 praeteritorum
1975 2903 2070 2939 re-

382 2953 713 3010 cordatione
756 2954 824 3008 ad
856 2954 1267 3025 experientiam
1299 2953 1666 3025 praesentium
1694 2961 2069 3023 transeamus,

384 3031 449 3081 ut
479 3041 544 3079 ex
566 3025 655 3096 his
680 3041 909 3096 quoque
930 3030 1209 3096 quantum
1233 3042 1262 3078 a
1280 3026 1444 3080 nobis
1466 3027 1538 3080 sit
1564 3029 1706 3080 Deus
1728 3027 2072 3096 diligendus,

385 3112 584 3179 omnes
599 3095 1245 3179 intelligerevaleamus.
1259 3097 1386 3179 Haec
1408 3097 1599 3179 omnia
1618 3095 2074 3179 revolve’anim‘o,

385 3171 449 3222 ut
485 3166 545 3220 in
576 3182 707 3220 eum
739 3171 890 3219 totus
919 3170 1050 3219 tuus
1079 3167 1392 3220 resolvatur
1419 3168 1670 3222 affectus.
1704 3169 1941 3223 Vilescat
1970 3166 2077 3223 tibi

387 3237 655 3303 mundus,
687 3236 875 3289 omnis
922 3252 1087 3290 amor
1128 3238 1368 3291 carnalis
1417 3239 1718 3294 sordescat.
1755 3240 1977 3293 Nescias
2019 3243 2073 3293 te

387 3323 507 3361 esse
536 3307 598 3379 in_
625 3307 732 3360 hoc
759 3306 994 3372 mundo,
1029 3323 1158 3377 quae
1181 3307 1250 3361 ad
1282 3309 1428 3375 illos,
1463 3310 1560 3379 qui
1591 3310 1651 3363 in
1677 3310 1832 3364 coelis
1862 3315 1992 3363 sunt
2020 3313 2074 3364 et

388 3380 502 3432 Deo
550 3376 766 3443 vivunt,
807 3382 969 3429 tuum
1001 3376 1257 3430 amorem
1305 3376 1658 3434 transtulisti.
1703 3380 1806 3434 Ubi
1837 3385 1920 3433 est
1948 3381 2074 3434 the-

386 3462 587 3520 saurus
611 3446 879 3520 tuus,_ibi
911 3450 967 3499 et
996 3463 1094 3520 cor
1123 3453 1308 3502 tuum.
1347 3450 1474 3520 Noli
1505 3466 1635 3504 cum
1679 3449 1966 3520 argenteis
1998 3451 2073 3503 si-

388 3516 655 3572 mulacris
699 3516 798 3569 vili
831 3517 1119 3586 marsupio
1148 3521 1311 3572 tuum
1343 3518 1634 3591 includere
1664 3516 1943 3588 animum,
1975 3520 2074 3591 qui

388 3603 682 3660 nunquam
704 3603 833 3641 cum
852 3603 1217 3660 nummorum
1240 3589 1494 3658 pondere
1512 3591 1717 3660 poterit
1729 3589 2074 3645 transvolare

387 3659 458 3714 ad
487 3659 691 3713 celum
716 3663 885 3730 {puta
915 3663 970 3712 te
992 3659 1246 3730 quotidie
1275 3659 1640 3726 moriturum,
1665 3666 1720 3715 et
1739 3662 1807 3716 de
1829 3662 2073 3716 crastino

386 3746 504 3784 non
534 3729 830 3801 cogitabis.
857 3731 984 3801 Non
1001 3729 1055 3783 te
1080 3730 1254 3784 futuri
1267 3732 1538 3801 temporis
1559 3732 1824 3786 sterilitas
1843 3737 2071 3798 terreat,

387 3817 504 3872 non
534 3799 741 3872 futurae
758 3799 928 3872 famis
947 3799 1119 3855 timor
1140 3805 1294 3856 tuam
1323 3799 1570 3856 mentem
1593 3803 1838 3872 dejiciat.
1870 3803 1976 3858 Sed
2009 3819 2075 3857 ex

386 3871 526 3944 ipso
549 3875 668 3944 tota
697 3870 909 3944 fiducia
939 3876 1035 3925 tua
1064 3872 1330 3942 pendeat,
1363 3873 1464 3944 qui
1498 3890 1626 3927 aves
1655 3870 1833 3944 pascit
1864 3879 1919 3928 et
1959 3874 2076 3928 lilia

387 3941 574 3995 vestit.
619 3942 742 4015 Ipse
781 3941 853 4015 sit
897 3941 1168 4015 horreum
1215 3941 1400 4010 tuum,
1453 3944 1576 4014 ipse
1606 3941 1900 4015 apotheca,
1953 3944 2074 4014 ipse

389 4011 766 4085 marsupium,
797 4011 920 4085 ipse
949 4013 1161 4085 divitiae
1181 4017 1314 4078 tuae,
1339 4015 1457 4085 ipse
1475 4011 1730 4069 solus—sit
1755 4015 1857 4070 tibi
1882 4011 2076 4069 omnia

389 4082 449 4137 in
480 4082 764 4155 omnibus.
788 4084 859 4155 Et
887 4082 1008 4138 haec
1038 4084 1268 4138 interim
1290 4082 1759 4155 de'prznsentibus
1785 4085 1918 4139 satis
1941 4086 2070 4141 sint.

529 4154 753 4208 CAPUT
786 4154 988 4208 LXVII.
1021 4183 1089 4196 —
1123 4157 1265 4210 Mors
1289 4173 1322 4209 a
1351 4154 1551 4211 sanctis
1573 4157 1927 4211 desideratur.

459 4224 568 4298 Qui
614 4229 802 4298 autem
835 4229 992 4298 tanta
1030 4225 1146 4298 suis
1177 4231 1416 4298 praestat
1445 4227 1505 4281 in
1545 4228 1831 4298 prmsenti,
1863 4230 2075 4298 quanta

390 4293 503 4348 illis
529 4300 714 4366 servat
741 4295 800 4348 in
828 4295 1057 4350 futuro?
1100 4293 1446 4366 Principium
1476 4293 1820 4361 futurorum,
1861 4293 1916 4351 et
1947 4298 2075 4352 linis

387 4363 758 4446 praesentium
791 4381 958 4446 mors.
981 4367 1148 4446 Hane
1163 4363 1552 4446 cuju'snatura
1569 4386 1703 4446 non.
1725 4370 2077 4446 horret?__cu-

412 4451 478 4510 us
507 4435 965 4510 nonexpavescit
993 4437 1267 4510 affectus?
1296 4439 1435 4492 Nam
1461 4439 1655 4493 bestia;
1678 4439 1833 4510 fuga,
1865 4439 2072 4494 latibu-

409 4507 476 4572 is,
505 4510 564 4560 et
591 4506 716 4560 aliis
756 4506 922 4561 mille
961 4507 1148 4561 modis
1177 4513 1421 4564 mortem
1453 4516 1669 4576 cavent,
1703 4506 1771 4565 et
1785 4511 1958 4564 vitam
1989 4515 2073 4564 te-

389 4578 701 4651 nent._Jam
732 4594 883 4651 nunc
923 4578 1228 4651 diligenter
1264 4581 1511 4645 attende.
1545 4582 1680 4651 quid
1712 4586 1808 4636 tua
1851 4581 1956 4635 tibi
1985 4598 2073 4635 re-

387 4647 664 4717 spondeat
691 4647 1056 4722 conscientia,
1090 4651 1226 4721 quid
1267 4647 1578 4722 praesumat
1604 4653 1745 4707 fides
1787 4657 1904 4714 tua,
1938 4652 2076 4722 quid

391 4733 518 4788 spes
537 4719 859 4792 promittat,
892 4721 1031 4792 quid
1063 4719 1614 4791 exspectetaffectus.
1646 4723 1832 4778 Sivita
1853 4719 2076 4777 tua—tibi

388 4789 551 4863 oneri
581 4794 685 4863 est,
717 4790 761 4842 si
792 4789 1040 4845 mundus
1067 4789 1314 4863 fastidio,
1347 4794 1393 4847 si
1423 4810 1552 4847 caro
1577 4793 1786 4859 dolori;
1820 4793 2074 4863 profecto

390 4858 870 4935 desiderio__mors
901 4867 998 4935 est
1017 4862 1143 4932 tibi,
1175 4858 1308 4935 qme
1328 4864 1533 4935 jugum
1567 4865 1736 4934 hujus
1767 4858 1954 4918 oneris
1983 4864 2078 4918 de-

386 4931 569 5054 plonit,
621 4930 770 4983 tollit
813 4930 1137 4996 fastidium,
1170 4930 1474 5006 corpore'os
1530 4930 1752 4989 dolores
1805 4935 2073 4990 absumit.

441 5017 506 5054 oc
536 5016 718 5054 unum
746 5001 870 5054 dico
902 5003 1167 5054 omnibus
1211 5006 1410 5054 mundi
1442 5006 1610 5054 huius
1641 5011 1908 5054 nrmstare
1937 5005 2073 5054 deli-

441 5017 506 5077 oc
536 5001 870 5077 unnmdico
902 5003 1167 5077 omnibus
1195 5001 1410 5077 mundi
1442 5006 1610 5077 hujus
1641 5011 1908 5077 praestare
1937 5005 2074 5059 deli-

389 5071 873 5154 ciis,_honoribiisn
890 5077 1069 5154 atque
1092 5075 1401 5154 divitiistsi
1431 5071 1894 5154 ob_'con_'scientiae
1920 5093 2074 5130 sere-

387 5142 647 5227 nitatem,
676 5142 1190 5227 fideinfirmitatem,
1225 5147 1346 5227 spei
1376 5148 1798 5227 certitudinem,
1831 5152 2074 5227 mortem

388 5228 504 5288 non
534 5213 753 5268 timeas.
799 5215 956 5279 Quod
987 5215 1082 5288 ille
1130 5213 1374 5288 maxime
1414 5219 1626 5287 poterit
1666 5217 1933 5288 experiri,
1977 5217 2076 5288 qui

389 5283 595 5364 _aliquo_
623 5290 877 5364 tempore
922 5286 1026 5364 sub
1066 5287 1171 5341 hac
1224 5283 1492 5364 servitute
1538 5283 1848 5364 suspirans,
1880 5283 1958 5364 in
1993 5283 2076 5340 Ἰἰ-

388 5354 627 5409 berioris
673 5354 1037 5413 conscientiae
1084 5375 1251 5412 auras
1298 5359 1488 5414 evasit.
1543 5354 1671 5415 Haec
1699 5365 1833 5414 sunt
1871 5359 2078 5414 futurae

387 5424 758 5499 beatitudinis
787 5433 898 5482 tuas
930 5429 1199 5499 primitias
1230 5431 1525 5497 salutares,
1562 5436 1624 5484 ut
1655 5437 1834 5485 morte
1884 5446 2079 5499 super-

389 5495 652 5550 veniente
683 5495 997 5572 naturalem
1027 5501 1322 5555 horrorem
1351 5501 1490 5556 ﬁdes
1513 5495 1759 5572 Superat,
1785 5517 1910 5572 spes
1939 5495 2078 5554 tem-

392 5572 574 5643 peret,
595 5569 962 5643 _cp_n_scientia_
978 5587 1175 5626 secura
1198 5573 1450 5643 repellat.

497 5638 724 5692 CAPUT
758 5640 987 5696 LXVIII.
1020 5671 1088 5683 —
1117 5638 1276 5698 Mors
1290 5645 1441 5713 justo
1460 5645 1740 5711 felicitatis
1764 5643 1972 5712 princi-

1133 5717 1252 5769 ium
1278 5720 1373 5770 est.

463 5777 530 5831 Et
559 5777 682 5832 vide
706 5779 994 5849 quomodo
1019 5729 1569 5840 ωὲιὲιῖῑθεῖῗῖίυᾶὶῃὶε
1600 5781 1942 5854 principium
1974 5785 2078 5848 cst,

1519 295 1906 354 APPENDIX.
1963 298 2057 352 DE
2098 297 2269 352 VITA
2309 295 2723 354 EREMITICA.

3765 297 3910 351 1472

2180 419 2442 474 laborum
2472 423 2642 483 meta,
2673 417 3059 488 peremptoria
3086 417 3376 472 vitiorum.
3430 415 3524 472 Sic
3562 415 3730 472 enim
3770 417 3914 471 scri-

2180 493 2344 560 ptum
2397 495 2518 545 est:
2557 492 2712 545 Beati
2762 491 2983 554 mortui,
3035 491 3133 558 qui
3172 491 3230 543 in
3284 489 3509 543 Domino
3554 490 3905 560 moriuntur.

2179 559 2387 614 Amodo
2412 563 2553 615 enim
2563 562 2683 629 jam
2709 561 2844 614 dicit
2870 561 3137 628 Spiritus,
3167 564 3228 612 ut
3248 561 3594 629 requiescant
3629 575 3663 612 a
3696 559 3911 613 labori-

2181 631 2276 685 bus
2306 635 2419 686 suis
2448 632 2639 700 (Apoc.
2669 647 2782 696 xiv,
2815 630 2930 697 t3).
2973 631 3131 685 Unde
3178 631 3461 700 propheta
3504 629 3908 700 reproborum

2177 701 2248 755 ab
2277 703 2588 754 electorum
2631 707 2815 756 morte
2868 701 3218 769 discernens,
3265 701 3454 755 Omnes
3483 700 3706 770 inquit,
3744 716 3906 768 reges

2177 772 2440 826 dormient
2469 775 2527 826 in
2555 773 2733 838 gloria
2762 774 2819 825 in
2849 772 3001 826 domo
3030 787 3129 826 sua
3155 788 3166 824 :
3217 777 3275 823 tu
3305 776 3481 825 autem
3523 771 3814 839 projectus
3848 787 3905 824 es

2177 842 2241 895 de
2270 846 2509 910 sepulcro
2541 848 2648 905 tuo,
2687 844 2845 910 quasi
2873 845 3040 911 stirps
3093 842 3329 908 inutilis,
3357 843 3599 910 pollutus
3630 847 3680 895 et
3724 842 3901 896 obro-

2178 913 2322 966 lutus
2357 916 2503 977 (lsai.
2533 929 2643 979 xiv,
2677 917 2738 966 i8
2768 917 2870 981 19).

2178 983 2405 1038 CAPUT
2442 985 2614 1040 LXIX.
2660 1013 2729 1024 —
2765 986 2836 1037 De
2873 985 3066 1036 animae
3095 997 3122 1035 e
3150 997 3366 1051 corpore
3395 983 3644 1036 exeuntis
3699 985 3899 1052 requie

2832 1054 2914 1106 vel
2942 1054 3222 1121 supplicio.

2252 1123 2555 1178 Dormiunt
2582 1121 2794 1194 quippe
2824 1123 2882 1176 in
2909 1125 3093 1193 gloria
3137 1138 3389 1194 quorum
3412 1127 3679 1194 mortem
3729 1123 3894 1178 bona

2177 1194 2543 1248 commendat
2571 1193 2937 1247 conscientia.
2964 1193 3244 1257 Quoniam
3276 1193 3528 1263 pretiosa
3557 1193 3720 1247 estin
3755 1210 3892 1247 con-

2179 1271 2375 1334 spectu
2422 1265 2646 1318 Domini
2678 1280 2832 1317 mors
2861 1271 3183 1317 sanctorum
3215 1266 3357 1334 ejus.
3393 1265 3619 1318 Dormit
3649 1281 3794 1318 sane
3829 1265 3891 1317 in

2179 1333 2378 1404 gloria,
2409 1335 2571 1405 cujus
2619 1333 2950 1389 dormitioni
2981 1333 3255 1387 assistunt
3304 1335 3532 1403 Angeli,
3566 1341 3894 1389 occurrunt

2179 1405 2357 1485 sancti
2385 1411 2441 1459 et
2460 1405 2732 1485 concives,
2765 1421 2930 1485 suum
2962 1405 3281 1485 praebentes
3316 1405 3620 1485 auxilium,
3645 1476 3655 1485 _
3684 1413 3747 1458 et
3784 1406 3892 1459 im-

2178 1476 2490 1546 pertientes
2510 1476 2796 1542 solatium,
2825 1476 3086 1530 hostibus
3099 1491 3156 1529 se
3183 1481 3505 1546 opponunt,
3535 1476 3890 1530 obsistentes

2179 1545 2780 1626 repellu_nt,_refellunt
2813 1552 3180 1626 accusantes:
3227 1545 3282 1599 et
3307 1545 3406 1626 .sic
3431 1563 3642 1626 usque
3685 1547 3765 1600 ad
3804 1547 3892 1600 si-

2178 1633 2318 1688 num
2347 1618 2583 1672 Abrahae
2609 1622 2860 1671 sanctam
2892 1616 3508 1688 animachomitantes
3539 1616 3600 1669 in
3628 1618 3759 1671 loco
3791 1634 3890 1688 pa-

2179 1687 2259 1741 cis
2288 1689 2566 1742 collocant
2594 1693 2650 1741 et
2678 1688 2903 1758 quietis.
2940 1689 3065 1741 Non
3119 1686 3196 1740 sic
3234 1687 3613 1758 impiiLquos,
3649 1688 3722 1742 de
3757 1686 3888 1742 cor-

2177 1774 2337 1838 pore,
2371 1759 2542 1838 quasi.
2563 1759 2640 1838 de.
2662 1757 3448 1838 fieteutiusepulcro,pessimi
3477 1757 3720 1838 spiritus
3747 1775 3890 1838 eum

2180 1828 2575 1882 instrumentis
2627 1828 2998 1882 infernalibus
3046 1829 3402 1882 extrahentes
3443 1829 3696 1897 pollutos
3747 1830 3889 1883 libi-

2181 1899 2333 1964 dine,
2365 1899 2657 1953 obvolutos
2687 1899 3012 1969 cupiditate,
3061 1899 3327 1968 injiciunt
3373 1898 3607 1968 ignibus
3639 1915 3893 1954 exuren-

2181 1969 2303 2036 dos,
2335 1970 2569 2023 tradunt
2614 1970 2901 2023 vermibus
2930 1971 3279 2035 lacerandos,
3315 1969 3543 2022 aeternis
3575 1970 3890 2024 faetoribus

2180 2039 2457 2109 deputant
2485 2039 2860 2094 suffocandos.
2892 2041 3028 2093 Vere
3059 2043 3386 2108 exspectatio
3413 2041 3697 2108 justo-rum
3738 2043 3889 2096 lati-

2180 2113 2291 2173 tia;
2325 2126 2442 2179 spes
2473 2116 2650 2164 autem
2681 2114 2968 2180 impio-rum
2986 2111 3188 2180 peribit
3229 2113 3401 2180 (Prov.
3436 2127 3492 2173 x,
3520 2114 3636 2178 28).

2182 2181 2406 2235 CAPUT
2437 2183 2579 2235 LXX.
2608 2211 2678 2220 —
2717 2185 2791 2236 De
2819 2184 3001 2250 requie
3024 2186 3224 2234 aeterna
3263 2187 3312 2235 et
3335 2183 3512 2248 gloria
3545 2188 3886 2236 sanctorum.

2251 2252 2394 2323 Sane
2422 2252 2604 2323 qualis
2634 2252 2704 2323 sit
2734 2252 2836 2323 illa
2861 2251 3106 2322 requies,
3157 2268 3291 2323 quae
3315 2268 3426 2323 pax
3469 2252 3587 2317 illa,
3635 2269 3770 2323 qua:
3793 2254 3889 2323 ju-

2181 2321 2455 2376 cunditas’
2479 2322 2548 2376 de
2605 2322 2730 2375 sinu
2780 2322 3044 2387 Abrahm,
3101 2338 3230 2392 quae
3279 2321 3396 2374 illic
3447 2321 3887 2392 quiescentibus

2180 2392 2557 2462 promittitur,
2591 2398 2644 2446 et
2673 2397 3051 2462 exspectatur,
3084 2393 3219 2462 quia
3249 2392 3605 2462 experientia
3629 2410 3747 2448 non
3781 2395 3887 2448 do-

2180 2465 2316 2528 cuit,
2353 2464 2515 2516 stilus
2545 2463 2827 2532 explicare
2856 2479 2971 2516 non
3000 2462 3229 2532 poterit.
3279 2464 3618 2532 Exspectant
3668 2465 3886 2529 felices,

2182 2533 2363 2588 donec
2389 2534 2695 2602 impleatur
2723 2550 2996 2587 numerus
3025 2535 3266 2588 fratrum
3291 2550 3559 2603 suorum;
3595 2538 3656 2586 ut
3699 2536 3759 2588 in
3793 2535 3888 2589 die

2181 2603 2611 2675 resurrectionis
2639 2604 3036 2675 duplicistola
3056 2603 3264 2669 induti,
3296 2605 3550 2674 corporis
3579 2605 3803 2675 pariter
3830 2611 3892 2659 et

2182 2674 2390 2729 animai
2420 2679 2695 2744 perpetua
2729 2674 2992 2728 felicitate
3021 2674 3304 2730 fruantur.

2379 2746 2603 2800 CAPUT
2637 2746 2811 2799 LXXI.
2844 2773 2910 2784 —-—
2942 2748 3014 2798 De
3059 2748 3288 2798 ea‘tremi
3327 2745 3536 2813 judicii
3564 2746 3672 2799 die.

2251 2816 2377 2869 Jam
2407 2831 2559 2869 nunc
2586 2816 2809 2869 intuere
2837 2815 2950 2868 diei
2980 2815 3132 2868 illius
3166 2822 3468 2882 terrorem,
3507 2816 3743 2886 quando
3770 2816 3887 2870 vir-

2183 2888 2334 2939 tutes
2379 2887 2653 2940 caelorum
2709 2887 3108 2953 movebuntur,
3168 2886 3450 2940 elementa
3497 2886 3649 2956 ignis
3696 2887 3890 2941 calore

2183 2957 2493 3028 solventur,
2526 2957 2801 3028 patebunt
2822 2957 3242 3028 inferi,occulta
3271 2956 3464 3010 omnia
3485 2957 3888 3013 nudabuntur.

2184 3027 2382 3080 Veniet
2421 3028 2853 3097 desuperjudex
2888 3027 3088 3093 iratus,
3123 3027 3326 3081 ardens
3367 3028 3525 3080 furor
3553 3028 3698 3096 ejus,
3733 3033 3792 3082 et
3822 3032 3889 3083 ut

2183 3101 2492 3168 tempestas
2522 3114 2721 3151 currus
2751 3099 2892 3167 ejus,
2924 3102 2988 3150 ut
3017 3097 3215 3151 reddat
3254 3097 3316 3150 in
3368 3097 3453 3151 ira
3481 3098 3796 3153 vindictam
3831 3103 3894 3153 et

2184 3169 2558 3223 vastationem
2591 3169 2648 3222 in
2674 3169 2906 3222 flamma
2936 3168 3101 3238 ignis.
3158 3169 3360 3222 Beatus
3385 3168 3484 3238 qui
3542 3174 3778 3238 paratus
3804 3173 3892 3223 est

2184 3255 2477 3293 occurrere
2506 3239 2610 3310 illi.
2644 3239 2787 3302 Quid
2823 3237 3210 3310 tunc’miseris
3263 3237 3470 3310 animis
3500 3237 3660 3294 erit?
3706 3257 3890 3310 quam

2183 3314 2318 3363 tunc
2346 3309 2539 3363 miseri
2570 3315 2757 3376 erunt,
2794 3325 2939 3380 quos
2972 3308 3385 3380 nunciluxuria
3419 3310 3612 3375 foedat,
3646 3308 3891 3364 avaritia

2183 3380 2688 3460 dissipat,_extollit
2717 3379 3012 3460 superbia!
3045 3379 3288 3460 Exibunt
3317 3381 3622 3460 Angeli,_et_
3652 3397 3890 3460 separa-

2183 3450 2326 3504 hunt
2354 3451 2530 3504 malos
2557 3451 2626 3503 de
2657 3450 2840 3503 medio
2861 3451 3170 3517 justorum,
3202 3450 3336 3502 istos
3366 3467 3396 3502 a
3439 3451 3675 3512 dextris.
3732 3452 3888 3506 alios

2184 3538 2216 3575 a
2245 3520 2485 3574 sinistris
2511 3525 2839 3574 statuentes.
2870 3521 3063 3588 Cogita
3094 3536 3246 3573 nunc
3276 3525 3330 3572 te
3351 3525 3483 3574 ante
3514 3521 3770 3576 tribunal
3803 3522 3892 3576 in-

2183 3596 2272 3644 ter
2300 3595 2602 3661 utramque
2647 3592 2793 3645 hanc
2826 3591 3148 3644 societatem
3207 3591 3486 3652 assistere,
3529 3596 3586 3645 et
3635 3593 3892 3647 necdum

2183 3662 2241 3716 in
2264 3667 2486 3731 partem
2518 3663 2752 3716 alteram
2780 3666 3117 3731 separatam.
3143 3662 3385 3715 Deflecte
3408 3677 3560 3715 nunc
3589 3664 3787 3716 oculos
3818 3664 3891 3717 ad

2184 3733 2468 3787 sinistram
2515 3733 2746 3800 Judicis,
2807 3738 2863 3786 et
2907 3732 3176 3786 miseram
3230 3731 3388 3786 illam
3445 3733 3890 3788 multitudinem

2183 3809 2390 3857 snecta.

2211 3821 2513 3929 pegibur
2547 3874 2745 3928 LXXII.
2778 3876 2849 3927 De
2877 3874 3188 3940 confusione
3221 3877 3270 3926 et
3297 3889 3459 3942 pa'na
3485 3875 3777 3930 malorum.

2255 3944 2445 4008 Qualis
2475 3944 2823 4015 ibihorror?
2853 3944 2980 4015 quis
3005 3944 3217 3998 timor?
3238 3945 3366 4014 quis
3385 3945 3598 3998 fmtor?
3630 3946 3762 4015 quis
3790 3945 3891 4000 do-

2184 4014 2316 4069 lor?
2345 4017 2505 4070 Stant
2561 4014 2778 4082 miseri,
2835 4013 2891 4069 et
2944 4013 3199 4068 infelices
3248 4013 3552 4069 stridentes
3591 4013 3892 4083 dentibus,

2184 4086 2334 4139 nudo
2368 4088 2542 4139 latere
2573 4086 2937 4156 palpitantes,
2983 4091 3208 4154 aspectu
3243 4085 3569 4152 horribiles,
3603 4088 3764 4141 vultu
3798 4088 3894 4142 dc-

2183 4157 2630 4226 formes,dejecti
2654 4173 2770 4227 pra:
2799 4157 3050 4226 pudore;
3081 4173 3201 4226 ιιι-ω
3232 4157 3490 4226 corporis
3521 4157 3894 4227 turpitudine

2188 4233 2245 4282 et
2275 4228 2529 4282 nuditate
2559 4227 2777 4280 confusi
2809 4227 2983 4280 latere
3013 4227 3229 4292 volunt,
3278 4233 3335 4281 et
3383 4243 3500 4280 non
3553 4227 3727 4282 datur
3758 4245 3772 4294 ;
3807 4229 3895 4284 fu-

2224 4314 2317 4352 ere
2348 4302 2591 4362 tentant,
2626 4303 2827 4368 etinon
2855 4297 3287 4368 permittuntur.
3330 4297 3386 4352 Si
3422 4299 3613 4352 levant
3669 4301 3888 4363 oculos,

2224 4315 2317 4352 ere
2348 4315 2591 4362 tentant,
2626 4315 2681 4352 ei
2710 4315 2827 4350 non
2855 4315 3287 4368 permittuntur.
3330 4315 3386 4352 bl
3422 4315 3613 4352 levant
3669 4315 3888 4363 OCUIOS,

2183 4315 2428 4439 gesuper
2451 4368 2658 4438 judicis
2690 4367 3129 4422 imminetfuror
3161 4384 3174 4432 ;
3204 4368 3251 4421 si
3295 4369 3612 4439 deponunt,
3647 4369 3897 4424 inferna-

2183 4439 2252 4494 lis
2281 4438 2536 4510 puteieis
2567 4439 2846 4510 ingeritur
2877 4440 3261 4510 horren,an
3293 4438 3548 4509 suppetit
3573 4439 3891 4494 criminum

2183 4509 2487 4577 excusatio,
2517 4509 2740 4563 nec’de
2784 4509 2984 4580 iniquo
3021 4509 3235 4578 judicio
3273 4510 3466 4579 aliqua
3522 4511 3738 4578 poterit
3768 4529 3894 4566 esse

2184 4583 2468 4635 causatio:
2502 4596 2630 4634 cum
2662 4580 2942 4650 quidquid
2973 4580 3261 4634 decretum
3289 4580 3480 4649 fuerit,
3504 4580 3730 4650 justum
3767 4599 3894 4637 esse

2182 4652 2362 4722 ipsam
2395 4667 2593 4704 eorum
2623 4651 3030 4704 conscientiam
3063 4667 3178 4704 non
3202 4650 3414 4722 latebit.

2184 4721 2407 4778 CAPUT
2457 4723 2679 4776 LXXIII.
2713 4753 2781 4762 —
2813 4723 2980 4776 Amor
3035 4724 3138 4774 Deo
3185 4721 3556 4790 rependendus
3598 4737 3701 4792 pro
3750 4740 3899 4792 pra:-

2727 4792 3108 4846 destinationis
3129 4794 3337 4859 gratia.

2255 4863 2432 4918 Cerne
2460 4877 2610 4916 nunc
2638 4878 2810 4932 quam
2858 4863 3135 4917 amandus
3167 4863 3251 4922 sit,
3284 4861 3384 4931 qui
3427 4865 3483 4916 te
3521 4863 3594 4916 ab
3643 4863 3754 4918 hac
3795 4865 3897 4919 da-

2185 4939 2379 4988 mnata
2405 4933 2669 4987 societate
2697 4933 3158 5004 prmdestinando
3189 4932 3479 5000 discernit,
3514 4935 3779 4988 vocando
3811 4952 3898 4988 se-

2185 5004 2803 5074 paravit,justificando
2826 5007 3104 5073 purgavit.
3138 5005 3423 5073 Retorque
3455 5019 3608 5056 nunc
3639 5005 3710 5058 ad
3748 5006 3894 5060 dex-

2184 5081 2364 5130 teram
2396 5076 2606 5141 oculos,
2630 5080 2686 5129 et
2715 5075 2921 5145 quibus
2952 5080 3007 5127 te
3037 5074 3407 5143 glorificando
3438 5074 3510 5128 sit
3539 5075 3893 5145 inserturus,

2187 5147 2436 5202 adverte.

2556 5215 2800 5270 CAPUT.
2835 5244 2900 5254 —-
2929 5218 3002 5269 De
3032 5216 3208 5283 gloria
3235 5216 3508 5269 bonorum.

2255 5285 2389 5350 Quis
2419 5285 2496 5339 ibi
2525 5285 2736 5339 decor?
2757 5284 3088 5356 quishonor
3108 5288 3137 5340 ?
3169 5303 3296 5356 quae
3328 5286 3610 5339 felicitas?
3640 5302 3774 5356 quin
3808 5301 3892 5342 se-

2186 5358 2394 5411 curitas
2413 5357 2442 5410 ?
2470 5356 2581 5410 Alii
2612 5355 2701 5410 die
2722 5355 3027 5424 judiciaria
3057 5355 3202 5410 sede
3218 5357 3512 5421 sublimes,
3545 5356 3644 5409 alii
3667 5355 3894 5426 marty-

2187 5429 2256 5481 rii
2285 5443 2492 5481 corona
2523 5427 2906 5494 splendentes,
2953 5427 3049 5480 alii
3073 5427 3414 5497 virginitatis
3459 5427 3600 5481 ﬂore
3632 5429 3894 5496 candidi,

2188 5498 2284 5552 alii
2315 5499 2801 5566 eleemosynarum
2847 5497 3149 5568 largitione
3189 5498 3439 5561 fecundi,
3471 5497 3584 5568 alii
3627 5498 3893 5553 doctrina

2187 5575 2243 5622 et
2275 5569 2590 5622 eruditione
2617 5569 2893 5639 praeclari,
2920 5567 3341 5623 unocharitatis
3372 5567 3585 5623 foedere
3616 5571 3896 5639 copulan-

2188 5645 2298 5694 tur.
2335 5641 2500 5693 Lucet
2547 5639 2628 5693 eis
2657 5640 2844 5694 vultus
2873 5641 3003 5694 Jesu
3033 5639 3240 5692 Christi
3275 5655 3390 5692 non
3439 5639 3739 5705 terribilis,
3794 5642 3891 5695 sed

2189 5710 2484 5836 imagilis;
2522 5727 2638 5766 non
2682 5726 2928 5779 amarus,
2962 5711 3060 5767 sed
3091 5709 3308 5778 dulcis;
3357 5726 3474 5764 non
3508 5714 3756 5783 terrens,
3793 5712 3892 5768 sed

2252 5797 2323 5836 an
2368 5796 2508 5836 iens.

2252 5796 2508 5837 811010115.
