4056 6350
131 343 286 396 14⁸73

252 466 477 522 CAPUT
517 465 707 520 LXXV.
748 494 818 505 —
845 466 933 518 Ea:
969 463 1084 518 sola
1111 465 1208 518 Dei
1242 465 1425 532 gratia
1454 463 1734 518 salvandis

811 549 1170 590 accensemur.

210 607 312 663 Sta
342 623 494 662 nunc
524 606 582 660 in
620 606 830 674 medio,
874 607 1128 660 nesciens
1156 603 1363 676 quibus
1392 607 1447 658 te
1473 603 1681 674 judicis
1710 620 1840 658 sen-

122 679 326 733 tentia
350 678 664 748 deputabit.
699 678 742 731 0
777 677 918 731 dura
947 675 1324 746 exspectatio!
1360 678 1616 748 Timorqet
1646 681 1841 748 tremor

122 754 401 804 venerunt
420 745 583 818 super
603 763 704 814 me,
732 755 782 802 et
810 745 1158 802 contexerant
1185 762 1266 800 me
1290 745 1699 818 tenebrwr(Psal.
1731 762 1836 812 LIV,

124 822 214 889 6).
244 821 305 876 Si
337 837 427 874 me
453 817 698 872 sinistris
729 820 1044 883 sociaverit,
1076 833 1193 871 non
1221 817 1496 870 causabor
1521 817 1796 889 injustum
1823 832 1835 869 :

124 887 178 944 si
216 892 431 945 dextris
461 889 842 959 adscripserit,
879 889 1078 959 gratia:
1107 890 1229 957 ejus
1260 889 1385 953 hoc,
1411 904 1528 940 non
1548 887 1690 959 meis
1718 903 1840 940 me-

123 961 265 1015 ritis
302 967 388 1014 est
423 958 844 1028 imputandum.
888 958 1046 1026 Vere,
1093 959 1354 1024 Domine,
1386 959 1498 1011 vita
1543 958 1602 1011 in
1633 959 1838 1012 volun-

124 1036 254 1086 tate
286 1036 402 1086 tua.
441 1032 605 1084 Vides
634 1047 770 1102 ergo
800 1036 1078 1102 quantum
1118 1030 1177 1084 in
1205 1045 1398 1082 amore
1430 1031 1558 1102 ejus
1582 1033 1713 1102 tuus
1743 1044 1838 1102 ex-

125 1103 303 1157 tendi
335 1103 540 1156 debeat
569 1099 836 1166 animus;
850 1101 949 1172 qui
986 1117 1117 1154 cum
1141 1102 1292 1170 juste
1323 1105 1519 1172 posset
1547 1100 1606 1152 in
1635 1099 1841 1172 impios

125 1174 446 1244 prolatam,
476 1173 537 1226 in
564 1177 620 1226 te
659 1170 887 1242 quoque
917 1177 1248 1244 retorquere
1277 1170 1640 1234 sententiam,
1671 1170 1840 1240 justis

127 1243 191 1298 te
226 1245 433 1298 maluit
475 1260 538 1297 ac
567 1244 850 1296 salvandis
896 1244 1167 1296 inserere.
1210 1243 1334 1295 Jam
1380 1247 1435 1294 te
1467 1246 1603 1310 puta
1633 1246 1839 1293 sanctae

131 1316 223 1368 illi
256 1314 510 1367 societati
539 1315 901 1383 conjunctam
933 1314 1081 1366 vocis
1111 1311 1261 1365 illius
1291 1311 1487 1364 audire
1513 1311 1836 1383 decretum:

138 1388 358 1450 Venite,
383 1382 843 1438 benedictiPatris
864 1387 983 1445 mei,
1014 1386 1277 1452 percipite
1303 1398 1547 1449 regnum,
1572 1382 1715 1449 quod
1743 1397 1841 1435 vo—

132 1457 220 1510 bis
249 1462 511 1525 paratum
538 1460 617 1509 est
641 1457 708 1509 ab
743 1457 950 1522 origine
979 1455 1185 1507 mundi.
1221 1453 1434 1525 Miseris
1475 1453 1840 1525 audientibus

131 1524 380 1580 verbum
430 1527 660 1588 durum,
707 1526 943 1596 plenum
990 1525 1089 1578 irae
1135 1529 1191 1577 et
1218 1524 1464 1577 furoris:
1518 1524 1842 1596 Disceditea

130 1614 242 1660 me,
294 1597 588 1662 maledicti,
641 1595 920 1662 in’ignem
959 1602 1234 1649 aeternum.
1294 1597 1438 1648 Tunc
1493 1595 1648 1646 ibunt
1694 1595 1749 1646 hi
1785 1596 1843 1646 in

131 1669 468 1738 supplic-ium
517 1673 802 1731 :eternum;
842 1668 986 1738 justi
1027 1672 1205 1720 autem
1255 1669 1313 1718 in
1370 1667 1542 1738 vitam
1589 1669 1842 1738 aeternam

135 1735 359 1809 (Matth.
403 1755 528 1799 xxv,
567 1740 654 1802 34,
679 1740 772 1804 41,
802 1740 910 1806 46).
945 1737 988 1792 Ο
1038 1738 1181 1791 dura
1227 1735 1545 1806 separatio!
1598 1751 1630 1788 ο
1672 1735 1841 1788 mise-

134 1810 342 1864 rabilis
372 1809 654 1863 conditio!

250 1880 476 1934 CAPUT
511 1879 730 1933 LXXVI.
771 1907 837 1919 —
871 1881 944 1934 De
972 1893 1132 1946 regno
1163 1879 1258 1931 Dei
1297 1880 1418 1945 post
1439 1875 1732 1944 judicium.

210 1950 464 2006 Sublatis
501 1966 634 2004 vero
679 1949 869 2020 impiis
900 1965 970 2002 ne
1002 1944 1229 2002 videant
1275 1944 1518 2017 gloriam
1550 1947 1648 1999 Dei
1673 1944 1841 2020 justis

135 2038 372 2092 quoque
404 2021 642 2090 singulis
671 2017 982 2074 secundum
1010 2020 1249 2092 gradum
1281 2033 1444 2092 suum
1475 2021 1530 2070 et
1571 2017 1841 2092 meritum

134 2087 416 2164 angelicis
436 2087 732 2164 ordinibus
754 2091 1002 2164 insertis,
1017 2087 1126 2143 'tiet
1147 2091 1244 2143 illa
1265 2089 1515 2164 gloriosa
1534 2087 1839 2164 processio,

137 2157 366 2218 Chi-isto
396 2163 752 2233 praecedente
793 2163 975 2233 capite
1009 2166 1227 2228 nostro,
1273 2157 1540 2233 omnibus
1569 2157 1841 2233 membris

136 2235 259 2289 suis
287 2228 690 2304 sequentibus;
723 2237 779 2287 et
818 2228 1372 2304 itradeturqregnum
1422 2231 1534 2283 Deo
1583 2233 1639 2282 et
1667 2228 1837 2304 Patri,

137 2311 204 2359 ut
234 2299 602 2376 ipse-regnet
630 2299 692 2358 in
722 2303 877 2373 ipsis,
923 2302 1114 2376 etqipsi
1148 2299 1388 2370 regnent
1411 2316 1550 2376 cum
1581 2315 1668 2376 eo,
1699 2299 1842 2376 illud

136 2369 522 2498 percipient?
562 2369 821 2445 regnum,
848 2369 1000 2446 quod
1029 2369 1303 2444 paratum
1341 2375 1426 2426 est
1468 2370 1581 2424 illis
1620 2370 1690 2424 ab
1726 2369 1842 2423 ori-

137 2463 276 2498 mne
306 2462 443 2498 mun
489 2462 526 2498 ι.

180 2463 276 2501 ine
306 2462 526 2500 mundi.

137 2463 276 2518 gine
306 2463 526 2500 mundi.

323 2517 547 2571 CAPUT
582 2515 823 2570 LXXVII.
868 2544 930 2554 —
966 2517 1036 2568 De
1066 2515 1222 2580 regni
1259 2515 1355 2566 Dei
1380 2513 1660 2578 felicitate.

213 2587 390 2657 Cujus
413 2585 573 2657 regni
607 2593 784 2639 status
804 2583 1442 2657 neccogitariquidem
1473 2585 1656 2657 potest
1683 2597 1714 2634 a
1744 2596 1842 2657 no:

138 2658 248 2724 his,
283 2650 464 2711 multo
479 2650 678 2710 Ininus
709 2655 818 2709 dici
848 2656 934 2709 vel
969 2650 1157 2708 scribi.
1198 2650 1311 2706 ll'oc
1340 2652 1656 2716 sciendum,
1687 2650 1842 2722 quod

137 2723 378 2783 omnino
407 2728 549 2782 nihil
577 2727 778 2789 aberit,
805 2727 956 2796 quod
980 2726 1117 2778 velis
1140 2725 1364 2796 adesse;
1400 2723 1840 2796 ne‘crquidquam

136 2801 344 2865 aderit,
379 2800 532 2870 quod
560 2799 696 2870 velis
722 2793 934 2850 abesse.
971 2797 1170 2870 Nullus
1200 2793 1478 2870 igitur__ibi
1503 2795 1712 2870 luctus,
1748 2793 1841 2845 tle-

136 2875 230 2925 tus
260 2864 472 2935 nullus,
501 2885 614 2923 non
636 2869 830 2932 timor,
863 2884 976 2921 non
1000 2867 1182 2931 dolor,
1213 2881 1326 2918 non
1357 2864 1697 2928 diflidentia,
1722 2879 1841 2935 non

136 2941 377 3006 invidia,
402 2934 517 2994 nun
539 2939 848 3002 tribulatio,
877 2953 994 2991 non
1015 2936 1270 2997 tentatio,
1298 2951 1408 2988 non
1433 2935 1578 2988 aeris
1601 2934 1840 3006 mutatio

136 3013 224 3066 vel
260 3004 571 3081 corruptio,
602 3027 718 3082 non
751 3010 1018 3082 suspicio,
1040 3023 1172 3082 non
1206 3005 1461 3070 ambitio,
1494 3021 1610 3082 non
1639 3004 1838 3058 adula-

135 3083 242 3151 tio,
277 3099 390 3136 non
433 3078 722 3146 detractio,
764 3078 881 3133 non
914 3078 1217 3151 aegritudo,
1271 3093 1384 3130 non
1415 3080 1840 3151 senec_tus,_-non

138 3145 316 3218 mors,
344 3169 458 3207 non
487 3145 1034 3223 paupertas,ineque
1068 3150 1340 3223 tenebrae,
1373 3163 1490 3223 non
1522 3145 1840 3223 edendi‘vel

135 3215 377 3279 bibendi
399 3215 841 3276 vel'dormiendi
869 3215 985 3274 ulla
1011 3219 1336 3283 necessitas,
1369 3217 1525 3270 nulla
1556 3215 1837 3284 fatigatio,

138 3295 383 3350 defectio
411 3295 582 3348 nulla.
612 3293 758 3357 Quid
789 3308 925 3361 ergo
958 3291 1094 3344 boni
1124 3289 1202 3342 ibi
1235 3293 1337 3361 est,
1361 3289 1470 3361 pubi
1490 3288 1836 3361 pecluctus,

137 3382 245 3420 nec
275 3366 460 3431 ﬂetus,
492 3380 598 3418 nec
626 3365 789 3417 dolor
821 3357 925 3426 est,
963 3377 1147 3430 neque
1180 3359 1450 3431 tristitia?
1478 3357 1626 3431 Quid
1655 3363 1840 3431 potest

138 3453 261 3491 esse
295 3436 403 3489 nisi
449 3428 698 3506 perfecta
745 3433 959 3497 laetitia,
996 3428 1093 3485 ubi
1143 3431 1302 3506 nulla
1335 3429 1649 3506 tribulatio,
1683 3428 1839 3481 nulla

138 3507 403 3572 tentatio,
453 3501 606 3560 nulla
655 3511 982 3573 temporum
1032 3502 1293 3563 mutatio,
1342 3501 1429 3554 vel
1461 3501 1836 3573 aeris_corru:

137 3579 278 3648 ptio,
321 3568 488 3630 aestus
530 3568 942 3648 vehementior,
974 3591 1077 3648 nec
1122 3573 1305 3626 hiems
1352 3571 1664 3648 asperior?
1693 3568 1840 3648 Quid

137 3639 326 3719 potest
354 3665 475 3702 esse
506 3647 616 3700 nisi
648 3661 872 3719 summa
906 3639 1171 3714 quasdam
1202 3657 1396 3719 rerum
1419 3639 1839 3719 'temperineslet

138 3708 351 3773 inentis
401 3723 458 3772 et
505 3716 692 3770 carnis
741 3732 872 3768 vera
898 3708 960 3768 ac
1007 3729 1232 3768 summa
1264 3709 1692 3781 tranquillitas?
1734 3708 1838 3762 Ubi

137 3790 281 3844 nihil
316 3793 419 3854 est,
456 3788 607 3859 quod
656 3785 1440 3859 timeas,_quid__potest__ess_e
1475 3781 1584 3859 nisi
1613 3795 1839 3859 summa

137 3851 446 3914 securitas?
474 3851 590 3912 -ubi
644 3857 799 3910 nulla
850 3851 1152 3920 discordia,
1203 3854 1366 3910 nulla
1403 3852 1634 3916 invidia,
1679 3851 1839 3903 nulla

137 3931 405 4000 suspicio,
465 3930 621 3983 nulla
683 3927 953 4000 ambitio,
997 3927 1166 4000 nulla
1229 3923 1502 3986 adulatio,
1562 3921 1836 4000 detractio

135 3991 293 4056 nulla
319 4018 333 4068 ;
364 3991 500 4072 quid
534 4003 717 4070 potest
750 3991 1010 4072 essenisi
1045 4011 1268 4072 summa
1298 3999 1355 4048 et
1396 4009 1528 4072 vera
1558 3991 1786 4072 dilectio
1809 3992 1837 4044 ?

134 4073 230 4128 ubi
260 4064 417 4126 nulla
444 4064 767 4142 paupertas,
801 4069 957 4142 nulla
986 4067 1301 4142 cupiditas;
1329 4064 1685 4142 quidpotest
1715 4077 1834 4141 esse

133 4143 246 4198 nisi
275 4131 849 4198 bonorum-omni'um
882 4131 1215 4208 plenitudo?
1249 4131 1535 4208 ubi'nulla
1560 4131 1834 4208 deiormi-

133 4219 252 4282 tas;
285 4213 424 4286 quid
456 4217 802 4286 potest‘esse
833 4204 942 4263 nisi
964 4206 1537 4286 _vera_pulchritudo.?
1569 4204 1665 4258 ubi
1697 4204 1833 4256 nul-

131 4286 220 4340 lus
241 4275 414 4340 labor
446 4275 528 4336 vel
571 4281 841 4346 defectio;
881 4281 1018 4351 quid
1049 4275 1177 4345 erit,
1197 4278 1321 4351 nisi
1352 4275 1578 4351 requies
1608 4289 1834 4351 summa

134 4362 187 4411 et
233 4354 550 4412 fortitudo?
594 4353 695 4408 ubi
745 4347 1022 4418 nihil—est,
1059 4350 1214 4421 quod
1256 4347 1450 4421 gravet
1477 4347 1562 4401 vel
1594 4349 1828 4410 oneret;

1637 339 1864 396 INDEX
1904 340 2180 398 RERUM.

3518 351 3653 408 1474

1955 465 2093 534 quid
2123 466 2205 518 est
2243 463 2351 517 nisi
2382 481 2606 518 summa
2647 465 2935 521 facilitas?
2964 467 3060 522 ubi
3093 484 3194 522 nec
3243 475 3504 526 senectus
3551 489 3650 531 ex-

1951 540 2255 610 spectatur,
2291 551 2392 610 nec
2421 537 2654 610 morbus
2690 537 2953 603 timetur;
2993 539 3132 608 quid
3170 545 3354 610 potest
3381 559 3502 597 esse
3533 545 3646 599 nisi

1949 622 2083 686 vera
2112 605 2360 686 sanitas?
2408 607 2506 686 ubi
2548 624 2735 686 neque
2761 625 2910 686 nox,
2961 605 3476 686 neque-tenebras;
3511 615 3648 684 quid

1950 677 2059 730 erit
2086 677 2194 729 nisi
2229 677 2323 730 lux
2363 677 2658 746 perfecta?’
2679 678 2776 732 ubi
2819 695 2988 745 mors,
3023 677 3081 734 et
3109 683 3424 736 mortalitas
3463 677 3649 738 omnis

1948 748 2243 817 absorpta;
2274 747 2410 817 quid
2459 749 2566 802 erit
2613 749 2719 802 nisi
2748 749 2862 803 vita
2901 755 3157 805 aeterna?
3205 753 3353 816 Quid
3386 758 3472 807 est
3502 757 3650 810 ultra

1949 818 2103 898 quod
2126 819 2499 898 quaeramus?
2527 820 2698 898 Certe
2714 821 2872 898 quod
2898 821 2985 898 his
3014 822 3559 898 omni_bus__eicellit,
3591 826 3648 898 id

1949 894 2053 956 est,
2085 890 2246 960 visio,
2280 890 2550 960 cognitio,
2585 895 2640 943 et
2669 891 2895 945 dilectio
2928 893 3232 946 Creatoris.
3272 890 3566 948 Videbitur
3590 895 3650 951 in

1948 975 2028 1032 se,
2060 959 2346 1032 videbitur
2364 959 2431 1032 in
2459 961 2733 1013 creaturis
2751 962 2898 1032 suis,
2927 979 3128 1032 regens
3159 965 3354 1017 omnia
3384 965 3506 1018 sine
3537 967 3649 1020 sol-

1948 1030 2264 1105 licitudine,
2298 1031 2582 1105 sustinens
2607 1031 2799 1105 omnia
2823 1032 2944 1105 sine
2967 1030 3180 1100 labore,
3209 1035 3544 1105 impertiens
3563 1053 3647 1105 se,

1950 1105 2004 1154 et
2031 1102 2278 1176 quodam
2311 1103 2482 1176 modo
2514 1101 2854 1176 dispertiens
2885 1104 3122 1176 singulis
3153 1121 3260 1175 pro
3291 1101 3394 1159 sua
3424 1101 3645 1176 capaci;

1948 1177 2090 1238 tate,
2136 1173 2258 1224 sine
2289 1171 2376 1224 sui
2431 1173 2813 1226 diminutione
2856 1174 2942 1227 vel
2984 1171 3290 1230 divisione.
3348 1171 3646 1231 Videbitur

1948 1241 2043 1295 ille
2074 1243 2556 1316 vultusamabilis
2589 1249 2644 1296 et
2688 1243 3095 1309 desiderabilis,
3128 1246 3189 1298 in
3217 1263 3390 1316 quem
3424 1248 3644 1302 deside-

1949 1313 2302 1388 rantAngeli
2322 1315 2664 1388 prospicere,
2692 1318 2763 1388 de
2794 1313 3356 1388 cujusplepitudine,
3383 1319 3452 1371 de
3478 1319 3638 1388 cujus

1949 1384 2184 1456 lumine,
2235 1385 2302 1437 de
2341 1386 2502 1455 cujus
2550 1385 2824 1456 suavitate
2877 1386 3012 1456 quid
3063 1387 3298 1440 dicetur.
3357 1384 3647 1442 Videbitur

1950 1456 2116 1508 Pater
2151 1455 2211 1507 in
2262 1456 2420 1518 Filio,
2477 1455 2649 1509 Filius
2695 1455 2754 1509 in
2797 1455 2983 1520 Patre,
3024 1457 3267 1526 Spiritus
3315 1465 3539 1512 sanctus
3585 1459 3648 1512 in

1951 1530 2214 1598 utroque.
2241 1527 2535 1598 Videbitur
2555 1543 2681 1598 non
2700 1543 2802 1598 per
2830 1527 3122 1596 speculum
3157 1533 3212 1580 et
3233 1528 3289 1580 in
3321 1529 3644 1598 aenigmate,

1950 1597 2049 1670 sed
2078 1596 2220 1649 facie
2241 1597 2312 1670 ad
2332 1597 2558 1670 iaciam.
2588 1597 2880 1670 Videbitur
2909 1598 3061 1670 enim
3086 1598 3251 1651 sicuti
3276 1605 3377 1663 est,
3413 1596 3648 1670 impleta

1949 1666 2050 1720 illa
2079 1667 2476 1736 promissione,
2515 1684 2627 1737 qua
2659 1667 2813 1733 dicit,
2843 1669 2946 1732 Qui
2971 1669 3158 1734 diligit
3187 1685 3288 1734 me,
3321 1666 3583 1738 diligetur
3609 1686 3646 1724 α

1951 1739 2111 1791 Patre
2155 1754 2285 1799 meo,
2319 1743 2367 1790 et
2407 1754 2500 1804 ego
2525 1739 2755 1802 diligam
2797 1753 2932 1804 eum,
2976 1743 3025 1791 et
3062 1741 3424 1804 manifestabo
3452 1744 3503 1793 ei
3532 1756 3644 1794 me-

1949 1811 2347 1880 ipsumtJoan.
2406 1824 2512 1880 xxv,
2561 1809 2776 1880 2”.qu
2821 1809 2925 1860 hac
2973 1808 3213 1875 visione,
3265 1810 3362 1862 illa
3392 1810 3650 1880 procedit

1949 1879 2222 1947 cognitio,
2253 1879 2320 1932 de
2353 1893 2465 1949 qua
2498 1879 2618 1947 ipse
2645 1877 2759 1932 ait:
2807 1881 2925 1932 Hzec
2960 1884 3036 1932 est
3063 1883 3179 1932 vita
3211 1877 3428 1947 eterna,
3463 1886 3522 1934 ut
3554 1897 3646 1934 co-

1948 1955 2206 2016 gnoscant
2232 1954 2280 2003 te
2329 1965 2494 2002 unum
2525 1952 2705 2010 Deum,
2748 1953 2797 2002 et
2827 1965 2981 2017 quem
3022 1951 3223 2003 misisti
3265 1953 3443 2005 Jcsum
3482 1951 3644 2007 Chri-

1949 2026 2092 2075 stum
2122 2021 2224 2089 (Id.
2259 2037 2388 2082 xvu,
2423 2023 2496 2088 3).
2534 2021 2607 2073 Ex
2653 2020 2739 2072 his
2772 2025 2927 2072 tanta
2957 2021 3206 2074 nascitur
3233 2021 3481 2088 dilectio,
3516 2027 3646 2075 tan-

1951 2097 2040 2144 tus
2071 2091 2238 2144 ardor
2287 2091 2508 2160 paterni
2555 2090 2765 2143 amoris
2787 2092 2828 2157 ί,
2861 2095 3018 2143 tanta
3063 2092 3300 2146 dulcedo
3330 2092 3642 2158 charitatis,

1951 2167 2109 2216 tanta
2149 2163 2405 2215 fervendi
2446 2161 2627 2230 copia,
2660 2166 2814 2214 tanta
2847 2161 3114 2214 desiderii
3155 2163 3554 2229 vehementia;
3582 2168 3649 2217 ut

1951 2249 2054 2286 nec
2083 2232 2310 2286 satietas
2333 2231 2682 2286 desiderium
2708 2231 2948 2296 minuat,
2973 2249 3078 2286 nec
3107 2233 3454 2287 desiderium
3485 2234 3650 2287 satie-

1949 2308 2124 2357 tatem
2155 2304 2460 2375 impediat.
2513 2302 2658 2375 Quid
2709 2309 2795 2375 est
2838 2303 2994 2356 hoc?
3044 2304 3207 2375 Certe
3253 2305 3408 2375 quod
3452 2306 3648 2358 oculus

1952 2391 2068 2428 non
2113 2374 2268 2437 vidit,
2335 2391 2438 2428 nec
2489 2374 2641 2426 auris
2691 2374 2924 2439 audivit,
2980 2389 3084 2426 nec
3130 2374 3190 2427 in
3251 2374 3346 2428 cor
3392 2375 3646 2429 hominis

1951 2445 2218 2513 ascendit,
2254 2461 2383 2515 quas
2416 2445 2753 2514 praeparavit
2789 2446 2934 2497 Deus
2960 2444 3330 2514 diligentibus
3360 2463 3439 2501 se.

2209 2516 2434 2569 CAPUT
2477 2515 2746 2569 LXXVIII.
2790 2545 2858 2554 —
2895 2516 3154 2583 Epilogus
3193 2519 3387 2585 operis.

2023 2588 2154 2666 Hinc
2207 2586 2332 2649 tibi,
2393 2601 2572 2666 soror,
2632 2586 2700 2639 de
2756 2585 3170 2666 beneficiorum
3223 2587 3645 2666 praeteritorum

1952 2657 2157 2714 Christi
2198 2657 2494 2721 memoria,
2535 2656 2604 2709 de
2644 2657 3016 2725 praesentium
3047 2656 3416 2727 experientia,
3450 2657 3519 2711 de
3551 2673 3645 2711 ex-

1950 2727 2296 2798 spectatione
2310 2728 2905 2798 futurorumquzedam
2924 2727 3356 2798 meditationum
3380 2729 3648 2798 spiritua-

1952 2797 2091 2852 lium
2118 2799 2338 2851 semina
2385 2797 2788 2868 praesemiuare
2835 2797 3045 2863 curavi,
3097 2814 3161 2851 ex
3205 2797 3425 2868 quibus
3466 2799 3645 2852 divini

1949 2870 2160 2923 amoris
2188 2870 2401 2922 fructus
2430 2868 2661 2921 uberior
2697 2869 2913 2921 oriatur
2940 2873 2994 2921 et
3022 2876 3234 2922 crescat
3258 2885 3272 2922 :
3309 2875 3370 2922 ut
3404 2869 3650 2922 medita-

1948 2941 2029 2994 tio
2060 2941 2322 2994 atfectum
2361 2942 2637 3004 exerceat,
2676 2938 2908 2992 allectus
2944 2939 3289 2992 desiderium
3327 2939 3531 3008 pariat,
3566 2940 3649 2992 la-

1948 3027 2170 3081 crymas
2199 3010 2546 3064 desiderium
2587 3009 2832 3065 excitet:
2870 3012 2932 3063 ut
2968 3009 3082 3081 sint
3107 3009 3370 3080 lacrymze
3401 3016 3512 3063 tuae
3545 3025 3648 3080 pa-

1948 3079 2050 3137 nes
2077 3083 2168 3136 die
2198 3098 2261 3135 ac
2283 3086 2468 3146 nocte,
2499 3081 2680 3134 donec
2704 3095 2979 3150 appareas
3004 3079 3061 3148 in
3084 3079 3390 3150 conspectu
3415 3079 3562 3150 ejus,
3591 3085 3650 3135 et

1948 3152 2272 3223 suscipieris
2310 3152 2380 3205 ab
2421 3151 2777 3223 amplexibus
2815 3153 2956 3219 ejus,
3002 3151 3266 3221 dicasque
3295 3152 3460 3217 illud,
3492 3151 3646 3222 quod

1948 3225 2008 3278 in
2040 3222 2282 3278 canticis
2332 3222 2609 3292 scriptum
2657 3226 2778 3275 est:
2833 3223 3064 3276 Dilectus
3101 3237 3246 3276 meus
3290 3225 3448 3291 mihi,
3474 3227 3523 3275 et
3554 3237 3648 3288 ego

1946 3297 2033 3349 illi
2058 3295 2235 3362 (Cant.
2267 3311 2302 3361 ι,
2360 3295 2466 3361 12).
2506 3294 2685 3346 Habes
2729 3308 2900 3358 nunc,
2933 3293 3079 3346 sicut
3125 3293 3331 3363 petisti,
3382 3308 3646 3362 corpora-

1947 3367 2028 3419 les
2057 3363 2507 3432 constitutiones,
2556 3363 2764 3433 quibus
2807 3363 3026 3416 inclusa
3071 3364 3366 3417 exterioris
3396 3364 3646 3417 hominis

1951 3452 2138 3490 mores
2184 3451 2511 3504 componas.
2567 3435 2748 3488 Habes
2795 3434 3037 3487 formam
3081 3435 3490 3505 praescriptam,
3533 3450 3648 3505 qua

1947 3507 2279 3562 interiorem
2321 3506 2630 3565 hominem,
2673 3506 2757 3558 vel
2797 3521 3006 3575 purges
3036 3521 3067 3557 a
3101 3505 3271 3572 vitiis,
3305 3506 3389 3558 vel
3421 3505 3645 3558 virtuti-

1947 3578 2054 3632 bus
2082 3594 2266 3631 ornes.
2308 3577 2488 3630 Habes
2518 3576 2576 3628 in
2613 3575 2824 3643 triplici
2858 3576 3243 3646 meditatione?
3268 3575 3556 3646 quomodo
3585 3575 3647 3628 in

1946 3654 2002 3703 te
2032 3648 2398 3702 dilectionem
2428 3646 2654 3708 excites,
2687 3646 2926 3708 nutrias,
2961 3651 3015 3698 et
3043 3645 3335 3700 accendas.

2551 3717 2740 3764 Versus
2775 3714 3053 3764 notabiles.

2069 3779 2253 3827 Dulcia
2281 3781 2408 3825 sunt
2431 3777 2622 3824 animai
2649 3776 2852 3839 solatia,
2879 3790 2997 3839 qua:
3029 3776 3121 3839 tibi
3152 3777 3364 3826 mando.

2069 3843 2198 3890 Nam
2229 3844 2449 3903 prosunt
2478 3839 2714 3897 minime,
2748 3838 2847 3886 nisi
2879 3837 3051 3886 serves
3077 3838 3190 3887 haec
3219 3837 3509 3902 cperando.

1945 3913 2002 3969 Si
2033 3913 2160 3982 quis
2192 3911 2367 3981 igitur
2399 3911 2459 3964 in
2507 3910 2676 3979 hujus
2723 3909 2898 3982 libelli
2947 3911 3268 3982 locutione?
3315 3907 3644 3982 profecerit,

1946 3978 2092 4038 hanc
2122 3978 2304 4036 labori
2337 3997 2462 4034 meo
2501 3978 2596 4034 vel
2620 3981 2804 4033 studio
2833 3980 3013 4051 vicem
3042 3978 3356 4051 impendat,
3398 3985 3460 4034 ut
3491 3978 3646 4048 apud

1946 4055 2297 4110 Salvatorem
2327 4069 2520 4106 meum
2551 4067 2719 4122 quem
2744 4049 2954 4122 diligo,
2974 4049 3645 4122 apud'remuneratorem
3744 4051 3746 4058 '

1947 4142 2140 4180 meum
2174 4140 2344 4195 quem
2379 4119 2664 4195 exspecto,
2689 4122 2837 4195 apud
2857 4119 3110 4195 judicem
3138 4138 3349 4190 meum,
3383 4136 3555 4192 quem
3581 4119 3650 4174 ti-

1941 4213 2094 4263 meo,
2125 4193 2229 4267 pro
2259 4195 2504 4265 peccatis
2536 4193 2676 4247 meis
2706 4193 3039 4247 intercedat.

2004 4288 2024 4357 ξ
2048 4283 2198 4357 Apud
2216 4283 2469 4357 Apsel‘m'q
2490 4283 2565 4344 pii
2583 4283 2788 4357 amoris
2802 4296 2820 4329 :
2833 4286 3046 4357 etmoit,
3066 4283 3217 4357 tanta
3233 4279 3453 4357 frueridi
3472 4281 3646 4357 capiq.

2003 4349 2025 4382 ²
2055 4342 2139 4396 Sic
2167 4346 2223 4394 in
2254 4346 2309 4394 Β.
2342 4349 2394 4394 et
2417 4342 2571 4406 Lov.;
2613 4344 2744 4394 forte
2775 4343 2958 4392 melius
2987 4343 3270 4403 diceretur,
3299 4342 3540 4395 lectione;
3575 4342 3647 4393 M.

991 4595 1746 4755 INDEX
1937 4587 2790 4748 BEBUM

709 4840 908 4918 QUIE
1001 4837 1088 4904 IN
1180 4835 1356 4903 HOC
1449 4833 1729 4901 PRIMO
1821 4828 2296 4899 VOLUMINE
2391 4826 3070 4894 CONTINENTUR.

1715 5109 1834 5157 9-10

1689 5232 1834 5280 13-14

132 5120 373 5169 Ειιιετοιλ
398 5128 748 5166 υεωοΑτοιιιΑ.

131 5182 185 5230 ιιι
215 5191 520 5229 κονιεεηίλιί
552 5177 604 5226 S.
639 5178 918 5226 AUGUSTINI
956 5187 1156 5225 OPERUI
1187 5183 1458 5224 EDITIOKEI
1489 5183 1677 5219 PREFA-

194 5255 274 5290 τιο
309 5253 596 5290 GBNERALIS.

194 5256 274 5290 τιο
309 5256 596 5290 GBNEBALIS.

134 5305 187 5354 Ιι(
216 5306 525 5354 Αρνεκυιεεε
558 5303 961 5350 AUGUSTI‘NIANAS
991 5313 1049 5347 nr
1079 5312 1191 5347 ALlA
1223 5311 1271 5347 IN
1306 5309 1403 5346 nou
1424 5307 1680 5345 vowuuvn

194 5379 448 5415 CONTENTA
475 5378 644 5413 BREVIS
671 5374 933 5411 PBEFATIO.

194 5379 448 5415 conexu
475 5378 644 5413 BREVIS
671 5374 933 5411 ρηιελτιο.
1683 5355 1834 5403 2Ἱ-28

135 5430 284 5479 VlTA
311 5426 607 5477 POSSIDII.
1684 5418 1836 5466 31-32

134 5493 281 5541 VITA
310 5492 361 5540 S.
388 5488 653 5539 AURELII
685 5485 1048 5542 AUGUSTINI,
1069 5482 1498 5531 HIPPOIVENSIS
1519 5479 1683 5530 EPIS-

195 5553 362 5612 COPI,
389 5556 605 5601 auctore
633 5547 871 5597 Possidio
902 5545 1196 5596 Calamensi
1226 5545 1490 5608 episcopo.
1681 5542 1834 5612 3_3_-_3_1i

136 5602 394 5665 Praefatio.
1255 5602 1274 5608 ’
1408 5602 1422 5608 ·
1701 5602 1832 5652 Ibid.

133 5680 520 5744 Cereremque.
539 5671 818 5744 Augustini
840 5673 1005 5744 ortus,
1022 5668 1293 5744 conversio
1306 5671 1356 5716 et
1370 5668 1677 5744 baptismus.

190 5738 457 5792 Ambrosii
485 5729 726 5786 doctrina
757 5735 1037 5781 revocatur
1064 5731 1130 5780 ab
1163 5743 1337 5780 errore
1371 5729 1680 5779 Manichaeo-

1946 5118 2256 5236 11.:lllltglictis
2301 5162 2549 5235 omnibus
2585 5161 2814 5236 suscipit
2853 5165 3178 5236 propositum
3224 5105 3642 5236 servienrli33.:ff

2007 5229 2134 5297 De_o,
2160 5227 2271 5289 jam
2305 5225 2459 5297 annis
2493 5225 2662 5297 major
2689 5225 2927 5297 triginta.
2955 5225 2985 5297 “·
3049 5287 3062 5297 Δ
3221 5289 3253 5297 η
3583 5230 3642 5277 35

1944 5286 2315 5369 Ilit‘Sec'essus
2356 5286 2655 5350 Augustini.
2685 5286 2910 5344 Quidam
2940 5288 3006 5336 ab
3033 5287 3330 5350 Augustino
3361 5302 3485 5338 con-
3583 5356 3593 5369 .

2004 5365 2207 5400 versus.
3582 5355 3641 5400 36

1945 5415 2031 5465 IV.
2063 5412 2275 5476 Capitur
2299 5410 2363 5476 ad
2390 5410 2700 5476 presbyterii
2726 5411 2964 5476 gradum.
3054 5471 3064 5476 _
3299 5473 3306 5476 Α
3507 5413 3636 5464 Ibid.

1944 5477 2005 5526 V.
2042 5471 2418 5523 Monasteriuni
2448 5471 2692 5522 instituit.
2726 5471 2960 5521 Valerius
2985 5471 3262 5536 episcopus
3282 5473 3486 5537 Angus-

2006 5538 2118 5587 tino
2148 5537 2455 5599 presbytero
2482 5537 2572 5585 dat
2591 5539 2897 5599 potestatem
2927 5547 3104 5583 coram
3117 5549 3172 5584 se
3196 5537 3484 5598 praedican-

2007 5600 2059 5648 di
2081 5597 2296 5647 verbum
2311 5597 2438 5646 ’Dei.
2592 5597 2606 5599 ’
3198 5597 3211 5598 “
3581 5603 3637 5651 3'7

1943 5662 2029 5711 VI.
2067 5661 2350 5710 Conﬂictus
2377 5658 2655 5722 Augustini
2684 5670 2803 5705 cum
2838 5658 3124 5722 Fortunato
3152 5659 3460 5709 Manichao.
3581 5664 3640 5710 38

1943 5724 2054 5773 VII.
2092 5723 2229 5772 Libri
2273 5726 2325 5770 et
2358 5719 2608 5770 tractatus
2633 5719 2912 5782 Augustini
2947 5724 3129 5771 contra
3160 5722 3277 5772 ﬁdei
3307 5722 3484 5772 hostes
