4056 6366
446 370 469 423 1
479 367 578 422 487

442 484 534 535 III.
566 484 640 534 De
664 483 845 546 Agone
876 478 1182 546 christiano,
1215 476 1345 546 liber
1370 490 1526 546 unus.

443 533 534 596 IV.
562 533 633 594 De
663 533 912 593 D5ctrina
937 533 1240 592 christiana.
1264 537 1393 599 libri
1407 541 1648 599 quatuor.
1995 533 2129 599 Ibid.

443 609 504 656 V.
541 607 734 656 Contra
752 608 950 667 partem
982 600 1189 667 Donati,
1218 597 1494 667 libri7dtio.
1999 597 2133 667 “67372

443 671 530 718 Vl.
566 656 986 721 Confessionum,
1022 663 1139 711 libri
1169 661 1433 710 tredecim.
1874 720 1879 721 7
1998 656 2130 705 Ibid.

444 731 555 828 V171.
602 729 796 779 Contra
845 719 1095 775 Faustum
1151 722 1538 778 Manicheum,
1586 719 1705 770 libri
1765 720 2106 828 trigintaIbid

447 797 807 903 νιῐιῗδὸοιητει
827 848 1048 898 Felicem
1080 844 1448 907 Manicheum,
1476 845 1596 893 libri
1626 853 1751 892 duo.

450 916 539 966 IX.
578 915 649 962 De
670 914 866 960 Natura
894 910 1043 967 Boni,
1075 908 1207 957 liber
1235 921 1391 955 unus.
1437 904 1444 907 ⁷
2002 965 2017 967 _
2042 904 2132 967 67374

446 964 513 1026 XI
545 976 738 1025 Contra
766 964 1125 1021 Secundin’um
1154 969 1522 1025 lllanichteum,
1557 967 1689 1016 liber
1716 980 1871 1015 unus.
2002 964 2132 1026 Ibid.

447 1025 529 1087 XI.
562 1038 754 1086 Contra
778 1034 1034 1096 Hilarum,
1064 1032 1194 1096 liber
1222 1044 1442 1096 unus.77_
1494 1091 1505 1096 7
1546 1090 1559 1096 _

445 1099 558 1149 XII.
589 1096 918 1155 Quaestiones
937 1087 1362 1155 Evangeliorum,
1390 1090 1508 1140 libri
1530 1090 1653 1139 duo.
1998 1087 2131 1155 Ibid.

448 1161 586 1209 XIII.
607 1151 998 1208 'Annotationes
1022 1156 1078 1203 in
1089 1151 1217 1211 Job,
1239 1152 1370 1202 liber
1391 1166 1546 1200 unus.
2045 1151 2134 1197 635

446 1222 578 1271 XIV.
606 1222 678 1269 De
708 1216 1102 1268 Catechizandis
1128 1214 1368 1271 rudibus,
1404 1214 1537 1262 liber
1567 1226 1720 1261 unus.
2001 1211 2132 1259 Ibid.

446 1284 553 1332 XV.
584 1284 657 1331 De
681 1281 948 1334 Trinitate,
980 1277 1097 1326 libri
1123 1276 1439 1338 quindecim.
1632 1336 1639 1338 7
1783 1336 1788 1338 Α
2003 1272 2134 1338 Ibid:

446 1344 582 1392 XVI.
612 1345 683 1392 De
714 1343 986 1391 Consensu
1020 1336 1494 1397 Evangelistarum,
1523 1336 1642 1385 libri
1673 1336 1914 1397 quatuor.
2043 1336 2137 1382 636

447 1406 611 1473 XVii:
636 1405 830 1473 centra
855 1400 1140 1473 Epistolam
1171 1397 1519 1473 Parmeniani,
1554 1397 1672 1447 libri
1703 1402 1824 1445 tres.
2003 1398 2134 1473 "673:1

447 1466 632 1520 XVIII,
664 1466 737 1514 De
768 1456 1050 1528 Baptismo.
1076 1460 1193 1528 libri
1223 1465 1438 1528 septem.
1506 1456 1513 1460 ⁷
1588 1520 1622 1528 _
1742 1519 1774 1528 77
1812 1519 1843 1528 77
1922 1517 1955 1528 η
2003 1456 2135 1505 Ibid.

453 1529 588 1581 XIX.
621 1517 820 1575 Contra
842 1517 988 1587 quod
1017 1522 1192 1573 attulit
1220 1517 1501 1570 Cénturius
1529 1534 1561 1569 a
1588 1519 1893 1579 Donatistis,
1921 1517 1981 1566 li-

514 1591 608 1630 her
632 1601 790 1630 unus.
2048 1582 2138 1630 638

514 1591 608 1638 her
632 1601 790 1636 unus.

451 1652 555 1700 XX.
588 1650 664 1698 Ad
685 1646 1050 1710 inquisitiones
1074 1643 1476 1710 J_anuarii,_l_i_bri
1502 1643 1624 1692 duo.

451 1712 584 1761 XXI.
616 1712 690 1759 De
722 1701 885 1771 O'pere
914 1701 1473 1771 Monachorum,'liber
1496 1717 1654 1753 unus.
2001 1701 2135 1771 Ibid.

450 1774 607 1822 XXII.
639 1773 711 1819 De
734 1766 878 1819 Bono
908 1767 1193 1830 conjugali,
1224 1766 1362 1830 liber
1374 1780 1540 1830 unus.
2047 1769 2137 1815 639

452 1834 633 1900 2Q!!!-
663 1834 743 1900 Ρθ
763 1832 963 1900 ἕδηοῴ
988 1827 1316 1900 Ῡίῖἐίυίίδιθι
1335 1827 1485 1900 Hb?”
1500 1840 1669 1900 μορε·
1693 1886 1702 1897 .
2005 1831 2136 1900 ..εξέο

452 1895 628 1945 XXIV.
660 1894 733 1943 De
755 1892 939 1943 Genesi
970 1891 1035 1939 ad
1063 1888 1308 1947 litteram,
1335 1888 1455 1938 libri
1484 1888 1781 1938 duodecim.
2004 1890 2134 1939 Ibid.

455 1957 605 2009 XXV.
639 1956 831 2005 Contra
857 1953 1074 2002 Litteras
1107 1950 1365 2008 Petiliani,
1393 1950 1512 1999 libri
1537 1954 1660 1999 tres.
1952 2008 1955 2009 7
2004 1951 2135 2000 Ibid.

450 2018 626 2069 XXVI.
662 2017 741 2066 Ad
779 2014 1117 2065 Cresconium
1147 2012 1546 2076 grammaticum
1578 2011 1740 2074 partis
1772 2008 1982 2065 Donati,

513 2079 631 2141 libri
660 2085 902 2141 quatuor:
1132 2139 1185 2141 77
1259 2135 1288 2141 7_
1425 2134 1435 2141 7
1726 2138 1733 2141 _
1819 2136 1847 2141 _
2048 2076 2133 2123 641

452 2139 653 2190 XXVII.
677 2134 1069 2188 'Probationum
1095 2140 1147 2185 et
1174 2134 1593 2185 testimoniorum
1617 2138 1802 2184 contra
1816 2136 1984 2184 Dona-

512 2202 680 2260 tistas,
715 2201 849 2249 liber
876 2213 1038 2247 unus.
1417 2258 1424 2260 _
1691 2257 1702 2260 7
1716 2258 1741 2260 77
2006 2196 2136 2245 Ibid.

451 2257 678 2313 XXVIII.
710 2263 899 2311 Contra
930 2260 1255 2309 Donatistam
1285 2258 1464 2307 nescio
1486 2270 1660 2313 quem.
1691 2257 1826 2306 liber
1845 2272 2001 2306 unus.
2049 2260 2140 2307 642

454 2325 630 2391 XXIX.
655 2324 957 2373 Admonitio
984 2322 1373 2370 Donatistarum
1399 2320 1462 2368 de
1482 2320 1896 2377 Maximianistis,
1928 2320 1984 2368 li-
2008 2380 2043 2391 η
2070 2381 2079 2391 7

514 2388 607 2435 her
638 2400 796 2434 unus.
2008 2380 2138 2428 Ibid.

454 2449 611 2497 XXX.
652 2449 725 2496 De
754 2446 1083 2494 Divinatione
1112 2443 1437 2499 daemonum,
1473 2442 1604 2491 liber
1632 2455 1793 2492 unus.
2049 2446 2139 2492 643

452 2510 634 2559 XXXI.
668 2508 998 2567 Quaestiones
1015 2506 1261 2569 expositae
1282 2509 1465 2554 contra
1484 2505 1740 2565 Paganos,
1766 2517 1986 2553 numero
2008 2566 2120 2614 ω·ιί

519 2585 629 2619 sex.
2069 2580 2083 2613 ι
2127 2604 2139 2615 .

453 2632 655 2681 XXXII.
682 2630 950 2695 Expositio
979 2627 1223 2691 Epistolas.
1258 2628 1437 2677 Jacobi
1463 2626 1529 2676 ad
1570 2626 1845 2676 duodecim
1895 2627 1983 2677 tri-

458 2694 685 2804 XXS‘KIIII.
717 2755 789 2802 De
811 2726 1142 2816 peccatorum
1172 2751 1368 2816 Meritis
1397 2755 1449 2799 et
1472 2750 1822 2816 Remissione,
1843 2754 1894 2799 et
1921 2749 1985 2798 de

516 2816 781 2877 Baptismo
807 2812 1164 2877 parvulorum,
1197 2812 1264 2860 ad
1299 2813 1681 2877 Marcelliniuni,
1693 2813 1825 2877 libri
1859 2816 1981 2877 tres.
2050 2814 2141 2861 644

521 2831 589 2864 υτι
628 2831 781 2864 12181110
807 2831 1164 2877 ρθτνιιιοτυιιι,
1197 2831 1264 2860 au
1299 2831 1679 2865 IVNII‘CCIIIUULII.
1706 2831 1825 2860 IIDI‘I
1860 2831 1981 2861 "'86.
2050 2831 2119 2861 υθέ

456 2831 680 2928 XXXIV.
713 2879 786 2926 De
828 2877 984 2924 unico
1021 2874 1283 2937 Baptismo
1324 2878 1508 2923 contra
1556 2874 1891 2933 Petilianum,
1920 2874 1985 2921 ad

519 2939 940 2985 Constantinum.
964 2936 1099 2985 liber
1128 2950 1284 2984 unus.
2005 2935 2119 2985 Ibid

2012 2688 2139 2737 Ibid.

519 2939 940 2991 Constantinum.
964 2936 1105 2985 liber
1128 2950 1284 2984 unus.

454 3001 652 3051 XXXV.
689 3002 763 3051 De
808 2998 1209 3048 Maximianistis
1256 3000 1440 3046 contra
1488 2996 1806 3056 Donatistas,
1854 2996 1988 3046 liber
2053 3061 2137 3074 ΛΝ

708 3124 780 3171 De
806 3123 981 3172 Gratia
1006 3120 1137 3170 Novi
1165 3119 1500 3180 Testamenti,
1541 3119 1606 3168 ad
1641 3120 1985 3180 Honoratum,
2051 3061 2141 3107 6‘0

516 3187 648 3235 liber
674 3199 830 3233 unus.
2006 3180 2140 3229 Ibid.

455 3248 705 3297 XXXVII.
728 3248 799 3295 De
829 3245 1023 3309 Spiritu
1040 3248 1092 3293 et
1118 3244 1327 3304 Littera,
1352 3242 1416 3291 ad
1445 3243 1825 3304 Marcellinum,
1856 3243 1987 3293 liber
2007 3304 2117 3354 [bu

518 3323 672 3357 unus.
2066 3319 2079 3352 ι
2125 3340 2136 3352 .

455 3368 729 3419 XXXVIII.
761 3369 833 3417 De
862 3368 985 3416 Fide
1006 3370 1059 3416 et
1087 3366 1360 3425 Operibus,
1391 3366 1524 3415 liber
1550 3380 1705 3415 unus.
2050 3369 2141 3416 646

459 3430 681 3484 XXXIX.
711 3429 1012 3479 Breviculus
1042 3427 1347 3476 Collationis
1379 3441 1499 3476 cum
1533 3429 1839 3481 Donatistis.
1868 3427 1987 3477 libri

457 3498 714 3604 Χίῖθιῗὸςι
745 3552 1087 3602 Collationem
1117 3554 1299 3600 contra
1324 3551 1639 3611 Donatistas,
1671 3550 1801 3599 liber
1818 3564 1972 3601 unus.

457 3617 583 3665 XLI.
620 3618 692 3665 De
723 3615 960 3664 Videndo
989 3614 1114 3671 Deo,
1145 3614 1276 3661 liber
1305 3627 1459 3661 unus.
2050 3616 2138 3662 647

2007 3675 2139 3723 Ibid.

2007 3737 2138 3785 Ibid.

456 3678 606 3728 XLII.
641 3680 712 3726 De
742 3679 935 3725 Natura
964 3680 1016 3724 et
1043 3675 1234 3732 Gratia,
1267 3675 1400 3723 liber
1427 3689 1591 3723 unus.

455 3740 633 3788 XLIII.
665 3740 736 3787 De
762 3740 977 3787 Civitate
1003 3738 1115 3793 Dei,
1147 3736 1267 3785 libri
1291 3737 1477 3797 viginti
1507 3737 1629 3785 duo.

457 3801 629 3850 XLIV.
656 3801 732 3849 Ad
759 3800 1021 3858 Orosium,
1059 3806 1243 3848 contra
1283 3798 1704 3847 Priscillianistas
1732 3802 1785 3846 et
1812 3797 1988 3860 Orige-

519 3864 702 3920 nistas,
733 3862 863 3911 liber
886 3874 1041 3909 unus.
2050 3862 2140 3909 648

455 3924 601 3979 XLV.
639 3925 713 3973 Ad
742 3925 1116 3986 Hieronymum
1136 3922 1515 3986 presbyterum,
1537 3920 1658 3986 libri
1678 3920 1783 3986 duo
1808 3934 1819 3967 :
1846 3934 1985 3986 unus

518 3986 583 4034 de
614 3987 824 4048 Origine
852 3982 1062 4048 animae,
1089 3982 1305 4048 et'alius'
1329 3983 1392 4032 de
1426 3982 1693 4048 Sententia
1719 3982 1916 4032 Jacobi.
2049 3984 2141 4031 649

456 4047 628 4096 XLVI.
659 4045 736 4096 Ad
765 4047 1052 4095 Emeritam
1087 4045 1477 4094 Donatistarum
1515 4045 1839 4107 episcopum,
1868 4047 1988 4107 post

518 4109 880 4166 Collationem,
914 4108 1042 4157 liber
1075 4120 1228 4155 unus.
1545 4104 1563 4107 ⁷
1693 4104 1711 4107 ⁷
1868 4104 1887 4107 ⁷
2004 4104 2139 4153 Ibid.

455 4170 650 4219 XLVII.
684 4172 756 4220 De
787 4170 952 4219 Gestis
978 4168 1191 4231 Pelagii,
1218 4167 1358 4231 liber
1380 4181 1538 4216 unus.
2007 4167 2138 4215 Ibid.

455 4232 677 4280 XLVIII.
714 4233 785 4281 De
811 4228 1141 4280 Correctione
1175 4229 1584 4286 Donatistarum,
1608 4228 1739 4277 liber
1765 4241 1921 4276 unus.
2050 4231 2140 4276 650

454 4293 626 4342 XLIX.
659 4296 727 4342 De
758 4292 1041 4341 Praesentia
1068 4292 1178 4345 Dei,
1206 4291 1270 4338 ad
1306 4291 1623 4347 Dardanum,
1656 4290 1789 4338 liber
1814 4303 1969 4338 unus.
2007 4290 2138 4339 Ibid.

455 4355 510 4405 L.
539 4355 730 4403 Contra
761 4354 1025 4416 Pelagium
1052 4356 1111 4416 et
1138 4351 1457 4416 leestium.
1503 4352 1569 4400 de
1595 4352 1769 4416 Gratia
1797 4350 1985 4399 Christi

515 4420 568 4464 et
591 4416 654 4464 de
684 4413 907 4464 Peccato'
923 4413 1195 4475 Originali,
1231 4414 1297 4461 ad
1325 4413 1586 4475 Albinam,
1627 4413 1906 4461 Pinianum
1934 4417 1987 4462 et

516 4477 811 4536 Melaniam,
844 4477 960 4525 libri
985 4475 1108 4523 duo.

453 4539 534 4587 LI.
572 4540 720 4588 Gesta
746 4535 864 4588 cum
894 4537 1122 4586 Emerito
1152 4536 1440 4595 Donatista,
1468 4536 1600 4585 liber
1622 4549 1780 4585 unus.
2004 4535 2138 4585 Ibid.

453 4600 556 4649 LII.
591 4602 782 4649 Contra
806 4613 1101 4649 sermonem
1129 4599 1462 4657 Arianorum,
1489 4598 1624 4647 liber
1655 4611 1813 4647 unus.
2005 4597 2136 4647 Ibid.

452 4661 584 4728 LIII.
614 4663 685 4712 De
711 4664 924 4728 Nuptiis
942 4667 994 4711 et
1023 4661 1477 4728 Concupiscentia,
1503 4660 1568 4710 ad
1604 4660 1867 4710 Valerium
1897 4671 1985 4707 co-

516 4724 714 4781 mitem,
750 4721 867 4773 libri
897 4724 1020 4772 duo.
1207 4721 1223 4724 ⁷
1465 4721 1474 4728 ’
2046 4721 2133 4769 651

526 4785 584 4829 ν.
618 4786 961 4829 Locutionum
996 4784 1118 4829 libri
1146 4788 1363 4829 sentem.
2002 4782 2133 4829 Ibid.

2002 4843 2136 4891 Ibid.

2008 4472 2139 4523 Ibid.

452 4784 513 4847 LI
524 4785 584 4847 7V.
604 4786 962 4847 Locutionum
976 4846 983 4847 7
996 4784 1118 4833 libri
1146 4788 1363 4847 septem.

451 4846 552 4895 LV.
585 4846 948 4903 Quaestionum
974 4846 1091 4895 libri
1115 4850 1332 4908 septem.

450 4908 576 4957 LVI.
608 4909 679 4957 De
702 4909 888 4957 Anima
916 4913 967 4956 et
989 4908 1102 4970 ejus
1127 4906 1357 4970 origine,
1384 4906 1505 4970 libri
1539 4910 1788 4970 quatuor.
1969 4967 1978 4970 7
2046 4908 2136 4954 653

450 4970 599 5077 L351".
627 4971 704 5019 Ad
734 4966 1071 5029 Pollentium,
1101 4970 1164 5018 de
1198 4966 1507 5019 adulterinis
1540 4966 1829 5032 Conjugiis,
1864 4966 1983 5017 libri
2004 5027 2114 5077 Π)Ῐά

551 5046 635 5077 UO.

448 5032 579 5142 LVIII
586 5046 834 5144 I)..Contra
850 5091 1219 5141 Adversarium
1232 5092 1379 5155 Legis
1390 5096 1443 5141 et
1454 5091 1848 5155 Prophetarum,
1861 5090 1982 5140 libri
2005 5032 2133 5155 ὥθ’

448 5155 807 5289 LIfXIOContra
836 5215 1199 5274 Gaudentium,
1234 5214 1625 5264 Donatistarum
1654 5214 1978 5279 episcopum,
2003 5153 2135 5289 "675“

509 5278 625 5327 libri
653 5279 776 5327 duo.
1190 5273 1194 5274 ⁷
1685 5273 1703 5279 ⁷
1833 5273 1851 5277 ⁷
2003 5273 2133 5323 Ibid.

448 5340 549 5387 LX.
577 5341 770 5389 Contra
794 5340 1141 5394 Mendacium.
1167 5338 1300 5388 liber
1322 5351 1481 5387 unus.
1997 5336 2132 5385 Ibid.

443 5401 810 5511 LX‘llbrContra
827 5402 959 5450 duas
981 5401 1239 5465 Epistolas
1261 5400 1681 5463 Pelagianorum,
1703 5398 1826 5448 libri
1850 5413 1977 5463 qua-
2042 5462 2133 5508 65⁵

445 5524 593 5571 LXII.
630 5524 823 5572 Contra
849 5522 1139 5584 lulianum,
1171 5523 1291 5573 libri
1326 5536 1435 5573 sex.
1654 5583 1661 5584 7
1919 5583 1925 5584 7
1999 5521 2130 5574 Ibid.

443 5585 623 5635 LXIII.
652 5585 731 5635 Ad
758 5584 1098 5635 Laurentium
1130 5583 1197 5636 de
1228 5585 1373 5647 Fide,
1400 5585 1499 5647 Spe
1533 5590 1585 5633 et
1613 5583 1890 5643 Charitate,
1915 5583 1976 5639 li-

1917 352 2145 409 INDEX
2182 350 2453 409 BERUM.

3827 348 3973 403 1488

2304 471 2398 520 ber
2430 482 2587 518 unus.
3829 464 3971 515 Ibid.

2242 531 2415 603 LXIV.
2459 530 2533 579 De
2562 530 2706 603 Cura
2739 544 2833 592 pro
2880 530 3102 579 mortuis
3129 530 3377 592 gerenda,
3402 529 3471 579 ad
3499 527 3858 603 Paulinum"
3888 588 3899 598 7

2303 593 2626 702 episcopum,
2652 588 2786 640 libér
2816 605 2971 663 unus.
3205 654 3215 663 7
3365 588 3371 589 ⁷
3400 653 3411 663 7
3812 588 3965 665 Ibid.

2242 654 2395 725 LX":
2424 655 2649 725 D7e70_eto
2679 653 2890 725 Dulcmi
2928 653 3341 725 Qluesttonibus,
3377 653 3697 725 Iiberunus;
3875 654 3967 700 656

2242 716 2415 765 LXVI.
2446 715 2523 764 Ad
2551 714 2886 763 Valentinum
2908 720 2961 763 et
2980 728 3101 763 cum
3121 714 3212 764 illo
3229 714 3533 774 monachos,
3567 714 3636 763 de
3660 714 3805 763 Gra-

2305 778 2379 826 tia
2403 782 2455 826 et
2489 777 2650 826 libero
2674 776 2922 837 Arbitrio,
2947 776 3083 825 liber
3102 790 3260 825 unus.
3518 773 3524 774 ⁷
3725 835 3761 837 _7
3819 773 3965 823 Ibid.

2244 839 2443 902 LXVII.
2474 838 2551 887 Ad
2581 851 2714 902 quos
2743 835 2925 901 supra,
2954 838 3019 887 de
3053 839 3389 902 Correptione
3417 840 3470 887 et
3496 838 3692 895 Gratia,
3722 835 3801 885 li-

2306 901 2399 950 ber
2422 914 2580 949 unus.
2597 897 2614 902 ⁷
2812 897 2825 901 ⁷
2908 897 2912 898 ⁷
3210 897 3228 902 ⁷
3824 897 3964 947 Ibid.

2243 997 2529 1047 Anuosmo
2561 1010 2627 1046 na
2656 997 3035 1046 CONPESSIONI’X
3056 1010 3233 1046 LIBRIS.
3744 997 3965 1044 657.658

2247 1110 2298 1161 S.
2334 1110 2590 1159 AURELII
2626 1109 2988 1164 AUGUSTINI.
3021 1110 3451 1161 HIPPONENSIS
3484 1109 3799 1161 EPISCOPI

2308 1172 2791 1222 CONFESSIONUM
2831 1173 3002 1222 LIBRI
3032 1173 3385 1223 TREDECIM.
3739 1174 3967 1221 659-660

2246 1270 2398 1318 Lmen
2421 1283 2615 1319 pannus.
2637 1295 2697 1304 —
2724 1270 2998 1318 Prtemissa
3018 1269 3110 1318 Dei
3134 1269 3487 1329 invocatione,
3507 1269 3698 1319 recolit
3719 1268 3805 1317 vi-

2308 1337 2519 1395 tzesuaa
2548 1330 2835 1393 primordia
2866 1332 2934 1380 ad
2975 1345 3175 1395 annum
3220 1332 3486 1395 decimum
3517 1331 3799 1395 quintum.

2310 1392 2563 1456 Infantia!
2580 1398 2792 1456 peccata
2833 1394 3073 1456 agnoscit
3099 1398 3151 1443 et
3194 1393 3465 1456 pueritiae;
3498 1392 3658 1454 atque
3691 1392 3806 1441 hac

2311 1457 2463 1503 astate
2497 1454 2551 1525 in
2589 1454 2773 1526 lusum
2807 1454 3104 1526 et'puerilia
3131 1454 3353 1526 quisque
3381 1456 3802 1526 oblectamenta,

2309 1529 2464 1580 quam
2505 1515 2560 1563 in
2589 1515 3088 1565 litterarum'studia
3118 1515 3489 1580 procliviorem
3525 1530 3583 1565 se
3625 1516 3803 1564 fuisse

2308 1576 2603 1626 conﬁtetur.
3119 1576 3135 1580 ⁷
3824 1576 3961 1625 Ibid.

2248 1656 2411 1720 Cum
2439 1669 2646 1705 raiuun.
2683 1656 2849 1720 Deum
2876 1655 2993 1720 vult
3019 1655 3233 1720 laudare
3253 1656 3319 1706 ab
3353 1657 3466 1720 ipso
3497 1656 3788 1720 excitatus.
3825 1655 3965 1704 Ibid.

2250 1717 2512 1782 ll._Deum
2545 1729 2701 1780 quem
2735 1718 2946 1766 invocat
2977 1717 3032 1766 in
3079 1718 3191 1782 ipso
3236 1717 3389 1776 esse;
3410 1718 3696 1781 ipsumque
3738 1718 3801 1766 in

2250 1779 2513 1912 lifeﬁeus
2538 1839 2612 1887 sic
2637 1840 2832 1903 ubique
2855 1843 3015 1902 totus,
3039 1845 3101 1891 ut
3127 1853 3211 1890 res
3238 1841 3389 1892 nulla
3412 1843 3587 1905 ipsum
3617 1844 3802 1891 totum

2252 1906 2730 2034 iyﬁgeitmajestas
2750 1965 2804 2034 et
2828 1963 3174 2034 perfectiones
3195 1962 3615 2034 inexplicabiles.

2250 2024 2311 2073 V.
2342 2025 2477 2073 Petit
2501 2024 2732 2073 amorem
2768 2024 2878 2083 Dei,
2908 2030 2961 2074 et
2988 2026 3301 2075 delictorum
3326 2024 3555 2074 veniam.
3864 2028 3955 2075 663

2251 2086 2347 2150 ΥΙ.Δ
2369 2087 2650 2135 Infantiam
2676 2099 2824 2150 suam
2858 2086 3124 2147 describit,
3154 2087 3336 2137 laudat
3371 2087 3467 2136 Dei
3507 2085 3798 2150 providen-

2313 2147 2437 2196 tiam
2467 2151 2521 2196 et
2549 2148 2915 2196 aeternitatem.
3508 2147 3525 2150 ⁷
3816 2148 3956 2198 Ibid.

2251 2209 2365 2271 VII.
2391 2208 2618 2271 Infantia
2641 2223 2850 2271 quoque
2879 2211 3106 2271 peccatis
3137 2211 3389 2260 obnoxia.
3728 2258 3737 2269 ,
3866 2214 3957 2258 665

2250 2270 2388 2333 7V7lII.
2416 2270 2563 2333 Unde
2591 2270 2721 2333 puer
2746 2270 3165 2332 lbquididicerit.
3865 2275 3957 2321 666

2252 2332 2341 2381 IX.
2378 2332 2567 2404 Odium
2596 2332 2916 2403 litterarum,
2946 2347 3095 2382 amor
3132 2334 3298 2395 lusus,
3326 2337 3378 2384 et
3403 2333 3695 2398 vapulandi
3725 2333 3793 2383 ti-

2251 2407 2797 2519 X.m£1!nbti'e?ll_iiird:.et
2817 2456 3236 2519 spectaculorum
3260 2460 3512 2507 avocatur
3540 2471 3571 2507 a
3591 2457 3795 2507 littera-
3864 2397 3955 2445 667

2312 2531 2431 2566 rum
2456 2517 2647 2566 studio.
2845 2517 2860 2519 ⁷
3862 2520 3953 2567 668

2250 2579 2346 2627 XI.
2384 2580 2565 2629 Morbo
2602 2592 2836 2644 pressus
2845 2578 3164 2640 baptismum
3188 2579 3406 2643 ﬂagitat,
3432 2593 3589 2644 quem
3622 2583 3796 2629 mater

2314 2645 2457 2689 certo
2488 2638 2708 2689 consilio
2738 2638 2930 2688 differt:
3261 2638 3286 2643 ⁷
3447 2638 3466 2644 ⁷
3809 2641 3947 2691 Ibid.

2252 2702 2362 2751 XII.
2395 2702 2471 2752 Ad
2497 2702 2694 2751 litteras
2728 2702 3027 2763 cogebatur,
3050 2714 3154 2765 quo
3178 2705 3357 2753 tamen
3385 2705 3525 2754 Deus
3542 2703 3795 2754 utebatur

2314 2766 2462 2813 bene.
3859 2766 3950 2813 669

2251 2825 2391 2874 XIII.
2424 2825 2625 2883 Quibus
2651 2823 2839 2872 studiis
2870 2824 3202 2887 potissimum
3232 2827 3301 2877 sit
3319 2826 3626 2877 delectatus.
3859 2830 3949 2875 670

2251 2888 2389 2936 XIV.
2419 2888 2635 2937 Litteras
2663 2899 2862 2948 graacas
2891 2887 3090 2936 oderat.
3860 2891 3947 2937 671

2251 2949 2361 2997 Χν.
2394 2949 2627 2998 Precatio
2655 2948 2720 2996 ad
2752 2949 2934 2996 Deum.
3815 2949 3948 2998 Ibid.

2251 3010 2388 3072 XVI.
2421 3010 2686 3072 Improbat
2714 3009 2929 3057 modum
2948 3009 3247 3072 juventutis
3267 3011 3593 3061 erudiendae.
3859 3014 3950 3060 672

2251 3071 2410 3136 XVII.
2439 3071 2778 3136 Prosequitur
2809 3071 2993 3136 contra
3021 3071 3235 3120 modum
3264 3075 3572 3122 exercendas
3596 3072 3793 3136 juven-

2314 3134 2441 3181 tutis
2469 3134 2524 3181 in
2544 3146 2599 3181 re
2629 3133 2897 3181 litteraria.
3598 3133 3612 3136 ⁷
3858 3136 3947 3184 673

2251 3195 2439 3260 XVIII.
2475 3194 2625 3252 Quod
2651 3194 2894 3260 homines
2913 3198 3100 3242 curant
3122 3208 3330 3244 servare
3354 3195 3499 3258 leges
3528 3208 3791 3260 gramma-

2312 3257 2557 3314 ticorum,
2583 3260 2635 3303 et
2662 3269 2770 3319 non
2792 3256 3089 3319 divinorum
3115 3256 3555 3319 prmceptorumf
3808 3256 3943 3305 Ibid.

2250 3318 2659 3388 XIX._Pueritiae_
2679 3318 2949 3388 vitiaqpaa
2978 3318 3033 3364 in
3053 3318 3277 3388 majores
3293 3318 3490 3388 estates
3520 3323 3820 3388 transeunt.
3856 3322 3947 3368 674

2252 3380 2364 3428 XX.
2384 3380 2500 3490 ,ξι-ο
2534 3379 2689 3429 bonis
2734 3379 2835 3428 sibi
2867 3379 2924 3428 in
2965 3379 3186 3442 pueritia
3227 3380 3431 3429 collatis
3456 3382 3563 3430 Deo
3593 3382 3790 3444 gratias

2312 3456 2397 3490 am
2425 3480 2437 3490 .

2312 3445 2437 3505 agit.
3856 3445 3947 3492 675

2251 3540 2402 3589 Linea
2436 3550 2706 3601 sacvxnus.
2732 3564 2794 3573 —
2814 3536 3115 3601 Adaatatem
3141 3536 3297 3601 aliam
3318 3538 3667 3601 progreditur,
3692 3539 3798 3601 pri-

2312 3614 2563 3662 mumque
2592 3600 2960 3648 adolescentia:
3010 3612 3140 3662 suae,
3175 3598 3229 3647 id
3268 3598 3366 3660 est,
3411 3598 3616 3649 sextum
3642 3598 3791 3662 deci-

2313 3676 2458 3711 mum
2480 3661 2604 3710 vitae
2638 3675 2856 3718 annum,
2888 3674 3043 3723 quem
3072 3661 3128 3709 in
3157 3663 3375 3723 paterna
3409 3662 3564 3710 domo
3596 3661 3789 3710 studiis

2313 3722 3060 3785 intermissisconsumpserat
3088 3722 3244 3785 genio
3274 3736 3335 3771 ac
3366 3722 3673 3785 libidinibus
3708 3723 3792 3771 in-

2313 3785 2555 3847 dulgens,
2587 3783 2653 3833 ad
2681 3783 2911 3834 mentem
2930 3783 3155 3839 revocat,
3180 3796 3301 3832 cum
3318 3785 3463 3893 gravi
3488 3784 3687 3840 dolore.
3714 3799 3793 3834 se-

2313 3861 2468 3893 verus
2516 3846 2799 3893 admodum
2850 3846 2905 3893 in
2942 3845 3283 3893 diiudicando
3353 3850 3467 3893 urto
3511 3860 3543 3893 a
3574 3860 3631 3893 se
3658 3850 3790 3893 tunc

2311 3845 2468 3896 verus
2516 3846 2809 3908 admodum
2850 3846 2905 3908 in
2942 3845 3283 3908 dijudicando
3327 3845 3467 3895 furto
3511 3860 3543 3895 a
3574 3860 3631 3896 se
3658 3850 3790 3896 tunc

2312 3908 2561 3971 temporis
2579 3922 2699 3957 cum
2721 3907 3004 3957 sodalibus
3020 3911 3333 3970 perpetrato.
3742 3910 3941 3958 675-676

2252 3987 2414 4036 CAPUT
2448 3999 2655 4035 pannum.
2686 3986 3066 4035 Adolescentia;
3086 3989 3291 4034 (etatem
3321 3989 3373 4035 et
3391 3986 3519 4035 vitia
3542 3986 3745 4036 recolit.
3809 3987 3940 4037 Ibid.

2252 4048 2315 4098 II.
2350 4050 2563 4097 Annum
2593 4048 2762 4096 (etatis
2783 4060 2894 4096 suae
2914 4047 3177 4096 decimum
3199 4051 3410 4097 sextum
3430 4049 3484 4097 in
3508 4049 3696 4098 ardore
3726 4048 3787 4098 li-

2311 4110 2555 4159 bidinoso
2588 4113 2980 4171 consumptum.
3038 4170 3045 4171 7
3808 4110 3937 4160 Ibid.

2252 4172 2343 4220 III.
2374 4172 2446 4220 De
2466 4170 2882 4236 peregrinatione
2909 4170 3207 4220 studiorum
3226 4184 3402 4233 causa,
3428 4174 3481 4221 et
3509 4171 3574 4221 de
3602 4185 3785 4236 paren-

2311 4238 2426 4282 tum
2455 4233 2740 4295 proposito.
2839 4294 2848 4295 7
2892 4294 2899 4295 7
2934 4294 2941 4295 7
3603 4233 3621 4236 ⁷
3848 4236 3935 4281 677

2251 4294 2333 4343 IV.
2367 4294 2582 4343 Furtum
2610 4307 2731 4342 cum
2760 4294 3031 4342 sodalibus
3058 4297 3434 4356 perpetratum.
3848 4298 3936 4343 678

2251 4357 2311 4405 V.
2342 4356 2614 4405 Neminem
2645 4369 2857 4418 peccare
2887 4355 3000 4404 sine
3015 4355 3214 4418 causa.
3250 4416 3257 4418 7
3322 4417 3329 4418 7
3416 4417 3422 4418 7
3737 4416 3745 4418 7
3847 4360 3936 4406 679

2250 4418 2337 4468 VI.
2371 4418 2562 4466 Omnia
2587 4416 2707 4479 quas
2735 4418 2858 4465 boni
2883 4417 3058 4479 specie
3078 4417 3145 4466 ad
3169 4416 3296 4466 vitia
3318 4417 3564 4478 invitant,
3593 4418 3649 4467 in
3675 4416 3807 4468 solo.

2312 4480 2418 4528 Deo
2439 4494 2551 4527 esse
2571 4493 2695 4527 vera
2718 4483 2770 4527 et
2799 4479 3043 4529 perfecta.
3847 4482 3933 4529 680

2249 4541 2362 4591 VII.
2411 4541 2609 4612 Gratias
2646 4540 2900 4612 agit77Deo
2942 4554 3036 4612 pro
3082 4540 3392 4612 remissione
3430 4544 3781 4604 peccatorum,

2310 4603 2556 4712 quodque
2579 4616 2617 4674 7a
2644 4601 2825 4673 multis
2850 4601 3202 4673 servatussit.
3268 4664 3277 4674 7
3431 4601 3447 4604 ⁷
3650 4664 3661 4674 7
3847 4606 3926 4674 6781

2346 4665 2618 4736 ILAmavit
2642 4677 2696 4711 in
2725 4664 2865 4712 furto
2884 4667 3209 4736 copsortuim
3238 4663 3396 4714 simul
3425 4667 3772 4729 peccantium.
3804 4665 3928 4736 Ibid.

2249 4726 2336 4774 IX.
2363 4726 2675 4788 Contagiosa
2708 4739 2791 4774 res
2816 4726 3022 4775 sodales
3050 4725 3195 4775 mali.
3430 4725 3444 4729 ⁷
3845 4732 3931 4777 682

2248 4823 2398 4872 Linea
2431 4835 2647 4872 manus.
2678 4848 2739 4858 —
2768 4822 2840 4871 De
2860 4821 3013 4870 annis
3037 4821 3206 4870 astatis
3226 4820 3369 4871 illius
3399 4821 3604 4871 decimo
3635 4822 3782 4872 senti-

2309 4898 2415 4942 mo,
2446 4885 2649 4934 decimo
2675 4888 2860 4932 octavo
2889 4888 2940 4933 et
2959 4883 3163 4932 decimo
3190 4897 3334 4932 nono
3363 4883 3641 4932 transactis
3672 4883 3781 4933 Car-

2310 4945 2542 5009 thagine,
2568 4945 2655 5009 ubi
2678 4946 2803 5009 dum
2827 4945 3066 5009 litterarii
3094 4945 3254 5009 studii
3278 4945 3599 5009 curriculum
3622 4946 3784 4995 absol-

2307 5005 2471 5064 veret,
2501 5021 2555 5057 se
2598 5007 2866 5069 libidinosi
2903 5006 3098 5069 amoris
3128 5005 3318 5069 laqueo
3348 5007 3645 5069 irretitum,
3665 5021 3782 5056 nec-

2308 5069 2497 5117 nonin
2543 5068 2952 5131 Manichaeorum
2995 5066 3239 5117 haeresim
3279 5069 3585 5131 prolapsum
3629 5068 3782 5119 fuisse

2306 5131 2563 5193 meminit.
2592 5131 2856 5193 Adversus
2883 5128 3072 5177 borum
3107 5128 3316 5193 errores
3339 5134 3391 5179 et
3424 5128 3651 5193 ineptias
3681 5132 3781 5179 dis-

2307 5193 2433 5241 serit
2472 5192 2783 5255 luculenter.
2811 5191 3073 5255 Maternae
3100 5205 3194 5255 pro
3219 5204 3287 5255 se
3306 5191 3566 5255 lacrymas
3599 5196 3651 5241 et
3674 5205 3779 5241 res-

2343 5267 2534 5303 onsum
2550 5254 2613 5303 de
2630 5267 2726 5302 sua
2741 5252 3115 5314 resipiscentia’
3125 5252 3379 5303 divinitus
3406 5252 3679 5317 acceptum
3709 5267 3780 5303 res

2328 5318 2426 5365 δη.
3732 5318 3923 5366 683-684

2246 5395 2408 5458 Cum
2434 5407 2638 5458 ramum.
2669 5392 2858 5458 Amore
2886 5407 3043 5458 quem
3064 5394 3363 5444 venabatur
3386 5393 3609 5458 capitur.
3795 5396 3920 5458 Ibid.

2246 5457 2312 5504 II.
2343 5457 2551 5517 Amavit
2577 5455 2873 5517 spectacula
2900 5455 3115 5517 tragica.
3344 5516 3349 5517 7
3449 5455 3467 5458 ⁷
3798 5457 3920 5508 Ibid.

2246 5517 2341 5629 IIII;
2369 5518 2423 5630 [tu
2450 5514 2629 5575 schola
2650 5516 2873 5567 rhetoris
2896 5518 2962 5567 ab
2991 5514 3308 5567 Eversorum
3331 5516 3486 5568 factis
3508 5517 3753 5569 abhorre-
3836 5584 3915 5631 δεμ

2345 5595 2376 5629 a
2403 5615 2415 5628 .
3894 5601 3918 5631 δ
