4056 6366
173 324 202 376 1
218 320 321 376 489

166 442 271 493 IV.
309 443 619 492 Hortensius
648 443 912 493 Ciceronis
935 444 1182 493 excitavit
1202 445 1352 494 illum
1382 445 1448 494 ad
1477 443 1719 495 ardorem

243 505 609 577 philosophiae.
763 566 773 578 .
1232 569 1243 579 .
1363 567 1374 579 O
1413 568 1423 579 7
1727 507 1871 579 7Ibid.

167 567 247 640 ᾖξε
274 568 515 640 Fastidut
538 580 712 640 sacras
740 566 941 640 litteras
970 572 1180 640 prOpter
1202 567 1589 632 simplicitatem
1619 569 1758 632 styli.
1783 571 1873 640 686

308 630 359 701 A
379 628 681 701 Manichaajs
710 628 985 701 quomodo
1006 628 1218 701 captus:
1305 628 1323 632 ⁷
1350 692 1361 701 _
1464 692 1501 701 _
1626 693 1639 701 _
1669 628 1684 632 ⁷
1782 633 1873 680 686

168 692 291 740 VII.
321 691 572 741 Doctrina
596 691 1008 741 Manichaeorum
1029 691 1256 742 absurda
1280 692 1364 741 cui
1393 692 1719 756 suﬂ‘ragaba-

238 758 345 803 tur.
1778 757 1869 804 688

165 815 319 864 VIII.
356 815 552 881 Contra
579 815 899 881 Mauicbaaos
936 814 1064 865 dicit
1094 830 1213 880 qum
1244 816 1373 866 vitia
1401 830 1607 881 semper
1634 816 1718 865 de-

239 878 499 940 testanda,
525 891 643 940 quas
670 878 921 926 facinora.
1110 878 1129 940 ⁷
1519 878 1531 881 ⁷
1780 881 1871 928 689

165 938 268 1005 1X_.
295 938 585 1005 Discrimen
612 941 749 990 inter
775 943 1005 1003 peccata,
1033 943 1084 988 et
1112 939 1249 989 inter
1272 940 1362 989 Dei
1379 940 1636 1005 judicium
1666 944 1718 990 et

237 1002 535 1051 hominum.
780 1002 789 1003 ⁷
1382 1002 1394 1005 ⁷
1778 1004 1868 1051 690

160 1062 236 1126 X.
270 1065 435 1126 Nugae
462 1063 873 1126 Manichaaorum
900 1062 964 1112 de
993 1067 1144 1112 terrae
1175 1062 1456 1113 fructibus.
1778 1066 1864 1113 691

1733 1127 1866 1174 Ibid.

1775 1251 1869 1298 692

162 1125 264 1172 XI.
291 1125 539 1175 Planctus
564 1129 616 1174 et
644 1125 910 1174 somnium
930 1126 1111 1173 matris
1140 1126 1205 1174 de
1230 1126 1355 1174 tilio.

159 1187 293 1236 XII.
342 1188 506 1252 Quale
553 1200 872 1252 responsum
911 1191 1077 1252 mater
1118 1188 1398 1252 Augustini
1445 1187 1644 1252 accepit
1684 1201 1715 1236 a

232 1249 466 1312 quodam
492 1248 737 1313 episcopo
766 1248 831 1299 de
860 1249 1026 1313 ipsius
1055 1248 1417 1299 conversione.

161 1346 322 1394 Lmen
362 1360 705 1409 QUAa'rus.77—
732 1344 899 1409 I’udet
929 1344 1285 1409 Augustinum
1315 1359 1370 1394 se
1396 1344 1713 1409 Manichreo-

231 1421 355 1456 rum
384 1413 539 1457 sectae
570 1408 836 1457 addictum
865 1407 1035 1456 fuisse
1051 1421 1142 1470 per
1173 1408 1521 1466 novennium,
1556 1411 1711 1470 atque

231 1470 366 1519 alios
396 1483 577 1519 secum
600 1470 655 1532 in
680 1470 924 1532 eumdem
954 1483 1184 1532 errorem
1222 1470 1536 1532 pertraxisse
1559 1483 1572 1528 ;
1596 1472 1710 1532 tum

229 1532 392 1580 etiam
436 1531 765 1580 consuluisse
798 1530 1240 1590 mathematicos;
1270 1534 1322 1580 et
1353 1531 1582 1579 amicum
1611 1530 1710 1579 sibi

227 1593 433 1643 interea
459 1597 627 1643 morte
656 1597 994 1703 praereptum,
1024 1593 1283 1641 acerbiori
1306 1606 1463 1656 quam
1496 1606 1709 1654 (equum

232 1660 377 1703 esset
397 1656 560 1703 animi
594 1655 661 1703 do
685 1669 775 1703 ore
841 1655 978 1703 uisse
1010 1658 1372 1703 prosecutum:
1409 1654 1560 1703 cuius
1591 1668 1709 1703 occa

232 1660 377 1704 esset
397 1656 560 1704 animi
594 1654 789 1717 dolore
816 1654 987 1717 fuisse
1010 1654 1372 1717 prosecutum;
1409 1654 1560 1717 cujus
1591 1668 1739 1717 occa-

226 1718 401 1776 sione,
428 1718 491 1767 de
520 1731 658 1766 vana
686 1721 738 1766 et
761 1716 825 1766 de
859 1715 1029 1765 solida
1049 1716 1281 1779 amicitia
1306 1729 1420 1779 non
1444 1715 1613 1779 pauca
1637 1715 1712 1764 di-

225 1780 318 1828 .it.
348 1779 666 1829 Mentionem
702 1779 824 1827 facit
848 1779 1104 1827 librorum
1129 1778 1195 1826 de
1226 1777 1462 1827 Pulchro'
1481 1782 1532 1827 et
1555 1779 1709 1840 Apto,

226 1855 258 1889 a
282 1854 339 1890 se
368 1855 509 1891 anno
534 1841 703 1912 aetatis
731 1841 997 1912 vigesimo
1010 1841 1234 1912 septimo
1258 1840 1710 1912 conscriptorum;

225 1916 439 1952 necnon
473 1917 631 1966 quam
666 1901 810 1966 facili
847 1902 1058 1966 negotio
1072 1901 1386 1966 iliberalium
1429 1901 1620 1966 artium
1652 1902 1711 1950 li-

224 1966 351 2029 bros
366 1963 523 2029 atque
543 1964 835 2029 Aristotelis
855 1964 1170 2029 categorias,
1190 1977 1331 2013 anno
1356 1964 1525 2012 aetatis
1545 1963 1708 2029 ferme

224 2026 500 2090 vigesimo,
532 2041 626 2091 per
653 2040 766 2075 sese
795 2026 1128 2075 intellexerit.
1653 2026 1863 2074 693-694

157 2104 332 2155 Carm
357 2120 561 2155 ramum.
591 2104 853 2163 Quamdiu
886 2107 938 2153 et
970 2103 1388 2167 quomodoalios
1408 2103 1695 2167 seduxerit.
1727 2103 1861 2153 Ibid.

160 2167 230 2215 ll.
263 2167 598 2240 Rhetoricam
641 2167 810 2239 docet,
840 2165 1193 2240 concubinam
1235 2165 1393 2240 fovet,
1421 2169 1479 2240 et
1504 2166 1707 2229 aruspi-
1728 2229 1766 2240 Π
1791 2227 1802 2237 7

228 2242 342 2278 cem
364 2230 454 2292 qui
483 2230 756 2301 victoriam
788 2228 1143 2300 promittebat,
1168 2228 1475 2277 contemnit.
1633 2227 1642 2229 ⁷
1672 2289 1683 2300 7
1728 2227 1860 2278 Ibid.

158 2289 360 2362 III..Ab
390 2291 693 2362 astrologia,
723 2304 808 2362 cui
832 2290 1042 2338 deditus
1062 2293 1193 2362 erat,
1222 2303 1315 2353 per
1338 2303 1518 2339 senem
1545 2290 1754 2362 medi-ﬂ
1781 2352 1791 2362 7
1813 2351 1826 2362 ‘

225 2352 362 2402 cinae
392 2358 443 2402 et
464 2351 644 2402 rerum
676 2351 897 2415 peritum
930 2351 1241 2415 revocaturf
1604 2413 1613 2415 7
1717 2351 1852 2401 Ibid.

156 2415 251 2464 IV.
281 2416 522 2464 Morbum
545 2420 599 2464 et
619 2413 939 2476 baptismum
972 2414 1126 2462 amici
1147 2416 1345 2469 narrat,
1368 2426 1522 2476 quem
1548 2413 1706 2476 etiam

225 2477 339 2525 suis
360 2478 625 2526 erroribus
645 2475 964 2534 involverat;
988 2488 1157 2537 eoque
1176 2478 1345 2524 morte
1365 2475 1592 2529 sublato.
1610 2475 1704 2523 do-

224 2538 301 2587 let
318 2539 645 2601 gravissime.
673 2537 926 2587 Mirabilis
946 2536 1178 2586 efﬁcacia
1204 2538 1517 2587 sacramenti
1539 2538 1707 2600 Bapti-

226 2598 351 2648 smi:
1612 2598 1629 2600 ⁷
1770 2598 1862 2647 696

152 2662 220 2710 V.
251 2661 358 2710 Cur
381 2661 530 2710 ﬂetus
559 2661 729 2711 dulcis
764 2660 986 2709 miseris.
1769 2662 1859 2708 697

152 2724 248 2773 VI.
284 2724 523 2781 Quantus
547 2738 612 2773 ex
633 2723 790 2771 amici
820 2727 989 2771 morte
1012 2721 1185 2771 dolor.
1726 2721 1858 2770 Ibid.

152 2786 273 2834 VII.
302 2785 636 2848 Impatientia
659 2784 860 2848 doloris
890 2788 1071 2848 mutat
1085 2784 1277 2848 locum.
1311 2846 1321 2848 7
1368 2847 1377 2848 7
1454 2847 1459 2848 7
1597 2846 1609 2848 _
1770 2785 1862 2832 698

153 2847 303 2916 VIII.
334 2846 561 2911 Tempus
590 2851 642 2897 et
675 2847 967 2896 amicorum
996 2846 1260 2910 colloquia
1293 2846 1465 2896 dolori
1494 2846 1762 2916 meden—n
1788 2907 1799 2916 7

154 2913 356 3020 IXsuBe
379 2971 615 3020 humana
643 2970 890 3019 amicitia.
910 2970 1112 3033 Beatus
1134 2970 1224 3033 qui
1255 2973 1399 3019 amat
1415 2971 1469 3019 in
1493 2971 1642 3033 Deo.7

152 3034 222 3082 X.
257 3034 460 3083 Labiles
489 3038 761 3090 creaturae,
790 3045 887 3081 nec
907 3032 961 3080 in
991 3032 1068 3080 eis
1096 3031 1269 3096 potest
1295 3033 1474 3081 anima
1501 3031 1704 3096 requie-
1723 3093 1760 3103 __
1787 3093 1797 3103 7

151 3109 471 3206 lecgrginia
498 3159 671 3206 creata
698 3160 824 3206 sunt
847 3156 1126 3206 instabilia.
1160 3155 1314 3205 Solus
1344 3157 1482 3205 Deus
1510 3092 1857 3204 stabilis.I

152 3219 274 3267 XII.
301 3221 460 3268 Amor
478 3233 588 3283 uon
614 3219 958 3283 improbatur,
987 3219 1145 3268 modo
1166 3219 1221 3267 in
1242 3218 1324 3267 his
1355 3231 1473 3282 quae
1492 3218 1703 3281 placent

219 3295 460 3330 amemus
484 3282 671 3330 Deum.
689 3277 706 3283 ⁷
947 3277 952 3279 ⁷
1370 3277 1388 3282 ⁷
1494 3277 1510 3281 ⁷
1724 3277 1854 3327 Ibid.

151 3343 299 3392 XIII.
330 3342 661 3405 Amorunde
690 3343 984 3405 proveniat.
1086 3404 1089 3405 7
1162 3403 1169 3405 7
1654 3402 1666 3405 _
1765 3343 1852 3390 701

154 3405 295 3468 XIV.
321 3406 459 3454 Libri
483 3404 545 3453 de
562 3402 768 3468 Apto‘et
793 3404 1015 3453 Pulchro
1033 3403 1208 3453 Hierio
1224 3404 1535 3467 nuncupati.
1555 3402 1702 3453 Unde

220 3467 367 3516 hunc
397 3472 674 3516 amaverat.
1765 3467 1858 3514 702

154 3528 267 3579 XV.
302 3528 456 3601 Quod
492 3528 856 3601 corporalibus
882 3527 1226 3601 himeginibus
1273 3527 1700 3590 contenebratus,

220 3604 333 3639 non
358 3590 741 3663 potuitcapere
770 3590 1078 3662 spiritualia.
1193 3651 1205 3663 ν
1405 3650 1416 3661 7
1556 3651 1565 3661 7
1764 3591 1856 3638 703

152 3652 295 3702 XVI.
318 3653 616 3725 Categurtas
631 3653 923 3725 Aristotelis
940 3651 1298 3702 etliberaltum
1321 3654 1513 3699 artium
1533 3651 1694 3701 llbl‘OS
1762 3714 1820 3725 ῃ
1836 3714 1848 3725 _

219 3728 315 3778 per
342 3727 396 3763 se
426 3714 702 3764 intellexit.
1762 3714 1855 3760 704

152 3813 312 3862 Lmen
340 3824 575 3867 QUINTUS.
607 3839 666 3847 —
695 3810 910 3860 Annum
940 3810 1109 3859 astatis
1136 3821 1247 3858 suee
1275 3807 1487 3857 exhibet
1514 3807 1699 3867 vigesi-

220 3887 387 3937 mum
406 3887 629 3937 nonum,
663 3886 769 3937 quo
791 3873 1007 3937 scilicet,
1039 3874 1307 3937 comperta
1329 3870 1515 3937 Fausti
1530 3870 1699 3937 Mani:

220 3935 356 3999 chmi
373 3935 655 3999 imperitia,
677 3931 1092 3999 propositumin
1112 3931 1205 3981 illa
1233 3936 1376 3999 secta
1390 3931 1699 3999 proﬁciendi

218 3997 436 4061 abjecit;
453 3993 951 4061 'quoetiamltoma,
975 3996 1065 4045 ubi
1095 3999 1223 4061 tunc
1249 3993 1563 4061 rhetoricam
1584 4006 1702 4056 pro-

221 4055 499 4119 ﬁtebaturf
531 4060 715 4108 missus
753 4058 1109 4107 Mediolanum
1162 4060 1222 4105 ut
1257 4055 1497 4119 eamdem
1534 4055 1699 4119 artem

218 4122 449 4184 doceret,
480 4122 639 4184 cmpit
662 4120 842 4184 audito
876 4119 1159 4184 Ambrosio
1196 4118 1605 4184 resipiscere,_et
1635 4118 1700 4166 de

218 4179 611 4233 Manichaeisuio
633 4182 946 4240 abdicando,
976 4194 1186 4230 necnon
1214 4180 1278 4229 de
1298 4179 1582 4243 repetendo
1612 4193 1698 4228 ca-

218 4244 595 4294 techumenatu
620 4245 919 4294 decernere.
1360 4242 1373 4243 ⁷
1650 4242 1855 4290 705-706

150 4326 324 4374 Carm-
353 4338 558 4374 ramux.
586 4324 791 4374 Excitat
806 4326 1035 4372 mentem
1060 4321 1126 4371 ad
1156 4322 1328 4373 Deum
1347 4320 1693 4370 laudandum.
1721 4320 1851 4376 Ibid.

156 4388 225 4435 II.
257 4385 351 4435 Dei
378 4387 710 4449 praesentiam
741 4386 951 4449 iniquos
984 4398 1094 4433 non
1123 4383 1384 4447 effugere;
1428 4383 1604 4446 itaque
1632 4383 1699 4432 ad

221 4461 344 4497 eum
376 4444 565 4497 debere
595 4444 852 4502 converti:
1238 4444 1259 4447 ⁷
1520 4444 1535 4446 ⁷
1719 4444 1851 4493 Ibid.

154 4511 250 4559 III.
278 4510 353 4558 De
376 4510 565 4559 Fausto
597 4509 900 4564 Manichaao.
926 4511 978 4558 et
997 4507 1061 4557 de
1084 4507 1519 4571 philosophorum
1549 4507 1701 4556 caeci-

221 4574 328 4635 tate
349 4572 455 4635 qui
468 4585 561 4635 per
578 4575 846 4635 creaturas
874 4570 1173 4620 Creatorem
1196 4582 1306 4619 non
1327 4572 1709 4633 cognoverunt.
1762 4570 1853 4635 707

152 4633 243 4697 IV.
266 4632 401 4697 Sola
430 4632 527 4697 Dei
558 4634 788 4697 cognitio
818 4635 953 4697 beat.
1020 4692 1030 4697 7
1064 4692 1075 4697 _
1142 4692 1153 4697 Α
1214 4692 1248 4697 __
1404 4632 1411 4633 ⁷
1606 4692 1626 4697 Α
1651 4692 1664 4697 _
1761 4632 1853 4679 708

152 4696 218 4746 V.
256 4695 531 4744 Manichaei
573 4692 650 4744 de'
666 4696 821 4745 astris
848 4692 1111 4757 imperitia
1139 4692 1420 4756 indignum
1449 4706 1571 4742 eum
1599 4692 1699 4741 ﬁde

218 4757 276 4805 in
301 4757 504 4806 caeteris
527 4757 767 4807 faciebat.
1761 4757 1854 4803 709

152 4819 246 4867 VI.
277 4820 499 4868 Faustus
531 4819 804 4882 eloquens,
843 4813 937 4867 sed
968 4814 1267 4866 liberalium
1301 4815 1698 4880 disciplinarum

150 4895 632 5016 Vlifxiillizh‘atura
655 4946 798 5016 saeta
820 4940 1272 5016 Manichmorum.7
1312 5002 1323 5013 ι
1428 5001 1464 5016 7‘

153 5006 294 5054 VIII.
323 5005 676 5055 Proﬁciscitur
707 5005 929 5053 Romam
959 5007 1143 5052 contra
1171 5002 1354 5051 matris
1383 5001 1728 5051 voluntatem.
1761 5004 1855 5051 712

152 5068 430 5130 IX.AFebri
455 5072 729 5130 correptus
756 5065 1298 5130 periculqselaboratz
1377 5129 1381 5130 7
1422 5125 1433 5130 _
1763 5066 1855 5130 713

150 5130 220 5178 X.
255 5128 468 5178 Errores
497 5125 623 5178 ante
648 5125 948 5190 susceptam
972 5126 1240 5190 Evangelii
1270 5125 1566 5190 doctrinam
1577 5162 1615 5190 .7
1763 5128 1855 5190 7117i

152 5192 255 5254 XI.
292 5191 535 5254 Qualiter
554 5187 882 5254 Augustinus
895 5187 1202 5254 _contul_erit
1222 5202 1343 5238 cum
1367 5187 1667 5237 Catholicis.
1723 5189 1855 5254 __7_1_6

154 5253 281 5323 XII:
304 5253 467 5323 Fraus
488 5250 867 5323 discipulorum
894 5250 1146 5323 Romgeiu
1171 5254 1537 5323 praeceptores.
1668 5312 1681 5323 ‘
1723 5250 1854 5300 Ibid.

155 5316 303 5369 XIII.
338 5315 599 5364 Docturus
620 5311 943 5363 rhetoricam
973 5311 1200 5362 mittitur
1218 5311 1607 5372 Mediolanum;
1637 5312 1702 5362 ab

220 5377 500 5440 Ambrosio
529 5377 831 5440 suscipitur.
962 5436 975 5440 _
1039 5436 1051 5440 _
1162 5437 1176 5440 _
1374 5435 1405 5440 __
1613 5435 1680 5440 ,Α
1764 5376 1856 5423 717

158 5439 517 5551 XlsgitAudito
544 5435 821 5489 Ambrosio
854 5436 1110 5502 paulatim
1131 5437 1197 5486 ab
1224 5435 1492 5487 erroribus
1525 5435 1704 5500 resipi-
1722 5497 1833 5547 Ibid

222 5512 338 5551 8οη.
1724 5512 1854 5547 IDI'J.

158 5582 311 5630 Luna
342 5594 548 5631 sanus.
585 5607 644 5619 -—
666 5581 795 5630 eum
813 5580 923 5645 jam
949 5580 1193 5630 Monnica
1217 5579 1383 5642 ipsius
1411 5581 1578 5628 mater
1604 5579 1705 5627 Me-

1666 323 1898 380 INDEX
1936 324 2208 381 RERUM.

3548 331 3569 382 1
3580 328 3686 383 490

2049 446 2318 510 diolanum
2342 446 2904 510 advenisset,7ipseque
2929 447 3325 510 annummtatis
3350 450 3530 510 ageret

2048 508 2388 569 trigesimum,
2423 509 2682 558 Ambrosii
2710 508 3058 557 concionibus
3087 508 3407 566 admonitus,
3439 523 3525 557 ca-

2048 570 2258 634 tholicae
2289 570 2543 634 doctrinas
2567 571 2859 634 veritatem,
2890 583 3049 634 quam
3083 570 3357 634 Manichaei
3392 570 3524 634 falso

2048 631 2444 695 insimulabant,
2477 633 2641 694 magis
2672 631 2942 695 magisque
2976 632 3320 695 intelligebat.
3351 632 3523 695 Alypii

2049 693 2303 766 amici‘sui
2325 693 2873 766 moresprosequiturI
2894 695 2951 766 In
2970 693 3177 766 diversa
3202 693 3520 766 rapiebatur,

2047 756 2173 803 dum
2192 755 2257 803 de
2287 755 2395 803 vita
2416 755 2603 804 melius
2632 755 2959 804 instituenda
2986 755 3317 813 deliberaret,
3338 756 3522 804 mortis

2046 831 2254 880 quoque
2279 830 2339 880 ac
2358 817 2541 880 judicii
2568 823 2708 866 metu
2735 818 3023 879 perculsus,
3054 818 3119 866 ad
3146 817 3269 866 vitae
3303 830 3520 866 conver-

2045 879 2248 928 sionem
2274 879 2327 926 in
2359 879 2470 928 dies
2503 880 2905 928 accendebatur.
3469 881 3675 929 717-718

1983 960 2145 1024 Citam
2172 974 2376 1011 PRIMUM.
2404 960 2730 1024 Augustinus
2758 974 2854 1010 nec
2873 960 3197 1010 manichreus
3226 974 3321 1010 nec
3344 960 3520 1010 catho-

2043 1022 2193 1071 licus.
2494 1022 2509 1024 ⁷
3539 1022 3671 1078 Ibid.

1980 1084 2048 1148 II.
2077 1084 2257 1144 Epulze
2286 1083 2586 1148 etsynaxis
2620 1082 2761 1148 apud
2787 1083 3362 1148 sepulcramartyrum.
3581 1087 3674 1133 719

1981 1146 2067 1194 III.
2106 1144 2486 1207 Occupationes
2516 1149 2568 1193 et
2592 1144 2767 1193 studia
2786 1146 3060 1193 Ambrosii.
3190 1144 3205 1148 ⁷
3580 1148 3671 1195 720

1979 1207 2072 1317 ΙνΙῖ
2100 1208 2401 1317 Dtoctrinam
2432 1206 2679 1255 Ecclesize
2703 1206 2978 1256 Ambrosio
3003 1207 3349 1256 concionante
3370 1207 3519 1256 intel-

2062 1284 2131 1317 im
2160 1307 2171 1317 .

2062 1269 2171 1319 iuit.
3578 1271 3666 1319 721

1979 1331 2038 1379 V.
2083 1329 2154 1381 De
2184 1344 2455 1380 sacrorum
2486 1329 2760 1379 Librorum
2800 1330 3109 1378 auctoritate
3142 1332 3195 1378 et
3223 1332 3515 1380 necessario

2039 1407 2160 1441 usu.
3570 1395 3671 1442 ’722

1978 1455 2065 1517 VI.
2080 1455 2167 1517 De
2191 1454 2397 1503 miseria
2422 1454 2838 1512 ambitiosorum,
2861 1452 3089 1503 adducto
3105 1452 3344 1517 exemplo
3368 1467 3516 1503 men-

2039 1516 2142 1565 dici
2172 1517 2416 1565 laetantis.
3268 1516 3273 1517 ⁷
3578 1518 3669 1565 723

1976 1578 2089 1626 VII.
2110 1578 2357 1640 Alypium
2383 1592 2413 1626 a
2439 1577 2762 1640 Circensium
2785 1577 2992 1640 insania
3021 1575 3297 1640 convertit.
3328 1638 3337 1640 _
3578 1580 3670 1627 724

1986 1593 2089 1626 vu.
2110 1593 2172 1627 A1
2216 1593 2357 1640 pium
2383 1593 2413 1626 a
2439 1593 2762 1626 Ull'ceIlSIllm
2785 1593 2992 1626 insania
3021 1593 3297 1625 convertit.

1976 1640 2113 1689 VIII.
2133 1593 2352 1704 Afypius
2364 1638 3044 1704 capiturinsanialudorum
3063 1638 3514 1702 gladiatoriorum,

2038 1716 2069 1750 a
2092 1701 2282 1751 quibus
2313 1701 2467 1751 antea
2496 1701 2864 1749 abhorruerat.
3073 1701 3085 1702 ⁷
3580 1703 3670 1750 726

1978 1762 2315 1827 ξΧχᾹΙγρὶιιε
2341 1767 2398 1827 ut
2425 1762 2974 1827 furapprehenditur.
3046 1823 3088 1827 __
3120 1824 3133 1827 _
3534 1763 3667 1811 Ibid.

1976 1824 2039 1888 ξς.
2071 1826 2144 1874 De
2163 1823 2472 1888 integritate
2506 1823 2678 1888 Alypii
2708 1828 2761 1888 et
2788 1824 3019 1888 adventu
3046 1823 3295 1888 Nebridii.
3333 1883 3346 1888 _
3579 1827 3669 1874 727

1975 1886 2065 1935 XI.
2099 1883 2315 1935 Anxius'
2341 1883 2667 1950 Augustinus
2704 1885 2766 1934 de
2808 1885 3137 1934 instituenda
3183 1884 3285 1934 vita
3317 1883 3513 1934 delibe-

2036 1954 2138 1997 rat.
3575 1950 3667 1997 728

1972 2010 2090 2059 XII.
2122 2010 2400 2060 Contentio
2431 2010 2567 2073 inter
2588 2008 2833 2073 Alypium
2855 2011 2908 2057 et
2924 2008 3279 2072 Augustinum
3310 2008 3373 2058 de
3401 2022 3512 2056 ma-

2036 2073 2285 2121 trimonio
2316 2076 2368 2121 et
2394 2072 2663 2121 caelibatu.
2696 2072 2703 2073 ⁷
3575 2073 3667 2120 730

1974 2133 2112 2205 XIII.
2143 2135 2563 2205 yxorquceritur
2584 2133 2899 2205 Augustino.
3154 2194 3165 2205 ο
3204 2195 3215 2205 7
3291 2193 3306 2205 ‘
3513 2133 3665 2205 _Ib_i7d_.

1972 2195 2109 2258 XIV.
2141 2198 2213 2245 De
2242 2193 2350 2245 vita
2378 2195 2648 2244 communi
2670 2193 2881 2258 agenda
2908 2207 3029 2258 cum
3064 2194 3247 2258 amicis
3277 2193 3663 2258 deliberat._731

1972 2256 2082 2306 XV.
2111 2259 2170 2307 In
2201 2259 2375 2307 locum
2401 2256 3054 2306 discedentis'concubinze
3084 2256 3186 2304 alia
3213 2256 3462 2306 succedit.
3532 2256 3665 2305 Ibid.

1972 2320 2107 2369 XVI.
2140 2321 2320 2370 Mortis
2345 2324 2396 2369 et
2409 2319 2597 2383 judicii
2622 2322 2820 2367 metum
2850 2332 3124 2381 nunquam
3153 2318 3412 2381 deposuit.
3574 2321 3668 2368 732

1973 2417 2122 2466 eraa
2148 2430 2401 2466 ssrrluus.
2431 2441 2492 2452 —
2520 2415 2811 2464 Exordium
2850 2429 2959 2478 suae
2984 2414 3297 2478 juventutis,
3334 2415 3387 2464 id
3411 2419 3508 2475 est,

2034 2492 2234 2527 annum
2255 2479 2427 2527 tetatis
2450 2478 2778 2540 trigesimum
2803 2477 3051 2540 primum,
3081 2478 3148 2540 ob
3177 2478 3368 2526 mentis
3391 2491 3514 2540 ocu-

2035 2541 2114 2589 los
2142 2540 2367 2589 reducit.
2398 2538 2584 2588 Narrat
2603 2553 2657 2588 se
2681 2538 2774 2587 illa
2802 2538 2954 2587 (etate
2978 2539 3311 2588 densioribus
3340 2539 3512 2588 adhuc

2035 2602 2348 2672 ignorantiae
2387 2601 2623 2672 tenebris
2669 2600 2986 2672 involutum,
3036 2604 3193 2672 atque
3247 2605 3512 2672 errantem

2034 2665 2169 2713 circa
2195 2664 2285 2712 Dei
2313 2668 2573 2720 naturam,
2601 2675 2809 2725 necnon
2834 2662 2973 2725 circa
3001 2661 3258 2725 originem
3290 2661 3431 2721 mali,
3458 2663 3511 2711 in

2033 2726 2185 2788 cujus
2229 2725 2569 2788 inquisitione
2598 2724 2976 2788 se_mirum_in
3006 2724 3222 2788 modum
3261 2725 3511 2788 angebat,

2032 2784 2332 2851 pervenisse
2359 2786 2678 2851 taudem__ad
2717 2784 3073 2851 cognitionem
3106 2786 3195 2851 Dei
3222 2784 3509 2851 sinceram,

2033 2847 2274 2959 qutamvis
2303 2848 2542 2897 nondum
2572 2847 2729 2911 digne
2760 2848 2823 2896 de
2858 2847 3082 2896 Domino
3116 2847 3321 2896 Christo
3350 2848 3550 2959 sent7i-:-33
3574 2910 3665 2958 73‘

2033 2926 2088 2959 re
2118 2947 2129 2959 .
3556 2936 3573 2945 -

2032 2912 2129 2962 ret.
3458 2912 3573 2959 733-

1971 2992 2134 3041 CAPUT
2163 3004 2374 3062 paulun.
2396 2991 2579 3062 “Deum
2608 2988 2806 3062 cogitat
2819 2991 3077 3062 tanquam
3108 2988 3306 3053 aliquid
3331 3002 3512 3054 corpo-
3532 3052 3568 3062 υ
3595 3051 3605 3062 ,

2032 3066 2180 3101 reum
2212 3067 2304 3116 per
2334 3051 2539 3101 infinita
2562 3050 3030 3123 spati7a7ditl'usum.
3194 3050 3212 3053 ⁷
3290 3112 3299 3122 7
3424 3050 3441 3054 ⁷
3466 3066 3475 3075 θ
3532 3051 3665 3123 Ibid.

2069 3116 2390 3187 Momentum
2421 3113 2827 3187 quo_Nebr1d1us
2844 3113 3141 3187 confutaret
3164 3112 3502 3162 Manichaeos.
3529 3114 3667 3187 llud:

1971 3178 2059 3226 III.
2095 3177 2337 3225 Liberum
2366 3176 2642 3224 arbitrium
2672 3189 2825 3223 causa
2859 3176 3073 3237 peccati.
3572 3178 3666 3225 735

1969 3240 2053 3287 IV.
2081 3239 2245 3287 Deum
2273 3236 2725 3301 incorruptibilem
2756 3236 2873 3301 esse
2897 3240 3122 3299 oportet.
3228 3298 3262 3301 η
3366 3297 3375 3301 _
3530 3236 3661 3286 Ibid.

1970 3302 2030 3350 V.
2059 3301 2259 3358 Quaerit
2277 3301 2469 3349 iterum
2489 3297 2646 3362 'unde
2672 3298 2890 3362 malum,
2920 3297 2973 3346 ét
3005 3312 3123 3362 quae
3152 3298 3302 3347 radix
3331 3297 3464 3362 ejus.
3572 3301 3665 3348 736

1968 3363 2059 3411 VI.
2092 3362 2577 3412 Mathematicorum
2600 3360 2951 3409 divinationes
2981 3360 3166 3422 rejicit.
3287 3421 3296 3422 7
3362 3360 3369 3362 ⁷
3572 3362 3664 3411 737

1968 3425 2080 3473 VII.
2112 3424 2297 3473 Misere
2328 3428 2604 3485 torquetur
2632 3422 2905 3485 inquirens
2926 3421 3068 3485 unde
3097 3423 3165 3485 sit
3198 3421 3421 3485 malum.
3571 3425 3666 3472 739

1969 3487 2105 3536 VIII.
2134 3485 2411 3559 Quomodo
2431 3483 2621 3533 divina
2666 3483 3024 3533 misericordia
3060 3483 3369 3533 subvenerit
3399 3484 3510 3532 Au-

1968 3552 2580 3659 IXgllfrtiul’clatonicorum
2609 3606 2756 3656 libris
2773 3606 2927 3656 Verbi
2949 3606 3133 3655 aeterni
3157 3605 3506 3666 divinitatem,
3569 3548 3664 3595 “0

2029 3684 2138 3720 non
2167 3669 2427 3719 incarnati
2455 3669 2807 3717 humilitatem
2839 3668 3063 3716 invenit.
3526 3668 3662 3717 Ibid.

1965 3733 2033 3780 X.
2064 3732 2265 3781 Clarius
2294 3732 2634 3780 innotescunt
2656 3729 2766 3792 jam
2798 3729 3092 3792 Augustino
3118 3728 3316 3777 divina.
3569 3732 3665 3779 712

1965 3795 2053 3842 XI.
2088 3793 2365 3851 Quomodo
2392 3797 2644 3842 creatura:
2671 3795 2797 3839 sunt
2815 3796 2868 3840 et
2896 3804 3004 3839 non
3029 3794 3175 3839 sunt.
3528 3792 3661 3840 Ibid.

1964 3856 2078 3904 XII.
2111 3855 2299 3903 Omnia
2326 3855 2484 3909 bona,
2516 3866 2864 3916 quaecumque
2895 3859 3038 3901 sunt.
3568 3856 3661 3916 7173

1964 3917 2097 3966 XIII.
2130 3917 2318 3965 Omnia
2346 3914 2559 3965 condita
2592 3914 2812 3963 laudant
2840 3915 3028 3962 Deum.
3527 3915 3661 3965 Ibid.

1964 3980 2100 4028 XIV.
2132 3979 2285 4028 Same
2314 3978 2507 4026 mentis
2533 3976 2738 4025 homini
2764 3976 2896 4024 nihil
2927 3974 3170 4039 displicet
3199 3975 3338 4024 inter
3362 3987 3507 4023 crea-

2026 4046 2174 4090 turas
2205 4040 2311 4089 Dei.
3568 4039 3663 4087 744

1965 4103 2073 4151 XV.
2105 4101 2382 4160 Quomodo
2409 4099 2602 4149 veritas
2630 4103 2682 4149 et
2708 4099 2906 4148 falsitas
2926 4100 2981 4148 in
3001 4099 3273 4149 creaturis.
3528 4100 3661 4149 Ibid.

1965 4164 2103 4213 XVI.
2130 4165 2320 4213 Omnia
2345 4164 2503 4225 bona,
2532 4162 2654 4211 licet
2682 4162 2997 4225 quibusdam
3017 4175 3137 4225 non
3168 4165 3308 4224 apta.
3527 4161 3658 4225 Ibid.

1963 4226 2125 4275 XVII.
2153 4226 2282 4284 Quae
2312 4224 2579 4273 retardent
2607 4238 2638 4273 a
2666 4223 2969 4286 cognitione
3000 4223 3320 4272 divinorum.
3525 4223 3659 4272 Ibid.

1963 4289 2149 4337 XVIII.
2175 4287 2327 4337 Solus
2353 4286 2590 4335 Christus
2624 4287 2709 4335 via
2729 4286 2793 4334 ad
2819 4287 3065 4334 salutem.
3570 4288 3663 4335 745

1964 4351 2103 4399 XIX.
2135 4350 2271 4408 Quid
2298 4348 2521 4397 senserit
2548 4348 2612 4397 de
2641 4348 2830 4397 Christi
2855 4347 3240 4397 Incarnatione.
3568 4350 3661 4398 746

1964 4412 2181 4520 XX.tEx
2207 4410 2490 4461 Platonicis
2510 4410 2659 4459 libris
2686 4410 2920 4474 peritior,
2951 4409 3039 4459 sed
3071 4410 3302 4458 inﬂatior
3328 4421 3507 4458 evase-
3529 4471 3637 4520 “id

2024 4488 2083 4520 ra
2113 4511 2125 4520 .
3590 4486 3605 4519 1

2024 4478 2125 4523 rat.
2687 4471 2705 4474 ⁷
3529 4471 3637 4520 Ibid
3647 4513 3660 4527 ,

1963 4537 2101 4585 XXI.
2134 4534 2271 4594 Quid
2309 4535 2366 4582 in
2394 4534 2556 4583 sacris
2586 4533 2753 4583 Libris
2782 4533 3064 4593 invenerit,
3092 4545 3200 4581 non
3231 4533 3507 4581 inventum

2026 4600 2081 4647 in
2104 4596 2405 4647 Platonicis.
3567 4595 3660 4643 747

1965 4699 2112 4747 LIBER
2138 4708 2377 4745 ocnvus.
2404 4720 2463 4729 —
2484 4692 2615 4741 Viue
2632 4691 2801 4755 ipsius
2826 4695 3025 4755 partem
3056 4692 3267 4755 attingit
3286 4691 3510 4741 celeber-

2024 4760 2233 4816 rimam,
2269 4768 2469 4804 annum
2500 4754 2669 4803 astatis
2694 4754 3021 4816 trigesimum
3056 4754 3371 4816 secundum,
3401 4767 3506 4816 quo

2026 4832 2216 4888 nempe
2243 4832 2372 4888 cum
2381 4816 2804 4888 “Simplicianum
2836 4815 3209 4887 consuluisset,
3246 4816 3319 4888 ab
3340 4815 3508 4888 cuque

2027 4877 2297 4931 didicisset
2352 4877 2607 4928 Victorini
2663 4878 3078 4935 conversionem,
3125 4889 3244 4926 cum
3294 4877 3509 4927 Antonii

2027 4942 2255 5007 Egyptii
2276 4940 2522 4990 monachi
2542 4939 2704 5007 vitam
2735 4952 2795 5007 ex
2824 4938 3111 5007 Poutitiani
3141 4939 3396 5007 relatione
3422 4953 3511 5007 co—

2028 5000 2314 5069 gn'dv'isset,
2344 5006 2463 5066 post
2489 5001 2853 5069 vehementem
2894 5000 3099 5069 luctam
3133 5015 3346 5069 carnem
3372 5001 3510 5069 inter

2027 5062 2081 5117 Et
2123 5062 2379 5122 animum,
2416 5063 2650 5113 codicem
2695 5062 3176 5126 Apostoli77coelesti
3206 5063 3509 5126 admonitus

2027 5128 2243 5179 oraculo
2270 5126 2519 5189 inspexit;
2551 5124 2777 5189 moxque
2790 5138 2861 5189 ex
2890 5124 3036 5174 illius
3065 5124 3373 5189 lectionead
3405 5136 3509 5171 me-

2030 5191 2214 5241 liorem
2237 5185 2441 5252 frugem
2461 5191 2572 5237 toto
2588 5185 2766 5236 animo
2787 5187 3097 5237 immutatus
3116 5186 3233 5244 fuit,
3250 5185 3536 5252 pleneque_
3572 5250 3592 5252 _
3613 5248 3658 5252 η
3721 5222 3731 5233 .

2030 5253 2096 5302 ad
2126 5253 2292 5301 Deum
2323 5248 2629 5299 conversus.
3448 5249 3476 5296 7
3484 5248 3664 5297 47-718

1968 5332 2130 5382 CAPUT
2166 5344 2371 5379 enim.
2421 5328 2606 5378 Studio
2653 5329 2777 5378 vitze
2832 5327 3021 5377 melius
3062 5325 3400 5375 instituendas
3442 5325 3506 5375 ad

2031 5393 2432 5456 Simplicianum
2461 5391 2534 5456 ire
2564 5391 2765 5456 statuit.
2788 5451 2809 5456 Δ
2833 5451 2847 5456 _
3529 5386 3664 5456 Ib_id_.

1970 5457 2033 5505 II.
2062 5451 2432 5504 De'Victorino
2455 5453 2663 5502 rhetore
2687 5453 2751 5501 ad
2782 5451 2936 5500 ﬁdem
2966 5462 3237 5498 converso.
3572 5451 3665 5500 749

1970 5519 2060 5566 III.
2094 5516 2248 5575 Quod
2270 5517 2407 5565 Deus
2422 5520 2474 5565 et
2492 5515 2665 5577 angeli
2684 5513 2849 5575 magis
2864 5511 3099 5573 gaudent
3112 5511 3162 5558 in
3176 5515 3507 5573 peccatorum

2032 5578 2396 5620 nnnveminne-
3572 5575 3658 5620 751

2032 5591 2396 5628 CODVGI‘SIODO.
3582 5591 3615 5619 Η
