4056 6366
419 339 437 391 1
451 337 553 392 503

476 461 634 532 i_dquc
680 461 874 532 dogma
904 461 1099 532 essein
1131 459 1387 532 cathqlica
1415 458 1647 532 Ecclesia
1675 458 1946 532 utriusque

474 519 787 572 Testamenti
825 522 1132 572 auctoritate
1165 521 1547 570 conﬁrmatum.
1585 520 1821 576 Quatuor
1851 519 1948 566 vir-

474 588 611 633 tutes
644 598 710 633 ex
753 585 899 633 vario
942 584 1169 646 quodam
1212 582 1535 646 umoris7Dei
1566 580 1948 646 aifectudictas

474 646 724 714 ostendit.
754 646 874 714 Agit
897 643 1456 714 de7ofﬁciis7charitat7is
1484 657 1608 714 erga
1628 643 1945 714 proximum,

478 721 538 757 a3
564 709 723 756 refert
749 706 961 756 demum
990 706 1227 769 exempla
1272 706 1610 769 continentia;
1632 706 1637 707 ⁷
1656 711 1708 754 et
1740 716 1945 769 morum

475 782 597 831 vere
643 769 1069 827 christianorum,
1120 765 1238 831 quae
1286 768 1342 816 in
1385 767 1627 816 Ecclesia
1677 765 1948 815 catholicae

477 830 706 880 alumnis
730 831 1029 880 eluxerunt.

413 909 577 958 Cum
613 922 824 958 ruinosi.
871 908 1146 966 Quomodo
1190 908 1489 956 detecturus
1518 907 1585 956 sit
1613 906 1759 955 fucos
1784 904 1949 954 Mani-

476 971 761 1019 chaeorum.
792 972 906 1019 Duo
925 971 1114 1032 quibus
1144 969 1334 1018 fallunt
1363 969 1654 1032 Manichaai.

415 1031 479 1081 II.
497 1033 808 1081 Rationibus
825 1027 970 1096 prius
979 1032 1103 1096 agit,
1116 1032 1410 1094 obsequens
1424 1031 1622 1079 vitiosa:
1640 1027 1950 1078 Manicme-

475 1107 593 1143 rum
619 1094 1008 1143 consuetudini.

475 1155 504 1202 l.
540 1157 726 1202 Beatus
749 1156 913 1202 auieo
941 1155 1134 1202 fruitur
1156 1152 1298 1202 quod
1314 1152 1545 1202 hominis
1571 1153 1827 1202 ontimum
1851 1156 1931 1200 est

416 1155 504 1204 III.
540 1157 726 1205 Beatus
749 1156 913 1218 quieo
941 1155 1134 1203 fruitur
1156 1155 1298 1216 quod
1314 1155 1545 1202 hominis
1571 1155 1827 1214 Optimum
1851 1156 1945 1200 est.

475 1218 714 1289 Ilominis
735 1215 1175 1289 70ptimum7quid.
1214 1216 1341 1289 Dure
1384 1215 1713 1289 conditiones
1757 1214 1949 1289 summi

475 1280 600 1351 boni
635 1293 647 1326 :
671 1276 838 1351 prima
866 1283 925 1326 ut
948 1276 1080 1351 nihil
1103 1291 1165 1348 eo
1187 1278 1374 1351 melius
1399 1278 1492 1337 sit;
1513 1276 1741 1325 secunda
1766 1280 1823 1324 ut
1846 1276 1947 1324 tale

478 1341 546 1389 sit
574 1340 715 1403 quod
738 1354 845 1389 non
870 1340 1075 1389 amittat
1102 1340 1315 1387 invitus.

416 1401 501 1449 IV.
540 1402 705 1450 Homo
734 1402 882 1450 quid.

416 1415 501 1449 IV.
540 1415 705 1450 nomo
773 1415 882 1450 um.

416 1463 477 1512 V.
509 1416 766 1512 Hominisq
790 1463 1047 1525 optimum
1076 1475 1184 1511 non
1214 1460 1355 1524 quod
1384 1461 1548 1511 solius
1576 1461 1828 1523 corporis,
1860 1458 1949 1508 sed

478 1526 621 1587 quod
649 1526 838 1573 animm
868 1526 1123 1587 optimum
1151 1528 1247 1573 est.

415 1586 501 1637 VI.
537 1586 1256 1657 Virtus7animam‘0pt7i7mam
1287 1584 1473 1657 efﬁcit;
1502 1584 1748 1657 virtutem
1774 1583 1951 1657 anima

478 1652 749 1761 colmpluratt
777 1647 1054 1711 sequendo
1084 1647 1280 1706 Deum;
1315 1647 1406 1695 Dei
1444 1650 1619 1695 autem
1648 1647 1949 1693 consecutio

478 1723 528 1757 v1
556 1724 585 1758 a
653 1724 713 1757 ea
741 1722 787 1761 a.

478 1723 528 1757 VI
537 1722 585 1758 ta
619 1722 787 1764 beata,

415 1770 526 1821 VII.
589 1771 727 1820 Deus
778 1770 1083 1819 auctoritate
1140 1769 1526 1832 Scripturarum
1575 1767 1939 1831 vestigandus.

479 1832 811 1904 OEcouomiaa
840 1832 1033 1904 divinas
1061 1844 1186 1904 erga
1220 1835 1454 1904 nostram
1488 1831 1707 1880 salutem
1735 1830 1869 1879 ratio
1898 1832 1951 1878 ct

464 1894 741 2003 lpraecipua
763 1893 1029 1957 mysteria.
1060 1892 1269 1942 summa
1290 1892 1429 1940 ﬁdei.

416 1956 459 2005 V
517 1956 555 2005 I.
588 1956 725 2005 Deus
750 1968 1013 2004 summum
1044 1956 1262 2014 bonum,
1283 1968 1387 2017 quo
1409 1968 1615 2003 summo
1634 1966 1811 2003 amore
1837 1956 1950 2001 ten-

1971 823 2099 873 Ibid.

1971 965 2099 1016 Ibid.

1983 1091 2097 1139 1311

1986 1336 2106 1384 1312

1987 1398 2103 1446 1313

1962 1518 2070 1568 Ibid
2083 1556 2095 1567 .

1986 1705 2104 1753 1314

1984 1891 2102 1937 1315

1980 2014 2100 2064 1316

1966 2136 2098 2185 Ibid.

1981 2261 2100 2308 1317

476 2017 598 2080 dere
626 2018 893 2080 jubemur.

418 2079 523 2151 ΙΧ.⁸
536 2076 848 2151 7Con_ceu7tu_s7
867 2078 1066 2128 Veteris
1089 2081 1141 2127 et
1162 2077 1293 2127 Novi
1315 2078 1633 2127 Testamenti
1658 2076 1721 2126 de
1749 2089 1949 2140 praece-

475 2141 578 2204 ptis
610 2141 902 2213 charitatis.
1293 2201 1303 2212 7
1575 2200 1606 2211 77
1759 2199 1769 2210 7

416 2202 479 2251 X.
507 2204 579 2251 De
604 2203 711 2252 Deo
744 2204 871 2266 quid
901 2202 1085 2251 doceat
1111 2200 1357 2251 Ecclesna.
1389 2202 1503 2251 Duo
1535 2200 1610 2249 du
1634 2200 1949 2249 Manichaeo-

415 2278 679 2375 xil‘ii'éus
707 2324 861 2374 unice
894 2324 1210 2388 diligendus,
1240 2324 1460 2386 ideoque
1489 2336 1753 2372 summum
1778 2322 1947 2388 homi-

477 2388 561 2436 nis
589 2389 806 2437 bonum.
845 2388 952 2436 Deo
995 2385 1070 2436 nil
1113 2387 1338 2446 melius;
1371 2388 1533 2435 Deum
1577 2398 1732 2434 nemo
1760 2385 1951 2432 amittit

477 2449 705 2520 invitus;
730 2462 870 2520 qua;
917 2453 1044 2520 sunt
1072 2448 1191 2497 dum
1220 2448 1549 2497 conditiones
1578 2446 1771 2495 summi
1799 2446 1945 2505 boni,

416 2511 823 2622 Χῧιῖρέιῗξῖοῗέὲῗὲ
843 2524 957 2621 iiii;
979 2513 1358 2630 gdnnectimur,
1387 2570 1510 2619 dum
1550 2569 1627 2619 illi
1662 2568 1949 2633 subjiciun-

418 2647 685 2744 Xllliilrﬁer
709 2694 971 2743 Christum
991 2698 1043 2744 et
1061 2693 1172 2757 ejus
1192 2694 1434 2758 spiritum
1454 2692 1730 2757 jungimur
1747 2692 1950 2756 insepa-

478 2757 711 2807 rabiliter
731 2758 853 2805 Deo.

416 2818 564 2869 XIV.
599 2818 838 2867 Trinitati
864 2831 1069 2866 summo
1099 2817 1241 2866 bono
1273 2817 1551 2866 dilectione
1578 2816 1855 2865 haeremus.

416 2881 524 2930 XV.
557 2880 794 2938 Quatuor
820 2880 1040 2928 virtutes
1068 2879 1249 2928 deﬁnit
1275 2880 1573 2928 Christiane.

415 2942 557 2990 XVI.
592 2941 910 2990 Testamenti
940 2942 1138 2990 Veteris
1165 2945 1218 2989 et
1250 2942 1379 2989 Novi
1408 2944 1714 2990 concentus.

417 3004 573 3054 XVII.
603 3002 929 3065 Apostrophe
958 3003 1023 3051 ad
1051 3003 1387 3060 Manichzeos,
1414 3008 1471 3052 ut
1500 3002 1823 3065 resipiscam.

418 3066 603 3114 XVIII.
648 3062 713 3113 In
744 3062 1008 3127 Catholica
1037 3064 1150 3113 sola
1185 3066 1413 3127 perfecta
1454 3062 1645 3113 veritas
1669 3077 1732 3113 ex
1764 3062 1953 3110 utrius-

517 3142 581 3177 ue
609 3126 926 3177 Testamenti
956 3126 1237 3175 consensu.

1978 2506 2102 2561 1318

1984 2630 2102 2678 1320

1970 2751 2102 2801 Ibid.

1984 2816 2099 2864 1321

1984 2877 2105 2925 1322

1967 2936 2102 2986 Ibid.

1986 3001 2104 3048 1324

1985 3124 2105 3170 1325

338 3212 349 3215 -
418 3185 556 3237 XIX.
582 3188 958 3250 Temperantize
988 3188 1158 3236 ofﬁcia
1178 3202 1241 3236 ex
1276 3187 1437 3236 sacris
1460 3187 1666 3250 Litteris
1694 3185 1956 3250 describit.
1986 3186 2105 3233 1326

418 3250 533 3298 ΧΧ.
565 3247 842 3321 Sensibjlia
878 3250 1058 3298 omnia
1095 3253 1448 3309 contemnere,
1480 3254 1533 3298 et
1571 3248 1746 3298 solum
1786 3247 1951 3296 Deum

416 3312 1041 3480 xiiﬁi’oiiﬁauuihm
1070 3375 1124 3422 et
1150 3372 1424 3422 curiositas
1442 3372 1602 3421 sacris
1634 3370 1838 3421 Litteris
1867 3370 1955 3419 da—
1975 3312 2085 3479 111::

479 3449 532 3480 ιη
634 3448 680 3480 τι.

479 3444 680 3483 mnam.
1976 3444 2104 3479 IDIO.

419 3497 579 3545 XXII.
611 3492 988 3543 Fortitudinem
1016 3498 1230 3557 prestat
1251 3507 1400 3543 amor
1422 3493 1530 3557 Dei.
1657 3554 1681 3557 μ
1749 3555 1757 3557 7
1891 3554 1901 3557 _
1989 3494 2108 3557 I328

417 3557 606 3606 XXIII.
637 3557 975 3605 Fortitudinis
1006 3554 1205 3604 monita
1228 3560 1280 3605 et
1302 3555 1538 3618 exempla
1558 3569 1620 3604 ex
1652 3554 1949 3618 Scripturis.
1989 3555 2107 3618 I329

419 3619 704 3690 XXIVADe
727 3618 944 3690 justitia
960 3621 1012 3667 et
1038 3618 1334 3690 prudentia.
1416 3679 1427 3688 7
1455 3617 1467 3618 7
1567 3678 1604 3690 7‘
1644 3678 1656 3689 _
1767 3617 1776 3618 ⁷
1988 3617 2106 3664 1330

420 3680 576 3730 XXV.
607 3678 788 3728 Ofﬁcia
815 3678 1061 3743 quatuor
1091 3680 1347 3728 virtutum
1384 3679 1521 3727 circa
1552 3678 1658 3743 _Dei
1701 3691 1952 3743 amorem,

483 3743 634 3806 cujus
663 3741 857 3806 amoris
884 3741 1159 3805 praemium
1183 3747 1262 3790 est
1289 3752 1487 3790 aeterna
1514 3741 1621 3790 vita
1647 3743 1700 3790 et
1724 3741 1954 3803 cognitio

481 3804 733 3853 veritatis.

419 3865 605 3914 XXVI.
641 3865 858 3928 Dilectio
884 3865 970 3928 sui
995 3867 1050 3928 et
1078 3863 1326 3928 proximi.

660 3926 1009 3997 Beneﬁccntia
1040 3924 1095 3997 iri
1123 3940 1311 3997 corpus
1338 3924 1579 3997 proximi.

421 3989 654 4038 XXVIII.
687 3988 1038 4037 Beneﬁcentia
1067 3988 1121 4036 in
1151 3984 1379 4036 animam
1401 3987 1648 4049 proximi.
1685 3984 1985 4048 Disciplinze

483 4051 826 4114 partesduaa;
871 4049 1114 4114 coercitio
1144 4056 1202 4114 et
1223 4049 1519 4114 instructio.
1551 4049 1647 4097 Per
1682 4049 1853 4097 bonos
1877 4061 1987 4095 mo-

484 4111 567 4161 res
595 4112 747 4161 nobis
775 4112 1019 4174 provenit
1041 4111 1241 4173 agnitio
1268 4111 1519 4174 veritatis.

421 4173 606 4223 XXIX.
632 4174 701 4222 De
733 4173 1119 4235 scripturarum
1141 4173 1467 4221 auctoritate.

422 4236 580 4285 XXX.
609 4233 932 4298 Apostrophe
961 4234 1027 4283 ad
1053 4234 1517 4298 Ecclesiam_tot7ius7
1547 4233 1817 4296 sapientiae
1848 4245 1956 4280 ma-

521 4295 719 4347 istrain.
753 4295 999 4345 Doctrina
1031 4296 1303 4345 catholica:
1325 4295 1585 4345 Ecclesiae.

422 4355 603 4409 XXXI.
631 4358 1040 4408 Manichaeorum
1070 4357 1407 4420 continentia:
1432 4357 1651 4420 opponit
1678 4355 1957 4405 anachore-

484 4426 656 4469 tarum
686 4424 738 4468 et
760 4420 1145 4467 ccenobitarum
1170 4419 1350 4467 vitam.

422 4482 629 4531 XXXII.
661 4481 980 4530 Clericorum
1006 4480 1137 4528 laus.

422 4543 662 4593 XXXIII.
687 4543 843 4592 Aliud
871 4556 1038 4605 genus
1058 4542 1113 4590 in
1134 4541 1341 4592 civitate
1361 4540 1517 4591 simul
1545 4541 1853 4592 viventium.
1874 4541 1960 4590 Jc-

489 4606 633 4654 iunia
663 4605 923 4654 triduana.

423 4664 653 4717 XXXIV.
686 4668 762 4715 Ex
781 4666 1040 4715 malorum
1060 4664 1464 4714 christianorum
1492 4664 1725 4713 moribus
1750 4677 1858 4713 non
1884 4664 1958 4712 vi-

486 4729 832 4839 ttapertigdam
853 4727 1154 4777 Ecclesium.
1179 4726 1549 4789 Sepulcrorum
1567 4730 1619 4775 et
1639 4727 1960 4789 picturarum

487 4804 510 4836 τι
558 4803 648 4838 ora
707 4804 808 4838 res.

487 4794 808 4838 ndoratores.

422 4851 630 4900 XXXV.
664 4851 979 4914 Conjugium
1017 4854 1082 4914 et7
1106 4850 1464 4913 possessiones
1499 4849 1772 4913 baptizatis
1806 4850 1962 4899 etiam

486 4927 737 4963 concessa
759 4912 857 4976 per
874 4912 1199 4975 Apostolum.

426 5001 576 5050 me
607 5013 880 5058 sacuunus,
904 4999 958 5047 in
984 5013 1087 5061 quo
1109 4998 1333 5048 refutata
1356 4998 1637 5061 diligenter
1652 4996 1964 5047 111δηί61ιώ0-

486 5076 605 5111 rum
630 5061 871 5111 doctrina
895 5062 958 5109 de
992 5060 1197 5122 origine
1227 5064 1280 5108 et
1299 5065 1489 5109 natura
1514 5060 1655 5117 mali,
1685 5061 1962 5110 excutiun-

489 5129 575 5173 tur
600 5124 696 5172 tria
738 5122 829 5171 illa
870 5122 995 5179 oris,
1035 5136 1289 5185 manuum
1317 5126 1370 5170 et
1415 5122 1583 5177 sinus,
1612 5137 1730 5184 quin
1759 5122 1856 5185 ipsi
1906 5122 1963 5170 in

488 5186 661 5248 impiis
677 5185 796 5248 suis
825 5184 1061 5248 moribus
1089 5183 1449 5248 praedicabant
1477 5183 1767 5248 signacula,
1780 5183 1847 5248 7et
1869 5198 1961 5248 su-

488 5245 780 5310 perstitiosa
810 5258 992 5310 eorum
1017 5245 1708 5310 abstinentiamysteriaque
1733 5245 1964 5310 nefanda

488 5306 861 5371 suggillantur.
916 5306 1183 5356 Nonnulla
1221 5306 1277 5355 in
1319 5306 1384 5353 iis
1415 5306 1740 5370 deprehensa
1769 5306 1963 5367 ﬂagitia

489 5368 810 5419 referuntur.
1484 5368 1497 5370 ⁷
1854 5368 2119 5417 1345-1346

427 5449 591 5498 CAPUT
618 5462 828 5497 Paruum.
861 5448 1136 5498 Summum
1182 5447 1382 5496 bonum
1412 5452 1491 5497 est
1522 5448 1571 5496 id
1608 5448 1691 5497 cui
1718 5448 1965 5511 competit

492 5523 697 5558 summe
719 5524 851 5558 6388.

429 5570 487 5622 lI.
529 5571 728 5619 Malum
772 5570 896 5633 quid
922 5570 1006 5619 sit.
1040 5570 1232 5619 Malum
1262 5585 1375 5619 esse
1410 5571 1459 5618 id
1499 5570 1640 5633 quod
1677 5573 1756 5618 est
1782 5574 1968 5619 contra

1987 3309 2105 3357 1327

1976 3799 2107 3848 Ibid.

1991 3864 2103 3910 1331

1990 3925 2110 3974 1332

1990 4109 2108 4157 1333

1991 4172 2110 4219 1335

1993 4294 2111 4341 1336

1995 4417 2112 4465 1337

1995 4481 2113 4527 1339

1978 4600 2111 4650 Ibid.

1992 4789 2111 4835 1341

1996 4912 2116 4959 1342

1988 5508 2117 5558 Ibid.

1899 330 2129 389 INDEX
2167 328 2440 386 RERUM.

3784 326 3929 381 1504

2275 454 2517 501 naturam
2547 451 2729 501 dicunt
2750 451 3017 501 verissime
3045 450 3353 510 Manichaai,
3369 449 3461 499 sed
3481 448 3611 498 huic
3635 448 3766 497 sub-

2273 514 2496 562 vertitur
2527 527 2706 563 eorum
2730 514 2965 563 haeresis.

2212 576 2301 624 III.
2338 575 2533 623 Malum
2569 576 2610 624 si
2643 576 2890 638 deﬁnitur
2920 575 2973 624 id
3015 588 3128 624 esse
3163 572 3302 638 quod
3336 577 3509 634 nocet,
3557 587 3623 622 ex
3655 571 3763 620 hoc

3786 509 3894 558 Ibid
3907 544 3927 556 .

2274 651 2455 685 rursus
2483 637 2757 685 Mauichaei
2782 638 3140 686 revincuntur.
3179 632 3195 638 ⁷
3499 632 3505 634 ⁷
3783 632 3926 680 Ibid.

2212 699 2297 762 IV.
2333 698 2463 762 Boni
2488 704 2743 762 perseet
2764 698 3162 762 participatione
3191 696 3510 762 diﬁ'erentiar
3632 756 3663 762 77
3800 697 3929 743 1347

2212 760 2290 822 V.
2324 756 2519 808 Malum
2563 760 2607 809 si
2650 756 2899 808 definitur
2939 756 3051 822 esse
3096 759 3381 822 corruptio,
3423 757 3548 807 inde
3591 756 3760 806 etiam

2273 821 2512 870 funditus
2533 823 2786 871 evertitur
2808 822 3017 871 illorum
3039 816 3270 870 haeresis:
3788 816 3928 865 Ibid.

2212 884 2297 947 VI.
2326 883 2599 947 corruptio
2629 897 2788 947 quam
2813 897 2921 947 rem
2938 882 3246 947 7afﬁciat,_et
3263 880 3389 944 quid
3415 880 3501 929 sit.
3540 943 3551 947 _
3800 880 3932 927 1348

2213 946 2327 994 VII.
2358 946 2447 994 Dei
2473 943 2682 994 bonitas
2712 959 2820 993 non
2849 944 2976 994 sinit
3002 958 3113 994 rem
3134 943 3299 993 ullam
3320 943 3663 1005 corruptione
3675 954 3763 1005 _eo

2274 1007 2491 1070 perduci
2532 1011 2592 1056 ut
2627 1020 2735 1056 non
2774 1008 2857 1056 sit.
2895 1006 3080 1056 Creare
3119 1011 3171 1056 et
3214 1008 3441 1054 condere
3466 1002 3573 1067 quo
3605 1002 3764 1052 diﬂ'e-

2212 1073 2573 1203 Vltiaiﬁiialum
2598 1134 2694 1187 est,
2716 1143 2825 1201 non
2851 1129 3142 1203 substantia
3168 1128 3294 1184 ulla,
3321 1127 3412 1176 sed
3442 1127 3763 1176 substantiae

2277 1192 2489 1240 inimica
2518 1192 2963 1241 inconvenientia.

2214 1253 2302 1301 IX.
2335 1254 2407 1316 Nc
2436 1254 2721 1316 consistere
2758 1254 2970 1316 quidem
3004 1251 3415 1301 Manichaeorum
3449 1249 3659 1300 fabulas
3690 1249 3761 1298 de

3798 1065 3928 1112 1349

3773 1186 3919 1236 Ibid.

2273 1315 2428 1364 bonis
2456 1319 2509 1364 et
2537 1315 2711 1364 malis.
2773 1313 2791 1316 7
3797 1313 3919 1358 1351

2213 1377 2282 1425 Χ.
2312 1377 2430 1448 Tria
2453 1377 2730 1448 signacula
2752 1390 2958 1426 morum
2980 1390 3012 1424 a
3038 1375 3341 1425 Manichasis
3371 1387 3647 1438 perperam
3670 1386 3765 1422 ex-

2212 1443 2673 1572 xfogilgggculum
2698 1499 2804 1549 oris
2824 1499 2978 1572 quale
3004 1498 3143 1563 apud
3168 1497 3504 1572 Manichaeos,
3527 1496 3619 1559 qui
3640 1495 3757 1544 bIa-

2275 1558 2524 1670 slpheiniae
2549 1562 2601 1633 i7n
2635 1563 2796 1634 Deum
2827 1558 2903 1610 rei
2932 1558 3054 1610 esse
3074 1559 3482 1630 convincuntur.
3550 1558 3559 1559 7
3800 1558 3928 1604 1354

2213 1622 2281 1671 XI
2317 1662 2327 1672 .
2359 1624 2602 1672 Excludit
2631 1624 3043 1672 Manichaeorum
3072 1620 3317 1672 suffugia.
3800 1619 3929 1667 1355

2317 1662 2327 1672 .
2360 1635 2602 1672 ιςχρωαιι
2631 1635 3043 1672 manicnasorum
3072 1635 3317 1683 sunugia.

2212 1685 2350 1733 XIII.
2384 1687 2496 1734 Non
2526 1700 2586 1733 ex
2614 1687 2791 1741 rebus,
2813 1685 2903 1733 sed
2933 1698 2996 1733 ex
3020 1680 3312 1732 intentione
3334 1681 3470 1730 facta
3491 1680 3765 1729 testimon-

2276 1751 2388 1806 tur;
2419 1747 2544 1796 hinc
2585 1746 2649 1796 de
2682 1747 3092 1796 Manicheorum
3125 1744 3444 1793 abstinentia
3477 1743 3760 1791 ferendum

2277 1805 2549 1857 iudicium.
3798 1805 3927 1853 1356

2215 1866 2350 1919 XIV.
2380 1871 2567 1919 Tribus
2593 1869 2765 1918 causis
2790 1868 3082 1918 abstinetur
3101 1866 3433 1916 laudabiliter
3454 1881 3483 1915 a
3503 1866 3661 1916 certis
3690 1866 3765 1916 ci-

2278 1933 2463 1981 borum
2484 1932 2783 1995 generibus.
2934 1993 2943 1995 _
3085 1990 3119 1995 77
3273 1992 3319 1995 __
3399 1990 3459 1995 77
3535 1990 3545 1995 7
3798 1928 3925 1995 1333

2215 1993 2326 2042 XV.
2357 1990 2515 2042 Esum
2542 1993 2780 2043 carnium
2809 2006 2903 2041 cur
2931 1990 3249 2040 interdicant
3273 1990 3567 2040 Manichaai.
3801 1991 3925 2036 1369

2214 2054 2356 2105 XVI.
2388 2056 2565 2117 Aperit
2594 2058 2898 2117 portentosa
2917 2053 3326 2117 Manichaeorum
3360 2052 3627 2117 mysteria.
3707 2111 3722 2117 _
3799 2053 3920 2099 1361

2214 2117 2371 2167 XVII.
2420 2111 2673 2166 Mannum
2719 2115 3052 2179 signaculum
3087 2115 3226 2178 apud
3250 2111 3570 2163 Manichaeos
3598 2111 3761 2176 quale

2275 2179 2342 2227 sit
2370 2180 2623 2241 aperitur.
2746 2174 2795 2241 _7
2858 2239 2865 2241 7
3120 2174 3179 2241 77
3265 2237 3299 2241 __
3484 2239 3491 2241 7
3562 2174 3703 2241 777__
3793 2174 3926 2223 1368

2212 2235 2501 2303 XVIII.7De
2525 2239 2797 2303 signaculo
2827 2239 2975 2288 sinus
3008 2242 3061 2288 et
3087 2237 3330 2287 nefandis
3358 2235 3624 2301 mysteriis
3656 2236 3765 2284 Ma-

2275 2298 2619 2351 nichmorurﬁ.
3416 2298 3430 2301 ⁷
3634 2322 3645 2333 ι
3798 2298 3927 2345 1372

2213 2362 2346 2425 XIX.
2378 2364 2597 2425 Flagitia
2625 2362 3056 2411 Manichaeorum.
3174 2422 3187 2425 7
3317 2422 3330 2425 _
3796 2360 3924 2425 1373

2214 2424 2325 2474 XX.
2363 2422 2582 2489 Flagitia
2611 2425 2915 2474 eorumdem
2945 2425 3125 2473 Romae
3158 2422 3501 2486 deprehensa.
3590 2444 3595 2447 -
3796 2423 3925 2468 I376

2211 2521 2498 2571 ADIIONI‘I'IO
2528 2535 2591 2569 ne
2620 2532 2813 2569 nasum
2841 2534 2886 2569 s.
2912 2533 3175 2570 mansum
3206 2534 3270 2569 AD
3296 2532 3478 2568 seavos
3508 2532 3610 2567 DEI.
3646 2518 3926 2566 1377-1378

2214 2637 2266 2686 S.
2298 2635 2558 2684 AURELII
2589 2632 2951 2690 AUGUSTINI,
2980 2632 3410 2683 HIPPO‘NENSIS
3437 2630 3761 2691 EPISCOPI,

2275 2696 2540 2747 REGULA
2568 2696 2653 2745 AD
2689 2694 2939 2744 SERVOS
2966 2695 3091 2744 DEI.
3784 2691 3922 2741 Ibid.

2214 2794 2286 2843 De
2311 2792 2562 2842 charitate
2587 2792 2678 2841 Dei
2700 2794 2754 2840 et
2778 2790 3022 2855 proximi,
3049 2791 3248 2841 unione
3272 2791 3510 2840 cordium
3537 2793 3591 2840 et
3619 2802 3760 2838 com-

2275 2855 2532 2904 munitate
2555 2868 2751 2903 rerum.
2780 2849 2797 2855 7
3012 2849 3020 2852 ⁷
3781 2849 3923 2899 Ibid.

2215 2916 2288 2966 De
2322 2916 2634 2965 humilitate.
3797 2914 3925 2961 I379

2215 2979 2288 3028 De
2316 2979 2551 3028 oratione
2578 2983 2630 3027 et
2659 2978 2835 3027 divino
2861 2977 3051 3026 ofﬁcio.
3780 2974 3923 3022 Ibid.

2216 3041 2287 3104 De
2306 3040 2510 3104 jejunio
2529 3044 2583 3088 et
2599 3040 2928 3104 refection7e.7
3780 3036 3921 3104 Ibid.

2216 3103 2289 3151 De
2307 3100 2655 3164 7iudulgentia
2687 3115 2810 3163 erga
2833 3100 3096 3164 inﬁrmos.
3786 3100 3923 3164 173780

2218 3164 2290 3212 De
2309 3159 2504 3213 habitu7
2521 3167 2569 3212 et
2600 3159 2871 3212 exterioris
2895 3161 3126 3211 hominis
3153 3159 3553 3223 compositione.
3786 3160 3925 3207 Ibid.

2218 3226 2288 3274 De
2322 3226 2552 3273 fraterna
2579 3225 2920 3274 correctione.
3800 3223 3918 3269 1381

2217 3288 2290 3336 De
2314 3288 2442 3358 vitio
2465 3287 2731 3396 propriam
2759 3286 2988 3348 aliquam
3017 3298 3128 3357 rem
3156 3283 3259 3333 sibi
3286 3283 3695 3355 vindicantium.
3718 3343 3730 3354 ο
3800 3285 3928 3331 1382

2217 3350 2291 3396 De
2313 3353 2539 3396 vestium
2588 3352 2785 3396 otione.
2811 3348 2875 3396 de
2916 3346 3137 3396 balneis.
3168 3347 3337 3396 deuue
3366 3345 3483 3394 alus
3508 3345 3763 3393 curandis

2217 3350 2291 3398 De
2313 3345 2539 3397 vestium
2566 3345 2785 3406 lotione,
2811 3345 2875 3396 de
2916 3346 3137 3407 balneis,
3168 3347 3337 3410 deque
3366 3345 3483 3394 aliis
3508 3345 3763 3393 curandis

2280 3410 2501 3459 fratrum
2531 3411 2948 3459 necessitatibus.
3254 3408 3268 3410 ⁷
3800 3408 3926 3455 1384

2219 3522 2552 3573 APPENDIX
2581 3535 2698 3571 rom
2730 3536 2866 3571 ram
2909 3535 3107 3571 oraaun
3135 3520 3187 3571 s.‘
3214 3534 3497 3578 AUGUSTINI,
3523 3520 3762 3582 comple-

2281 3590 2426 3634 ctens
2456 3584 2699 3647 quaedam
2727 3584 2853 3633 olim
2876 3584 2974 3647 ipsi
2999 3596 3270 3647 perperam
3293 3582 3573 3646 adscripta.
3643 3584 3926 3632 1385-1386

2219 3690 2505 3740 ADIONITIO
2557 3701 2623 3737 DE
2655 3702 2798 3738 LIBBO
2832 3703 2896 3738 DE
2942 3702 3262 3739 GRAIIA'I'ICA
3305 3702 3366 3737 ET
3423 3702 3598 3737 TRIBUS
3631 3702 3767 3737 ALIIB

2282 3765 2567 3801 oruscuus.
3775 3749 3888 3799 Ibid
3902 3787 3915 3799 .

2221 3868 2305 3917 DE
2339 3865 2762 3916 GRAMMATICA
2791 3865 2999 3915 LIBER.
3785 3865 3902 3914 Ibid
3914 3902 3926 3913 .

2221 3965 2386 4014 Cum
2415 3977 2620 4012 PRIIUI.
2648 3963 3064 4012 Terminationes
3090 3962 3384 4011 nominum.
3791 3963 3927 4013 Ibid.

2222 4028 2286 4076 II.
2323 4026 2397 4074 De
2427 4024 2733 4074 nominibus
2776 4038 2893 4087 quas
2931 4025 3283 4074 terminantur
3310 4026 3365 4073 in
3400 4023 3765 4084 semivocales,

2283 4092 2335 4136 et
2358 4101 2539 4136 eorum
2566 4087 2864 4149 generibus.
3060 4147 3069 4149 _
3805 4089 3925 4135 1387

2222 4150 2314 4198 III.
2348 4149 2419 4197 De
2445 4148 2508 4197 iis
2531 4147 2649 4211 quae
2675 4147 3111 4211 terminanturin
3138 4152 3327 4211 mutas.
3453 4209 3459 4211 7
3788 4149 3926 4197 Ibid.

2223 4212 2309 4261 IV.
2340 4211 2413 4259 De
2450 4209 2819 4259 terminatione
2850 4214 2903 4259 et
2943 4209 3292 4258 declinatione
3320 4209 3597 4260 nominum
3626 4223 3766 4258 neu-

2285 4274 2416 4322 trius
2440 4272 2665 4334 generis.
2934 4332 2945 4334 _
3015 4332 3044 4334 77
3151 4333 3156 4334 7
3425 4333 3432 4334 7
3791 4270 3925 4320 Ibid.

2224 4336 2284 4385 V.
2316 4336 2388 4383 De
2429 4332 2799 4383 terminatione
2838 4336 2890 4381 et
2916 4332 3267 4382 declinatione
3291 4333 3573 4382 nominum
3616 4345 3767 4381 com-

2285 4397 2463 4445 munis
2491 4395 2728 4458 generis.7
2972 4455 2985 4458 7
3055 4455 3087 4458 _7
3195 4457 3200 4458 7
3472 4456 3480 4458 7
3806 4397 3926 4445 1390

2224 4458 2309 4507 VI.
2362 4459 2435 4506 De
2469 4455 2837 4506 terminatione
2865 4459 2917 4505 et
2957 4455 3309 4506 declinatione
3339 4456 3616 4505 nominum
3649 4469 3766 4504 om-

2288 4521 2369 4567 nis
2394 4519 2617 4567 neneris.
3804 4520 3925 4567 1392

3806 4643 3925 4690 1393

3804 4766 3925 4813 1391

3786 4825 3925 4874 Ibid.

3804 4950 3923 4997 1395

2288 4534 2369 4568 IIIS
2394 4532 2617 4568 αθηθτιε.

2288 4534 2369 4568 ms
2528 4534 2617 4568 ris.

2225 4582 2337 4632 VII.
2381 4534 2790 4630 ggnriominibus
2832 4579 3040 4643 generis
3083 4579 3327 4643 epicoeni,
3379 4582 3431 4628 et
3473 4577 3771 4628 differentia

2288 4643 2522 4704 ejusdem
2553 4642 2759 4705 generis
2793 4655 2824 4690 a
2844 4642 3140 4690 communi.

2226 4701 2362 4755 VIII.
2395 4706 2468 4754 De
2515 4701 2823 4753 nominibus
2860 4707 2951 4753 aut
2979 4702 3261 4767 singularis
3299 4705 3390 4751 aut
3418 4701 3639 4765 pluralis
3668 4715 3771 4751 nu-

2287 4767 2417 4815 meri
2451 4770 2675 4816 tantum.

2228 4828 2313 4877 IX.
2347 4829 2419 4877 De
2452 4828 2783 4891 pronomine.

2226 4891 2291 4939 X.
2323 4891 2396 4939 De
2425 4886 2775 4939 declinatione
2798 4888 3173 4953 pronominum
3204 4888 3407 4952 primas,
3438 4886 3687 4936 secundas
3717 4890 3774 4937 et

2289 4953 2733 5015 tertitepersoute.
2835 5012 2845 5015 _
2896 5010 2918 5015 Α

2227 5014 2316 5062 XI.
2356 5014 2426 5062 De
2451 5010 2803 5062 declinatione
2832 5010 3177 5059 inﬁnitarum.
3791 5011 3926 5059 Ibid.

2227 5075 2342 5123 XII.
2376 5075 2695 5124 Pronomina
2722 5072 3007 5136 qualitatis.
3797 5074 3930 5136 713976

2227 5136 2369 5186 XIII.
2402 5138 2475 5185 De
2503 5137 2681 5185 verbo.
2739 5134 2753 5136 7
3795 5134 3927 5182 Ibid.

2229 5199 2364 5246 XIV.
2396 5199 2468 5246 De
2490 5198 2664 5260 prima
2688 5194 3078 5260 conjugatione.
3793 5200 3826 5260 _I
3841 5199 3929 5260 398

2230 5260 2340 5309 XV.
2377 5261 2450 5308 De
2474 5257 2707 5308 secunda
2733 5257 3124 5320 cenjugatione.
3225 5316 3232 5320 _
3793 5257 3926 5305 Ibid.

2229 5322 2364 5370 XVI.
2397 5323 2469 5370 De
2498 5321 2653 5369 tertia
2680 5323 2731 5368 et
2760 5316 3358 5382 quarfafconjugatione.
3508 5379 3517 5382 _
3691 5379 3700 5382 _
3808 5322 3928 5367 1399

2229 5383 2385 5433 XVII.
2413 5384 2485 5432 De
2515 5383 2674 5430 verbo
2695 5379 2964 5430 communi
2992 5379 3132 5430 unde
3161 5379 3385 5440 dicatur,
3411 5382 3463 5428 et
3490 5379 3553 5428 de
3582 5379 3771 5442 conju-

2292 5445 2501 5506 gatione
2530 5443 2784 5506 ejusdem.
2989 5504 2997 5506 7
3685 5441 3694 5442 7
3788 5441 3923 5491 Ibid.

2231 5503 2414 5556 XVIII.
2443 5507 2516 5554 De
2544 5503 2699 5555 verbo
2719 5504 3049 5568 deponenti.7
3808 5506 3926 5553 1400

2233 5568 2371 5617 XIX.
2399 5570 2470 5617 De
2499 5571 2686 5617 neutro
2714 5562 2937 5630 passivis
2960 5572 3010 5615 et
3037 5562 3497 5627 impersonalibus.
3810 5568 3921 5613 1401
