4154 6386
1541 535 2344 658 PRXEFATIO.

311 801 370 856 ΙΝ
406 803 546 867 ΟΠΑ
589 805 693 860 DE
739 805 1174 863 PLURIBUS
1222 806 1440 862 ΗΕΒΗὸ
1482 806 1574 859 AD
1613 803 2016 860 DOCTBINAM
2057 803 2115 858 S.
2157 803 2405 858 BASlLll
2446 805 2992 865 PERTINENTIBUS
3032 810 3462 867 DlSSERlTUR.

210 1165 296 1216 Hoc
330 1161 654 1219 volumine
712 1165 1196 1220 continentur
1245 1159 1707 1234 praeclarissima
1744 1156 1890 1212 anti-
1926 1156 1976 1210 Λ
2006 1157 2397 1227 pendendum
2427 1159 2621 1232 fuerit,
2654 1176 2776 1219 non
2807 1165 3056 1236 quidem
3087 1166 3149 1221 in
3178 1168 3530 1224 evolvendis
3560 1185 3656 1226 ce-

166 1252 340 1322 quitatis
383 1258 880 1318 monumenta,
946 1255 1022 1310 S.
1077 1251 1285 1308 Basilii
1331 1250 1482 1306 liber
1527 1251 1614 1304 De
1654 1247 1891 1316 Spiritu
2003 1245 2239 1302 dicibus
2264 1265 2414 1304 mss.
2439 1251 2662 1321 (collati
2686 1253 2847 1310 enim
2873 1271 3011 1310 cum
3043 1255 3217 1311 editis
3255 1256 3488 1314 fuerant
3519 1259 3656 1315 dili-

173 1349 328 1402 sancto.
356 1342 625 1413 ejusque
681 1344 1090 1412 Epistolas.
1128 1345 1344 1412 Magna
1379 1354 1525 1395 sane
1574 1335 1894 1408 cujuslibet
2001 1335 2162 1402 genti
2213 1352 2420 1406 manu,
2449 1345 2700 1411 excepto
2744 1345 2948 1396 tamen
2994 1343 3326 1408 Harlaiano,
3361 1346 3465 1416 qui
3512 1363 3655 1402 cum

176 1445 308 1501 operis
353 1431 914 1500 commendatio,
991 1445 1242 1487 nomen
1299 1431 1356 1486 S.
1409 1427 1641 1493 Basilii;
1694 1439 1892 1495 neque
1999 1422 2280 1481 Medicmo
2318 1431 2375 1482 et
2413 1427 2774 1485 Coisliniano
2816 1431 3154 1488 maximum
3194 1435 3416 1490 exstitit
3457 1437 3659 1507 praesi-

175 1521 283 1574 enim
305 1521 661 1593 quidquam
717 1522 822 1577 ab
879 1521 1014 1577 illo
1052 1519 1308 1590 ingenio
1337 1517 1694 1591 profectum,
1725 1513 1892 1588 quod
2001 1512 2213 1585 dium),
2243 1516 2349 1571 sed
2377 1517 2439 1572 in
2470 1517 2600 1573 aliis
2625 1519 2833 1589 rebus,
2863 1536 3002 1593 quae
3031 1521 3112 1577 ad
3157 1529 3507 1581 accuratam
3537 1526 3658 1582 edi-

180 1609 382 1665 medium
421 1617 480 1665 et
525 1609 922 1667 tolerabile
979 1609 1188 1664 videri
1220 1606 1430 1680 possit.
1464 1605 1580 1663 Sed
1627 1605 1762 1661 libri
1807 1605 1894 1660 De
2001 1602 2226 1659 tionem
2265 1608 2619 1664 necessariae
2660 1613 2820 1676 sunt,
2852 1612 3186 1681 praesertim
3225 1614 3287 1668 in
3327 1613 3655 1687 disponen-

186 1700 359 1766 Spiritu
385 1706 608 1756 sancto
645 1715 734 1755 eo
774 1699 1037 1770 majus
1091 1697 1375 1769 pretium,
1407 1694 1577 1767 quod
1618 1709 1759 1750 eum
1791 1695 1894 1748 Ba-
2003 1690 2096 1747 dis
2126 1693 2337 1750 ordine
2366 1696 2796 1768 chronologico
2824 1700 3112 1772 epistolis,
3147 1702 3209 1757 in
3235 1704 3660 1762 concinnanda

191 1790 316 1844 silius
353 1795 405 1844 et
445 1790 658 1861 longo
694 1806 842 1844 usu
883 1790 965 1844 in
1005 1787 1348 1843 hmresibus
1386 1783 1704 1840 vincendis
1732 1798 1895 1838 exer-
2004 1781 2067 1836 S.
2101 1781 2323 1839 Basilii
2362 1785 2516 1856 Vita,
2548 1786 2802 1858 ejusque
2839 1787 3229 1860 explananda
3271 1791 3565 1856 doctrina,
3596 1792 3662 1848 id

199 1881 360 1936 citatus
395 1881 718 1952 suscepit,
760 1885 834 1935 et
873 1894 1156 1934 summo
1188 1875 1407 1944 studio,
1437 1879 1503 1930 ut
1530 1875 1592 1930 in
1625 1878 1898 1945 tempore
2006 1870 2175 1940 quod
2209 1871 2340 1941 jam
2390 1873 2587 1944 nobis,
2617 1875 2805 1932 misso
2852 1875 3110 1948 longiori
3142 1880 3413 1950 exordio,
3446 1895 3660 1952 aggre-

207 1971 388 2038 magnis
415 1969 741 2026 doctrinas
776 1967 1134 2041 praesidiis
1169 1964 1495 2036 indigente,
1525 1963 1750 2018 invicta
1775 1961 1901 2018 ani-
2007 1957 2298 2016 diendum
2326 1968 2436 2019 est.

215 2057 668 2123 milortitudine,
721 2063 802 2113 ut
857 2061 1188 2112 adversus
1238 2059 1510 2126 potentes
1560 2051 1898 2118 haereticos,
2715 2113 2719 2123 ,
2781 2057 2890 2122 §I.

229 2147 559 2204 elucubravit.
586 2153 656 2203 ln
687 2147 1036 2217 Epistolis
1067 2147 1120 2200 S.
1160 2142 1357 2198 Basilii
1383 2147 1557 2198 vetus
1578 2140 1903 2212 disciplina.
2013 2151 2053 2203 1.
2093 2148 2158 2203 S.
2186 2149 2456 2226 Basilius
2485 2152 2684 2207 minus
2712 2155 3015 2226 commode
3042 2157 3484 2226 interpretatur
3506 2159 3669 2214 illud

231 2239 472 2308 praelatis
494 2238 824 2295 institutis
862 2243 933 2293 et
963 2233 1315 2291 canonibus
1343 2231 1698 2299 illustratur,
1723 2229 1903 2286 histo-
2083 2221 2310 2308 fyngdi,
2337 2222 2617 2308 Nicaeam,
2649 2241 2723 2279 ex
2753 2224 2872 2308 alia
2900 2221 3298 2308 essentia‘aut
3329 2229 3663 2308 hypostasi.

225 2329 292 2440 i‘?
311 2328 753 2440 usus:
779 2321 1660 2440 difii‘EE,‘.’.’.’f“Lfi-f°Pi?:E
1673 2334 1944 2440 δεξιᾶ.
2084 2291 2562 2440 ἳεὶρῗῖίέςιὲῒῖίίίῖ
2603 2300 3666 2440 ?§%%20“’2%’tt?aftf”tatem

226 2423 487 2484 εέδῖπιιω
528 2422 786 2487 εθεεῐθ,
825 2415 1192 2512 forma-im?
1235 2426 1434 2466 mores
1474 2409 1719 2512 ορίξωξε
1749 2423 1903 2512 PF?"
1932 2417 1973 2512 ζ
2085 2409 2268 2489 ετξῆγη
2302 2409 3268 2511 iii/pastum?"(iﬁeﬂéﬁiiééﬁe

226 2508 402 2577 captis,
432 2512 504 2572 et,
538 2506 728 2578 quod
782 2507 1115 2576 praecepta
1142 2501 1323 2570 longe
1356 2505 1619 2572 superat,
1652 2497 1904 2570 depictis

2078 2520 2194 2585 pro
2221 2497 2506 2585 esse-{itii
2522 2517 2791 2585 sumunt.
2817 2497 2925 2566 ἸΙΙ.
2963 2497 3216 2568 Novitas
3256 2497 3670 2585 uniusﬂlii/po;
3717 2562 3722 2566 .

226 2597 330 2651 sine
381 2603 501 2652 arte
556 2595 829 2652 eximiis
910 2595 969 2649 S.
1040 2590 1236 2646 Basilii
1301 2589 1645 2644 virtutibus.
1701 2590 1904 2658 Neque
2082 2579 2278 2632 εἰαεὶδ.
2321 2581 2410 2633 lV.
2457 2581 2595 2658 Tres
2629 2581 3172 2658 hypostasesiapud
3207 2579 3670 2655 sci'iptoresti-

226 2686 376 2740 etiam
424 2684 805 2757 spernenda
859 2698 1007 2754 quas
1056 2681 1118 2736 in
1177 2678 1578 2752 appendicem
1631 2677 1904 2746 conjecta

2085 2663 2251 2704 ca’na
2289 2651 2518 2733 synodo
2550 2655 2941 2779 antisquiores.
2976 2651 3055 2709 νζ
3086 2657 3241 2722 Quid
3269 2651 3535 2728 synodus
3563 2659 3670 2713 Ni-

2085 2735 2252 2777 cwna
2281 2729 2532 2779 senserit
2562 2738 2636 2779 ex
2713 2767 2724 2778 .
2756 2726 3112 2779 Alexandro
3153 2735 3206 2779 et
3236 2729 3295 2779 S.
3327 2730 3669 2779 Athanasio

228 2694 376 2740 ευιω
424 2694 805 2757 spernenda
859 2698 1007 2754 (1³⁸⁸
1056 2696 1118 2736 ¹⁰
1177 2694 1578 2777 δβρθηαξοθω
1631 2694 1904 2746 θοτηθθίδ
2085 2694 2252 2777 ΕΞἦᾶ
2281 2694 3669 2786 s'é'a'séﬁt223175215er‘éiuiﬂi'iié'idéé

228 2783 364 2839 sunt,
389 2776 596 2844 viginti
641 2779 938 2846 quatuor
987 2771 1291 2826 orationes
1322 2785 1358 2824 a
1389 2769 1668 2825 Simeone
1720 2768 1903 2835 LOgO-
2082 2799 2411 2846 spectatur.
2455 2796 2542 2846 Vl.
2588 2795 3067 2846 Occidentalium
3113 2802 3408 2846 sententia
3449 2803 3520 2846 dp
3567 2802 3669 2846 Im-

220 2863 364 2919 theta
385 2881 455 2919 ex
483 2867 542 2921 S.
579 2862 808 2919 Basilii
842 2859 1055 2916 verbis
1086 2864 1144 2914 et
1174 2857 1486 2914 sententiis
1516 2858 1900 2920 constructas,

221 2958 273 3007 et
309 2953 445 3010 liber
483 2957 571 3010 De
617 2953 1008 3023 virginitate
1050 2953 1358 3005 auctorem
1401 2946 1635 3003 habens
1676 2943 1902 3016 episco-

219 3056 351 3112 pum
381 3047 436 3098 S.
467 3044 704 3100 Basilio
737 3039 1059 3112 aequalem
1089 3037 1182 3093 vel
1211 3041 1367 3092 certe
1398 3050 1747 3107 supparem.

285 3134 390 3190 Sed
419 3150 546 3206 quo
572 3132 789 3206 pluris
822 3129 983 3186 ﬁunt
1011 3129 1140 3184 haec
1168 3131 1585 3190 monumenta,
1608 3139 1681 3179 eo
1707 3123 1902 3192 magis

206 3224 542 3279 verendum
575 3238 659 3278 ne
686 3220 944 3290 longior
982 3233 1155 3273 mora
1185 3216 1462 3288 pluribus
1493 3212 1898 3285 displicuerit;

205 3317 262 3367 et
292 3314 437 3385 quia
462 3320 610 3370 octo
651 3325 974 3368 annorum
1014 3307 1330 3364 intervallo
1355 3305 1553 3378 prodit
1581 3305 1698 3360 hoc
1724 3304 1900 3359 volu-

209 3418 370 3468 men,
395 3406 608 3460 minus
639 3418 813 3458 curae
845 3399 1137 3456 habuisse
1165 3396 1480 3470 publicum
1506 3393 1902 3450 commodum

212 3492 552 3548 videamur.
583 3497 722 3549 Non
751 3497 966 3546 tamen
995 3487 1383 3558 negligentia,
1410 3484 1518 3540 sed
1547 3483 1901 3539 necessariae

207 3595 409 3637 causa:
460 3597 685 3638 moras
732 3577 1095 3635 attulerunt.
1136 3579 1286 3632 Nam
1331 3573 1603 3630 eruditus
1653 3570 1900 3641 sodalis,

206 3672 316 3741 qui
347 3671 744 3728 edendorum
779 3667 975 3724 sancti
1024 3664 1222 3721 Basilii
1249 3679 1508 3735 operum
1556 3677 1767 3717 curam
1798 3677 1902 3714 su-

210 3762 428 3833 scepit,
457 3762 598 3831 jam
637 3758 818 3829 gravi
861 3755 1224 3827 aegritudine
1255 3757 1566 3825 correptus
1608 3755 1901 3807 eratcum

2082 2799 2411 2871 spectatur}
2455 2796 2542 2849 Vl.
2588 2795 3067 2871 Occidentalium
3113 2802 3408 2856 sententia
3449 2803 3520 2857 de
3564 2802 3669 2871 hy-

2081 2865 2328 2940 postasi.
2361 2864 2690 2940 Quosensu
2742 2869 2945 2924 eadem
2987 2885 3106 2925 vox
3147 2878 3445 2940 usurpata
3476 2874 3539 2929 in
3569 2864 3670 2928 δὲ·

2084 2935 2315 2990 laribus
2343 2937 2585 2993 scholis.

2083 3036 2124 3089 Ι.
2167 3035 2420 3090 Sanctus
2447 3035 2726 3104 Basilius,
2751 3042 2816 3094 ut
2846 3043 2972 3094 erat
2998 3040 3330 3096 acerrimus
3355 3041 3532 3098 trium
3561 3043 3672 3114 hy-

2012 3123 2347 3194 postasium
2381 3123 2682 3196 defensor,
2715 3127 2860 3184 dare
2890 3129 3083 3184 noluit
3129 3129 3493 3187 adversariis
3523 3133 3667 3200 suis,

2010 3229 2222 3270 vocem
2263 3213 2615 3286 hypostasis
2661 3217 2880 3274 eodem
2931 3235 3112 3275 sensu
3159 3237 3230 3275 ac
3275 3222 3601 3277 essentiam
3633 3238 3669 3277 a

2013 3303 2249 3373 synodo
2299 3303 2537 3360 Nicena
2583 3312 2939 3379 usurpatam
2980 3308 3182 3364 fuisse.
3216 3310 3444 3366 Refellit
3475 3311 3668 3367 Basilii

2010 3391 2564 3465 interpretationem
2611 3398 2881 3453 Petavius
2914 3399 3012 3469 (l),
3043 3416 3301 3473 eamque
3342 3401 3458 3457 hoc
3490 3417 3666 3474 argu-

2011 3487 2217 3538 mento
2243 3481 2582 3555 impugnat,
2611 3486 2774 3556 quod
2799 3489 2903 3558 qui
2943 3490 3046 3543 isti
3081 3491 3310 3558 synodo
3341 3493 3670 3562 interfuere

2009 3573 2225 3628 Patres
2268 3574 2480 3645 aliqui,
2523 3580 2632 3631 aut
2659 3578 2846 3644 paulo
2877 3583 3035 3633 certe
3068 3586 3276 3647 postea
3302 3582 3664 3649 ﬂoruerunt,

2011 3668 2139 3717 tum
2170 3663 2408 3718 collecti
2435 3664 2572 3720 aliis
2603 3665 2668 3719 in
2702 3666 2971 3734 synodis,
3004 3673 3130 3724 tum
3167 3672 3411 3726 seorsim
3440 3671 3672 3740 singuli

2012 3753 2306 3804 ὑπόστασιν
2342 3769 2454 3822 pro
2503 3754 2661 3826 οὐσίᾳ
2704 3764 3137 3826 sumpserunt:
3167 3760 3327 3828 quod
3355 3776 3666 3833 nunquam

209 3851 565 3906 secundum
603 3849 901 3905 volumen
946 3846 1009 3901 in
1047 3844 1247 3900 lucem
1297 3842 1501 3898 edidit.
1547 3841 1902 3898 Defunctum
1942 3862 1984 3918 ρ
2008 3843 2308 3914 fecissent,
2342 3845 2396 3898 si
2424 3847 2802 3902 contrarium
2841 3847 3008 3916 apud
3033 3849 3295 3905 Nicwam
3327 3857 3470 3907 ante
3493 3851 3667 3920 fecis-

209 3938 334 3995 hoe
377 3940 599 3996 labore
643 3937 956 4010 cupiditas
1001 3935 1158 3991 bene
1202 3934 1277 3990 de
1312 3949 1375 3989 re
1414 3931 1818 3989 ecclesiastica
1847 3933 1906 3985 et

209 4028 513 4086 litteraria
561 4027 844 4085 merendi
895 4025 1201 4095 incitavit,
1253 4028 1318 4080 ut
1369 4024 1610 4080 tertium
1669 4027 1902 4077 tomum

214 4123 610 4190 repugnante
667 4115 1022 4173 valetudine
1079 4119 1341 4186 pararet.
1406 4113 1521 4169 Sed
1580 4110 1904 4181 languidos

217 4217 481 4264 conatus
535 4210 978 4280 ingravescens
1035 4203 1288 4260 morbus
1347 4201 1622 4274 abrupit,
1681 4201 1902 4272 vixque

219 4296 554 4355 dimidium
594 4292 1116 4368 interpretationis
1161 4309 1288 4348 sua:
1324 4295 1770 4356 retractaverat,
1802 4306 1904 4361 ap-

221 4389 436 4458 positis
487 4404 524 4443 e
563 4385 946 4443 Tillemontio
987 4383 1288 4440 historicis
1321 4382 1501 4452 notis,
1534 4397 1712 4453 quas,
1740 4380 1903 4450 abje-

228 4483 318 4532 cto
365 4477 718 4534 scribenda:
765 4477 832 4532 S.
863 4474 1087 4530 Basilii
1136 4474 1282 4528 Vita:
1325 4471 1602 4537 consilio,
1632 4485 1904 4526 necessa-

231 4567 349 4623 rias
386 4566 700 4634 ducebat;
731 4565 854 4632 vix,
895 4563 1174 4634 inquam,
1205 4562 1336 4617 haec
1360 4563 1732 4627 narraverat,
1764 4574 1904 4614 cum

233 4656 382 4712 vires
409 4657 660 4729 penitus
690 4654 1061 4724 defecerunt,
1094 4669 1165 4708 ac
1211 4651 1458 4708 tandem
1488 4649 1656 4722 piam
1687 4654 1742 4704 et
1783 4649 1909 4705 lau-

235 4747 499 4803 dabilem
522 4747 710 4803 vitam
731 4742 1004 4817 pretiosa
1024 4741 1086 4797 in
1107 4744 1438 4812 conspectu
1461 4738 1696 4794 Domini
1717 4743 1908 4794 morte

237 4838 531 4894 conclusit
572 4853 736 4894 anno
789 4838 953 4903 1725,
983 4831 1082 4888 die
1114 4836 1144 4887 3
1173 4830 1351 4887 Junii.
1388 4829 1475 4884 Ad
1515 4827 1905 4894 desiderium,

236 4928 394 4998 quod
422 4927 580 4985 illius
609 4927 909 4984 virtutum
937 4924 1304 4979 ornamenta
1328 4919 1602 4976 omnium
1635 4922 1909 4973 nostrum

236 5019 447 5074 animis
489 5019 916 5084 incusserunt,
958 5011 1118 5069 illud
1163 5009 1424 5067 accessit
1471 5007 1793 5078 molestiae,
1846 5012 1911 5062 ut

239 5123 382 5181 opus
405 5111 480 5168 ab
504 5112 754 5170 eruditis
785 5105 1258 5178 exspectatum,
1281 5099 1571 5172 quodque
1597 5097 1769 5154 multi
1795 5112 1910 5153 sere

2011 3939 2159 3989 sent.
2197 3936 2325 3988 Duo
2353 3933 2737 3990 continentur
2776 3935 2893 3992 hac
2931 3938 3150 3993 Petavii
3190 3940 3500 4010 sententia,
3530 3956 3666 4012 quae

2010 4022 2187 4078 nobis
2217 4022 2647 4092 distinguenda
2673 4029 2832 4090 sunt,
2855 4027 3137 4097 quamvis
3161 4027 3290 4099 ipse
3315 4045 3438 4084 non
3464 4029 3669 4085 distin-

2012 4117 2192 4181 guat:
2226 4127 2370 4168 nam
2412 4128 2536 4168 non
2585 4112 2782 4169 solum
2828 4115 3121 4168 ὑπόστασιν
3156 4133 3268 4188 pro
3315 4117 3472 4189 οὐσίᾳ
3502 4135 3667 4174 sum-

2010 4206 2179 4274 ptam
2221 4218 2258 4258 a
2312 4202 2562 4257 Nicaanis
2611 4203 2884 4259 Patribus
2934 4205 3053 4260 hoc
3106 4205 3238 4262 loco
3291 4207 3509 4273 fuisse,
3561 4209 3669 4264 sed

2010 4291 2194 4346 etiam
2223 4306 2411 4346 unam
2442 4290 2502 4346 in
2534 4291 2724 4347 tribus
2748 4293 3025 4364 personis
3049 4294 3430 4366 hypostasim
3451 4296 3530 4352 ab
3555 4298 3671 4353 hac

2012 4380 2252 4450 synodo
2281 4384 2337 4435 et
2365 4380 2444 4435 ab
2483 4379 2615 4435 aliis
2657 4397 2814 4452 quos
2846 4382 2986 4439 citat
3015 4384 3290 4440 Patribus
3334 4385 3671 4441 admissam

2013 4469 2343 4526 contendit.
2376 4468 2867 4526 Examinandum
2911 4487 3054 4542 ergo
3085 4472 3261 4528 nobis
3293 4479 3382 4528 est
3411 4489 3486 4528 an
3517 4475 3671 4530 Basi-

2011 4558 2126 4614 lius
2156 4558 2218 4613 in
2243 4563 2496 4630 utroque
2523 4559 3061 4630 reprehendendus
3090 4561 3184 4627 sit,
3209 4566 3266 4617 et
3293 4562 3460 4633 quod
3482 4563 3674 4635 hypo-

2015 4650 2226 4706 stasim
2257 4649 2318 4704 in
2348 4648 2466 4704 ﬁde
2497 4648 2739 4705 Nicaena
2770 4650 2930 4705 idem
2976 4651 3172 4706 valere
3205 4667 3274 4706 ac
3323 4653 3669 4718 essentiam,

2015 4743 2072 4796 et
2119 4739 2281 4811 quod
2334 4753 2521 4794 unam
2571 4738 2630 4793 in
2685 4738 2873 4794 tribus
2909 4741 3185 4811 personis
3225 4740 3607 4812 hypostasim
3638 4759 3674 4798 a

2017 4829 2252 4900 synodo
2283 4827 2622 4884 admissam
2652 4827 2835 4883 fuisse
2862 4829 3192 4898 negaverit.

2090 4922 2279 4974 Locus
2310 4934 2383 4973 ex
2425 4933 2548 4989 quo
2593 4917 2944 4985 ambigendi
2973 4922 3118 4975 nata
3156 4921 3430 4989 materia,
3461 4921 3677 4992 legitur

2017 5010 2076 5065 in
2107 5008 2249 5063 ﬁdei
2278 5006 2538 5062 formula
2586 5005 2662 5062 ab
2696 5007 3024 5072 Eustathio,
3058 5009 3400 5080 postulante
3434 5009 3674 5080 Basilio,

2019 5097 2385 5168 subscripta,
2439 5111 2575 5166 quae
2625 5100 2714 5151 est
2763 5096 3017 5168 epistola
3068 5101 3188 5165 125,
3221 5099 3366 5154 olim
3410 5103 3478 5154 78
3526 5100 3679 5155 inter

242 5215 341 5256 suo
361 5203 712 5272 jamdudum
762 5196 1091 5259 emerant,
1122 5205 1246 5246 non
1287 5195 1493 5245 tamen
1537 5187 1654 5242 cito
1697 5202 1908 5243 eorum
1944 5218 1989 5274 ι)
2021 5187 2370 5244 Basilianas.
2406 5185 2493 5274 lbi
2526 5184 2850 5274 Sabelliani
2893 5186 2986 5242 his
3027 5188 3246 5259 synodi
3284 5188 3484 5245 verbis
3515 5190 3681 5246 abuti

241 5269 482 5355 manibus
521 5302 577 5356 et
615 5291 890 5370 judiciis
945 5279 1530 5370 committiiposset.
1570 5279 1702 5333 lam
1751 5277 1904 5370 enim

2024 5277 2342 5346 dicuntur:
2413 5273 2530 5327 Ἐὰν
2599 5269 2658 5325 δέ
2718 5294 2794 5334 τις
2861 5278 2982 5346 λέγῃ
3053 5274 3107 5337 ἐξ
3173 5276 3343 5350 ἐτέρας
3400 5277 3587 5338 οὐσίας
3645 5278 3675 5334 ἦ

237 5350 770 5466 σώεᾳῖιῖίιίίεῦἶέὶὶ
819 5379 1162 5456 quantum
1211 5350 1442 5427 laboris
1473 5384 1546 5424 ex
1577 5350 1914 5439 opere'im-

264 5520 327 5593 (ί)
358 5522 476 5584 Lib.
505 5539 585 5594 iv,
616 5521 716 5578 De
755 5508 994 5571 Trin.,
1030 5511 1180 5569 cap.
1213 5499 1260 5552 t.

437 5627 702 5686 PA‘I'BOL.
758 5615 882 5672 Gn.
940 5597 1167 5661 XXXII.

2024 5367 2359 5424 ὑποστάσεως
2426 5367 2512 5416 τὸν
2573 5365 2690 5416 Υἰόν
2747 5363 3113 5436 ἀναθεματίξει
3175 5368 3203 5423 ἠ
3273 5366 3522 5424 καθολικὴ
3591 5371 3680 5420 καὶ

3369 5595 3389 5650 1
