4154 6416
576 334 595 384 1
617 334 638 385 1
2094 319 2478 379 PREFATIO.
3932 353 3990 402 12

569 453 889 513 ἀποστολικὴ
926 453 1244 512 Ἐκκλησίαε
1277 452 1344 510 Si
1386 449 1523 510 uero
1566 451 1867 524 quispiam
1895 447 2121 506 dixerit
2152 461 2202 502 ea

2339 446 2512 519 dum,
2546 455 2658 510 etsi
2687 457 3068 529 hypostasim
3103 475 3213 533 pro
3245 463 3508 520 essentia
3535 465 3651 521 hoc
3680 464 3812 523 loco
3842 484 3995 525 sum-

567 544 697 601 alia
725 545 979 602 essentia
1009 549 1114 601 aut
1147 543 1459 614 hypostasi
1483 543 1712 599 Filium
1742 556 1880 611 esse,
1919 554 2053 596 eum
2083 552 2229 594 ana-

567 633 828 691 themate
877 635 1025 705 ferit
1079 633 1384 690 catholica
1441 639 1494 690 et
1549 631 1883 703 apostolica
1932 629 2225 684 Ecclesia.

569 723 791 780 Deinde
821 723 1101 780 additur:
1135 722 1210 775 Οὑ
1249 727 1350 797 γὰρ
1390 725 1574 775 ταυτὸν
1606 720 1744 774 εἶπον
1791 719 1891 772 ἐκεῖ
1933 718 2115 777 οὐσίαν
2141 719 2229 767 καὶ

568 816 884 872 ὑπόστασιν.
912 813 972 867 Εἰ
1016 816 1120 887 γὰρ
1163 818 1286 886 μίαν
1334 818 1424 864 καὶ
1461 817 1554 870 τὴν
1591 811 1754 869 αὐτὴν
1785 806 2003 868 ἐδήλουν
2033 809 2225 859 ἔννοιαν

566 906 621 956 αἱ
660 909 843 976 φωναὶ,
876 907 955 966 τίς
993 908 1155 977 χρεία
1203 899 1262 961 ἦν
1308 901 1596 977 ἑκατέρων;
1633 899 1786 954 Ἀλλὰ
1828 895 1984 956 δῆλον
2022 899 2123 966 ὅτι,
2156 897 2225 956 ὡς

563 1001 664 1055 τῶν
702 997 793 1067 μὲν
832 993 1153 1067 ἀρνουμένων
1180 995 1237 1044 τό
1279 989 1333 1043 ἐκ
1371 999 1468 1053 τῆς
1497 991 1685 1052 οὐσίας
1711 985 1840 1042 εἶναι
1877 995 1968 1039 τοῦ
2002 988 2222 1060 Πατρός,

564 1090 664 1135 τῶν
709 1079 768 1135 δὲ
818 1081 1086 1154 λεγόντων,
1140 1084 1257 1134 οὔτε
1304 1078 1360 1132 ἐκ
1406 1087 1497 1141 τῆς
1551 1078 1751 1144 οὑσὶας,
1799 1075 1906 1128 ἀλλ’
1960 1074 2012 1137 ἐξ
2063 1073 2222 1134 ἄλλης

561 1175 702 1235 τινὸς
745 1173 1106 1239 ὑποστάσεως,
1153 1171 1318 1232 οὑτως
1373 1168 1662 1244 ἀμφότερα,
1712 1171 1783 1229 ὡς
1840 1164 2083 1238 ἀλλότρια
2129 1171 2220 1216 τοῦ

560 1262 1004 1322 ἐκκλησιαστικοῦ
1049 1265 1398 1335 φρονήματος,
1441 1257 1806 1334 ἀπηγόρευσαν
1832 1279 1842 1289 ·
1884 1255 1990 1308 ἐπεὶ
2031 1256 2222 1325 ὀπουγε

557 1357 614 1406 τὸ
665 1353 856 1406 ἑαυτῶν
901 1348 1122 1410 ἐδήλουν
1163 1354 1423 1424 φρόνημα,
1466 1348 1606 1402 εἷπον
1652 1347 1707 1400 ἐκ
1754 1356 1844 1407 τῆς
1899 1345 2080 1404 οὐσίας
2127 1351 2219 1396 τοῦ

558 1445 763 1517 Πατρός
811 1445 899 1496 τόν
952 1443 1107 1496 Υἱόν’
1160 1440 1333 1493 οὑιιέτι
1380 1441 1688 1514 προσθέντες
1741 1442 1830 1490 καὶ
1885 1439 1966 1501 τὸ,
2013 1454 2066 1487 εκ
2124 1441 2218 1494 τῆς

555 1533 913 1594 ὑποστάσεως.
944 1531 1082 1588 Νοη
1127 1531 1284 1587 enim
1327 1529 1483 1586 idem
1528 1529 1819 1586 dixerunt
1859 1527 1989 1582 illic
2026 1540 2218 1582 essen-

552 1624 702 1681 tiam
750 1628 808 1681 et
859 1621 1250 1694 hypostasim.
1306 1621 1549 1677 Etenim
1603 1620 1660 1676 si
1706 1633 1833 1674 una
1898 1622 1952 1673 et
2011 1616 2215 1672 eadem

549 1715 715 1771 notio
751 1712 1024 1783 subjecta
1061 1710 1322 1778 vocibus,
1355 1710 1503 1782 quid
1539 1724 1690 1779 opus
1733 1713 1866 1765 erat
1908 1713 2166 1778 utraque
2189 1709 2216 1761 γ

2338 539 2476 610 psit,
2502 558 2626 599 non
2647 545 2874 603 idcirco
2897 564 3084 605 unam
3111 550 3171 606 in
3203 552 3395 608 tribus
3418 555 3692 626 personis
3715 555 3992 629 hyposta-

2339 629 2452 684 sim
2487 631 2848 691 admisisse:
2887 641 3002 693 tres
3041 643 3244 696 autem
3273 641 3642 714 hypostases
3675 660 3908 718 semper
3936 647 3992 702 in

2338 718 2592 791 Oriente,
2625 723 2836 780 saltem
2869 742 2904 781 a
2930 727 3094 782 Noeti
3141 730 3538 800 temporibus,
3568 749 3808 788 summo
3853 751 3991 790 con-

2335 823 2518 863 sensu
2535 811 2817 880 viguisse.
2838 816 3074 871 Petavio
3092 819 3500 874 assentiuntur
3525 819 3623 876 alii
3642 821 3991 892 theologi,in

2334 898 2546 969 primis
2568 902 2997 959 Thomassinus
3018 907 3125 977 qui
3149 906 3209 961 in
3229 907 3386 964 libro
3409 911 3582 965 tertio
3602 912 3688 968 De
3709 913 3988 969 incarna-

2335 987 2492 1044 tione
2530 989 2720 1060 Verbi,
2748 1007 2881 1064 cap.
2914 998 2962 1062 l,
2995 997 3322 1060 contendit,
3356 1014 3475 1053 non
3507 999 3626 1054 nisi
3661 1008 3991 1058 senescente

2332 1083 2550 1148 quarto
2569 1079 2853 1136 Ecclesiae
2883 1085 3104 1138 saeculo
3135 1085 3474 1156 hypostasis
3509 1104 3721 1146 nomen
3753 1090 3826 1146 ab
3862 1093 3988 1148 usia

2329 1181 2432 1222 seu
2445 1170 2694 1225 essentia
2713 1171 3194 1230 discriminatum
3210 1190 3351 1241 esse,
3365 1175 3546 1249 idque
3562 1177 3755 1234 allatis
3775 1180 3989 1252 synodi

2330 1255 2582 1312 Nicaeum
2611 1262 2669 1313 et
2706 1259 3012 1316 Athanasii
3060 1263 3416 1320 testimoniis
3455 1267 3690 1323 efﬁcere
3722 1273 3984 1324 conatur.

2403 1347 2468 1401 ll.
2511 1349 2733 1403 Fucum
2765 1350 3128 1407 doctissimis
3150 1353 3290 1408 viris
3321 1354 3458 1410 fecit
3477 1356 3830 1428 hypostasis
3861 1359 3988 1414 voci

2329 1434 2610 1505 subjecta
2633 1435 2933 1493 interdum
2961 1441 3233 1496 essentia:
3265 1442 3657 1513 signiﬁcatio;
3681 1450 3737 1501 et
3757 1447 3988 1518 quoties

2326 1523 2531 1580 vident
2574 1525 2735 1597 apud
2785 1528 3068 1600 antiquos
3109 1531 3430 1604 scriptores
3461 1534 3847 1606 hypostasim
3877 1537 3988 1592 hoc

2327 1629 2508 1669 sensu
2529 1617 2826 1687 usurpari,
2852 1617 2992 1672 inde
3019 1621 3388 1677 concludunt
3411 1640 3598 1679 unam
3626 1624 3718 1680 his
3745 1625 3986 1698 scripto-

2324 1703 2493 1759 ribus
2517 1703 2898 1776 hypostasim
2921 1707 3176 1778 placere.
3194 1716 3263 1766 At
3288 1711 3613 1782 plurimum
3633 1719 3844 1785 peccat
3861 1715 3986 1771 haec

547 1803 667 1860 Sed
712 1803 1104 1874 perspicuum
1154 1805 1269 1872 est,
1320 1800 1461 1857 aliis
1518 1797 1757 1870 quidem
1812 1796 2083 1867 (Filium)
2141 1809 2216 1851 ea:
2254 1801 2295 1855 Β
2324 1793 2574 1850 rationis
2594 1795 2924 1852 conclusio.
2952 1801 3098 1853 Nam
3127 1800 3302 1854 trium
3327 1801 3750 1873 bypostasium
3773 1805 3987 1861 acerri-

547 1893 757 1950 Patris
796 1891 1052 1950 essentia
1097 1905 1220 1948 esse
1263 1888 1650 1960 negantibus,
1681 1887 1819 1944 aliis
1851 1901 1988 1943 vero
2026 1899 2217 1956 neque

546 1997 623 2040 ex
676 1982 934 2039 essentia
989 1995 1146 2050 esse,
1194 1979 1299 2037 sed
1354 1994 1430 2035 ea:
1485 1978 1700 2048 aliqua
1756 1976 2067 2046 hypostasi
2130 1975 2216 2031 di-

545 2072 839 2141 centibus,
885 2072 1025 2128 illos
1081 2071 1168 2126 ita
1215 2069 1454 2126 demum
1507 2073 1828 2138 utramque
1875 2065 2212 2135 opinionem

544 2169 839 2236 tanquam
878 2177 917 2219 α
958 2161 1257 2218 sententia
1299 2159 1706 2216 ecclesiastica
1752 2157 2016 2213 alienam
2061 2156 2212 2224 reje-

543 2257 714 2312 cisse.
753 2253 911 2310 Nam
959 2250 1064 2307 ubi
1099 2265 1270 2307 suam
1320 2249 1592 2319 ipsorum
1638 2246 2039 2304 declarabant
2087 2260 2214 2300 sen-

543 2343 814 2412 tentiam,
855 2342 1146 2399 dixerunt
1185 2355 1262 2397 ea:
1304 2339 1558 2396 essentia
1589 2337 1795 2394 Patris
1823 2335 2050 2392 Filium
2088 2349 2210 2390 non

541 2433 806 2505 amplius
835 2430 1195 2503 adjicientes
1223 2429 1408 2496 illud,
1441 2443 1516 2485 ea:
1549 2427 1882 2497 hypostasi.

612 2528 743 2582 Non
765 2521 954 2579 'facile
982 2525 1071 2578 est
1113 2524 1374 2577 statuere
1426 2533 1727 2592 quosnam
1757 2515 2070 2572 htereticos
2095 2512 2208 2570 Ba-

540 2614 730 2683 silius,
755 2612 835 2670 ob
869 2610 991 2668 Filii
1020 2611 1314 2682 originem
1343 2625 1416 2665 ex
1447 2607 1566 2664 alia
1589 2622 1777 2680 quam
1805 2605 1990 2662 Patris
2017 2604 2209 2676 hypo-

542 2703 692 2762 stasi
720 2701 1067 2773 deductam,
1101 2716 1139 2757 a
1178 2699 1418 2773 synodo
1457 2701 1699 2753 notatos
1742 2695 1923 2751 dicat.
1967 2693 2208 2750 Videtur

539 2795 636 2853 vel
681 2791 1132 2851 Valentinianos
1181 2789 1403 2858 dicere,
1448 2790 1516 2843 ut
1555 2785 1860 2842 existimat
1901 2782 2202 2852 Petavius,

537 2885 646 2958 qui
673 2900 749 2941 ex
773 2879 1059 2939 collatitia
1086 2878 1251 2936 velut
1279 2878 1432 2950 stipe
1462 2875 1539 2932 ab
1568 2873 1843 2932 seonibus
1872 2874 2202 2929 conﬂatum

537 2990 672 3031 esse
710 2975 912 3029 Jesum
958 2968 1342 3035 asserebant;
1375 2965 1470 3022 vel
1506 2963 1837 3036 generatim
1869 2962 2202 3030 Gnosticos,

538 3063 646 3138 qui
675 3062 979 3120 Christum
1009 3073 1134 3116 non
1161 3056 1375 3115 mundi
1405 3055 1712 3126 creatoris,
1746 3053 1852 3110 sed
1881 3052 2067 3122 ignoti
2099 3068 2200 3106 cu-

2325 1899 2462 1939 mus
2493 1883 2778 1939 defensor
2801 1887 3048 1942 Basilius
3076 1905 3237 1960 smpe
3263 1890 3648 1962 liypostasim
3666 1893 3784 1950 hoc
3805 1910 3986 1950 sensu

2324 1973 2562 2044 accipit.
2597 1974 2687 2029 Ait
2733 1974 2790 2030 in
2841 1974 2994 2032 libro
3039 1979 3122 2032 De
3167 1979 3402 2048 Spiritu
3443 1988 3675 2048 sancto,
3709 1999 3845 2056 cap.
3898 1989 3980 2047 16,

2322 2077 2386 2134 p.
2418 2065 2507 2130 33,
2540 2061 2823 2134 Spiritum
2871 2069 3149 2121 sanctum
3197 2069 3454 2136 gratiam
3505 2087 3680 2127 suam
3711 2070 3983 2128 conferre

2323 2150 2576 2221 angelis,
2613 2152 2699 2214 Εἰς
2727 2157 2811 2204 τόν
2844 2153 3176 2228 ἀπαρτίσμόν
3203 2163 3292 2210 καὶ
3326 2159 3703 2232 συμπλήρωσιν
3733 2169 3828 2222 τῆς
3858 2163 3983 2213 ὑπο-

2324 2243 2554 2302 στάσεως
2576 2241 2762 2312 αὐτῶν,
2790 2244 2860 2299 In
2885 2244 2994 2301 hoc
3018 2252 3080 2300 ut
3103 2248 3462 2317 perﬁciatur
3490 2251 3986 2322 compleaturque

2319 2331 2568 2386 illorum
2597 2331 2960 2389 substantia
2995 2337 3121 2390 Non
3154 2343 3348 2407 potest
3378 2337 3495 2394 hoc
3525 2338 3660 2394 loco
3685 2341 3982 2400 ὑπόστασις

2317 2419 2487 2476 aliter
2515 2419 2705 2493 accipi
2746 2437 2816 2477 ac
2856 2422 3032 2478 οὐσία.
3059 2424 3203 2480 Hinc
3231 2425 3292 2480 in
3319 2426 3533 2483 eodem
3564 2429 3784 2501 capite,
3808 2445 3870 2501 p.
3894 2433 3981 2496 32,

2317 2510 2606 2566 sanctitas
2651 2510 2870 2568 dicitur
2912 2528 3042 2568 esse
3074 2522 3250 2572 extra
3295 2517 3696 2574 substantiam
3729 2519 3985 2588 angelo-

2316 2614 2451 2654 rum
2483 2600 2662 2662 ἔξωθεν
2711 2609 2800 2662 τῆς
2850 2602 3054 2667 οὐσίας,
3086 2604 3231 2676 quia
3261 2607 3642 2663 sanctitatem
3673 2608 3986 2680 accipiunt

2316 2704 2353 2745 a
2384 2689 2601 2760 Spiritu
2633 2695 2862 2758 sancto,
2895 2707 3005 2747 nec
3031 2708 3168 2748 eam
3199 2709 3235 2749 a
3267 2710 3375 2750 sua
3403 2695 3676 2766 ipsorum
3718 2697 3983 2753 essentia

2313 2777 2564 2834 habent.
2601 2779 2834 2836 Similer
2875 2780 2978 2836 lib.
3015 2799 3049 2836 v
3098 2783 3389 2839 adversus
3436 2785 3718 2856 Eunom.,
3762 2801 3824 2858 p.
3854 2790 3980 2856 321,

2313 2868 2514 2924 omnis
2559 2869 2900 2926 substantia
2935 2871 3240 2942 justorum
3274 2889 3310 2929 a
3348 2875 3568 2946 Spiritu
3612 2875 3979 2932 sanctiﬁcari

2311 2956 2558 3014 dicitur:
2586 2964 2741 3011 Πᾶσα
2769 2961 3063 3024 ὑπόστασις
3090 2958 3328 3019 δικαίων.
3346 3007 3357 3017 .
3381 3007 3394 3018 .
3434 2965 3710 3036 ἡγίασται.
3737 2969 3801 3022 In
3824 2965 3979 3022 libro

2314 3047 2604 3113 secundo,
2634 3065 2696 3120 p.
2730 3053 2854 3116 252,
2883 3055 3072 3106 totam
3103 3053 3288 3108 Patris
3319 3058 3601 3110 naturam
3627 3055 3708 3110 ait
3735 3055 3802 3110 in
3837 3055 3978 3111 Filio

534 3135 784 3224 jusdam
826 3149 923 3206 dei
951 3147 1142 3204 ﬁlium
1173 3161 1303 3202 esse
1348 3143 1680 3214 ﬁngebant.
1716 3141 2062 3212 Legendum
2092 3155 2200 3212 pu-
2243 3160 2283 3216 ρ
2311 3135 2577 3208 imprimi
2619 3138 2780 3194 velut
2817 3138 2878 3194 in
2920 3139 3150 3209 sigillo:
3186 3146 3290 3197 aut
3317 3144 3848 3214 quemadmodum
3881 3159 3978 3201 ar-

537 3245 628 3298 tat
665 3237 1085 3300 Combefisius,
1112 3239 1178 3292 ut
1206 3238 1296 3291 est
1329 3233 1393 3289 in
1421 3249 1546 3289 uno
1590 3232 1796 3288 codice
1837 3247 1990 3286 mss.
2031 3231 2112 3281 ὅτι
2150 3227 2202 3292 ἐξ

539 3330 746 3398 οὐσίας,
779 3330 920 3387 aliis
954 3341 1031 3384 ex
1059 3326 1315 3383 essentia
1351 3325 1526 3380 illum
1557 3321 1796 3394 quidem
1827 3335 1968 3385 esse,
1999 3321 2104 3376 sed
2128 3335 2203 3378 ea:

539 3421 668 3478 alia
697 3418 1011 3490 hypostasi
1032 3415 1385 3472 dicentibus.
1411 3412 1528 3470 Sed
1556 3412 1686 3467 haec
1714 3409 2082 3466 emendandi
2111 3425 2200 3466 ra-

537 3510 622 3567 tio
643 3524 753 3565 nec
773 3507 971 3564 lucem
993 3504 1186 3567 affert,
1203 3519 1316 3560 nec
1337 3500 1752 3558 difﬁcultatem
1774 3499 2006 3556 minuit.
2030 3499 2203 3572 Equi-

539 3598 680 3655 dem
719 3611 844 3654 non
872 3595 1092 3651 invitus
1124 3592 1459 3649 concedam
1485 3590 1727 3648 Petavio
1756 3588 1907 3646 nihil
1948 3589 2199 3644 omnino

539 3688 616 3746 de
638 3684 935 3760 ejusmodi
958 3682 1252 3741 haereticis
1281 3680 1708 3755 pronuntiasse
1735 3678 2065 3750 synodum,
2088 3693 2200 3734 nec

536 3777 684 3835 satis
712 3775 890 3832 firmo
909 3776 1270 3844 argumento
1296 3769 1578 3828 Basiliam
1605 3769 1732 3835 niti,
1757 3768 1905 3824 dum
1929 3767 2022 3823 his
2042 3766 2198 3823 voci-

534 3867 763 3936 bus,ea:
786 3866 913 3922 alia
937 3863 1192 3921 essentia
1221 3867 1329 3918 aut
1355 3857 1860 3932 hypostasi,duas
1889 3873 1986 3914 res
2017 3857 2195 3928 signi-

533 3955 705 4013 ﬁcari
730 3953 1050 4028 pertendit.
1082 3951 1235 4008 Nihil
1263 3950 1428 4006 enim
1457 3953 1616 4006 vetat
1644 3946 1924 4004 eamdem
1955 3950 2194 4002 senten-

533 4047 681 4104 tiam
701 4043 952 4101 diversis
972 4041 1168 4099 verbis
1189 4040 1535 4098 conﬁrmari
1553 4056 1565 4094 :
1584 4053 1780 4110 neque
1801 4038 1932 4094 haec
1952 4037 2013 4092 in
2034 4054 2195 4110 sym-

529 4135 676 4193 bolo
695 4134 936 4191 Nicaano
956 4133 1250 4188 damnata
1271 4129 1626 4202 propositio,
1650 4129 1805 4184 Erat
1834 4128 2189 4198 aliquando,

529 4224 774 4298 quando
804 4239 927 4279 non
960 4227 1112 4289 erat,
1136 4219 1444 4276 dissimilis
1469 4223 1558 4275 est
1578 4217 1876 4290 sequenti,
1899 4217 2033 4273 Non
2060 4223 2191 4274 erat

527 4321 852 4386 antequam
877 4316 1249 4369 nasceretur.
1280 4309 1524 4365 Videtur
1545 4323 1691 4378 ergo
1721 4307 1885 4362 idem
1915 4307 2190 4362 evenisse

527 4405 774 4469 Basilio,
795 4402 962 4476 quod
991 4399 1295 4458 interdum
1320 4398 1616 4471 optimam
1643 4396 2002 4454 sententiam
2024 4401 2191 4452 tuen-

2313 3225 2462 3282 tium
2494 3226 2835 3284 substantia
2864 3243 2937 3284 ex
2982 3228 3340 3286 docentibus
3383 3233 3444 3288 in
3483 3233 3821 3305 discipulos
3851 3238 3979 3290 tota

2311 3317 2544 3388 transit,
2586 3318 2740 3369 ὁποία
2786 3326 2885 3369 τῶν
2933 3329 3129 3391 τεχνῶν
3161 3323 3189 3378 ἡ
3225 3322 3518 3384 ὑπόστασις
3563 3321 3618 3374 ἐκ
3659 3332 3759 3376 τῶν
3812 3321 3976 3376 διδα-

2314 3410 2539 3458 σκόντων
2565 3407 2656 3465 ὅλη
2689 3414 2798 3470 τοῖς
2827 3411 3268 3481 μαθητευομένοις
3287 3410 3618 3484 ἓγγινομένη.

2383 3497 2700 3566 Gregorius
2752 3499 3178 3563 Nazianzenus,
3227 3501 3398 3572 cujus
3453 3517 3698 3558 summa
3755 3503 3979 3559 exstitit

2310 3599 2450 3640 cum
2493 3586 2712 3642 Basilio
2753 3587 2816 3642 in
2859 3587 3052 3644 tribus
3100 3589 3534 3662 hypostasibus
3571 3591 3980 3649 defendendis

2308 3677 2650 3748 consensio,
2685 3677 2956 3735 divinam
2993 3681 3318 3736 essentiam
3349 3681 3693 3754 hypostasis
3721 3684 3980 3740 nomine

2307 3764 2587 3835 designat
2628 3767 2689 3822 in
2730 3773 2884 3824 orat.
2916 3771 3004 3837 34,
3035 3785 3096 3841 p.
3129 3772 3254 3840 542,
3281 3769 3386 3825 ubi
3417 3769 3490 3826 de
3529 3774 3650 3829 Deo
3679 3776 3738 3828 et
3782 3774 3863 3830 de
3903 3773 3977 3830 iis

2305 3871 2440 3928 quae
2463 3856 2622 3912 circa
2653 3859 2841 3913 Deum
2870 3858 3302 3930 praedicantur,
3328 3860 3414 3916 sic
3442 3859 3742 3932 loquitur:
3778 3869 3845 3917 Τί
3869 3866 3975 3936 γὰρ

2305 3949 2413 3997 ὄντι
2444 3945 2584 4018 αὑτῷ
2629 3949 2764 3998 κατά
2792 3951 2887 4006 τὴν
2936 3951 3092 4019 φύσιν
3123 3953 3212 4000 καὶ
3260 3953 3354 4007 τὴν
3384 3951 3698 4018 ὑπόστασιν,
3732 3953 3977 4027 ὑπάρχει

2301 4038 2358 4088 τό
2387 4039 2460 4108 μὴ
2496 4034 2672 4110 ἀρχὴν
2702 4039 2844 4108 ἔχειν
2874 4033 3014 4108 μηδέ
3043 4036 3375 4107 ἐξίστασθαι,
3403 4036 3543 4111 μηδὲ
3580 4045 3974 4116 περατοΰσθαι,

2303 4124 2430 4178 ἀλλὰ
2449 4126 2561 4178 ὅλον
2584 4131 2642 4179 τό
2665 4124 2794 4179 εἶναι
2821 4127 3240 4200 περιλαμϐάνειν,
3267 4128 3496 4182 λείπεται
3525 4131 3976 4206 προσγιλοσοφεῖν

2299 4235 2350 4269 τε
2379 4221 2468 4268 καὶ
2498 4217 2896 4292 προσεξεταζειν
2916 4239 2928 4251 ·
2965 4218 3080 4286 Qui
3119 4221 3278 4276 enim
3316 4223 3643 4278 secundum
3673 4229 3976 4282 naturam

2299 4314 2354 4364 et
2405 4307 2772 4378 hypostasim
2823 4309 3153 4378 exsistenti,
3186 4313 3502 4368 conveniat
3550 4314 3605 4369 ei
3641 4328 3750 4370 nec
3799 4316 3978 4386 prin-

2299 4399 2520 4468 cipium
2552 4397 2793 4470 habere,
2825 4415 2931 4456 nec
2974 4413 3013 4455 a
3059 4415 3121 4456 se
3158 4415 3426 4472 unquam
3474 4402 3828 4472 desciscere,
3864 4420 3980 4462 nec

526 4495 688 4552 tibus
735 4493 954 4556 evenit,
996 4495 1062 4547 ut
1106 4489 1170 4546 in
1209 4489 1282 4545 iis
1325 4487 1632 4547 solvendis
1674 4503 1812 4560 qua:
1862 4485 2188 4544 adversarii
2217 4515 2262 4571 ι)
2295 4489 2416 4558 ﬁne
2449 4489 2580 4544 ullo
2631 4489 2952 4546 terminari
2991 4489 3095 4545 sed
3133 4495 3320 4546 totum
3367 4505 3489 4548 esse
3531 4493 3881 4566 complecti,
3913 4495 3980 4552 id

523 4585 849 4657 objiciunt,
908 4581 1112 4639 minus
1171 4578 1492 4636 commode
1542 4581 1878 4635 versentur.
1944 4576 2188 4632 Difﬁcile

522 4675 687 4732 enim
717 4678 806 4730 est
832 4688 959 4730 non
988 4670 1160 4728 fateri
1199 4670 1294 4726 his
1320 4669 1544 4739 verbis,
1577 4684 1652 4726 ex
1691 4669 1820 4725 alia
1855 4669 2185 4739 hypostasi,

523 4765 850 4821 essentiam
901 4761 1230 4833 designari.
1282 4759 1398 4817 Sed
1444 4759 1787 4815 levissimus
1834 4759 1930 4814 hic
1991 4757 2187 4814 Basilii

519 4869 730 4910 naevus
761 4857 871 4918 est,
905 4867 1018 4908 nec
1042 4867 1243 4907 causa:
1274 4865 1582 4906 summam
1608 4848 1864 4918 attingit,
1895 4865 2033 4921 quae
2063 4851 2187 4906 tota

518 4941 863 4999 vertebatur
907 4940 1024 4996 hoc
1069 4940 1333 5005 cardine,
1374 4944 1578 4995 utrum
1621 4938 1894 5012 synodus
1944 4938 2186 4995 Nicaeae

516 5046 704 5088 unam
751 5029 812 5086 in
860 5029 1054 5087 tribus
1102 5027 1379 5101 personis
1408 5027 1785 5101 hypostasim
1815 5027 2180 5085 admisisset.

518 5121 765 5177 Etiamsi
814 5119 1070 5176 Basilius
1117 5118 1296 5174 unius
1340 5118 1665 5174 testimonii
1716 5118 2179 5190 explicationem

514 5210 756 5281 longius
780 5212 1032 5283 repetat,
1062 5207 1296 5265 etiamsi
1327 5208 1658 5264 concedere
1684 5208 2042 5264 adversariis
2075 5224 2182 5264 no-

511 5301 596 5369 lit,
621 5300 789 5374 quod
807 5297 1099 5356 incolumi
1120 5314 1230 5356 sua
1251 5314 1438 5355 causa
1467 5298 1799 5354 concedere
1829 5303 2090 5371 poterat;
2117 5300 2180 5355 in

514 5407 588 5449 eo
628 5396 783 5448 certe
819 5389 1041 5464 synodi
1070 5395 1335 5446 mentem
1366 5388 1817 5446 accuratissime
1848 5389 2176 5462 perspexit,

513 5481 686 5554 quod
731 5485 850 5538 tres
895 5481 1256 5553 hypostases
1287 5479 1368 5536 ab
1411 5495 1484 5535 ea
1527 5479 1799 5535 sublatas
1843 5481 2174 5550 negaverit.

512 5574 706 5643 Atque
733 5570 798 5626 id
826 5569 1077 5643 quidem
1119 5567 1298 5625 nobis
1342 5567 1528 5641 paulo
1571 5568 1909 5626 accuratius
1955 5570 2178 5626 exami-

513 5659 791 5719 nandum
820 5663 934 5730 est,
961 5674 1034 5718 ac
1070 5657 1618 5722 demonstrandum
1656 5658 1962 5716 Nicaenam
1988 5673 2173 5731 syno-

2293 4584 2591 4648 przeterea
2629 4577 3181 4649 philosophandum
3226 4586 3280 4637 et
3320 4581 3751 4653 inquirendum
3785 4586 3979 4642 relin-

2297 4671 2525 4742 quitur.

2370 4758 2624 4830 Cyrillus
2655 4758 3256 4831 Hierosolymitanus,
3279 4776 3464 4832 quem
3491 4777 3630 4818 cum
3655 4763 3711 4819 S.
3735 4763 3980 4824 Meletio

2296 4853 2354 4906 et
2397 4849 2530 4905 aliis
2562 4849 2742 4905 trium
2783 4848 3210 4922 bypostasium
3253 4849 3679 4908 defensoribus
3709 4855 3980 4926 conjun-

2295 4939 2595 4995 tissimum
2626 4938 2810 4994 fuisse
2836 4941 3096 5006 constat,
3127 4937 3433 4995 interdum
3464 4941 3826 5014 hypostasis
3866 4960 3977 5000 no-

2293 5031 2456 5086 mine
2501 5028 2904 5084 substantiam
2932 5027 3226 5098 intelligit.
3263 5029 3357 5086 Sic
3399 5031 3562 5086 enim
3605 5030 3886 5103 loquitur
3911 5033 3977 5088 in

2292 5124 2406 5175 cat.
2437 5123 2489 5189 6,
2517 5134 2578 5174 n.
2605 5123 2634 5174 5
2665 5136 2676 5173 :
2709 5117 3099 5180 Ἀκατάληπτός
3149 5117 3289 5171 ἐστιν
3330 5120 3358 5176 ἡ
3410 5121 3704 5183 ὑπόστασις
3737 5122 3770 5180 ἡ
3812 5125 3933 5176 θεία
3959 5146 3972 5158 ·

2291 5208 2734 5279 Comprehendi
2787 5224 2908 5264 non
2964 5213 3160 5278 potest
3207 5208 3553 5266 substantia
3605 5211 3866 5284 divina;
3915 5218 3976 5271 et

2290 5303 2405 5356 cat.
2452 5303 2538 5368 16,
2566 5298 2641 5354 de
2679 5297 2899 5369 Spiritu
2927 5296 3183 5370 loquens
3227 5298 3342 5354 ait:
3377 5301 3539 5351 Φύσιν
3567 5296 3626 5353 δὲ
3655 5301 3683 5359 ἡ
3717 5301 3971 5357 ὑπόσταο

2292 5408 2374 5441 σιν
2417 5393 2488 5460 μὴ
2535 5386 2998 5460 πολυπραγμόνει·
3048 5388 3353 5444 Naturam
3395 5395 3501 5446 aut
3544 5390 3968 5451 substantiam

2287 5495 2363 5536 ne
2387 5479 2618 5534 curiose
2641 5479 2979 5548 investiges.

2361 5569 2454 5626 Sic
2497 5568 2680 5624 etiam
2724 5566 3098 5640 Epiphanius
3140 5567 3445 5625 interdum
3493 5570 3794 5623 ὑπόστασιν
3847 5589 3970 5646 pro

2287 5660 2445 5731 οὑσίᾳ
2473 5658 2679 5731 sumit,
2705 5657 2872 5717 velut
2895 5673 3035 5714 cum
3073 5657 3156 5716 ait
3192 5657 3408 5718 haeres.
3441 5675 3621 5730 LXXIV,
3653 5675 3714 5718 n.
3750 5665 3809 5735 4,
3849 5670 3970 5720 Μία
