4154 6426
243 362 294 416 13
1014 433 1034 444 _
1763 356 2158 416 PRIEFATIO.
3598 373 3663 428 44

211 486 347 544 θεότης
400 491 487 544 τῆς
549 485 728 547 αὐτῆς
800 485 1136 562 δυνάμεως
1175 531 1191 557 ,
1275 496 1372 551 τῆς
1443 487 1602 547 αὐτῆς
1668 483 1972 539 ὑποστάολ
2010 479 2070 536 δὲ
2107 487 2196 536 καὶ
2237 484 2381 560 παρὰ
2426 491 2536 547 τοῖς
2575 485 2789 549 Ἰταλοῖς
2836 489 3041 562 ὁμοίως,
3094 488 3200 542 ἀλλ’
3249 490 3309 543 οὐ
3358 489 3664 566 δυναμένοις

204 592 310 633 πως·
357 573 475 630 Una
517 574 866 650 divinitas,
958 581 1271 650 ejusdem
1315 579 1573 646 virtutis,
1633 574 1897 645 ejusdem

193 663 480 732 hypostasis.
510 664 693 720 Idem
743 670 997 724 tamen
1059 669 1406 736 sentiebat,
1451 674 1584 741 τρεῖς
1623 665 1900 737 ἀναγκαῖον

187 747 278 803 εἶναι
321 754 402 813 τὰς
451 753 835 821 ὑποστάσεις,
916 756 1272 830 ὁμολογεῖν,
1326 770 1556 813 necesse
1613 769 1737 810 esse
1784 757 1903 808 tres

181 843 459 911 typostases
477 845 820 913 conﬁteri,
863 846 1104 920 idque
1141 846 1460 919 conceptis
1503 843 1704 900 verbis
1747 841 1904 898 Basi-

170 931 229 987 lio
248 933 558 1004 scripserat,
595 935 718 1006 qui
745 935 960 992 hanc
985 937 1180 993 illius
1213 935 1551 993 doctrinam
1573 932 1905 1007 plurimum

167 1021 319 1078 laudat
350 1023 405 1077 in
442 1023 636 1094 epist.
690 1029 856 1081 258.
940 1028 1180 1092 Quare
1225 1026 1366 1082 vitio
1413 1040 1539 1081 non
1571 1025 1734 1079 caret
1770 1019 1905 1093 Epi-

165 1111 318 1184 phanii
359 1117 701 1169 contextus
762 1115 843 1170 in
910 1119 1297 1187 Ancorato,
1328 1131 1388 1172 n.
1424 1119 1475 1182 6,
1508 1113 1615 1170 ubi
1655 1112 1739 1168 sic
1767 1109 1910 1180 legi-

165 1208 258 1257 tur:
300 1201 400 1253 Ὲὰν
443 1205 556 1277 γὰρ
622 1207 813 1276 εἴπῃς
877 1209 960 1258 τὸ
1011 1207 1341 1279 ὁμοούσιον,
1382 1205 1574 1266 ἔλυσας
1631 1199 1906 1259 Σαϐελλίου

171 1297 230 1347 τὶν
266 1290 476 1365 δύναμιν
538 1295 696 1346 ὅπου
759 1297 898 1370 γὰρ
977 1297 1313 1368 ὁμοούσιον,
1374 1300 1498 1367 μιᾶς
1563 1291 1907 1345 ὑποστάσεώς

179 1378 560 1440 lminis-rixis».
611 1383 1083 1440 Addendam
1123 1401 1258 1440 esse
1295 1383 1686 1454 negationem
1731 1395 1803 1436 ac
1831 1378 1912 1434 Ιο-

183 1472 372 1540 gendum
400 1473 456 1525 οὗ
489 1479 632 1545 μιᾶς
668 1473 870 1530 vidit
909 1475 1078 1547 ipse
1113 1473 1419 1537 Petavius,
1451 1472 1558 1544 qui
1598 1471 1682 1526 sic
1727 1469 1913 1525 inter-

181 1567 416 1632 pretatur:
472 1564 929 1634 Usurpando
999 1563 1556 1620 consubstantialis
1607 1559 1908 1617 vocabulo

187 1651 370 1708 Sabellii
393 1655 586 1709 robur
619 1655 1008 1726 infringis
1029 1671 1053 1710 :
1087 1669 1216 1710 non
1246 1654 1404 1709 enim
1430 1649 1910 1708 consubstantia-

193 1743 241 1797 lis
258 1759 346 1800 vox
366 1745 787 1815 singularem
830 1745 1261 1816 hypostasim
1289 1743 1617 1815 signiﬁcat.

2009 569 2105 625 διὰ
2163 577 2441 634 στενότητα
2491 583 2588 636 τῆς
2625 576 2748 651 παρ’
2803 577 2979 640 αὐτοῖς
3034 579 3272 651 γλώττης
3323 586 3412 634 καὶ
3474 583 3664 655 ὀνομά-

2008 681 2107 714 των
2160 667 2359 735 πενίαν,
2420 661 2604 717 δει).εῐν
2657 664 2757 719 ἀπὸ
2806 676 2900 731 τῆς
2958 668 3141 732 οὐσίας
3198 675 3293 728 τὴν
3346 673 3662 741 ὑπόστασιν,

2010 757 2100 804 καὶ
2150 749 2243 805 διὰ
2287 761 2441 807 τοῦτο
2496 753 2910 829 ἁντεισαγούσης
2956 757 3100 834 [leg.
3159 758 3552 834 ἆντεισάγονσι]
3600 764 3666 815 τὰ

2010 845 2287 916 πρόσωπα·
2320 846 2401 896 ἶνα
2431 848 2501 917 μὴ
2534 852 2668 918 τρεῖς
2696 845 2874 899 οὐσίαι
2903 845 3336 923 παραδειχθῶσι,
3365 855 3420 904 τί
3443 856 3663 924 γίνετας

2016 933 2105 995 Ὠς
2131 932 2240 986 λίαν
2280 934 2476 1006 γελοῖον
2526 936 2557 995 ἢ
2605 935 2834 990 ἐλεεινόν·
2882 943 3110 1003 πίστεως
3158 937 3302 1004 ἔδοξε
3340 938 3588 1018 διαφορά,
3631 945 3662 1000 ἠ

2013 1028 2131 1098 περὶ
2167 1028 2254 1076 τὸν
2299 1021 2436 1098 ἦχον
2483 1026 2816 1101 μικρολογία.
2865 1030 3025 1087 Nam
3069 1046 3204 1088 cum
3242 1035 3498 1090 essentia
3543 1049 3667 1091 una

2016 1118 2071 1168 et
2111 1118 2229 1170 tres
2271 1115 2613 1186 hypostases
2655 1133 2692 1174 a
2738 1117 2914 1176 nobis
2953 1120 3055 1189 pie
3099 1121 3450 1178 dicerentur
3484 1123 3671 1196 (quod

2015 1204 2279 1260 alterum
2316 1205 2656 1263 divinitatis
2693 1213 3003 1277 naturam,
3035 1210 3292 1268 alterum
3322 1213 3509 1269 trium
3529 1229 3670 1284 per-

2015 1307 2304 1349 sonarum
2326 1297 2732 1367 proprietates
2760 1298 3070 1365 declaret),
3099 1306 3278 1374 atque
3311 1303 3513 1360 eodem
3543 1304 3671 1376 qui-

2018 1383 2147 1439 dem
2169 1384 2342 1440 modo
2365 1386 2534 1455 apud
2551 1388 2849 1444 Romanos
2868 1390 3375 1461 intelligerentur,
3393 1399 3671 1451 caeterum

2017 1471 2089 1528 ob
2122 1473 2346 1544 linguae
2381 1474 2549 1531 illius
2578 1479 2922 1548 angustiam
2953 1485 3007 1535 et
3037 1482 3352 1539 verborum
3381 1484 3671 1554 inopiam,

2021 1561 2390 1631 hypostasim
2407 1563 2481 1619 ab
2502 1568 2754 1623 essentia
2775 1567 3150 1640 distinguere
3171 1586 3292 1627 non
3311 1578 3674 1641 possent,eo-

2018 1665 2133 1722 que
2153 1652 2388 1720 factum
2418 1660 2583 1724 esset,
2617 1661 2682 1711 ut
2711 1671 2787 1713 ne
2813 1662 2933 1715 tres
2962 1660 3330 1718 substantias
3355 1663 3674 1720 admittere

2017 1741 2399 1808 viderentur,
2443 1759 2842 1813 personarum
2881 1749 3240 1806 vocabulum
3291 1751 3670 1823 inducerent,

246 1836 402 1890 Ruunt
447 1851 605 1906 ergo
673 1839 1127 1906 argumenta
1177 1833 1422 1902 Petavii,
1480 1836 1540 1889 et
1586 1847 1660 1888 ex
1711 1829 1907 1888 allatis
1937 1844 1979 1899 Β
2016 1831 2164 1901 quid
2183 1832 2425 1889 tandem
2449 1835 2870 1905 contigit?Res
2887 1839 3438 1908 profectoridicula
3456 1843 3551 1898 vel
3569 1858 3675 1913 po-

201 1925 424 1996 exemplis
435 1925 861 1998 perspicitur
871 1926 922 1981 h
929 1942 980 1998 y
988 1924 1294 1998 postasim
1311 1923 1613 1979 interdum
1628 1937 1740 1995 pro
1751 1920 1908 1994 οὐσιᾳ

210 2014 325 2069 sumi
341 2032 529 2087 posse,
561 2015 907 2088 quamvis
930 2019 1072 2070 tres
1093 2014 1460 2086 hypostases
1487 2012 1905 2079 admittantur,

221 2105 495 2177 asproinde
510 2106 831 2162 Nicmnos
856 2109 1118 2171 Patres,
1144 2104 1377 2160 etiamsi
1394 2102 1774 2175 hypostasim
1795 2116 1908 2174 pro

233 2193 341 2266 σὶοίᾳ
358 2196 771 2268 sumpserint,
808 2210 964 2251 non
997 2193 1231 2250 idcirco
1257 2209 1445 2249 unam
1471 2193 1536 2248 in
1568 2191 1759 2248 tribus
1779 2205 1908 2263 per-

233 2284 763 2357 sonishypostasim
787 2283 1189 2340 decrevisse.
1206 2285 1408 2355 Neque
1424 2281 1607 2352 hujus
1623 2280 1707 2337 rei
1728 2279 1908 2349 longe

228 2374 434 2445 petenda
460 2374 844 2448 explicatio.
885 2372 1196 2439 Quamvis
1226 2372 1388 2428 enim
1434 2370 1701 2428 essentia
1730 2369 1806 2426 sit
1846 2369 1910 2426 id

225 2463 354 2535 quod
370 2481 704 2521 commune
723 2467 832 2520 est
852 2463 1067 2520 tribus
1081 2463 1376 2535 personis,
1398 2461 1744 2534 hypostasis
1764 2475 1911 2516 vero

224 2553 273 2608 id
295 2555 441 2626 quod
467 2556 824 2628 proprium
854 2572 871 2623 ;
913 2569 1084 2626 sape
1126 2557 1329 2609 tamen
1359 2551 1634 2607 essentia:
1660 2549 1911 2606 nomine

224 2644 540 2717 hypostasis
586 2643 1195 2717 comprehenditur,
1244 2659 1315 2699 ac
1343 2641 1606 2698 vicissim
1645 2641 1780 2714 ipsa
1804 2640 1913 2712 hy-

227 2735 452 2804 postasis
469 2735 835 2791 essentiam
852 2732 1347 2805 comprehendit.
1361 2734 1516 2787 Dum
1534 2731 1696 2786 enim
1716 2745 1914 2786 essen-

229 2821 298 2876 tia
325 2824 428 2880 sive
454 2829 698 2881 natura
734 2820 1201 2889 consideratur,
1234 2823 1538 2893 quatenus
1581 2819 1912 2890 conjuncta

220 2916 301 2968 est
325 2929 454 2968 cum
475 2929 716 2986 person
726 2911 949 2967 alibus
972 2909 1465 2982 proprietatibus,
1496 2909 1620 2965 sive
1642 2924 1782 2964 cum
1802 2907 1912 2980 hy-

219 3003 449 3072 postasi,
477 3010 630 3059 tunc
681 3001 926 3058 eodem
969 3005 1516 3071 sensu-usurpatur
1544 3015 1614 3056 ae
1648 3013 1911 3076 persona

221 3090 332 3146 sive
359 3092 728 3164 hypostasis
758 3107 774 3145 :
813 3089 984 3145 unde
1006 3090 1062 3146 S.
1081 3088 1425 3145 Alexander
1449 3086 1907 3151 Alexandrinus,

2019 1921 2136 1976 tius
2166 1922 2514 1980 miseranda
2534 1939 2558 1980 ,ο
2589 1925 2840 1982 diversa
2859 1927 3004 1996 ﬁdei
3030 1929 3277 1998 speciem
3302 1932 3563 2000 praebuit
3595 1933 3672 1989 le-

2020 2011 2104 2064 vis
2129 2009 2244 2064 illa
2272 2016 2328 2065 et
2337 2012 2560 2081 jejuna
2580 2012 2653 2069 de
2678 2028 2885 2071 vocum
2906 2031 3049 2072 sono
3077 2018 3424 2076 altercatio.

2089 2098 2395 2156 Habemus
2435 2117 2579 2173 ergo
2627 2103 2808 2159 totius
2846 2104 3240 2164 dissensionis
3272 2109 3588 2179 originem,
3620 2115 3678 2168 et

2017 2187 2255 2244 initium
2282 2190 2462 2246 unius
2491 2191 2861 2265 hypostasis.
2882 2198 3227 2269 Antequam
3248 2199 3467 2255 Latinis
3495 2201 3558 2256 in
3585 2200 3678 2256 in-

2017 2279 2408 2350 terpretanda
2435 2280 2780 2354 hypostasis
2816 2299 2957 2341 voce
2986 2285 3330 2345 molestiam
3360 2288 3682 2348 facesseret

2018 2367 2241 2439 lingua:
2281 2369 2507 2444 inopia,
2544 2372 2713 2430 nulla
2759 2379 2887 2432 erat
2933 2376 3099 2448 apud
3129 2379 3363 2435 Graecos
3393 2397 3465 2438 ea
3511 2379 3588 2436 de
3616 2395 3681 2437 re

2020 2460 2446 2526 controversia,
2474 2461 2642 2520 nulla
2663 2463 2947 2536 varietas;
2973 2482 3044 2523 ac
3063 2467 3318 2540 proinde
3335 2485 3459 2526 non
3482 2469 3682 2527 solum

2021 2548 2242 2604 Nicaeni
2263 2551 2484 2624 Patres,
2502 2551 2608 2607 sed
2629 2556 2687 2608 et
2701 2557 3001 2628 quotquot
3019 2557 3366 2630 hypostasis
3384 2559 3682 2617 vocabulo

2023 2637 2101 2695 ad
2131 2639 2507 2698 eﬂerendum
2536 2642 2765 2714 dogma
2797 2645 2892 2701 usi
2917 2651 3078 2715 sunt,
3120 2663 3243 2705 non
3274 2665 3462 2706 unam
3491 2649 3685 2724 hypo-

2021 2728 2255 2795 stasim,
2285 2729 2392 2785 sed
2420 2735 2542 2787 tres
2566 2732 2927 2806 hypostases
2953 2735 3251 2794 dixerunt.
3280 2741 3542 2810 Gregorii
3571 2746 3685 2798 tes-

2019 2818 2344 2874 timonium
2375 2821 2698 2878 conﬁrmat
2726 2824 2978 2882 Aeacius
3003 2829 3347 2896 Beraeensis,
3370 2831 3577 2903 quisic
3599 2829 3686 2888 lo-

2021 2907 2226 2979 quitur
2244 2909 2412 2979 apud
2429 2910 2717 2982 Cyrillum
2737 2912 3232 2986 Alexandrinum,
3246 2919 3423 2990 epist.
3443 2924 3526 2975 l3:
3550 2922 3683 2977 Bea-

2024 3002 2119 3053 tus
2148 2999 2462 3067 Paulinus,
2488 2999 2702 3072 inquit,
2737 3007 2855 3058 tres
2882 3003 3233 3073 hypostases
3254 3013 3464 3077 aperte
3487 3008 3686 3065 dicere

2023 3088 2362 3158 recusabat,
2387 3090 2659 3159 quamvis
2685 3091 2888 3148 eadem
2916 3095 3140 3152 virtute
3160 3103 3214 3152 et
3236 3099 3489 3154 veritate
3507 3101 3686 3155 senti-

215 3181 376 3251 cujus
401 3182 597 3238 verba
619 3197 780 3237 mox
801 3179 1164 3246 referemus,
1185 3183 1417 3235 Patrem
1444 3184 1502 3235 et
1523 3178 1737 3234 Filium
1757 3178 1910 3234 duas
1941 3202 1983 3258 ρ
2021 3182 2113 3233 ret
2143 3192 2214 3233 ac
2237 3177 2623 3247 praedicaret.
2651 3180 2906 3237 Secutus
2928 3188 3011 3239 est
3033 3192 3232 3242 autem
3258 3188 3554 3256 pz'issimos
3577 3189 3681 3245 0c-

209 3269 522 3340 hypostasi
542 3278 830 3328 naturas
852 3275 1050 3326 vocat.
1072 3267 1165 3325 Sic
1185 3268 1366 3324 etiam
1385 3265 1909 3340 hypostasis,dum

209 3361 643 3419 consideratur
660 3365 984 3434 quatenus
1003 3375 1142 3414 cum
1161 3357 1422 3414 essentia
1446 3357 1774 3429 conjuncta
1801 3358 1908 3426 est,

211 3452 518 3508 interdum
561 3468 686 3526 pro
735 3449 1013 3507 essentia
1052 3449 1328 3505 sumitur.
1379 3445 1913 3514 Quemadmodum

219 3554 360 3610 ergo
405 3543 610 3598 sancti
661 3543 900 3603 Patres,
943 3538 1054 3595 etsi
1097 3537 1402 3594 interdum
1454 3535 1785 3593 essentiam
1816 3551 1912 3622 su-

214 3636 388 3686 munt
414 3648 537 3704 pro
556 3629 922 3704 hypostasi,
947 3628 1073 3684 sive
1093 3643 1375 3700 persona,
1400 3642 1525 3683 non
1545 3625 1772 3682 idcirco
1793 3628 1912 3680 tres

214 3722 514 3777 essentias
563 3720 946 3787 admittunt;
999 3717 1085 3774 ita
1115 3733 1188 3774 ex
1217 3733 1289 3772 eo
1335 3715 1505 3790 quod
1532 3714 1914 3788 hypostasim

215 3822 687 3882 nonnunquam
723 3811 974 3864 sumant
1017 3822 1130 3879 pro
1173 3805 1438 3863 essentia
1473 3820 1600 3862 non
1643 3803 1916 3876 sequitur

219 3913 411 3955 unam
441 3899 528 3956 ab
553 3899 679 3955 illis
709 3896 1103 3970 hypostasim
1135 3895 1395 3952 admitti.

294 3990 390 4044 Ill.
434 3990 560 4046 Sed
585 3990 724 4061 jam
751 3988 1000 4057 longius
1031 3985 1208 4043 nobis
1248 3984 1673 4058 promovenda
1718 3983 1914 4040 Basilii

222 4078 528 4135 defensio:
542 4079 848 4135 hactenus
867 4078 1027 4134 enim
1040 4075 1364 4150 probatum
1374 4075 1473 4142 ,im
1481 4074 1693 4131 merito
1705 4073 1916 4145 attingi

228 4169 476 4239 synodo
510 4170 776 4226 Nicena:
797 4183 989 4224 unam
1019 4166 1433 4240 hypostasim:
1463 4180 1629 4222 nunc
1653 4164 1916 4237 proban-

227 4255 384 4314 dum
417 4265 544 4316 tres
569 4260 946 4331 hypostases
972 4273 1212 4330 semper
1233 4256 1298 4313 in
1328 4255 1564 4314 Oriente
1586 4258 1917 4328 usurpatas

232 4363 482 4405 summo
515 4364 832 4404 consensu
859 4347 1065 4411 fuisse,
1094 4346 1312 4403 saltem
1339 4363 1376 4402 a
1397 4344 1643 4402 Sabellii
1672 4348 1729 4400 et
1750 4343 1917 4401 Nocti

237 4440 537 4511 tempore;
553 4452 666 4494 nec
677 4437 836 4494 ullos
849 4436 1140 4493 habuisse
1161 4434 1792 4507 adversarios,pra3ter
1804 4437 1920 4511 An-

2021 3266 2277 3322 cidentis
2299 3267 2602 3337 episcopos
2612 3277 2938 3340 propterea
2954 3274 3114 3345 quod
3134 3277 3452 3347 angustior
3471 3284 3554 3334 est
3576 3279 3686 3334 lin-

2021 3370 2145 3426 gua
2166 3357 2458 3424 Romana,
2481 3372 2664 3426 quam
2689 3365 2757 3415 ut
2777 3363 3104 3420 secundum
3124 3365 3394 3423 Graecam
3416 3373 3683 3425 nostram

2016 3445 2295 3514 phrasim
2325 3451 2444 3501 tres
2475 3445 2825 3518 hypostases
2851 3451 3050 3508 dicere
3077 3462 3278 3525 queat.

2095 3534 2249 3590 Illud
2275 3534 2456 3590 etiam
2485 3536 2814 3594 novitatem
2846 3539 3024 3596 unius
3049 3541 3403 3615 hypostasis
3429 3546 3682 3604 demon-

2023 3627 2210 3681 strare
2239 3624 2450 3696 possit,
2485 3625 2653 3698 quod
2691 3643 2831 3684 cum
2865 3629 3130 3702 epistolae
3163 3634 3533 3692 Sardicensis
3582 3654 3683 3710 sy-

2023 3713 2169 3769 nodi
2199 3713 2491 3784 adjuncta
2519 3730 2556 3770 a
2599 3716 2908 3772 nonnullis
2956 3719 3164 3777 fuisset
3210 3724 3497 3795 quaedam
3540 3725 3682 3782 ﬁdei

2023 3802 2342 3866 confessio,
2364 3801 2426 3858 in
2446 3819 2571 3875 qua
2594 3819 2719 3861 una
2743 3805 3115 3878 hypostasis-,
3137 3814 3202 3866 ut
3224 3813 3558 3884 apostolica
3577 3815 3684 3872 do-

2023 3892 2234 3956 ctrina,
2254 3891 2625 3962 tradebatur,
2639 3893 2798 3949 hanc
2815 3895 2954 3951 ﬁdei
2976 3897 3419 3958 confessionem
3436 3903 3680 3961 Alexan-

2022 3980 2198 4037 drina
2225 3980 2504 4052 synodus
2536 3985 2602 4037 ut
2625 3983 2896 4054 spuriam
2922 3987 3144 4057 rejecit,
3179 4005 3249 4045 ac
3273 3991 3680 4050 Antiochenos

2021 4072 2261 4128 hortata
2290 4075 2382 4129 est
2411 4073 2506 4144 (2),
2539 4077 2608 4128 ut
2647 4089 2784 4130 eam
2821 4091 2934 4131 nec
2957 4075 3075 4147 legi
3101 4095 3213 4136 nec
3241 4082 3490 4153 proferri
3520 4088 3682 4156 pate-

2022 4166 2247 4218 rentur.
2280 4161 2575 4217 Eusebius
2594 4163 2982 4221 Vereellensis
3001 4167 3062 4223 in
3084 4169 3523 4230 subscribendo
3543 4190 3680 4231 eam

2023 4266 2099 4307 ne
2128 4251 2558 4323 proferendam
2586 4253 2835 4324 quidem
2867 4271 2999 4312 esse
3025 4261 3394 4329 pronuntiat.

2096 4344 2183 4396 IV.
2209 4339 2325 4398 Sed
2344 4342 2722 4415 praecipuum
2741 4343 2920 4401 nobis
2942 4354 3369 4417 argumentum
3400 4352 3683 4424 suppedi-

2023 4433 2154 4487 tant
2181 4429 2542 4502 scriptorum
2583 4432 3129 4491 ecclesiasticorum
3161 4437 3518 4506 testimonia,
3551 4443 3682 4496 tum

242 4528 558 4584 tiochenos
574 4527 934 4597 nonnullos,
949 4542 1103 4599 quos
1119 4525 1433 4582 Latinihac
1443 4540 1590 4580 voce
1603 4523 1916 4594 oblingum
1947 4553 1992 4606 ο
2026 4535 2236 4576 eorum
2254 4518 2360 4591 qui
2375 4522 2514 4575 ante
2531 4520 2854 4577 concilium
2872 4522 3068 4579 Niemn
3078 4541 3177 4581 um
3195 4526 3682 4597 ﬂoruerunt,tum

250 4634 368 4674 suae
388 4619 671 4693 inopiam
693 4618 909 4676 oﬁ'ensi
931 4618 990 4673 in
1006 4617 1368 4674 sententiam
1389 4632 1566 4673 suam
1586 4618 1915 4672 traxerunt.

317 4711 459 4783 Ipsa
513 4710 617 4768 illa
663 4708 1102 4776 controversia,
1159 4724 1295 4781 quae
1351 4707 1428 4763 de
1480 4705 1919 4780 hypostasibus

250 4808 456 4859 exorta
504 4806 613 4870 est,
667 4802 895 4858 eximio
945 4799 1128 4856 nobis
1157 4801 1519 4868 argumento
1560 4800 1919 4870 perpetuam

251 4892 500 4948 Orientis
527 4892 868 4950 doctrinam
902 4891 1306 4948 demonstrat.
1332 4887 1627 4942 Discimus
1655 4884 1817 4942 enim
1847 4899 1922 4941 ex

254 4982 528 5052 Gregorio
572 4985 952 5041 Nazianzeno
1007 4982 1128 5034 tres
1174 4977 1560 5050 hypostases,
1590 4978 1920 5047 antequam

253 5070 378 5127 haec
417 5075 668 5146 prodiret
711 5071 1056 5134 dissensio,
1111 5067 1386 5124 Ecclesiae
1433 5063 1747 5123 Orientalis
1785 5081 1919 5136 usu,

257 5163 479 5222 nemine
529 5169 943 5242 repugnante,
1000 5157 1296 5215 contritas
1343 5155 1551 5212 fuisse.
1614 5155 1705 5212 Sic
1756 5153 1919 5210 enim

258 5249 495 5326 loquitur
515 5262 567 5318 S.
599 5258 940 5334 Gregorius
976 5251 1044 5309 in
1077 5252 1232 5305 orat.
1267 5251 1355 5315 2t,
1388 5262 1450 5319 p.
1479 5250 1618 5303 395:
1664 5251 1771 5304 Τῆς
1817 5244 1919 5319 γὰρ

257 5349 362 5412 ως
405 5351 588 5424 οὐσίας,
650 5359 742 5408 καὶ
811 5355 929 5402 τῶν
998 5347 1166 5416 τριῶν
1233 5337 1574 5389 ὑποστάσεων
1641 5335 1922 5406 λεγομένων

250 5436 323 5505 μὲν
348 5441 420 5516 ὑφ’
447 5446 581 5516 ἡμῶν
609 5443 824 5501 εὐσεϐεῖ,
838 5459 886 5502 ς·
921 5436 993 5489 τὸ
1045 5431 1144 5504 μὲν
1183 5428 1284 5499 γὰρ
1327 5430 1421 5484 τὴν
1453 5427 1609 5498 φύσιν
1642 5419 1798 5481 δηλοῖ
1833 5430 1925 5482 τῆς

243 5501 557 5614 irin-5:376
612 5540 678 5598 δέ
725 5541 837 5599 τὰς
892 5534 1016 5584 τῶν
1081 5525 1245 5595 τριῶν
1302 5513 1596 5579 ἰδιότητας,
1640 5517 1925 5590 νοουμένων

259 5745 326 5822 (2)
357 5749 652 5812 Albanas.
695 5736 916 5816 epist.
958 5721 1061 5785 ad
1107 5713 1566 5775 Antiochenses.

2027 4625 2240 4666 eorum
2271 4608 2378 4681 qui
2403 4608 2640 4680 synodo
2669 4609 3082 4685 interfuerunt,
3109 4619 3214 4670 aut
3238 4622 3373 4688 post
3394 4633 3528 4674 eam
3547 4619 3685 4676 scri-

2026 4715 2222 4773 psere.
2254 4698 2461 4754 Nullus
2486 4715 2632 4756 sane
2652 4699 2906 4772 proferri
2925 4707 3138 4776 potest,
3163 4706 3266 4777 qui
3292 4723 3478 4763 unam
3499 4708 3562 4764 in
3581 4709 3686 4766 tri-

2028 4789 2144 4845 bus
2164 4787 2439 4862 personis
2467 4789 2848 4861 hypostasim
2868 4791 3084 4848 dixerit
3109 4809 3121 4847 :
3154 4799 3455 4868 quotquot
3483 4802 3686 4856 autem

2028 4879 2769 4952 inexplicandoTrinitatis
2782 4882 3584 4958 mysterionypostasisvoce
3598 4889 3691 4945 usi

2031 4974 2196 5034 sunt,
2223 4973 2340 5025 tres
2359 4969 2724 5041 hypostases
2749 4987 2991 5028 summo
3023 4988 3325 5032 consensu
3344 4985 3687 5036 numerant.

2105 5059 2389 5130 Origenes
2423 5063 2569 5114 tom.
2602 5075 2643 5114 11
2680 5061 2744 5116 in
2781 5063 3098 5133 Joannem,
3133 5081 3192 5138 p.
3230 5071 3316 5138 ὃὸ,
3361 5069 3446 5124 sic
3484 5074 3694 5127 contra

2031 5149 2401 5208 Sabellianos
2441 5151 2831 5220 pronuntiat:
2889 5153 3067 5226 Ἡμεῖς
3104 5161 3340 5229 μέντοιγε
3385 5166 3522 5233 τρεῖς
3569 5161 3692 5212 ὑπο-

2033 5240 2244 5300 στάσεις
2291 5240 2584 5312 πειθόμενοι
2636 5244 2964 5314 τυγχάνειν,
3034 5247 3121 5297 τὸν
3189 5251 3396 5323 Πατέρα
3462 5254 3551 5301 καὶ
3605 5251 3693 5300 τὸν

2033 5332 2151 5383 Υἱὸν
2193 5333 2283 5380 καὶ
2339 5332 2397 5380 τὸ
2442 5329 2590 5401 ἅγιον
2641 5337 2869 5404 Πνεῦμα·
2921 5334 3046 5389 Nos
3093 5341 3294 5392 autem
3341 5353 3696 5407 persuasum

2035 5419 2319 5476 habemus
2350 5424 2470 5476 tres
2508 5434 2630 5476 esse
2668 5421 3031 5492 hypostases,
3064 5425 3302 5481 Patrem
3325 5432 3380 5481 et
3394 5427 3621 5482 Filium
3640 5431 3699 5483 et

2033 5509 2330 5580 Spiritum
2358 5514 2658 5568 sanctum.
2691 5510 2922 5569 Refellit
2944 5511 3006 5569 in
3035 5512 3190 5574 libro
3223 5530 3296 5570 vn
3327 5521 3542 5575 contra
3570 5515 3699 5573 Cel-
