4154 6388
566 315 630 368 is
2088 303 2476 361 PREFATIO.
3927 318 3988 368 ,δ

557 449 710 505 sum,
741 448 882 507 pag.
916 437 1043 506 386,
1095 433 1345 491 eosdem
1392 434 1727 503 haereticos,
1763 436 1870 507 qui
1900 435 2136 490 Patrem
2167 435 2224 485 et
2253 433 2302 484 A
2329 429 2487 486 libus
2520 433 2986 504 proprietatibus
3009 435 3071 490 in
3102 449 3471 508 unaquaque
3503 450 3767 507 persona
3793 438 3988 493 consi-

557 525 774 581 Filium
805 525 960 581 duas
991 541 1122 581 esse
1152 526 1521 597 hypostases
1552 526 1898 596 negabant;
1931 525 2060 596 ipse
2082 537 2222 578 vero

559 614 713 669 duas
744 614 1056 684 hypostasi
1083 629 1177 670 res
1208 630 1330 670 esse
1359 619 1688 685 asseverat,
1714 617 1836 666 ὄντα
1867 611 1964 666 aud
1995 620 2056 684 τῇ
2091 614 2222 662 ὑπο-

564 705 749 755 στάσει
775 704 1084 776 πράγματα.

631 794 688 848 S.
738 793 988 849 Basilius
1035 794 1097 849 in
1140 793 1297 850 libro
1342 795 1430 850 De
1455 795 1690 864 Spiritu
1728 801 1938 850 sancto
1970 809 2104 864 cap.
2134 795 2223 856 29,

560 899 625 938 n.
652 886 742 948 72,
774 899 836 955 p.
861 887 950 952 61,
976 884 1120 940 citat
1148 883 1295 940 illud
1323 885 1587 956 Dionysii
1613 884 2002 940 Alexandrini
2029 902 2039 938 :
2071 882 2129 934 Εἰ
2156 890 2226 951 τῷ

560 978 697 1045 τρεῖς
729 969 856 1025 εἶναι
887 975 974 1034 τὰς
1024 974 1360 1042 ὑποστάσεις,
1404 979 1787 1047 μεμερισμένας
1837 971 1964 1026 εἶναι
2013 973 2226 1042 λέγουσι

560 1067 697 1134 τρεῖς
727 1060 829 1113 εἰσι
857 1059 952 1113 κᾶν
983 1065 1053 1133 μή
1090 1061 1323 1114 θέλωσιν·
1357 1063 1386 1120 ἢ
1421 1067 1516 1120 τὴν
1550 1065 1688 1115 Θείαν
1730 1059 1940 1137 Τριάὸα
1969 1060 2226 1121 παντελῶς

563 1149 899 1205 ἀνελέτωσαν·
956 1153 1024 1209 Si
1051 1169 1114 1210 eo
1145 1154 1306 1224 quod
1346 1159 1465 1209 tres
1507 1160 1649 1209 sunt
1679 1155 2047 1225 hypostcses,
2082 1152 2226 1206 divi-

560 1257 654 1297 sas
683 1258 804 1298 esse
835 1243 1070 1311 dicunt,
1105 1252 1223 1300 tres
1252 1250 1394 1299 sunt
1433 1244 1670 1300 etiamsi
1707 1245 1944 1312 nolint;
1994 1248 2100 1298 aut
2133 1241 2226 1295 di-

560 1331 734 1386 vinas
765 1332 1041 1387 Triadem
1078 1346 1332 1400 prorsus
1369 1333 1611 1388 tollant.
1650 1335 1788 1388 Tres
1822 1346 1965 1400 ergo
2010 1331 2230 1401 hypos-

557 1423 722 1476 tases
750 1419 1014 1477 admittit
1043 1420 1370 1492 Dionysius
1389 1409 1854 1488 Alexandrinus,
1879 1419 1990 1476 sed
2015 1435 2119 1474 eos
2141 1433 2229 1474 re-

558 1509 724 1576 fellit,
755 1509 860 1583 qui
886 1526 959 1566 ex
1008 1526 1078 1566 eo
1119 1511 1289 1583 quod
1321 1515 1437 1567 tres
1471 1511 1608 1577 sint,
1641 1511 1868 1566 divisas
1909 1525 2038 1565 esse
2085 1523 2227 1564 con-

557 1598 911 1672 tendebant,
940 1600 1116 1672 quasi
1139 1615 1263 1656 non
1294 1616 1418 1656 una
1447 1603 1606 1656 esset
1634 1601 1697 1656 in
1727 1599 1918 1655 tribus
1947 1598 2224 1654 essentia.

559 1693 752 1761 Atque
781 1689 844 1744 id
879 1689 1130 1762 quidem
1171 1694 1449 1746 accurate
1480 1689 1959 1756 observandum,
1992 1693 2057 1744 ut
2096 1703 2226 1760 per-

2331 519 2606 578 derabat.

2405 613 2533 665 Non
2560 611 2811 668 discedit
2861 613 2938 668 ab
2982 614 3193 685 optimi
3237 614 3574 670 decessoris
3623 617 3680 668 et
3724 615 3990 684 magistri

2334 699 2599 770 vestigiis
2620 701 3007 771 Athanasius,
3039 703 3143 775 qui
3171 703 3284 758 sub
3316 704 3498 758 tinem
3529 702 3666 757 libri
3691 719 3873 774 quem
3917 705 3989 760 de

2334 788 2532 844 verbis
2564 791 2797 846 Domini
2829 793 3080 864 scripsit,
3111 793 3324 848 Omnia
3354 793 3506 848 milii
3535 791 3765 848 tradita
3785 800 3924 848 sunt
3947 797 3987 859 ³,

2334 882 2470 946 etc.,
2504 879 3058 952 sicloquitur(pag.
3100 884 3240 952 108):
3284 887 3352 934 Τὸ
3382 885 3481 953 γὰρ
3521 887 3692 956 τρίτον
3741 883 3805 933 τὰ
3844 888 3991 954 τίμια

2338 971 2448 1029 ζῶα
2468 977 2633 1020 ταῦτα
2654 976 2958 1045 προσφέρειν
2987 977 3078 1030 τὴν
3103 969 3423 1044 ὃοξολογίαν,
3438 971 3636 1043 Ἀγιος,
3652 972 3812 1041 ἅγιος,
3830 972 3992 1042 ἅγιος,

2335 1059 2566 1129 λέγοντα³
2611 1063 2699 1120 τὰς
2737 1069 2873 1134 τρεῖς
2912 1063 3231 1122 ὑποστάσεις
3280 1062 3470 1122 τελείας
3513 1059 3782 1112 δεικνύντα
3831 1060 3990 1113 ἐστίν·

2337 1150 2492 1203 Dum
2518 1156 2610 1204 ter
2640 1151 2986 1206 veneranda
3029 1152 3140 1208 illa
3172 1152 3467 1207 animalia
3497 1151 3992 1221 gloriﬁcationem

2332 1239 2680 1308 proferunt,
2716 1263 2742 1288 ‹‹
2765 1242 3041 1304 Sanctus,
3069 1248 3336 1308 sanctus,
3366 1246 3612 1297 sanctus
3636 1243 3714 1307 ³,»
3749 1247 3865 1296 tres
3892 1243 3993 1310 hy-

2333 1335 2600 1396 postases
2635 1331 2935 1399 perfectas
2984 1332 3305 1386 ostendunt
3339 1333 3402 1386 lit
3445 1331 3506 1384 in
3546 1331 3700 1386 libro
3737 1335 3861 1402 Περὶ
3904 1339 3994 1391 τῆς

2338 1417 2589 1490 ἐνσάρκου
2631 1418 2919 1490 ἐπιφανείας
2948 1427 3037 1471 τοῦ
3070 1428 3202 1471 Θεοῦ
3237 1424 3409 1490 Λόγου
3439 1421 3520 1491 (p.
3552 1421 3675 1488 878)
3701 1440 3712 1475 :
3759 1425 3868 1473 Μία
3896 1423 3991 1492 ’γὰρ

2339 1512 2366 1567 ἡ
2406 1513 2584 1571 Θεότης
2618 1514 2704 1561 καὶ
2729 1512 2796 1570 εἷς
2824 1513 2948 1569 Θεὸς
2983 1509 3030 1561 ἐν
3070 1515 3243 1584 τρισὶν
3274 1512 3651 1562 ὑποστάσεσιν·
3689 1512 3818 1566 Una
3842 1511 3990 1565 enim

2337 1599 2527 1655 deitas
2572 1605 2624 1655 et
2656 1615 2842 1654 unum
2875 1601 3031 1654 Deus
3071 1601 3132 1654 in
3174 1600 3368 1654 tribus
3397 1599 3842 1668 hypostasibus.
3885 1601 3990 1668 ily-

2336 1691 2600 1760 postasis
2657 1689 2871 1743 eodem
2933 1705 3114 1743 sensu
3172 1689 3427 1743 sumitur
3486 1690 3543 1743 in
3602 1689 3779 1756 libro,
3832 1687 3994 1755 Quod

557 1777 889 1848 spiciamus
917 1794 1104 1850 quam
1137 1777 1439 1834 immerito
1481 1778 1835 1850 Dionysium
1882 1781 2226 1834 Romanum
2259 1785 2298 1837 B
2337 1794 2491 1833 unus
2522 1787 2603 1834 est
2643 1779 2935 1835 Christus.
2975 1781 3348 1833 Postremum
3392 1779 3505 1833 hoc
3553 1794 3707 1848 opus
3756 1776 3991 1847 abjudi-

555 1883 696 1924 cum
717 1868 1123 1925 Alexandrino
1162 1885 1439 1941 pugnare
1478 1870 1822 1926 existiment
1859 1869 1980 1925 duo
2024 1868 2227 1924 eximii

555 1960 900 2032 scriptores,
937 1959 1213 2018 Petavius
1245 1962 1324 2031 (3)
1352 1964 1409 2017 et
1447 1964 1566 2016 Pet.
1597 1963 1890 2017 Constant
1916 1962 2013 2022 (4).
2069 1963 2224 2016 Uter-

551 2065 672 2122 que
692 2051 855 2107 enim
877 2066 1064 2107 unam
1084 2050 1471 2123 hypostasim
1493 2050 1683 2106 asseri
1705 2051 2016 2106 contendit
2033 2066 2068 2105 a
2095 2051 2226 2118 Dio_

551 2141 727 2212 nysio
748 2144 1021 2198 Romano
1038 2141 1099 2197 in
1117 2141 1233 2196 hoc
1253 2140 1596 2198 testimonio
1613 2140 1782 2213 apud
1797 2139 2220 2215 Athanasium,

549 2229 656 2286 lib.
681 2231 767 2287 De
794 2230 1018 2288 Decret.
1049 2231 1211 2296 Nic.,
1243 2245 1304 2284 n.
1335 2234 1423 2292 26,
1447 2246 1508 2302 p.
1535 2234 1630 2286 231
1661 2247 1673 2284 :
1697 2230 1842 2292 Ἑξῆς
1865 2225 1914 2281 δ’
1933 2228 1993 2280 ἄν
2017 2229 2223 2286 εἰκότως

548 2319 754 2394 λέγοιμι
783 2325 874 2373 καὶ
896 2323 1026 2396 πρὸς
1050 2317 1385 2393 διαιροῦντας
1410 2325 1500 2372 καὶ
1524 2325 1940 2392 κατατέμνοντας
1962 2325 2052 2371 καὶ
2074 2318 2219 2371 ἀναι-

549 2410 769 2484 ροῦντας
795 2413 853 2462 τό
887 2413 1198 2482 σεμνότατον
1229 2415 1476 2483 κήρυγμα
1508 2418 1602 2470 τῆς
1631 2409 1943 2470 Ἐκκλησίας
1969 2416 2060 2461 τοῦ
2091 2413 2218 2461 Θεοῦ

551 2505 642 2553 καὶ
671 2504 972 2574 μοναρχίαν
1013 2501 1085 2562 εἰς
1118 2507 1256 2573 τρεῖς
1289 2496 1541 2572 δυνάμεις
1588 2502 1731 2562 τινὰς
1777 2504 1867 2552 καὶ
1906 2503 2218 2573 μεμερισμέ-

547 2611 638 2652 νας
669 2592 988 2651 ὑποστασεις
1021 2593 1112 2641 καὶ
1149 2592 1397 2651 Θεότητας
1437 2597 1595 2664 τρεῖς·
1629 2591 1769 2646 Jam
1810 2604 1971 2659 vero,
2001 2589 2214 2660 inquit,

547 2695 783 2752 aequum
830 2681 1028 2750 fuerit
1057 2679 1347 2735 adversus
1389 2679 1531 2735 illos
1580 2679 1916 2747 disputare,
1972 2679 2078 2749 qui
2113 2692 2217 2733 au-

544 2771 949 2841 gustissimam
989 2771 1102 2826 Dei
1137 2769 1427 2825 Ecclesia
1447 2768 1944 2838 pradicationem
1976 2782 2216 2824 monar-

545 2860 744 2916 chiam
775 2860 839 2915 in
871 2863 992 2915 tres
1021 2857 1315 2929 quasdam
1365 2859 1618 2914 virtutes
1649 2872 1720 2914 ac
1764 2864 2080 2927 separatas
2111 2857 2218 2926 hy-

538 2956 806 3019 postases
823 2954 1059 3020 tresque
1074 2948 1420 3004 divinitates
1437 2947 2218 3015 dividunt,discindunt,de.

544 3043 928 3110 struuntque.
962 3036 1133 3092 Nulla
1156 3051 1303 3092 sane
1324 3036 1478 3091 inter
1508 3041 1835 3109 utrumque
1863 3035 2217 3108 Dionysium

2335 1873 2474 1924 cant
2521 1868 2793 1923 nonnulli
2845 1868 3196 1933 Athanasio,
3248 1867 3323 1921 de
3369 1867 3636 1922 secundo
3676 1882 3801 1922 non
3830 1866 3994 1921 deest

2333 1958 2584 2014 omnino
2607 1957 2923 2013 dubitandi
2948 1957 3139 2012 locus.
3170 1962 3239 2012 At
3281 1957 3545 2030 primum
3578 1973 3612 2012 a
3647 1956 3889 2012 nemine
3931 1955 3988 2010 in

2333 2047 2588 2103 dubium
2627 2051 2982 2111 revocatur;
3031 2046 3082 2101 si
3129 2050 3333 2101 tamen
3374 2047 3637 2117 excipias
3685 2045 3991 2102 Tillemon-

2332 2138 2498 2195 tium.
2530 2137 2636 2210 qui
2659 2137 2880 2193 fatetur
2910 2153 2972 2191 se
3002 2137 3117 2192 hac
3145 2153 3266 2192 una
3289 2153 3349 2191 re
3381 2136 3632 2192 detineri
3659 2135 3987 2207 quominus

2331 2228 2446 2283 hoc
2463 2243 2618 2300 opus
2639 2226 2967 2281 certissime
2986 2227 3272 2281 attribuat
3299 2227 3646 2292 Athanasio,
3662 2224 3831 2297 quod
3848 2223 3988 2279 illud

2331 2317 2405 2373 de
2438 2317 2630 2373 tribus
2661 2317 3098 2389 hypostasibus
3141 2316 3552 2371 testimonium
3593 2330 3868 2387 pugnare
3905 2313 3987 2367 vi-

2329 2407 2547 2463 deatur
2576 2422 2715 2461 cum
2751 2406 2941 2460 tribus
2972 2406 3105 2460 aliis
3130 2405 3443 2460 Athanasii
3484 2405 3651 2473 locis,
3683 2405 3746 2460 in
3774 2404 3988 2476 quibus

2329 2499 2573 2552 sanctus
2587 2498 2754 2550 Pater
2767 2494 3024 2566 hyposta
3034 2495 3146 2548 sim
3161 2509 3272 2565 pro
3289 2495 3547 2548 essentia
3565 2493 3987 2564 sumit,nempe

2328 2586 2385 2640 in
2401 2586 2676 2654 Epistola
2698 2585 2777 2639 ad
2798 2584 3071 2653 Afros,in
3089 2583 3242 2639 libro
3263 2585 3349 2638 De
3371 2584 3613 2654 synodis
3635 2583 3764 2638 etin
3777 2587 3988 2655 quarta

2326 2676 2616 2732 adversus
2641 2675 2896 2729 Arianos
2927 2674 3216 2730 oratione.
3253 2674 3366 2729 Sed
3388 2673 3628 2728 etiamsi
3656 2673 3873 2728 demus
3897 2671 3985 2726 his

2323 2776 2386 2831 in
2407 2766 2574 2833 locis,
2601 2781 2738 2837 quae
2771 2763 3043 2820 Petavius
3070 2764 3413 2832 argumenti
3443 2763 3575 2818 loco
3604 2762 3872 2835 protulit.
3887 2762 3986 2832 hy-

2326 2855 2619 2928 postasim
2669 2854 2828 2909 idem
2881 2869 3010 2908 esse
3042 2869 3111 2908 ac
3156 2854 3518 2919 essentiam;
3571 2856 3729 2908 certe
3762 2868 3882 2908 non
3908 2851 3984 2906 ait

2325 2945 2691 3002 Athanasius
2724 2961 2912 2999 unam
2944 2959 3072 2999 esse
3097 2943 3156 2998 in
3190 2942 3383 2998 tribus
3402 2943 3680 3014 personis
3704 2942 3983 3014 hyposta-

2327 3036 2465 3100 sim,
2496 3034 2600 3089 sed
2620 3034 2782 3089 idem
2810 3032 2951 3088 facit
2973 3031 3138 3104 quod
3161 3031 3238 3086 ab
3261 3031 3569 3088 acerrimis
3589 3032 3772 3087 trium
3795 3032 3980 3103 hypo-

546 3128 862 3188 sententiaa
894 3127 1190 3184 varietas:
1220 3131 1474 3198 uterque
1502 3126 1864 3200 hypostases
1885 3127 2113 3182 divisas
2137 3127 2219 3180 vi-
2249 3139 2290 3194 ε
2327 3124 2579 3180 stasium
2601 3121 3024 3178 defensoribus
3040 3121 3267 3177 factum
3286 3122 3981 3178 demonstravimus.Sed

545 3222 804 3292 tuperat°
840 3232 1039 3290 neque
1071 3231 1195 3272 una
1219 3215 1569 3288 hypostasis
1592 3218 1864 3272 Romano
1886 3216 2092 3287 aﬁingi
2116 3232 2219 3288 po-

547 3313 686 3371 test,
718 3323 858 3363 cum
881 3305 1044 3362 idem
1068 3321 1319 3377 prorsus
1341 3305 1506 3361 dicat
1526 3321 1598 3361 ac
1620 3305 2084 3361 Alexandrinus.
2105 3305 2218 3362 Sed

548 3397 752 3469 potius
773 3411 848 3452 ex
870 3411 941 3451 eo
971 3394 1140 3468 quod
1170 3398 1286 3450 tres
1317 3394 1685 3467 hypostases
1717 3395 1943 3451 divisas
1968 3395 2215 3462 refellat,

554 3502 679 3542 non
709 3485 972 3542 obscura
1007 3483 1318 3540 conclusio
1349 3489 1439 3540 est
1466 3484 1617 3540 nihil
1647 3501 1785 3539 eum
1815 3485 2216 3557 reprehensu-

551 3590 689 3630 rum
711 3573 921 3644 fuisse,
950 3573 1000 3628 si
1023 3587 1149 3629 una
1177 3573 1240 3628 in
1267 3571 1458 3628 tribus
1489 3572 1924 3645 hypostasibus
1956 3575 2218 3629 essentia

551 3663 764 3719 fuisset
791 3661 1084 3718 admissa.
1131 3661 1336 3717 Nullus
1385 3677 1527 3732 ergo
1559 3663 1813 3734 scriptor
1860 3667 1999 3718 ante
2029 3664 2214 3718 Nicae-

549 3767 695 3808 nam
725 3751 1031 3824 synodum
1063 3750 1315 3824 proferri
1344 3755 1564 3824 potest,
1587 3753 1692 3824 qui
1717 3768 1904 3809 unam
1932 3753 1994 3808 in
2027 3753 2216 3809 tribus

549 3841 831 3913 personis
854 3840 1235 3914 hypostasim
1265 3840 1558 3898 docuerit.

620 3932 684 3987 V.
714 3929 871 3996 Quid
893 3931 1192 3986 senserint
1221 3931 1444 3986 Nicaeni
1466 3933 1666 3987 Patres
1694 3946 1767 3986 ex
1789 3931 2031 3987 duobus
2054 3932 2215 3988 locu-

548 4019 895 4091 pletissimis
925 4017 1177 4076 testibus
1224 4019 1486 4092 perspici
1517 4024 1732 4092 potest,
1776 4022 1832 4076 S.
1874 4020 2214 4079 Alexandro

548 4108 957 4166 Alexandrino
979 4115 1036 4165 et
1080 4111 1136 4165 S.
1168 4109 1524 4165 Athanasio.
1554 4109 1788 4165 Primus
1838 4110 1922 4165 sic
1952 4110 2216 4183 loquitur

545 4198 608 4254 in
666 4199 838 4271 epist.
880 4199 960 4256 ad
1011 4198 1422 4255 Alexandrum
1481 4201 2213 4274 Constantinopolitanum

544 4288 734 4360 apud,
760 4287 1113 4344 Theodoret.
1147 4287 1185 4343 1.
1217 4306 1251 4342 ι.
1281 4289 1441 4344 Hist.
1475 4289 1643 4353 eccl.,
1676 4304 1726 4344 c.
1759 4291 1812 4357 4,
1848 4305 1908 4360 p.
1948 4295 2046 4345 t5:
2090 4287 2212 4343 Οἶὸν

544 4374 660 4428 ἐστι
689 4380 769 4430 τό·
791 4377 927 4449 Ἐγὼ
957 4380 1045 4429 καὶ
1071 4377 1096 4428 ό
1131 4381 1310 4451 Πατὴρ
1337 4377 1386 4430 ἓν
1409 4380 1582 4450 ἐσμεν·
1613 4379 1735 4453 ὅπερ
1764 4383 1922 4450 φησὶν
1949 4381 1974 4430 ό
1999 4383 2208 4454 Κύριος,

2328 3218 2530 3268 tamen
2563 3213 2609 3267 si
2643 3211 2905 3284 excipiat
2935 3211 3160 3266 librum
3188 3213 3275 3267 De
3299 3211 3562 3281 synodis,
3592 3211 3695 3266 ubi
3721 3213 3806 3268 ait
3838 3210 3982 3267 Basi-

2324 3301 2473 3358 lium
2496 3308 2884 3372 Ancyranum
2903 3302 3180 3369 conﬁteri
3198 3317 3274 3357 ex
3293 3303 3493 3356 Patris
3515 3302 3771 3357 essentia
3793 3316 3912 3358 esse
3931 3306 3979 3355 et

2326 3409 2448 3449 non
2474 3408 2548 3449 ea:
2573 3393 2701 3449 alia
2733 3392 3046 3460 hypostasi
3073 3391 3320 3458 Filium,
3355 3395 3442 3442 καὶ
3471 3395 3542 3462 μὴ
3577 3389 3630 3452 ἐξ
3659 3391 3832 3464 ἐτέρας
3865 3392 3980 3441 ὑπο-

2329 3485 2580 3552 στάσεως,
2608 3483 2669 3537 in
2702 3481 2832 3538 aliis
2861 3482 3105 3537 duobus
3139 3481 3492 3536 testimoniis
3520 3481 3599 3537 ad
3627 3497 3813 3554 perso
3844 3495 3980 3536 nam

2325 3575 2522 3645 ipsam
2549 3572 2898 3644 hypostasis
2923 3571 3190 3627 revocari
3232 3575 3447 3643 potest.
3482 3570 3574 3627 Sic
3603 3572 3769 3626 enim
3798 3569 3978 3643 loqui-

2326 3669 2422 3720 tur
2447 3665 2506 3718 in
2535 3663 2728 3732 Epist.
2758 3662 2839 3718 ad
2867 3663 3051 3729 Afros
3085 3662 3250 3733 (pag.
3308 3662 3469 3730 894):
3511 3660 3567 3712 '11
3598 3656 3655 3712 δὲ
3696 3663 3978 3718 ὑπόστασις

2327 3753 2484 3824 οὐσίᾳ
2514 3753 2647 3820 ἐστὶ,
2689 3755 2778 3803 καὶ
2816 3747 2966 3802 οὐδὲν
3017 3749 3138 3802 ἄλλο
3181 3756 3559 3822 σημαινόμενον
3605 3753 3740 3821 ἔχει,
3785 3752 3812 3809 ἡ
3856 3750 3977 3800 αὐτὸ

2324 3847 2381 3896 τό
2412 3847 2484 3894 ἀν·
2519 3845 2640 3917 ὅπερ
2669 3842 2912 3916 Ἱερεμίας
2956 3841 3176 3916 ὕπαρξιν
3226 3841 3468 3913 ὀνομάζει
3518 3841 3695 3912 λέγων,
3743 3847 3844 3895 Καὶ
3890 3839 3977 3891 οὐκ

2326 3938 2559 3992 ἤκουσαν
2590 3937 2758 4004 φωνὴν
2780 3931 3067 4004 ὑπάρξεως,
3089 3930 3147 3983 Ἠ
3173 3933 3274 4004 γὰρ
3307 3930 3603 3993 ὑπόστασις
3633 3935 3723 3983 καὶ
3746 3933 3776 3990 ἡ
3806 3931 3974 3995 οὐσία,

2325 4023 2542 4096 ὑπαρξίς
2571 4021 2681 4074 ἐστι
2705 4025 2805 4096 γὰρ
2828 4025 2917 4072 καὶ
2943 4020 3194 4093 ὑπάρχει.
3219 4021 3576 4089 Hypostasis
3602 4027 3804 4077 autem
3824 4019 3978 4075 subs-

2325 4113 2523 4168 tantia
2578 4115 2681 4179 est,
2737 4125 2928 4182 neque
2987 4111 3173 4166 aliam
3235 4109 3413 4166 habet
3459 4112 3973 4181 signiﬁcationem,

2323 4219 2504 4274 quam
2536 4203 2646 4259 hoc
2673 4203 2866 4271 ipsum
2899 4200 3056 4272 quod
3104 4207 3240 4256 est:
3279 4201 3439 4272 quod
3480 4201 3768 4257 Jeremias
3812 4203 3977 4256 vocat

2324 4292 2564 4365 ὕπαρξιν,
2592 4306 2693 4346 seu
2716 4291 3146 4360 exsistentiam,
3179 4291 3382 4346 dicens
3407 4309 3418 4346 :
3464 4312 3491 4340 «
3518 4289 3597 4346 Et
3629 4306 3750 4346 non
3773 4290 3975 4347 audie-

2323 4388 2470 4439 runt
2498 4397 2696 4438 vocem
2738 4381 3098 4438 exsistentite
3127 4395 3268 4436 mea:
3290 4382 3330 4433 ⁸.
3367 4401 3394 4428 ››
3452 4380 3605 4436 Nam
3642 4379 3975 4451 hypostasis

543 4465 603 4518 οὐ
645 4469 855 4539 Πατέρα
885 4466 1068 4520 ἑαυτὸν
1114 4464 1459 4541 ἀναγορεύων,
1501 4464 1624 4520 οὐδὲ
1677 4471 1766 4528 τὰς
1811 4476 1872 4540 τῇ
1920 4470 2210 4522 ὑποστάσει

2328 4479 2376 4528 et
2400 4471 2763 4541 substantia,
2806 4471 3068 4540 idipsum
3111 4476 3196 4525 est
3235 4469 3395 4541 quod
3444 4470 3690 4544 ὕπαρξις,
3739 4485 3841 4527 seu
3880 4482 3974 4525 ex-

543 4552 643 4608 δύο
700 4559 885 4629 φύσεις
948 4562 1072 4630 μίαν
1131 4555 1261 4610 εἶναι
1314 4563 1634 4631 σαφηνίζων,
1679 4564 1796 4615 etc.
1857 4561 2213 4630 Cujusmodi

540 4652 626 4702 est
660 4648 857 4703 illud:
903 4670 933 4697 «
957 4649 1085 4717 Ego
1116 4653 1172 4704 et
1213 4649 1403 4705 Pater
1440 4665 1626 4706 unum
1675 4666 1878 4706 sumus
1903 4653 1941 4704 '.
1979 4673 2006 4700 ››
2043 4653 2212 4720 Quod

539 4737 782 4808 quidem
809 4738 1102 4794 Dominus
1151 4738 1318 4806 dicit,
1369 4755 1488 4794 non
1520 4755 1634 4812 quo
1672 4741 1930 4810 seipsum
1969 4745 2206 4800 Patrem

536 4829 860 4894 renuntiet,
877 4845 986 4886 nec
1002 4845 1117 4899 quo
1140 4830 1294 4886 duas
1317 4829 1635 4900 hypostasi
1652 4839 1913 4888 naturas
1939 4833 2077 4904 (hoc
2097 4839 2203 4906 est,

538 4915 693 4971 duas
718 4916 1104 4988 hypostases)
1145 4934 1329 4976 unam
1362 4935 1482 4976 esse
1515 4922 1894 4991 demonstret,
1916 4927 2026 4978 etc.
2056 4923 2206 4980 Alibi

537 5003 961 5076 explicabitur,
989 5022 1095 5062 cur
1124 5007 1185 5063 S.
1225 5008 1566 5065 Alexander
1585 5010 1739 5065 duas
1764 5010 2083 5082 hypostasi
2105 5029 2208 5069 na-

536 5097 702 5149 turas
735 5094 933 5151 dicat:
986 5110 1148 5151 nunc
1179 5098 1322 5153 satis
1361 5103 1450 5154 est
1480 5115 1748 5168 monere,
1781 5116 1922 5157 eum
1966 5102 2085 5158 hac
2116 5103 2204 5159 lo-

464 5223 468 5226 .
536 5183 766 5255 quendi
786 5185 1022 5241 ratione
1039 5201 1216 5240 usum
1241 5203 1394 5253 esse,
1418 5189 1564 5259 quia
1584 5195 1889 5255 naturam,
1915 5207 2051 5264 qua:
2081 5210 2206 5250 una

535 5287 787 5342 prorsus
813 5279 902 5330 est
924 5289 1202 5346 numero,
1227 5279 1294 5332 ut
1322 5278 1712 5349 conjunctam
1744 5295 1884 5336 cum
1907 5296 2202 5353 persona-

611 5449 630 5486 ⁸
666 5450 841 5507 Joan.
864 5454 1039 5518 x,30.
1115 5452 1137 5487 ³
1179 5454 1325 5510 Luc.
1360 5469 1420 5519 ι,
1447 5459 1536 5510 22.

1616 5458 1637 5491 ³
1676 5461 1862 5529 Apoc.
1897 5475 1978 5531 ιν,
2001 5466 2052 5520 8.

606 5631 684 5701 (3)
725 5628 852 5688 Lib.
877 5647 936 5688 ιν
961 5631 1050 5691 De
1082 5631 1273 5706 2'rin.,
1308 5649 1442 5707 cap.
1480 5638 1529 5691 ι.

2133 5466 2156 5500 ⁸
2193 5466 2407 5524 Jerem.
2433 5469 2514 5534 ix,
2547 5470 2630 5522 to.

2318 4565 2632 4620 sistentia:
2668 4568 2748 4618 est
2789 4564 2944 4618 enim
2975 4567 3027 4617 et
3056 4562 3307 4618 exsistit.
3351 4563 3418 4616 Et
3453 4561 3514 4617 in
3561 4566 3712 4618 orat.
3759 4564 3973 4634 quarta

2317 4655 2382 4710 in
2434 4655 2698 4710 Arianos
2756 4655 2919 4725 (pag.
2967 4656 3136 4720 617):
3193 4651 3392 4725 Ὠσπερ
3443 4649 3501 4704 δὲ
3549 4657 3648 4724 μία
3695 4652 3838 4728 ἀρχὴ
3886 4655 3969 4702 καὶ

2319 4748 2453 4798 κατὰ
2478 4753 2630 4798 τοῦτο
2671 4746 2741 4805 εἷς
2791 4747 2942 4810 Θεὸς,
2985 4743 3146 4804 οὕτως
3179 4745 3208 4800 ἡ
3257 4752 3329 4813 τῷ
3360 4745 3468 4795 ὄντι
3507 4748 3596 4796 καὶ
3645 4743 3844 4804 ἀληθῶς
3886 4744 3970 4792 καὶ

2319 4840 2475 4899 ὅντως
2524 4833 2658 4888 οὖσα
2707 4836 2865 4886 οὐσία
2915 4839 3004 4885 καὶ
3068 4833 3383 4903 ὑπόστασις,
3439 4839 3537 4906 μία
3593 4834 3733 4887 ἐστίν
3791 4836 3820 4892 ὴ
3888 4833 3968 4884 λέ-

2315 4947 2506 4998 γουσα·
2551 4926 2683 4997 ἘγΑ
2716 4924 2821 4996 εἰμι
2851 4925 2876 4974 ὁ
2903 4927 2989 4974 ὤν’
3023 4928 3113 4975 καὶ
3143 4923 3202 4974 οὐ
3236 4920 3355 4994 δύο,
3396 4926 3478 4976 ἱνα
3516 4929 3587 4997 μὴ
3639 4921 3734 4977 δύο
3782 4923 3965 4996 ἀρχαί·

2314 5019 2507 5073 Porro
2551 5013 3050 5087 quemadmodum
3112 5029 3297 5068 unum
3355 5019 3438 5069 est
3492 5014 3862 5084 principium
3917 5015 3968 5065 et

2311 5105 2565 5175 proinde
2587 5120 2745 5160 unus
2776 5106 2954 5169 Deus,
2999 5103 3086 5159 ita
3118 5119 3248 5174 quae
3278 5104 3582 5160 verissime
3608 5109 3691 5160 est
3719 5100 3967 5159 essentia

2316 5203 2371 5253 et
2404 5196 2764 5266 hypostasis,
2814 5209 2939 5250 una
2980 5199 3063 5250 est
3095 5209 3226 5265 quae
3261 5194 3447 5250 dicit:
3501 5217 3528 5244 ‹‹
3561 5195 3687 5265 Ego
3711 5209 3841 5249 sum
3870 5190 3971 5262 qui

2314 5302 2445 5343 sum
2462 5287 2505 5352 ⁵,
2524 5309 2551 5336 ››
2583 5301 2703 5341 non
2733 5290 2932 5341 autem
2952 5285 3106 5346 duae,
3129 5301 3202 5342 ne
3221 5285 3447 5342 scilicet
3470 5284 3586 5340 duo
3607 5285 3726 5340 sint
3743 5281 3967 5352 princi-

2710 5465 2730 5498 ⁵
2771 5464 2954 5520 Exod.
2980 5480 3063 5533 IlI,
3101 5467 3182 5521 14.

2378 5645 2461 5717 (4)
2504 5645 2698 5715 Epist.
2733 5647 2901 5703 Rom.
2933 5646 3112 5702 Pont.
3141 5658 3200 5715 p.
3237 5645 3358 5700 290.
