4154 6384
237 313 278 360 t7
1810 310 2191 370 PRIEFATIO.
2586 348 2596 358 -
3649 316 3713 369 t8

233 433 385 499 piata
415 433 622 500 primo
639 435 1074 494 testimonio
1089 437 1348 494 miriﬁce
1362 437 1654 493 consentit
1693 436 1947 492 Athana-

2067 445 2201 512 τρεῖς
2246 440 2581 510 ὑποστάσεις,
2640 443 2837 514 inquit
2885 442 2947 497 in
2986 442 3212 511 Expos.
3242 441 3348 510 ﬁd.
3381 455 3442 497 n.
3475 446 3525 512 2,
3557 460 3714 513 μεμε·

239 521 327 574 sius
353 536 470 574 cum
503 520 650 576 aliis
683 525 1035 582 'Patribus
1071 528 1327 593 Graecis,
1352 528 1450 600 qui
1474 525 1823 599 hypostasis
1846 541 1949 580 no-

246 625 338 664 men
357 624 714 681 opposuere
743 613 1110 672 haereticis
1149 617 1404 673 Verbum
1447 615 1795 688 etSpiritum
1818 629 1950 670 san-

243 705 353 752 ctum
373 699 637 754 existere
674 705 1154 775 negantibus,
1182 711 1239 761 et
1267 705 1485 762 idcirco
1512 709 1627 760 tres
1659 705 1948 776 hyposta-

237 804 303 841 ses
327 787 767 845 defenderunt.
810 796 890 847 ln
935 794 1159 851 altero
1184 798 1416 851 Patrem
1447 793 1765 850 manifeste
1793 793 1949 849 desi-

234 882 357 946 gnat,
385 882 437 932 et
464 878 728 935 deitatis
762 881 1122 940 unitatem
1148 901 1221 940 ex
1253 902 1322 941 eo
1344 883 1757 958 probat,quod
1781 883 1948 938 solus

231 968 362 1021 Pater
396 968 804 1040 principium
854 973 969 1038 sit,
1034 990 1074 1029 a
1117 991 1244 1046 quo
1275 975 1409 1030 duae
1462 974 1593 1030 aliae
1651 987 1945 1044 personis.

280 1061 444 1128 Atque
471 1057 733 1114 etiamsi
757 1062 1193 1120 Athanasius
1226 1064 1285 1119 in
1315 1064 1444 1120 aliis
1457 1063 1743 1136 operibus
1758 1078 1945 1117 unam

226 1146 570 1218 hypostasim
590 1149 1035 1225 admisisset,
1055 1155 1218 1210 nihil
1239 1155 1299 1209 id
1321 1155 1638 1210 detrahere
1652 1157 1857 1225 posset
1871 1153 1944 1207 de

227 1237 530 1293 testimonio
559 1240 755 1311 quod
779 1243 1110 1298 eruimus
1144 1261 1215 1299 ex
1247 1244 1397 1300 libro
1429 1244 1490 1299 in
1514 1243 1682 1307 illud,
1729 1243 1946 1298 Omnia

236 1329 345 1383 mihi
362 1330 591 1385 tradita
616 1339 809 1386 sunt.
847 1334 1162 1406 Scriptus
1194 1335 1355 1389 enim
1400 1335 1496 1389 hic
1524 1333 1760 1389 libellus
1807 1337 1946 1388 ante

238 1423 439 1473 mortem
456 1420 719 1476 Eusebii
745 1423 1308 1491 Nicomediensis,
1337 1424 1399 1479 id
1420 1429 1527 1493 est,
1555 1427 1687 1478 ante
1711 1438 1946 1478 annum

230 1511 324 1561 .342.
348 1509 632 1565 Nondum
659 1516 827 1566 tunc
849 1514 1360 1584 percrebuerant
1376 1514 1449 1569 de
1465 1513 1788 1585 hypostasi
1806 1527 1948 1568 con'

233 1597 494 1652 troversizn
518 1616 533 1664 ;
554 1615 682 1682 nec
711 1617 941 1657 causa.
988 1602 1249 1659 suberat
1272 1603 1411 1670 ulla,
1435 1620 1542 1658 cur
1577 1601 1948 1658 Athanasius

228 1702 340 1741 eam
376 1687 688 1759 loquendi
751 1692 1100 1748 rationem
1133 1693 1384 1762 fugeret,
1420 1709 1543 1765 qua
1573 1708 1701 1747 non
1749 1691 1946 1747 solum

231 1777 562 1847 Alexander,
583 1781 705 1835 sed
724 1781 944 1837 etiam
973 1783 1270 1852 Origenes
1285 1789 1341 1838 et
1363 1783 1686 1854 Dionysius
1700 1782 1948 1837 Alexan'
1980 1795 2018 1848 Β

230 1868 418 1923 ιᾰτὶῃιλε
431 1871 523 1925 usi
538 1870 1287 1937 fuerant.Quamobrem
1302 1871 1948 1929 etiamsiAthanasium

235 1965 380 2014 arcta
425 1976 566 2015 cum
626 1962 890 2017 Latinis
937 1967 1000 2018 et
1041 1963 1432 2018 Autiochenis
1470 1963 1820 2033 conjunctio
1869 1962 1949 2016 ad

239 2048 678 2117 professionem
741 2053 955 2106 unius
1005 2052 1363 2124 hypostasis
1418 2052 1791 2119 adduxisset,
1824 2066 1949 2106 non

253 2138 444 2192 iitc'irco
477 2141 698 2211 priora
725 2141 919 2196 illius
956 2141 1184 2212 scripta
1215 2141 1274 2196 in
1306 2141 1562 2196 dubium
1611 2140 1814 2196 venire
1845 2140 1947 2194 de-

253 2225 453 2283 berent.
480 2229 604 2284 Sed
625 2234 868 2285 tamen
921 2245 1269 2285 asseverare
1295 2230 1428 2285 licet
1458 2245 1769 2301 nusquam
1809 2245 1948 2284 eum

249 2331 417 2371 uuam
450 2319 510 2373 in
537 2319 757 2374 tribus
785 2319 1083 2390 personis
1105 2319 1486 2391 hypostasim
1529 2334 1756 2391 ponere
1787 2337 1798 2384 ;
1825 2318 1948 2373 imo

242 2421 316 2458 ex
328 2413 542 2477 quarta
561 2408 746 2463 illius
775 2408 1094 2463 adversus
1113 2410 1369 2463 Arianos
1391 2408 1660 2463 oratione
1676 2408 1798 2463 duo
1814 2422 1949 2478 pro-

245 2495 418 2550 feram
437 2499 908 2568 testimonia,in
925 2497 1151 2569 quibus
1164 2497 1547 2569 hypostasim
1561 2497 1776 2553 eodem
1790 2512 1951 2568 pror-

249 2601 351 2637 sus
375 2601 555 2641 sensu
577 2603 657 2642 ac
682 2588 998 2657 Origenes
1017 2593 1074 2642 et
1091 2589 1148 2642 S.
1175 2586 1815 2657 Alexander,usurpat.
1859 2586 1950 2641 Sic

259 2676 424 2742 igitur
461 2676 753 2748 loquitur
814 2692 877 2730 n.
937 2679 1026 2740 25,
1076 2693 1137 2748 p.
1187 2679 1290 2732 636

271 2763 454 2835 Ἀρξιος
507 2766 557 2828 ἐξ
616 2767 724 2818 οὐκ
769 2771 938 2817 ὄντων
990 2763 1118 2818 ιῖναι
1165 2765 1324 2836 λέγων
1379 2770 1464 2816 τὸν
1513 2768 1653 2835 γιον,

1350 2693 1363 2730 ε
1410 2682 1659 2728 Μαίνεται
1713 2679 1803 2746 μὲν
1863 2671 1951 2727 οὖν

1728 2771 1818 2816 καὶ
1890 2763 1949 2822 ἧν

255 2873 402 2920 ποτε,
448 2857 531 2908 ὅτε
577 2857 684 2908 οὐχ
744 2853 836 2912 ἦν’
884 2860 1126 2926 μαίνεται
1184 2851 1243 2906 δὲ
1295 2861 1382 2906 καὶ
1445 2855 1716 2916 Σαϐἐλλιος
1790 2854 1950 2924 λέγων

253 2961 347 2991 τον
395 2951 602 3019 Πατέρα
650 2943 796 2997 εἶναι
877 2947 1020 3008 Υἱὸν,
1070 2951 1158 2996 καὶ
1209 2945 1424 3016 ἔμπαλιν
1479 2964 1565 2995 τον
1617 2947 1733 2997 Υἰὸν
1818 2941 1948 2995 εἶναι

255 3039 478 3107 Πατέρα,
523 3038 839 3087 ὑποστάσει
872 3038 964 3105 μὲν
996 3035 1066 3101 ἓν,
1101 3035 1316 3106 ὀνόματι
1344 3031 1401 3086 δὲ
1443 3031 1559 3086 δύο·
1621 3035 1744 3100 Quo
1785 3035 1950 3089 circa

2059 533 2308 600 ρισμένας
2355 534 2469 583 κατ’
2520 533 2723 600 ἑαυτὰς,
2817 534 2990 606 ὥσπερ
3061 538 3419 603 σωματοφυῶς
3488 529 3564 582 ἐπ’
3632 530 3715 582 ἀν-

2061 618 2296 691 θρώπων,
2327 623 2437 673 ἔστι
2476 621 2814 694 λογίσασθαι.
2842 622 3045 692 Neque
3073 626 3191 676 tres
3230 621 3577 690 hypostases
3603 635 3717 689 per

2056 709 2277 778 seipsas
2299 711 2542 782 divisas,
2574 717 2637 766 ut
2662 710 2995 766 hominibus
3011 725 3121 779 pro
3149 716 3374 766 natura
3396 724 3715 779 corporum

2057 800 2296 864 accidit,
2328 801 2426 868 fas
2453 807 2537 855 est
2567 803 2630 856 in
2662 803 2781 855 Deo
2822 802 3108 869 cogitare.

2117 890 2260 944 Post
2272 891 2591 946 concilium
2606 891 2793 946 multo
2808 889 3151 945 uberiorem
3163 888 3462 945 habemus
3474 888 3718 944 testium

2057 978 2300 1049 copiam
2335 995 2519 1036 :nam
2553 979 2602 1035 si
2636 979 2906 1050 singulos
2939 978 3143 1034 saeculi
3163 977 3365 1050 quarti
3394 977 3718 1049 scriptores

2061 1069 2294 1123 Graecos
2306 1084 2758 1134 enumeremus,
2783 1068 3033 1123 totidem
3050 1072 3224 1123 erunt
3240 1067 3418 1122 trium
3430 1067 3718 1139 hyposta-

2061 1157 2216 1212 sium
2242 1158 2616 1226 defensores,
2649 1158 2870 1230 quibus
2901 1157 3086 1212 etiam
3137 1156 3599 1227 adjungendum
3633 1160 3722 1212 est

2059 1246 2381 1302 concilium
2422 1248 2689 1320 primum
2733 1247 2924 1312 CPol.,
2979 1247 3100 1302 sive
3149 1245 3592 1301 oecumenicum
3632 1261 3719 1301 se-

2060 1335 2348 1391 cundum.
2377 1341 2555 1392 Docet
2585 1336 2746 1392 enim
2777 1336 2904 1391 haec
2938 1335 3210 1407 synodus
3257 1335 3315 1400 in
3355 1333 3610 1406 epistola
3639 1335 3719 1390 ad

2064 1429 2426 1481 Damascum
2480 1443 2669 1482 unam
2728 1442 2860 1482 esse
2910 1425 3096 1481 Patris
3143 1429 3201 1480 et
3231 1425 3355 1481 Filii
3381 1429 3437 1480 et
3468 1424 3720 1496 Spiritus

2060 1515 2252 1569 sancti
2316 1515 2664 1584 essentiam,
2735 1515 2782 1567 ἐν
2859 1521 3003 1588 τρισὶ
3060 1514 3276 1575 τελείαις
3335 1515 3714 1581 ὑποστάσεσιν,

2062 1607 2221 1673 ἤγουν
2268 1608 2412 1678 τρισὶ
2469 1605 2680 1665 τελείοις
2732 1610 3053 1678 προσώποις,
3097 1605 3160 1658 in
3192 1603 3384 1659 tribus
3435 1603 3720 1672 perfectis

2067 1693 2503 1762 hypostasibus,
2536 1695 2659 1751 sive
2691 1695 2882 1750 tribus
2911 1695 3199 1764 perfectis
3238 1693 3536 1762 personis.
3591 1694 3720 1747 Non

2062 1787 2198 1837 utar
2226 1783 2584 1839 auctoritate
2647 1783 2865 1839 Gelasii
2894 1783 3188 1854 Cyziceni,
3220 1782 3326 1855 qui
3357 1781 3418 1837 in
3445 1779 3604 1836 Actis
3632 1780 3723 1836 Ni-

2061 1872 2459 1928 ceeniconcilii
2487 1873 2942 1929 Osiuminducit
2960 1873 3150 1945 (parte
3170 1888 3233 1941 ii,
3262 1887 3313 1927 c.
3343 1871 3523 1940 t2)ex
3540 1884 3722 1926 man-

2059 1961 2200 2016 dato
2222 1976 2292 2017 ac
2309 1961 2548 2017 decreto
2562 1962 2742 2017 totius
2761 1961 2981 2033 synodi
2994 1961 3468 2033 respondentem
3481 1975 3553 2015 ac
3578 1961 3723 2031 τριά-

2063 2047 2132 2101 δα
2143 2048 2963 2120 ὑποστάσεωνφπιεάὶοαηιθω.
2980 2052 3166 2104 Nemo
3179 2048 3440 2104 estenim
3453 2046 3558 2118 qui
3572 2045 3724 2102 mul-

2059 2143 2185 2194 tum
2207 2139 2389 2209 hujus
2418 2137 3094 2210 scriptoristestimonio
3124 2137 3724 2207 tribuat.Atsequen-

2062 2228 2220 2282 tibus
2244 2227 2480 2282 saeculis
2505 2243 2820 2282 summum
2841 2227 3058 2283 fatetur
3070 2227 3342 2283 Petavius
3356 2240 3726 2280 consensum

2061 2319 2361 2374 exstitisse
2382 2320 2722 2374 Graecorum
2744 2318 2805 2374 in
2833 2318 3024 2374 tribus
3036 2317 3477 2390 hypostasibus
3506 2314 3726 2388 praedi-

2062 2408 2295 2464 caudis.

2133 2498 2220 2551 VI.
2250 2497 2366 2568 lpsi
2387 2497 2799 2554 Occidentales
2830 2497 3112 2554 eamdem
3133 2495 3727 2570 loquendirationem

2060 2585 2315 2642 libenter
2336 2587 2416 2642 ad
2445 2603 2591 2642 usus
2614 2603 2755 2642 suos
2783 2587 3144 2657 asciverunt,
3207 2591 3538 2659 postquam
3583 2583 3728 2640 sub-

2062 2675 2345 2732 sistentiis
2384 2693 2533 2733 voce
2583 2678 2832 2734 inventa
2880 2677 3206 2733 difﬁcultas
3225 2677 3424 2732 omnis
3452 2675 3722 2733 evanuit.

2061 2769 2255 2836 Atque
2273 2767 2334 2821 id
2354 2769 2605 2839 quidem
2627 2767 2853 2824 saeculo
2874 2768 3086 2840 quinto
3103 2766 3499 2837 contigit.Sed
3523 2770 3728 2821 tamen

2058 2855 2239 2924 longe
2259 2861 2438 2912 antea
2464 2857 2744 2912 videntur
2768 2857 3154 2928 perspexisse
3199 2861 3316 2912 tres
3363 2856 3729 2928 hypostases

2061 2945 2492 3015 percommode
2521 2947 2723 3002 Graeco
2761 2960 3044 3001 sermone
3080 2945 3461 3016 usurparin
3502 2942 3729 3012 colligi-

2061 3043 2158 3093 tur
2189 3051 2259 3092 ex
2300 3036 2556 3109 epistola
2595 3037 2698 3091 214
2750 3036 2966 3104 Basilii,
3000 3051 3059 3091 n.
3082 3040 3136 3103 4,
3160 3035 3268 3092 ubi
3300 3035 3385 3090 sic
3405 3034 3677 3106 loquitur
3704 3049 3728 3089 .·

245 3126 480 3178 insanit
500 3127 785 3194 profecto
803 3125 1019 3190 Arius,
1037 3140 1170 3180 cum
1186 3125 1271 3178 ait
1284 3125 1505 3179 Filium
1521 3124 1794 3180 enni/uta
1810 3138 1947 3185 esse,

2065 3132 2186 3200 Περὶ
2217 3123 2275 3178 δὲ
2304 3133 2417 3191 τοῦ,
2449 3128 2524 3178 ὅτι
2555 3128 2852 3188 ὑπόστασις
2890 3131 2979 3178 καὶ
3010 3125 3167 3178 οὐσία
3196 3125 3254 3178 οὐ
3282 3127 3471 3178 ταυτὸν
3493 3123 3727 3191 ἐστι,καὶ

233 3214 560 3284 fuisseque
578 3214 936 3284 aliquando
962 3229 1096 3269 cum
1124 3229 1243 3268 non
1267 3220 1440 3278 esset;
1461 3215 1692 3268 insanit
1714 3214 1955 3282 pariter

239 3304 327 3355 Sa:
339 3302 579 3368 bettius,
597 3318 741 3358 cum
751 3304 997 3358 Patrem
1013 3303 1237 3358 Filium
1253 3309 1456 3369 esse,et
1471 3303 1694 3357 Filium
1712 3304 1950 3356 Patrem

244 3407 374 3446 esse
390 3394 588 3458 docet,
611 3409 811 3447 unum
828 3392 1066 3462 quidem
1083 3392 1518 3460 hypostasi,sed
1528 3392 1766 3446 nomine
1779 3391 1946 3445 duos.

257 3483 330 3534 Et
383 3481 493 3535 sub
552 3482 752 3535 ﬁnem
803 3480 1088 3550 ejusdem
1133 3481 1420 3536 orationis
1462 3485 1571 3534 εΤὸ
1603 3486 1776 3531 τοίνυν
1807 3479 1950 3550 λεγό-

251 3590 405 3638 μενον
449 3575 556 3622 ὑπὸ
600 3578 699 3622 τοῦ
759 3575 1026 3644 μακαρίον
1084 3575 1304 3643 Πέτρου,
1363 3572 1534 3644 ὀρθὸν,
1568 3573 1658 3622 καὶ
1699 3570 1944 3644 εἰλικρινῆ

385 3664 608 3717 ἕεοτητα
640 3667 736 3711 τοῦ
758 3668 852 3711 τοῦ
885 3667 1202 3730 Μονογενοῦς
1242 3664 1524 3732 κηρύσσει,
1567 3661 1626 3711 οὐ
1683 3664 1774 3718 τὴν
1824 3662 1950 3711 ὑπό-

257 3768 448 3800 στασίν
496 3751 760 3823 χωρίζων
814 3756 903 3800 τοῦ
956 3757 1089 3801 Θεοῦ
1140 3754 1314 3820 Λόγον
1376 3749 1475 3802 ἀπὸ
1525 3759 1616 3801 τοῦ
1647 3749 1701 3801 ἐκ
1741 3756 1949 3821 Μαρίας

257 3838 565 3909 ἐτιθρώπουο
593 3841 848 3895 Rectum
873 3841 1168 3909 estigitur
1188 3841 1350 3911 quod
1368 3842 1452 3896 ait
1501 3842 1702 3896 beatus
1738 3842 1948 3896 Petrus

254 3931 368 3997 qui
398 3945 609 3985 veram
647 3929 961 3998 Unigeniti
978 3929 1276 3998 praedicat
1303 3930 1686 3986 divinitatem
1711 3945 1814 3985 nec
1847 3931 1950 3986 Dei

273 4018 455 4072 Verbi
506 4019 888 4088 hypostasim
939 4020 1241 4089 disjungit
1282 4019 1356 4074 ab
1380 4019 1618 4074 homine
1640 4034 1714 4075 ea:
1744 4020 1948 4075 Maria

259 4115 600 4177 assumpto,
662 4111 726 4162 In
769 4109 886 4163 hoc
907 4113 1217 4180 postremo
1240 4109 1947 4181 testimoniohypostasis

262 4197 456 4252 multo
481 4200 694 4269 aptius
730 4198 811 4252 ad
852 4213 1182 4268 personam
1215 4215 1402 4270 quam
1434 4198 1513 4253 ad
1542 4197 1945 4254 substantiam

259 4292 608 4343 rei-ocatur.
647 4291 709 4340 In
733 4286 930 4358 primo
953 4293 1155 4343 autem
1184 4287 1495 4342 contendit
1522 4289 1792 4343 Petavius
1821 4305 1945 4344 non

263 4393 625 4447 personam,
651 4376 760 4431 sed
781 4376 842 4431 id
865 4383 1100 4433 tantum
1122 4377 1289 4449 quod
1309 4393 1517 4433 revera
1538 4378 1754 4445 existit,
1779 4378 1945 4434 intel-

2061 3216 2229 3284 αὐτοὶ,
2283 3220 2349 3278 ὡς
2398 3217 2614 3288 νομιζω,
2678 3217 3079 3288 ὐπεσημήναντο
3134 3218 3182 3266 οἱ
3245 3215 3347 3268 ἀπὸ
3396 3223 3492 3284 τῆς
3523 3213 3724 3271 Δὺσεως

2061 3302 2297 3376 ἀδελφοὶ,
2360 3305 2407 3356 ἐν
2461 3307 2534 3365 οἷς
2587 3310 2645 3357 τὸ
2703 3309 2878 3358 στενὸν
2923 3314 3013 3365 τῆς
3063 3305 3257 3358 ἑαυτῶν
3309 3303 3548 3375 γλώττης
3623 3301 3724 3372 ὐφ-

2058 3401 2327 3467 ορὼμενοι,
2409 3399 2467 3446 τὸ
2528 3405 2619 3456 τῆς
2700 3396 2887 3457 οὐσίας
2935 3397 3096 3468 ὄνομά
3163 3403 3226 3467 τῇ
3291 3390 3505 3446 Ἑλλάδι
3575 3400 3714 3465 φωνῇ

2057 3483 2527 3557 παραδεδώκασιν
2597 3488 2698 3557 ἵνα,
2772 3489 2815 3537 εἷ
2870 3505 2946 3546 τις
3007 3488 3084 3543 εἴη
3113 3481 3340 3558 διαφορή
3373 3492 3470 3546 τῆς
3502 3482 3721 3550 ἐννοίας,

2060 3575 2284 3635 σώζοιτο
2315 3575 2446 3633 αὑτὴ
2478 3575 2524 3626 ἐν
2565 3583 2626 3647 τῇ
2659 3575 2883 3648 εὐκρινεί
2937 3579 3026 3626 καὶ
3071 3573 3366 3646 ἀσυγχύτῳ
3431 3570 3718 3625 διαστάσει

2055 3673 2154 3715 τῶν
2187 3665 2472 3736 ὀνομάτων·
2519 3665 2686 3730 Quod
2725 3671 2923 3721 autem
2974 3665 3315 3734 hypostasis
3360 3669 3412 3719 et
3456 3663 3714 3719 essentia

2054 3756 2206 3810 idem
2228 3771 2344 3810 non
2365 3762 2527 3824 sunt,
2551 3754 2615 3809 id
2637 3759 2690 3809 et
2709 3755 2824 3823 ipsi
2841 3761 2904 3809 ut
2924 3761 3095 3824 puto,
3117 3753 3588 3809 subindicarunt
3607 3753 3720 3808 0c-

2055 3845 2384 3899 cidentates
2395 3844 2644 3912 fratres,
2662 3844 2804 3899 dum
2822 3845 3177 3913 linguaesua’
3191 3843 3504 3913 angustias
3516 3841 3722 3897 subve-

2055 3935 2160 3988 riti
2171 3976 2182 3998 ,
2203 3935 2470 3989 essentia?
2485 3949 2702 3989 nomen
2723 3934 2937 4003 lingua
2951 3934 3164 3989 Graeca
3184 3932 3649 3988 tradideruntut
3669 3934 3724 3988 si

2055 4039 2173 4093 qua
2191 4023 2660 4078 essetsententia?
2674 4022 3105 4092 discrepantia,
3141 4023 3255 4078 illa
3287 4023 3420 4091 ipsa
3449 4035 3719 4077 servare-

2056 4119 2156 4166 tur
2171 4113 2234 4167 in
2248 4113 2422 4167 clara
2438 4117 2492 4167 et
2507 4113 3010 4182 minimeconfus'a
3023 4112 3330 4167 nominum
3347 4111 3714 4167 diversitate.

2127 4201 2468 4266 Quinetiam
2484 4201 2612 4272 ipse
2633 4201 2933 4257 Damasus
2955 4206 3073 4257 tres
3093 4201 3459 4273 hypostases
3484 4199 3720 4255 videtur

2051 4290 2387 4346 admisisse.
2417 4295 2560 4346 Nam
2591 4291 2652 4346 in
2685 4291 2944 4364 epistola
2976 4291 3053 4346 ad
3084 4290 3405 4346 Paulinum
3430 4289 3721 4361 praedicat

2051 4396 2238 4435 unum
2265 4383 2453 4436 Deum
2472 4381 2536 4436 in
2564 4381 2756 4436 tribus
2780 4380 3360 4450 hypostasibuszeaév
3410 4379 3496 4431 ἕνα
3534 4377 3582 4429 ἐν
3611 4397 3719 4451 τρι-

267 4465 589 4534 ligendum
614 4482 771 4522 esse.
795 4471 864 4521 At
885 4482 1109 4535 negare
1137 4482 1259 4521 non
1295 4472 1434 4538 post
1454 4483 1639 4522 unam
1658 4467 1945 4538 liyposta-
1976 4501 2021 4554 Β
2054 4472 2525 4523 σὶνὺποστοίσεσιν.
2545 4471 2758 4542 Spuria
2773 4470 3194 4526 videnturhaec
3206 4472 3514 4542 postrema
3528 4467 3719 4525 verba.

274 4556 377 4610 sim
404 4556 602 4626 rejici.
627 4558 813 4610 Porro
836 4562 954 4611 tres
983 4557 1347 4628 hypostases
1374 4572 1496 4611 non
1533 4557 1651 4612 alio
1692 4557 1943 4612 consilio

271 4646 463 4700 sancti
487 4649 694 4700 Patres
725 4645 1152 4710 defend-erunt,
1176 4645 1290 4699 nisi
1335 4651 1397 4700 ut
1425 4647 1631 4700 Filium
1668 4650 1723 4701 et
1766 4646 1945 4717 Spiri-

273 4745 394 4789 tum
421 4734 918 4791 nonetﬁcientias
937 4735 1242 4805 quasdam
1265 4751 1335 4790 ac
1352 4736 1598 4791 nomine
1623 4741 1792 4791 tenus
1816 4752 1944 4807 per-

270 4841 449 4879 sonas
490 4842 644 4890 esse,
686 4826 796 4882 sed
839 4825 1055 4882 Filium
1095 4841 1234 4880 vere
1286 4830 1350 4880 ut
1392 4825 1620 4890 Filium,
1657 4827 1942 4896 Spiritum

274 4923 546 4970 sanctum
594 4932 731 4972 vere
782 4923 845 4970 ut
892 4916 1186 4986 Spiritum
1208 4914 1461 4969 existere
1489 4915 1835 4986 probarent.
1881 4920 1944 4970 In

271 5007 542 5061 eamdem
560 5022 813 5079 prorsus
842 4991 1220 5060 sententiam
1261 5003 1528 5074 loquitur
1559 5005 1939 5074 Athanasius,

272 5094 406 5150 dum
455 5101 678 5154 Patrem
725 5104 784 5154 et
830 5095 1062 5150 Filium
1103 5094 1426 5165 liypostasi
1451 5111 1641 5149 unum
1671 5095 1789 5150 dici
1821 5111 1944 5150 non

275 5188 492 5255 patitur.
520 5193 574 5246 ln
605 5206 730 5264 quo
755 5185 1082 5245 consentit
1115 5200 1253 5238 cum
1294 5184 1616 5240 decessore
1666 5202 1795 5256 suo,
1841 5185 1946 5257 qui

268 5275 398 5335 duas
422 5281 476 5338 in
509 5283 682 5340 Patre
729 5288 791 5336 et
841 5276 1010 5330 Filio
1035 5273 1404 5345 hypostases
1438 5275 1715 5343 agnoscit
1751 5293 1763 5342 ;
1799 5290 1945 5330 con-

260 5374 550 5432 sentitcum
581 5372 848 5434 Basilio,
876 5364 998 5438 qui
1023 5377 1216 5416 unum
1240 5362 1560 5434 hypostasi
1587 5359 1826 5420 Deumfa
1848 5365 1947 5420 Sa—

245 5463 390 5527 bellic
405 5464 750 5547 praedicari
785 5457 1018 5518 docet,
1039 5455 1228 5547 epist.
1251 5455 1375 5519 214,
1422 5467 1484 5547 n.
1518 5455 1572 5507 3.
1617 5455 1810 5547 Dnuin
1843 5453 1946 5509 ad.

227 5559 338 5622 dam
362 5541 700 5623 Athanasii
729 5554 1006 5612 locum,
1035 5542 1099 5596 in
1123 5555 1248 5612 quo
1273 5541 1588 5597 manifeste
1617 5545 1734 5597 tres
1755 5544 1946 5615 hypo-

213 5664 394 5732 ςιεεεε,
431 5663 494 5715 ut
521 5664 744 5726 supra
789 5631 1161 5704 Dionysius
1195 5635 1464 5701 uterque,
1492 5631 1772 5689 admittit.
1815 5636 1948 5684 Οὔτε

2050 4558 2403 4614 doctissimo
2446 4559 2851 4630 Epistolarum
2901 4558 3261 4631 pontiﬁcum
3305 4559 3716 4613 Romanorum

2051 4648 2263 4703 editori
2285 4652 2603 4720 propterea
2633 4649 2802 4720 quod
2826 4649 3040 4702 desunt
3058 4648 3120 4702 in
3143 4645 3590 4716 exemplaribus
3616 4647 3719 4704 La-

2053 4737 2210 4792 tinis.
2244 4738 2358 4794 Sed
2392 4742 2595 4794 tamen
2623 4737 2970 4794 conﬁrmari
2997 4739 3246 4808 possent
3271 4735 3532 4792 Flaviani
3551 4736 3715 4793 testi-

2051 4835 2279 4896 monio,
2315 4835 2421 4906 qui
2441 4834 2756 4890 Paulinum
2791 4850 2998 4890 coram
3021 4833 3314 4902 magistro
3341 4833 3601 4889 militum
3631 4833 3717 4888 sic

2052 4924 2379 4994 alloquitur
2402 4925 2567 4996 apud
2587 4923 3036 4978 Theodoretum
3063 4921 3102 4977 1.
3126 4939 3180 4987 γ,
3205 4938 3258 4977 c.
3283 4927 3334 4987 3,
3359 4937 3419 4993 p.
3461 4923 3561 4978 201
3607 4939 3619 4977 :
3657 4913 3717 4975 Εἰ

2052 5019 2144 5071 τὴν
2214 5015 2484 5083 Δαμάσου,
2559 5014 2590 5062 ὦ

2559 5014 2596 5062 ὧ
2671 5013 2907 5083 φιλότης,
2984 5016 3252 5064 κοινωνίαν
3313 5010 3553 5084 ἀσπάζῃ,
3611 5010 3716 5063 ἐπι-

2056 5095 2224 5159 δειξον
2307 5099 2429 5169 ἡμῖν
2511 5106 2689 5169 σαφῶς
2774 5104 2866 5156 τὴν
2926 5107 3023 5150 τῶν
3080 5094 3362 5169 δογμάτων
3392 5101 3712 5169 συγγένειαν.

2056 5187 2274 5246 Ἐκεῖνος
2329 5189 2426 5258 γὰρ
2482 5192 2605 5258 μίαν
2646 5195 2739 5249 τῆς
2787 5183 3016 5262 Τριάδος
3068 5186 3250 5238 οὐσίαν
3309 5185 3592 5258 ὁμολογῶν,
3624 5187 3714 5246 τὰς

2053 5282 2191 5349 τρεῖς
2249 5277 2563 5336 ὑποστάσεις
2622 5273 2920 5351 διαρρήδην
2983 5279 3244 5345 arripui-rev
3306 5279 3370 5327 σὺ
3430 5272 3489 5328 δὲ
3543 5276 3718 5326 ἄντικ-

2054 5387 2145 5438 ρυς
2210 5373 2310 5417 τῶν
2364 5367 2704 5421 ὑποστάσεων
2736 5366 2964 5440 ἀναιρεῖς
3000 5371 3096 5424 τὴν
3120 5363 3349 5440 Τριάδα.
3377 5365 3440 5421 St
3468 5367 3721 5422 Damasi

2057 5458 2532 5514 communionem
2601 5458 3001 5528 amplecteris,
3063 5472 3095 5512 ο
3154 5456 3362 5521 amice,
3425 5455 3718 5513 doctrinae

2058 5547 2225 5601 nobis
2247 5547 2631 5616 manifestam
2659 5547 3116 5603 similitudinem
3142 5544 3399 5601 ostende.
3421 5545 3582 5602 Nam
3612 5546 3718 5602 ille

2060 5637 2299 5707 quidem
2328 5652 2510 5694 unam
2542 5638 2924 5708 eamdemque
2957 5635 3269 5692 Trinitatis
3315 5635 3715 5693 substantiam
