4154 6382
517 259 583 314 19
2036 263 2440 322 PRIEFATIO.
3894 278 3975 330 20

513 382 825 454 conﬁtens,
851 388 971 442 tres
993 387 1343 459 hypostases
1373 391 1595 449 diserte
1614 393 2021 462 praedicatTu
2043 406 2178 448 con-
2207 390 2258 446 Δ
2293 388 2724 464 hypostasibus
2742 395 3132 452 traditionem
3154 396 3430 453 Ecclesiae
3450 401 3692 454 secutus
3707 397 3976 468 sit,forte

512 477 634 543 tra,
681 473 1040 534 Trinitatem
1081 478 1241 537 tollis
1290 479 1716 552 hypostasewn.
1763 486 1849 540 Ex
1891 483 1986 540 his
2015 485 2180 556 patet

511 563 847 620 Damasum
875 566 970 622 sui
993 582 1134 624 cum
1162 571 1376 627 Graecis
1393 587 1729 629 consensus
1774 573 2026 648 aliquod
2052 587 2180 629 mo-

511 658 875 711 numentum
903 655 1187 730 edidisse,
1209 661 1378 733 quod
1405 663 1466 718 in
1489 662 1724 720 Oriente
1741 668 1956 720 notum
1988 662 2181 719 omni-

511 739 632 796 bus
663 746 720 798 et
752 747 1034 803 testatum
1067 753 1241 806 esset.
1269 752 1419 807 Nam
1451 751 1604 808 nihil
1633 769 1882 826 prorsus
1925 767 2179 825 respon-

513 830 655 888 dere
684 835 880 906 potuit
899 836 1208 907 Paulinus,
1234 843 1380 898 teste
1396 841 1789 900 Theodoreto.
1817 842 2053 900 Nullam
2075 859 2178 900 au-

513 924 635 979 tem
651 923 891 982 videtur
910 928 1111 1000 aptius
1128 931 1384 1004 proferri
1405 948 1585 1004 posse
1607 941 2099 1004 monumentum,
2116 934 2178 990 in

511 1027 638 1085 quo
663 1013 726 1070 id
754 1017 1102 1088 praestiterit
1115 1023 1429 1090 Damasus,
1449 1039 1636 1096 quam
1651 1023 1907 1097 epistola
1926 1024 2006 1081 ad
2025 1027 2177 1080 Pau-

512 1101 726 1160 linum.
755 1105 971 1179 Objicit
990 1109 1267 1168 Petavius
1298 1113 1521 1184 synodi
1549 1115 1836 1170 Romanae
1857 1113 2174 1188 epistolam

513 1193 630 1250 sub
655 1195 874 1253 eodem
896 1198 1182 1273 Damaso,
1216 1201 1279 1257 in
1308 1217 1434 1274 qua
1461 1218 1587 1260 una
1611 1203 1961 1277 hypostasis
1987 1209 2044 1261 et
2084 1221 2177 1261 es-

513 1283 706 1341 sentia
725 1285 995 1344 docetur.
1010 1289 1126 1346 Sed
1137 1290 1488 1364 hypostasis
1506 1293 1953 1366 vocemﬁmerito
1966 1293 2179 1350 deesse

512 1373 575 1430 in
594 1375 1050 1450 exemplaribus
1086 1381 1308 1438 Latinis
1330 1381 1752 1455 probavimus,
1783 1387 1912 1442 not.
1935 1400 1972 1442 a
2001 1383 2174 1457 epist.

513 1469 604 1537 93,
627 1481 692 1538 p.
739 1471 859 1525 186.

585 1557 802 1615 Videor
830 1559 981 1616 mihi
1025 1577 1100 1618 ex
1129 1562 1223 1619 his
1246 1577 1430 1636 posse
1462 1563 1827 1622 concludere
1874 1565 2184 1622 neminem

511 1664 762 1722 prorsus
785 1651 1082 1709 exstitisse
1111 1653 1267 1710 inter
1288 1654 1632 1713 Catholicos
1687 1655 2040 1724 Orientales,
2080 1671 2188 1732 qui

2292 481 2499 536 tamen
2546 498 2583 539 a
2629 483 2940 540 nonnullis
2984 500 3055 541 eo
3077 485 3324 542 nomine
3355 485 3768 554 accusabitur,
3791 487 3976 559 quod

2289 569 2480 626 nimio
2509 571 2801 646 abreptus
2820 574 3021 631 studio
3043 591 3079 630 a
3101 575 3600 648 temperamentis
3624 575 3686 630 in
3722 576 3980 647 synodo

2288 659 2697 720 Alexandrina
2722 665 3091 738 praescriptis
3120 665 3484 722 discesserit.
3503 668 3651 722 Cum
3679 667 3843 722 enim
3858 683 3979 724 au-

2288 748 2538 808 divisset
2569 767 2730 810 anno
2762 759 2865 811 375
2897 755 3217 811 Paulinum
3243 755 3504 828 acceptis
3524 759 3716 813 Roma
3745 757 3975 829 perho-

2285 840 2554 897 noriﬁcis
2587 843 2794 900 litteris
2806 844 3424 914 vebementereﬂ‘erri,
3445 846 3702 919 ejusque
3726 847 3975 903 amicos

2286 945 2429 986 cum
2461 932 2724 990 Ecclesia
2745 936 2802 990 S.
2830 935 3040 991 Meletii
3072 936 3360 1006 conjungi
3391 936 3562 1003 velle,
3603 952 3674 993 ac
3702 952 3974 1009 operam

2286 1019 2436 1076 dare
2478 1025 2545 1078 ut
2589 1024 2932 1080 Terentium
2979 1025 3042 1081 in
3087 1029 3290 1098 partes
3312 1041 3426 1082 sua
3451 1025 3802 1096 traherent;
3839 1030 3974 1082 sta-

2286 1108 2396 1165 tim
2450 1111 2689 1184 scripsit
2733 1112 2814 1169 ad
2865 1113 3030 1170 hunc
3089 1115 3484 1180 comitem,ut
3525 1118 3657 1186 ejus
3677 1115 3974 1172 animum

2284 1207 2760 1274 praeoccuparet,
2786 1208 2889 1260 aut
2913 1204 2961 1258 si
2991 1219 3116 1277 qua
3137 1219 3279 1260 eum
3306 1203 3593 1276 opinione
3625 1205 3976 1262 adversarii

2285 1296 2808 1363 praeocupassent,
2827 1293 3068 1366 penitus
3089 1293 3468 1350 convelleret.
3494 1297 3559 1350 ln
3599 1294 3716 1350 hac
3753 1300 3976 1351 autem

2287 1379 2544 1451 epistola
2569 1381 2652 1438 sic
2674 1397 2850 1438 suam
2879 1382 2954 1438 de
2980 1382 3418 1456 hypostasibus
3459 1383 3824 1441 sententiam
3855 1400 3976 1440 ex-

2289 1469 2460 1543 ponit
2505 1488 2517 1526 :
2577 1472 2653 1523 Ou'
2712 1476 2884 1544 μέντοι
2938 1475 3126 1526 τούτου
3185 1493 3244 1544 γε
3301 1474 3463 1526 ἕνεκεν
3523 1470 3794 1546 δυνάμεθά
3832 1494 3977 1528 ποτε

2293 1558 2502 1621 ἑαυτοὺς
2569 1568 2770 1630 πεῖσαι,
2841 1564 2869 1620 ἦ
2935 1562 3177 1616 Μελέτιον
3248 1561 3527 1635 ἀγνοῆσαι,
3595 1565 3624 1623 ᾖ
3691 1572 3786 1626 τῆς
3870 1564 3971 1616 ὑπ’

2294 1649 2450 1702 αὐτὸν
2544 1649 2858 1713 Ἐκκλησίας
2945 1651 3306 1721 ἐπιλαθέσθαι,
3396 1653 3425 1711 ἡ
3500 1656 3564 1706 τ’ὀι
3649 1653 3968 1726 ζητήματα,

511 1754 702 1796 unam
740 1740 803 1797 in
853 1741 1040 1799 tribus
1089 1744 1370 1818 personis
1407 1744 1790 1818 hypostasim
1821 1745 2183 1825 admitteret,

2295 1740 2421 1813 ὑπὲρ
2467 1741 2533 1791 ὧν
2591 1739 2643 1804 ἐξ
2682 1740 2858 1816 ἀρχῆς
2906 1743 2935 1800 ἡ
2999 1738 3282 1803 διάστασις
3331 1747 3526 1815 γέγονε,
3595 1747 3762 1818 μικρά
3825 1746 3972 1815 ἡγή-

513 1833 731 1902 prieter
760 1831 1087 1890 Paulinum
1127 1835 1575 1892 Antiochenum
1629 1837 1887 1909 ejusque
1929 1836 2183 1893 amicos.

511 1922 718 1993 Neque
745 1921 930 1979 etiam
953 1922 1154 1981 dicere
1179 1924 1432 1983 verebor
1457 1929 1574 1983 tres
1591 1925 1955 1998 hypostases
1974 1925 2186 1983 imme‘

510 2009 626 2066 rito
676 2027 714 2067 a
753 2014 809 2068 S.
851 2012 1247 2086 Hieronymo,
1305 2019 1370 2072 ut
1419 2015 1714 2089 loquendi
1741 2015 2040 2072 rationem
2070 2031 2184 2072 sua

511 2104 726 2173 sponte
739 2116 862 2158 non
875 2105 1600 2178 accuratam;vituperari.
1627 2107 1775 2164 Tota
1789 2107 2182 2164 saecularium

512 2189 858 2248 litterarum
877 2193 1107 2265 schola,
1133 2194 1329 2268 inquit
1357 2195 1421 2250 in
1448 2195 1706 2268 epistola
1742 2195 1822 2252 ad
1851 2199 2180 2252 Damasum

512 2282 926 2353 papam,nihil
947 2283 1124 2340 aliud
1145 2283 1519 2356 hypostasim
1541 2285 1662 2341 nisi
1680 2285 1871 2342 usiam
1892 2285 2059 2342 novit
2081 2301 2095 2340 :
2124 2290 2181 2342 et

511 2371 857 2443 quisquam,
877 2389 1044 2445 rogo,
1061 2389 1164 2430 ore
1181 2376 1479 2446 sacrilego
1498 2381 1618 2432 tres
1639 2377 2008 2433 substantias
2024 2391 2180 2446 pra-

511 2460 740 2518 dicabit
758 2462 1287 2521 tEtsiabundabat
1306 2465 1646 2522 eruditione
1665 2467 1723 2524 S.
1748 2466 2176 2539 Hieronymus,

511 2550 794 2607 videntur
824 2557 1027 2609 tamen
1070 2553 1186 2610 hac
1217 2553 1276 2610 in
1299 2569 1363 2610 re
1393 2555 1714 2627 opiniones
1742 2555 2088 2628 anticipatae
2118 2556 2173 2611 ei

511 2639 791 2698 illusisse.
816 2645 967 2698 Nam
997 2643 1256 2700 Budaeus
1287 2649 1346 2702 et
1385 2649 1525 2718 post
1555 2660 1696 2702 eum
1725 2645 2015 2702 Henricus
2047 2647 2177 2703 Ste-

512 2731 756 2804 phanus
777 2731 1104 2791 observant
1123 2750 1284 2808 saepe
1310 2737 1480 2807 apud
1520 2735 1803 2810 antiquos
1852 2737 2178 2809 scriptores

511 2821 898 2895 hypostasim
919 2821 996 2880 de
1024 2823 1097 2880 iis
1117 2823 1237 2881 dici
1257 2840 1397 2898 quae
1420 2840 1561 2882 vere
1587 2826 1871 2895 existunt,
1900 2830 1957 2884 et
1980 2826 2054 2882 iis
2075 2842 2180 2899 op-

512 2912 658 2986 poni
708 2928 845 2986 quae
900 2913 1100 2987 specie
1151 2918 1384 2972 tantum
1424 2920 1529 2973 aut
1571 2917 1880 2987 cogitandi
1922 2917 2176 2974 ratione.

516 3002 684 3059 Unde
706 3003 963 3059 Budaeus
986 3003 1049 3060 in
1082 3003 1540 3063 Commentariis
1579 3006 1806 3079 profert
1854 3007 2018 3063 hunc
2056 3006 2182 3062 Ari-

2297 1832 2516 1900 σασθαι,
2566 1836 2656 1884 καὶ
2695 1830 2875 1903 ὀλίγην
2923 1834 3064 1904 ἔχειν
3124 1829 3379 1908 διαφορὰν
3445 1838 3659 1906 νομίσαι
3706 1837 3835 1908 πρὸς
3866 1836 3969 1885 τὸν

2293 1928 2386 1982 τῆς
2443 1919 2705 1983 εὐσεϐείας
2755 1925 2971 1977 σκοπὸν.
3025 1921 3155 1993 Ἐγὼ
3207 1923 3334 1996 γὰρ,
3389 1922 3495 1994 οὐχ
3561 1923 3700 1984 ὅπως
3749 1922 3792 1975 εἰ
3845 1921 3967 1974 ἐπι-

2295 2009 2483 2068 στολὴν
2534 2030 2616 2071 τις
2681 2009 2964 2084 ἀνθρώπων
3020 2007 3294 2084 δεξάμενος
3351 2009 3440 2063 ἐπ’
3479 2012 3610 2084 αὐτῇ
3669 2015 3805 2084 μέγα
3834 2031 3968 2084 φρο-

2290 2105 2364 2152 νεῖ
2432 2102 2622 2152 τούτου
2717 2101 2878 2153 ἕνεκεν
2967 2099 3330 2160 ὑποσταλῆναί
3393 2119 3518 2154 ποτε
3574 2098 3964 2173 καταδίξομαι·

2290 2188 2397 2241 ἀλλ’
2424 2187 2539 2242 οὐδ’
2579 2188 2640 2241 ἂν
2671 2188 2724 2253 ἐξ
2755 2190 2926 2242 αὐτῶν
2959 2193 3060 2262 ἥκῃ
3093 2199 3193 2243 τῶν
3223 2191 3473 2265 οὐρανῶν,
3528 2196 3600 2264 μὴ
3657 2199 3851 2263 στοιχῇ
3899 2188 3968 2244 δὲ

2286 2287 2360 2350 τῷ
2413 2281 2699 2352 ὑγιαίνοντι
2752 2279 2890 2352 λόγῳ
2957 2289 3054 2342 τῆς
3110 2285 3354 2349 πίστεως,
3391 2277 3625 2354 δύναμαι
3669 2280 3826 2333 αὐτὸν
3853 2299 3971 2333 κοι-

2286 2373 2441 2422 νωνόν
2495 2371 2806 2442 ἡγήσασθαι
2853 2379 2953 2422 τῶν
3016 2370 3198 2442 ἁγίων
3253 2371 3390 2427 Νοη
3443 2370 3672 2427 idcirco
3755 2377 3971 2426 tamen

2287 2461 2438 2518 mihi
2461 2461 2589 2531 ipse
2617 2477 2883 2533 unquam
2901 2462 3271 2532 persuadere
3293 2463 3609 2532 possim,ut
3633 2469 3739 2519 aut
3766 2463 3959 2518 Mele-

2289 2551 2441 2606 tium
2470 2551 2759 2622 ignorem,
2795 2556 2902 2607 aut
2934 2552 3222 2608 Ecclesia:
3250 2553 3351 2607 cui
3373 2557 3590 2620 praeest
3625 2551 3969 2608 obliviscar

2287 2646 2397 2697 aut
2422 2641 2803 2712 qucestiones,
2831 2640 2904 2697 de
2934 2640 3149 2712 quibus
3170 2640 3246 2697 ab
3266 2641 3442 2696 initio
3467 2645 3619 2697 nata
3644 2640 3963 2710 dissensio,

2288 2732 2474 2788 exiles
2493 2736 2723 2802 putem,
2751 2737 2804 2788 et
2835 2732 3019 2800 parvi
3046 2731 3128 2787 ad
3156 2731 3402 2801 pietatis
3421 2731 3803 2801 propositum
3834 2746 3962 2786 mo-

2286 2821 2492 2878 menti.
2515 2821 2645 2892 Ego
2667 2822 2824 2878 enim
2856 2836 2978 2877 non
2997 2821 3214 2891 solum,
3236 2822 3289 2876 si
3307 2823 3436 2892 quis
3456 2821 3528 2876 ob
3549 2825 3858 2890 acceptam
3880 2819 3962 2876 ab

2289 2909 2629 2967 hominibus
2641 2911 2955 2980 epistolam
2973 2909 3282 2981 efferatur,
3298 2925 3420 2966 non
3436 2911 3666 2966 idcirco
3683 2910 3970 2966 abstrahi

2288 3015 2364 3056 ne
2419 3016 2691 3072 unquum
2747 3006 2801 3056 et
2854 2999 3111 3056 subduci
3131 3001 3347 3069 patiar
3376 3017 3387 3054 :
3413 3000 3518 3056 sed
3560 3015 3770 3072 neque,
3801 3000 3853 3055 si
3881 3015 3961 3058 ea:

515 3093 959 3150 stotelislocum
974 3096 1060 3152 De
1089 3096 1336 3166 mundo,
1364 3110 1505 3169 cap.
1535 3099 1596 3152 4:
1623 3094 1926 3156 remeam
1973 3094 2032 3150 δὲ
2078 3104 2176 3150 τῶν
2211 3107 2253 3163 c
2290 3090 2435 3160 ipsis
2474 3091 2657 3146 missa
2702 3089 2778 3145 sit
2830 3090 3018 3159 caelis,
3069 3103 3178 3145 nec
3220 3104 3433 3146 sanam
3462 3089 3570 3145 ille
3595 3089 3962 3159 proﬁteatur

515 3182 566 3236 ἐν
615 3182 726 3260 ἀέρι
773 3186 1162 3258 φαντασμάτων
1212 3187 1279 3238 τὰ
1329 3189 1421 3258 μέν
1466 3185 1581 3239 ἐστι
1620 3187 1737 3240 κατ’
1791 3190 2037 3259 ἔμφασιν.
2113 3189 2179 3240 τὰ

519 3271 579 3328 δὲ
627 3275 744 3328 καθ’
799 3276 1113 3329 ὑπόστασιν·
1164 3277 1257 3333 Ad
1306 3293 1602 3336 summam
1651 3293 1876 3347 eorum,
1937 3295 2068 3351 qua
2116 3280 2180 3336 in

517 3367 1126 3436 aereapparent,alia
1137 3367 1512 3437 specietenus
1525 3369 1948 3436 existunt,alia
1961 3369 2181 3427 habent

519 3455 699 3511 etiam
726 3456 1118 3526 hypostasim.
1143 3457 1324 3515 Addit
1353 3458 1534 3516 etiam
1577 3457 1728 3514 illud
1771 3459 2076 3517 Themistii
2122 3460 2186 3517 in

517 3545 705 3616 Phys.
757 3561 798 3601 II
846 3561 859 3601 :
905 3544 970 3599 Ἀ
1011 3543 1150 3619 μηδὲ
1209 3555 1281 3600 τῶ
1335 3547 1472 3620 λόγῳ
1542 3551 1810 3623 χωριστὰ,
1875 3557 2044 3603 ταῦτα
2098 3555 2188 3604 καὶ

521 3640 814 3692 ὑποστάσει
879 3637 1205 3714 χωρίζουσι⁶
1254 3638 1396 3706 ουκ
1434 3654 1510 3696 ne
1552 3641 1790 3697 ratione
1839 3643 2078 3712 quidem
2108 3657 2192 3701 se.

517 3731 744 3802 parari
753 3735 1031 3801 possunt,
1049 3745 1119 3787 ea
1143 3731 1324 3787 etiam
1354 3728 1668 3802 hypostasi
1689 3737 1997 3801 separant.
2041 3737 2190 3792 Cum

523 3836 669 3893 ergo
688 3819 1040 3894 hypostasis
1063 3823 1415 3893 opponatur
1433 3819 1507 3876 iis
1521 3835 1658 3893 quia
1681 3820 1811 3879 sola
1835 3822 2070 3880 ratione
2087 3829 2192 3881 aut

523 3911 723 3985 specie
771 3914 1008 3968 tantum
1051 3909 1338 3979 existunt,
1386 3910 1602 3968 merito
1649 3911 1843 3968 sancti
1863 3915 2084 3978 Patres,
2123 3919 2191 3971 ut

525 4004 762 4058 Patrem
785 4015 926 4056 vere
952 4015 1084 4056 esse
1103 4003 1361 4073 patrem,
1393 3999 1608 4056 Filium
1631 4016 1768 4058 vere
1797 4017 1930 4059 esse
1971 4003 2185 4073 ﬁlium,

525 4091 812 4164 Spiritum
836 4105 971 4147 vere
999 4105 1133 4147 esse
1159 4090 1438 4163 spiritum
1467 4091 1871 4165 ostenderent,
1924 4098 2044 4151 tres
2081 4095 2189 4166 hy-

527 4183 806 4254 postases
853 4179 1268 4252 praedicarunt
1315 4183 1528 4238 contra
1578 4179 1908 4238 Sabellium
1955 4187 2012 4240 et
2039 4187 2184 4241 Noe-

527 4277 680 4338 tum,
739 4269 1022 4342 quicum
1069 4273 1188 4326 tres
1226 4269 1478 4342 quidem
1531 4285 1831 4343 personas
1894 4272 2186 4347 dicereut,

529 4365 675 4418 teste
707 4359 924 4417 Basilio
947 4360 1120 4434 epist.
1151 4361 1279 4428 214,
1303 4375 1364 4417 n.
1399 4365 1452 4430 3,
1481 4361 1590 4418 sed
1627 4361 1745 4419 hoc
1772 4377 2051 4434 personae
2077 4380 2184 4422 no-

529 4466 672 4508 men
685 4450 765 4508 ad
779 4451 1224 4524 metaphoricos
1236 4467 1451 4508 sensus
1466 4451 1900 4525 detorquerent
1927 4471 1939 4509 :
1958 4453 2188 4527 aliquid
2223 4470 2267 4526 ι)

531 4541 618 4598 eis
640 4540 870 4614 opponi
900 4539 1132 4606 debuit,
1150 4540 1318 4612 quod
1338 4540 1562 4613 pariter
1609 4540 1852 4598 eludere
1889 4557 2014 4599 non
2058 4560 2189 4616 pos-

533 4634 684 4688 sent.
709 4633 781 4688 At
806 4630 958 4687 nihil
979 4630 1060 4686 ad
1086 4645 1220 4686 eam
1241 4645 1366 4686 rem
1401 4630 1626 4703 aptius,
1653 4631 1802 4688 nihil
1839 4632 2190 4703 signiﬁcan-

532 4724 650 4780 tius
670 4722 1020 4794 hypostasis
1033 4737 1205 4780 voce.
1231 4721 1398 4778 Unde
1413 4722 1708 4780 Sabellius
1724 4738 1914 4780 unum
1942 4740 2192 4796 prorsus

530 4811 851 4886 hypostasi
880 4813 1070 4868 Deum
1100 4827 1236 4870 esse
1265 4813 1694 4885 contendebat,
1754 4818 1820 4871 ut
1847 4814 2075 4872 ibidem
2112 4819 2193 4873 ιθ-

533 4906 724 4960 statur
753 4900 1022 4958 Basilius.

1296 5013 1324 5078 §
1362 5011 1430 5069 ΙΙ.

531 5121 574 5174 l.
617 5119 867 5176 Videtur
901 5119 968 5186 S,
990 5119 1259 5178 Basilius
1276 5119 1477 5190 prima
1501 5120 1692 5190 specie
1733 5135 2011 5192 pugnare
2059 5138 2193 5179 cum

600 5192 729 5248 S.A
742 5192 1023 5249 thanasio
1041 5193 1169 5249 etS.
1187 5192 1474 5261 Gregorio
1488 5193 1550 5248 in
1567 5195 1758 5249 tribus
1773 5193 2192 5264 hypostasibus

600 5264 1088 5334 defendendis“.
1105 5265 1241 5320 Non
1256 5269 1453 5321 tamen
1469 5265 1718 5320 discedit
1736 5281 1771 5322 α
1787 5267 1988 5322 debita
2002 5267 2195 5322 animi

599 5337 1030 5393 moderatione.
1065 5337 1188 5404 Quo
1209 5351 1385 5393 sensu
1407 5336 1568 5393 hanc
1587 5340 1971 5408 quaestionem
1983 5342 2194 5408 magni

598 5409 883 5464 momenti
904 5425 1026 5465 esse
1045 5409 1222 5465 dixit.
1255 5409 1379 5474 Quo
1410 5424 1585 5464 sensu
1612 5425 1744 5465 cum
1776 5410 2190 5479 defensoribus

573 5481 752 5536 unius
766 5481 1106 5550 hypostasis
1119 5482 1594 5538 communionem
1615 5481 1936 5538 meundam
1947 5484 2187 5553 negavit

599 5615 642 5670 Ι.
688 5608 976 5675 Quamvis
1029 5610 1084 5666 S.
1138 5606 1394 5665 Basilius
1451 5607 1513 5664 in
1552 5606 1952 5665 defendendis
1993 5608 2186 5666 tribus

2287 3181 2432 3250 ﬁdei
2454 3181 2824 3249 doctrinam,
2849 3195 3088 3249 possum
3115 3181 3286 3236 illum
3321 3185 3668 3236 sanctorum
3695 3194 3960 3236 commu-

2289 3271 2486 3327 nionis
2497 3270 2855 3340 participem
2869 3269 3284 3326 existimareﬂ
3293 3284 3362 3324 ur
3373 3272 3566 3324 autem
3582 3267 3658 3323 de
3671 3268 3784 3324 hac
3795 3283 3963 3340 quaa-

2294 3361 2487 3417 stione
2513 3363 2568 3416 et
2595 3359 2672 3415 de
2688 3358 2935 3416 Paulino
2950 3358 3036 3414 sic
3049 3358 3289 3423 sentiat,
3302 3357 3462 3415 hanc
3476 3357 3648 3415 aﬂ‘ert
3661 3357 3960 3414 rationem

2293 3450 2462 3523 quod
2491 3449 2800 3517 Paulinus,
2821 3449 2970 3505 dum
2993 3463 3180 3504 uuam
3201 3447 3729 3520 hypostasim,tres
3759 3462 3965 3520 perso-

2295 3555 2410 3596 nas
2437 3537 2733 3612 perfectas
2755 3537 3036 3604 admittit,
3072 3537 3134 3593 in
3159 3538 3276 3593 hoc
3299 3553 3336 3593 a
3352 3536 3611 3594 Sabellio
3632 3552 3757 3594 non
3779 3535 3965 3593 disce-

2299 3630 2421 3701 dat,
2453 3629 2559 3702 qui
2587 3627 2810 3702 pariter
2829 3642 3019 3684 unam
3041 3627 3508 3700 hypostasim,et
3528 3631 3648 3682 tres
3668 3642 3963 3700 personas

2298 3719 2647 3777 admiserat.
2680 3719 2875 3784 Quare
2918 3717 3224 3773 contendit
3274 3715 3530 3780 Basilius
3585 3715 3964 3787 conjunctio-

2297 3825 2442 3866 nem
2465 3824 2608 3864 cum
2642 3806 2944 3880 ejusmodi
2973 3805 3329 3862 hominibus
3358 3821 3546 3861 unam
3577 3804 3963 3878 hypostasim

2297 3897 2739 3973 proﬁtentibus.
2766 3897 2894 3953 sine
2937 3896 3314 3967 gravissimis
3369 3895 3779 3952 incommodis
3822 3894 3962 3950 iniri

2297 4005 2423 4046 non
2468 4003 2684 4062 posse:
2717 3993 2804 4048 Τίς
2845 3983 2898 4040 δ’
2947 3987 3007 4038 ἂν
3045 3990 3244 4058 γένοιτο
3295 3994 3387 4048 τῆς
3444 3982 3694 4046 διαϐολῆς
3768 3987 3961 4045 ταύτης

2297 4079 2659 4153 χαλεπωτέρα,
2722 4081 2812 4130 καὶ
2869 4076 3062 4150 μᾶλλον
3121 4072 3382 4149 δυναμένη
3438 4079 3555 4135 τοὺς
3583 4073 3802 4136 πολλοὺς
3831 4069 3960 4126 δια-

2299 4169 2572 4235 σαλεῡσαι,
2630 4169 2660 4227 ἦ
2723 4167 2766 4220 εἰ
2825 4169 3107 4240 φανείησάν
3149 4185 3276 4227 τινες
3333 4166 3384 4229 ἐξ
3436 4167 3582 4238 ἡμῶν
3642 4167 3841 4236 Πατρός
3869 4169 3962 4216 καί

2297 4262 2421 4314 Υίοῦ
2481 4262 2571 4311 καὶ
2642 4257 2796 4327 ἁγίου
2879 4259 3178 4329 Πνεύματος
3251 4260 3373 4323 μίαν
3441 4257 3736 4308 ὑπόστασιν
3791 4253 3964 4325 λέγον-

2298 4366 2400 4409 τες⁹
2430 4349 2716 4417 Quanam
2740 4351 2939 4404 autem
2961 4346 3077 4402 hac
3098 4346 3411 4402 calumnia
3428 4346 3680 4416 gravior
3693 4359 3814 4401 esse
3829 4358 3962 4413 pos-

2299 4441 2392 4508 sit,
2423 4444 2478 4495 et
2500 4439 2581 4495 ad
2609 4439 2831 4494 multos
2859 4435 3304 4492 commovendos
3327 4435 3550 4504 aptior,
3572 4449 3753 4506 quam
3781 4435 3832 4489 si
3859 4436 3970 4504 qui

2301 4545 2376 4586 ex
2389 4529 2558 4585 nobis
2581 4527 2907 4584 videantur
2929 4526 3133 4582 Patris
3155 4530 3210 4581 et
3233 4525 3384 4582 Filii
3401 4530 3453 4580 et
3477 4525 3737 4593 Spiritus
3768 4524 3968 4579 sancti

2301 4635 2486 4676 unam
2520 4619 2887 4691 hypostasim
2917 4617 3248 4674 dicereiln
3288 4614 3570 4671 eamdem
3606 4612 3966 4669 sententiam

2303 4711 2388 4767 sic
2439 4709 2766 4782 alloquitur
2816 4707 3223 4780 Epiphanium
3264 4707 3324 4761 in
3349 4704 3606 4778 epistola
3629 4706 3758 4771 258,
3790 4720 3850 4760 n.
3878 4709 3909 4760 3
3949 4736 3963 4772 ε

2301 4801 2506 4861 Ἰκανῶς
2555 4796 2613 4852 δὲ
2667 4817 2768 4872 μου
2827 4797 3034 4850 κάκεῖνο
3091 4801 3184 4854 τὴν
3255 4795 3442 4867 ψυχὴν
3499 4794 3836 4868 παρεκάλεσε,
3904 4799 3965 4846 τὸ

2303 4891 2585 4967 προστεθὲν
2638 4890 2783 4961 παρὰ
2825 4896 2916 4947 τῆς
2975 4895 3074 4948 σῆς
3122 4885 3389 4960 ἀκριϐείας
3431 4892 3543 4947 τοῖς
3599 4883 3800 4944 λοιποῖς
3871 4903 3965 4936 κα-

2303 4981 2404 5042 λῶς
2465 4985 2555 5032 καὶ
2623 4978 2848 5052 ἀκριϐῶς
2925 4976 3300 5048 θεολογηθεῐσι·
3361 4979 3420 5028 τὸ
3482 4981 3622 5049 τρεῖς
3685 4973 3965 5045 ἀναγκαῖον

2305 5069 2432 5124 εἶναι
2485 5073 2574 5130 τὰς
2622 5069 2942 5128 ὑποστάσεις
2985 5065 3272 5138 ὁμολογεῖν.
3327 5065 3488 5117 Ὠστε
3545 5071 3700 5116 τοῦτο
3756 5069 3840 5115 καὶ
3915 5068 3966 5116 οἱ

2303 5162 2437 5213 κατά
2503 5159 2831 5230 Ἀντιόχειαν
2907 5152 3120 5228 ἀδελφοὶ
3182 5151 3627 5207 ὃιδασκέσθωσαν
3674 5154 3818 5226 παρά
3864 5161 3963 5205 σοῦ

2301 5252 2502 5309 πάντως
2545 5245 2604 5301 δε
2639 5267 2738 5300 που
2782 5251 2872 5299 καὶ
2912 5241 3308 5318 ἐδιδάχθησαν·
3364 5243 3423 5294 οὗ
3471 5246 3568 5316 γὰρ
3609 5241 3668 5294 ἂν
3702 5242 3833 5295 εἵλου
3866 5238 3966 5300 δη-

2301 5339 2466 5392 λονότι
2526 5342 2620 5396 τὴν
2677 5340 2804 5411 πρὸς
2859 5335 3046 5396 αὐτοὺς
3102 5338 3390 5397 κοινωνίαν,
3448 5336 3518 5404 μὴ
3591 5339 3743 5384 τοῦτο
3797 5331 3965 5384 αὐτῶν

2300 5429 2534 5502 μάλιστα
2571 5431 2628 5479 τὸ
2669 5431 2818 5498 μέρος
2850 5424 3286 5498 ἀσφαλισάμενος·
3330 5421 3514 5477 Valde
3545 5427 3739 5477 autem
3769 5435 3964 5478 meum

2300 5519 2460 5576 illud
2503 5519 2682 5574 etiam
2731 5519 2995 5573 animum
3057 5513 3372 5578 recreavit,
3433 5512 3594 5582 quod
3640 5511 3964 5581 diligentia

2299 5616 2406 5669 tua
2427 5609 2654 5668 caeteris
2683 5609 2985 5678 prleclare
3011 5610 3066 5662 et
3091 5609 3378 5661 accurate
3398 5603 3678 5659 tractatis
3707 5602 3924 5670 adjecit
3961 5647 3975 5671 ,
