4154 6382
525 278 593 330 23
2046 291 2184 348 ΡΒᾸ

2297 296 2432 352 TlO.
3897 311 3972 362 24

523 400 1025 502 communionem
1051 419 1191 462 cum
1231 409 1482 467 Paulino
1511 410 1845 468 ineundam
1874 415 2182 486 negabat;
2215 421 2262 475 Λ
2300 421 2571 495 undique
2627 425 2939 498 exquisitis
3003 429 3060 481 et
3115 427 3526 499 comportatis,
3587 443 3710 484 non
3765 430 3976 502 prima

522 487 751 562 quippe
778 506 918 548 cum
945 493 1082 551 iniri
1109 511 1233 553 non
1257 505 1486 572 posset,
1519 501 1667 574 quin
1697 503 1958 560 Meletius
1985 507 2190 577 rejice-

524 579 707 667 retur,
722 579 828 652 qui
845 581 1006 638 solus
1020 585 1349 644 Antiochiae
1370 589 1676 660 legitimus
1693 597 1822 648 erat
1841 594 2186 667 episcopus.

525 665 748 722 Eadem
779 668 853 723 de
881 687 1071 730 causa
1123 673 1380 733 Basilius
1413 680 1606 752 (epist.
1640 684 1766 749 258,
1801 697 1863 739 n.
1886 665 1950 754 73)
1981 665 2192 741 leniter

523 757 912 830 reprehendit
939 761 1001 817 in
1033 764 1369 838 Epiphanio
1400 769 1612 826 initam
1647 787 1785 826 eum
1819 772 2050 829 Paulini
2081 776 2186 830 Ec-

525 846 706 936 clesia
727 852 1218 911 communionem
1245 874 1257 910 :
1292 873 1414 914 non
1445 859 1609 932 quod
1641 861 1820 916 unius
1840 861 2187 936 hypostasis

526 935 874 995 defensores
925 946 1547 1004 excommunicandos
1586 955 1643 1006 et
1688 949 1766 1007 ab
1797 951 2060 1009 Ecclesia
2085 955 2184 1026 eji-

526 1027 775 1083 ciendos
802 1029 1077 1102 duceret;
1103 1035 1209 1090 sed
1233 1037 1551 1110 Epiphanii
1574 1040 1974 1097 constantiam
1995 1044 2189 1116 requi-

523 1116 715 1187 rebat,
765 1119 870 1192 qui
900 1137 1040 1178 cum
1070 1128 1187 1180 tres
1217 1124 1584 1199 hypostases
1614 1144 1860 1187 necesse
1891 1147 2019 1188 esse
2046 1148 2184 1189 con-

522 1209 672 1264 ﬁteri
702 1215 994 1281 censeret,
1027 1228 1167 1270 cum
1199 1215 1554 1274 hominibus
1586 1235 1773 1277 unam
1803 1221 2184 1294 hypostasim

520 1297 947 1369 proﬁtentibus
991 1305 1569 1377 communicaverat,
1597 1313 1801 1382 spreta
1853 1315 1910 1366 et
1966 1313 2189 1384 rejecta

520 1386 727 1443 Meletii
817 1392 1270 1450 communione.
1330 1397 1484 1453 Fecit
1538 1399 1752 1454 eadem
1821 1399 2187 1458 defendendi

519 1477 725 1534 Meletii
770 1481 1118 1550 necessitas,
1152 1487 1218 1540 ut
1246 1485 1426 1541 unius
1479 1487 1832 1561 hypostasis
1862 1490 2181 1562 professio,

516 1583 654 1642 quae
697 1584 924 1640 magno
971 1569 1177 1645 aliquo
1209 1577 1533 1634 commodo
1587 1584 2003 1652 compensata,
2035 1581 2186 1637 levis

515 1657 650 1714 visa
679 1662 854 1727 esset,
878 1676 1018 1717 cum
1047 1663 1333 1720 maximis
1363 1666 1424 1721 in
1455 1667 1751 1724 Mcletium
1782 1669 2019 1741 injuriis
2046 1686 2185 1727 eon-

2299 511 2498 582 specie
2528 529 2749 570 manus
2798 514 3038 571 dandas
3085 531 3216 571 esse
3266 521 3453 588 putet.
3478 517 3590 573 Sed
3625 519 3672 573 si
3723 520 3974 590 singula

2297 602 2670 671 vestigentur
2697 605 3059 678 accuratius,
3075 605 3240 661 aliud
3261 621 3514 679 prorsus
3537 609 3756 664 feretur
3785 611 3862 665 de
3906 614 3968 668 S.

2299 690 2512 747 Basilio
2537 692 2855 762 judicium.

2370 781 2434 834 Il.
2463 783 2705 837 Duabus
2753 783 3140 856 potissimum
3185 785 3258 840 de
3297 787 3499 842 causis
3533 788 3588 843 S.
3618 786 3829 843 doctor
3862 788 3972 842 Dei

2297 883 2444 924 voce
2471 869 2774 927 interdum
2803 872 2863 927 in
2886 873 3275 944 praedicanda
3307 875 3623 947 S.Spiritus
3655 875 3973 932 divinitate

2297 957 2601 1014 abstinuit.
2618 960 2823 1018 Prima
2849 967 3070 1024 erat,ut
3089 963 3350 1020 infirmis
3373 964 3714 1021 consuleret
3739 983 3750 1020 :
3777 965 3976 1022 altera

2297 1051 2362 1103 ut
2391 1047 2726 1106 furentibus
2777 1051 3068 1108 haereticis
3109 1052 3313 1110 locum
3343 1054 3690 1127 praeriperet
3728 1060 3974 1128 pertur-

2296 1136 2515 1193 bandaa
2541 1145 2597 1195 et
2628 1140 2945 1197 vastandas
2969 1142 3393 1214 Cappadociae.

2369 1229 2517 1282 Cum
2570 1230 2878 1286 Tarsensis
2923 1231 3186 1289 Ecclesia
3215 1232 3276 1288 in
3321 1233 3687 1289 Arianorum
3739 1249 3974 1290 manus

2296 1315 2625 1387 incidisset,
2641 1318 2917 1376 catholici
2940 1319 3277 1392 presbyteri
3302 1337 3442 1377 cum
3463 1322 3752 1395 episcopo
3773 1323 3974 1378 haere-

2297 1408 2414 1460 tico
2437 1407 2890 1464 communicare
2915 1407 3226 1473 nolebant,
3253 1424 3322 1465 ac
3353 1410 3627 1478 seorsim,
3653 1417 3717 1468 ut
3745 1411 3805 1466 in
3838 1411 3976 1483 plu~

2293 1493 2462 1550 ribus
2493 1494 2626 1550 aliis
2656 1497 2932 1552 Ecclesiis
2962 1497 3188 1553 factum
3211 1499 3571 1571 est,plebem
3594 1516 3768 1556 suam
3795 1515 3974 1571 rege-

2292 1581 2460 1639 bant.
2495 1585 2609 1640 Sed
2657 1585 2810 1641 inter
2859 1602 2962 1643 eos
3003 1591 3210 1643 exorta
3258 1587 3576 1659 dissensio,
3609 1605 3681 1645 ac
3713 1589 3975 1661 Cyriaco

2293 1675 2667 1746 presbytero,
2703 1674 2872 1746 cujus
2918 1675 3071 1732 ﬁdes
3122 1678 3182 1732 in
3231 1678 3641 1750 suspicionem
3695 1685 3970 1746 venerat,

509 1747 742 1840 juncta,
764 1753 1086 1840 permagni
1112 1769 1240 1812 esse
1272 1758 1564 1814 momenti
1616 1759 1936 1815 videretur.
1982 1763 2184 1834 Neque
2215 1785 2254 1838 Β
2293 1761 2392 1819 alii
2418 1763 2753 1836 presbyteri
2785 1765 3160 1821 conditiones
3182 1747 3508 1822 noun—ullas
3528 1767 3975 1840 ferebant,qui-

513 1837 696 1894 etiam
728 1838 806 1895 ab
836 1840 1196 1899 Arianorum
1223 1844 1544 1902 calumniis
1579 1846 1750 1904 valde
1782 1850 2182 1906 metuendum
2218 1837 2243 1838 ί
2292 1851 2408 1907 bus
2438 1851 2533 1909 ille
2573 1854 2849 1909 assentiri
2875 1854 3139 1912 nolebat.
3175 1855 3494 1912 Consultus
3526 1856 3776 1912 Basilius
3809 1837 3977 1913 duas

511 1927 744 1995 fuisset,
773 1929 822 1985 si
852 1947 976 1988 una
1029 1931 1400 2005 hypostasis,
1430 1936 1616 1993 veluti
1669 1954 1880 1994 naevus
1929 1939 2181 2012 quidam

511 2016 840 2076 tolerabilis
883 2025 940 2077 et
967 2021 1402 2093 ignoscendus,
1433 2027 1675 2084 veniam
1707 2028 1873 2100 apud
1919 2029 2179 2086 Catholi-

508 2122 610 2164 cos
663 2107 997 2177 habuisset,
1029 2112 1136 2169 sed
1164 2113 1212 2168 si
1245 2131 1557 2171 summum
1587 2116 1884 2173 honorem
1917 2134 1986 2174 ac
2021 2118 2176 2175 cele-

504 2195 787 2254 britatem
827 2198 1050 2274 adepta
1100 2206 1278 2271 esset,
1303 2219 1373 2260 ac
1403 2220 1631 2276 magna
1659 2206 1867 2263 Meletii
1912 2208 2180 2265 Ecclesia

505 2286 728 2358 pusillo
758 2289 992 2346 Paulini
1048 2294 1372 2349 conventui
1416 2293 1626 2352 fuisset
1674 2296 1987 2368 adjuncta,
2019 2297 2181 2356 velut

507 2376 558 2432 si
578 2376 806 2434 flumen
850 2379 1045 2437 rivulo
1074 2381 1482 2454 adjungatur;
1509 2389 1654 2442 tunc
1678 2386 1914 2442 Arianis
1946 2388 2178 2459 patuis-

506 2472 594 2526 set
611 2468 945 2526 latissimus
971 2470 1050 2527 ad
1076 2471 1580 2530 calumniandum
1611 2491 1889 2548 campus.

1255 2585 1282 2650 §
1329 2584 1422 2639 ιιι.

504 2685 546 2739 l.
591 2685 985 2763 Vituperatys
1022 2701 1060 2763 a
1088 2689 1404 2763 nonnullis
1443 2689 1508 2748 S.
1546 2691 1832 2756 Basilius,
1860 2693 2021 2763 quod
2070 2692 2182 2748 Dei

577 2758 821 2831 t_itu_lum
878 2757 1139 2826 Spiritui
1193 2766 1403 2816 sancto
1462 2777 1582 2818 non
1608 2778 1841 2831 semper
1869 2757 2178 2820 tribuerit.

576 2829 788 2902 ll.Hoc
809 2835 1273 2898 temperamento
1301 2847 1442 2886 usus
1475 2839 1664 2900 est,ut
1688 2829 1944 2902 inﬁrmis
1971 2851 2180 2890 consu-

575 2901 720 2976 leret
747 2907 801 2956 et
829 2902 1160 2976 Ecclesiqm
1182 2918 1352 2959 suam
1373 2901 1792 2960 haereticorum
1810 2907 2012 2976 furori
2046 2907 2178 2961 sub-

575 2971 864 3047 traheret.
913 2974 1006 3029 ιιι.
1035 2974 1335 3047 Neutrum
1378 2991 1631 3043 prorsus
1685 2971 2177 3047 vituperandum.

579 3045 666 3098 IV.
720 3043 961 3113 Objecta
1004 3046 1346 3102 solvuntur.
1382 3049 1443 3101 V.
1471 3049 1741 3111 Basilius
1768 3043 1999 3116 semper
2023 3049 2178 3106 idem

2292 1957 2363 1998 ea
2394 1941 2468 1998 de
2495 1957 2556 1998 re
2579 1942 2864 2015 epistolas
2889 1945 3150 2017 scripsit,
3179 1944 3434 2001 alteram
3466 1945 3545 2002 ad
3572 1945 3974 2020 presbyteros

2289 2033 2628 2099 Tarsenses,
2662 2031 2913 2090 alteram
2959 2034 3039 2090 ad
3086 2034 3290 2107 ipsum
3337 2035 3675 2106 Cyriacum.
3710 2038 3976 2092 Demon~

2291 2125 2439 2177 strat
2467 2122 2659 2193 (epist.
2699 2127 2822 2190 H3)
2853 2123 3225 2196 presbyteris
3273 2125 3333 2180 in
3385 2141 3456 2181 eo
3507 2131 3668 2182 statu
3719 2143 3812 2182 res
3861 2130 3975 2183 Ec-
4019 2141 4037 2151 ·

2291 2208 2485 2265 clesiae
2501 2211 2823 2278 versari,ut
2851 2212 2999 2268 nihil
3032 2213 3340 2286 antiquius
3367 2230 3498 2269 esse
3525 2213 3974 2288 debeat,quam

2289 2299 2569 2355 membra
2582 2300 2819 2357 divulsa
2833 2305 2968 2372 conj
2981 2303 3363 2372 ungere.Fiet
3377 2311 3574 2360 autem
3587 2307 3961 2374 conjunctio,

2289 2389 2504 2462 inquit,
2527 2391 2577 2445 si
2614 2391 2887 2458 velimus,
2919 2393 3134 2463 quibus
3164 2393 3226 2448 in
3255 2393 3430 2449 rebus
3449 2396 3686 2449 animas
3706 2409 3822 2450 non
3858 2396 3966 2450 lae-

2289 2479 2577 2545 dimus,in
2597 2481 2688 2537 his
2713 2497 2819 2538 nos
2841 2482 2922 2538 ad
2950 2483 3309 2550 inﬁrmiores
3332 2484 3971 2542 accommodare.Cum

2272 2571 2481 2641 igitur
2506 2586 2613 2626 ora
2646 2573 2842 2628 multa
2873 2573 2934 2626 in
2953 2573 3246 2641 Spiritum
3271 2580 3546 2629 sanctum
3569 2581 3783 2644 aperta
3813 2576 3960 2646 sint,

2289 2674 2358 2715 ac
2404 2661 2628 2730 lingua
2658 2661 2738 2717 ad
2755 2662 3080 2730 jaciendas
3106 2663 3167 2717 in
3191 2663 3365 2718 illum
3399 2663 3805 2732 blasphemia:
3832 2668 3964 2720 sint

2289 2756 2583 2818 exacutaz,
2607 2766 2889 2821 rogamus
2920 2767 3017 2807 vos
3037 2757 3121 2818 ut,
3155 2759 3447 2823 quantum
3473 2754 3535 2808 in
3567 2753 3729 2808 vobis
3753 2761 3857 2821 est,
3882 2757 3973 2810 ad

2285 2854 2546 2908 parvum
2580 2855 2896 2896 numerum
2930 2841 3412 2910 blasphemantes
3437 2842 3729 2912 redigatis
3744 2855 3768 2913 ,'
3785 2849 3837 2898 et
3858 2857 3974 2914 qui

2287 2930 2583 2998 Spiritum
2611 2936 2887 2985 sanctum
2935 2936 3280 2986 creaturam
3312 2947 3434 2987 esse
3454 2947 3574 2987 non
3605 2932 3835 2997 dicunt,
3867 2949 3971 2989 eos

2289 3020 2596 3090 recipiatis
2612 3022 2671 3075 in
2688 3022 3255 3091 communionem,ut
3275 3022 3770 3091 blasphemirelin
3780 3039 3974 3095 quan-

574 3110 833 3172 sentiens
847 3131 968 3172 non
987 3131 1221 3186 semper
1251 3117 1450 3174 eodem
1479 3110 1658 3176 modo
1673 3122 1736 3177 in
1768 3110 2068 3177 haereticis
2094 3136 2182 3176 re-

2297 3116 2393 3165 tur
2407 3111 2542 3181 soli,
2565 3125 2636 3166 ac
2661 3111 2756 3167 vel
2775 3110 3005 3180 pudore
3019 3112 3236 3181 διηγαδὶ
3250 3113 3332 3168 ad
3353 3113 3664 3170 veritatem
3689 3114 3937 3170 redeant
3953 3158 3968 3176 ,

572 3186 859 3256 fallendis
881 3195 1179 3245 versatur.

577 3292 623 3350 Ι.
647 3296 814 3350 Nune
835 3292 1001 3350 aliud
1031 3295 1524 3368 reprehensionis
1554 3297 1961 3368 genus,longe
1987 3298 2177 3354 diver-

513 3399 646 3438 sum
695 3382 1012 3454 superiori,
1040 3384 1530 3457 propulsandum
1569 3402 1606 3443 a
1649 3387 1702 3443 S.
1733 3386 1971 3443 Basilio.
2008 3386 2182 3452 Quod

509 3471 673 3528 enim
727 3471 1033 3528 interdum
1085 3473 1160 3530 de
1207 3479 1419 3531 sancto
1471 3475 1692 3548 Spiritu
1723 3475 1809 3532 sic
1834 3475 2096 3546 disserit,
2118 3481 2184 3534 ut

509 3577 736 3618 nomen
771 3561 870 3617 Dei
899 3576 1024 3619 non
1066 3562 1377 3633 tribuat,id
1429 3568 1485 3620 et
1525 3564 1833 3622 nonnullis
1863 3565 2183 3622 olimindi-

511 3651 864 3722 gnationem
888 3652 1093 3721 movit,
1117 3668 1228 3710 nec
1250 3653 1473 3711 desunt
1500 3653 1681 3711 hodie
1712 3655 1816 3728 qui
1839 3656 2040 3712 Basilii
2068 3657 2184 3713 hac

510 3741 574 3798 in
595 3757 657 3797 re
677 3741 1089 3799 fortitudinem
1111 3743 1299 3800 animi
1325 3749 1380 3800 et
1411 3745 1819 3801 constantiam
1849 3746 2181 3818 requirant.

512 3830 734 3888 Prodiit
758 3831 968 3903 paucis
993 3831 1070 3889 ab
1097 3832 1237 3889 hinc
1261 3834 1436 3891 annis
1458 3833 1822 3906 opusculum
1845 3834 2183 3907 quoddam,

514 3919 577 3977 in
609 3935 732 3992 quo
763 3919 838 3976 de
869 3920 1067 3978 Basilii
1097 3921 1257 3979 facto
1307 3922 1643 3978 disseritur.
1673 3922 1953 3979 Basilium
1988 3939 2185 3996 repre-

515 4009 727 4066 hendit
784 4013 994 4066 auctor
1042 4011 1340 4084 opusculi,
1375 4028 1498 4068 non
1551 4015 1756 4068 tamen
1805 4013 1935 4068 sine
1983 4012 2187 4069 debita

518 4103 687 4156 tanto
730 4099 964 4156 doctori
993 4102 1348 4167 reverentia,
1382 4102 1552 4176 quod
1599 4103 1787 4159 animi
1817 4102 2186 4160 moderatio-

518 4204 661 4245 nem
715 4193 771 4246 et
816 4189 1122 4246 lenitatem
1177 4190 1420 4263 longius
1468 4191 1841 4264 produxerit.
1877 4192 2190 4249 Existimat

519 4277 676 4334 illius
697 4279 1013 4335 consilium
1036 4295 1159 4336 non
1182 4281 1368 4336 modo
1391 4296 1494 4337 eos
1519 4281 1712 4337 exitus
1729 4297 1853 4338 non
1873 4280 2186 4348 habuisse,

519 4384 677 4441 quos
725 4369 840 4424 sibi
881 4369 1286 4442 proponebat,
1314 4374 1380 4426 ut
1409 4370 1800 4443 placarentur
1829 4373 2187 4427 Pneumato-

2292 3199 2407 3269 vel,
2435 3199 2487 3254 si
2516 3199 2578 3254 in
2621 3205 2865 3269 peccato
2911 3207 3178 3268 manent,
3205 3203 3572 3258 auctoritate
3619 3205 3970 3259 careantob

2287 3290 2680 3359 paucitatem.
2713 3289 2887 3346 Nihil
2911 3291 3100 3360 igitur
3118 3292 3382 3359 amplius
3404 3306 3798 3360 exposcamus
3823 3308 3836 3347 :
3860 3294 3970 3349 sed

2293 3379 2630 3436 volentibus
2650 3379 2955 3436 nobiscum
2971 3382 3576 3451 conjungi/'ratribus
3595 3383 3940 3450 ﬁdemNicae

2293 3485 2436 3526 nam
2469 3485 2882 3540 proponamus
2897 3485 3009 3526 :ac
3029 3473 3084 3525 si
3105 3471 3159 3525 ei
3179 3472 3604 3540 assentientur,
3639 3472 3799 3527 illud
3818 3488 3965 3543 quo-

2291 3574 2405 3630 que
2441 3559 2768 3630 erigamus,
2808 3560 3105 3629 Spiritum
3146 3568 3419 3616 sanctum
3457 3567 3803 3618 creaturam
3846 3561 3976 3617 dici

2292 3665 2413 3705 non
2461 3654 2818 3719 oportere,et
2867 3664 2961 3705 eos
3000 3650 3106 3719 qui
3144 3649 3376 3719 dicunt,
3406 3652 3595 3720 recipi
3616 3651 3693 3708 ab
3730 3651 3868 3720 ipsis
3903 3652 3972 3706 in

2295 3740 2771 3796 communionem
2792 3755 2910 3795 non
2929 3739 3340 3796 debereNihil
3369 3746 3568 3797 autem
3597 3739 3975 3810 praeterth

2295 3831 2735 3900 exposcendum
2769 3847 2890 3888 esse
2919 3847 3144 3888 censeo.
3174 3835 3374 3904 Ipsum
3417 3836 3620 3888 autem
3649 3831 3970 3905 Cyriacum

2295 3919 2574 3976 hortatur
2605 3921 2798 3992 (epist.
2836 3923 2979 3989 114),
3012 3927 3078 3978 ut
3108 3920 3292 3976 ﬁdem
3337 3921 3640 3976 Nicmnam
3684 3921 3967 3993 proﬁtea-

2296 4014 2408 4080 tur,
2443 4025 2554 4066 nec
2583 4009 2769 4066 ullam
2815 4011 2877 4066 in
2924 4027 2993 4067 ea
3020 4027 3234 4067 vocem
3295 4011 3546 4081 rejiciat,
3581 4027 3650 4067 ac
3676 4015 3975 4084 praeterea

2295 4098 2580 4172 Spiritum
2611 4105 2892 4156 sanctum
2925 4106 3261 4156 creaturam
3295 4101 3413 4155 dici
3444 4117 3566 4156 non
3595 4100 3832 4168 debere,
3859 4117 3978 4157 nec

2297 4205 2437 4244 eum
2459 4189 2530 4245 iis
2556 4191 2658 4262 qui
2683 4190 3501 4260 dicunt,communicandum
3530 4206 3658 4246 esse
3682 4189 3973 4247 declaret.

2298 4282 2425 4336 Non
2463 4279 2768 4352 probabat
2821 4297 2964 4350 ergo
3017 4280 3264 4336 Basilius
3291 4281 3450 4336 hanc
3489 4280 3685 4350 legem
3727 4281 3980 4353 Cyriaco

2298 4370 2552 4442 imponi,
2591 4377 2650 4427 ut
2691 4371 2791 4426 Dei
2830 4387 3056 4426 nomen
3113 4371 3355 4444 Spiritui
3405 4377 3614 4427 sancto
3665 4370 3975 4442 tribueret,

521 4458 742 4530 machi,
767 4464 823 4514 et
852 4459 1286 4516 reducerentur
1331 4460 1575 4531 inﬁrmi,
1612 4460 1720 4516 sed
1759 4460 1940 4516 etiam
1986 4459 2189 4516 locum
2224 4481 2266 4535 Ι)
2300 4461 2486 4516 modo
2517 4477 2646 4516 rem
2671 4459 2787 4517 hoc
2814 4460 3060 4517 nomine
3094 4461 3497 4531 significatam
3528 4460 3931 4516 conﬁteretur.

521 4547 764 4604 dedisse
802 4549 1054 4605 occultis
1097 4549 1417 4617 haereticis,
1446 4549 1645 4622 qualis
1686 4553 1811 4606 erat
1839 4549 2188 4606 Eustathius

524 4638 917 4710 Sebastenus,
950 4656 1080 4696 sese
1112 4656 1251 4696 cum
1282 4639 1498 4696 Basilio
1525 4640 1942 4712 conjungendi
1970 4659 1978 4701 ;
2007 4640 2187 4712 pluri-

522 4726 638 4782 bus
669 4731 872 4783 autem
916 4727 1298 4801 displicuisse
1329 4744 1452 4784 non
1483 4728 1679 4784 solum
1706 4728 2046 4800 monachis,
2083 4728 2189 4784 sed

523 4813 704 4872 etiam
763 4817 1061 4889 episcopis
1117 4834 1187 4875 ac
1234 4817 1348 4892 ipsi
1401 4820 1456 4876 S.
1493 4817 1736 4875 Meletio.
1781 4821 1970 4888 Negat
2025 4817 2189 4873 idem

525 4904 782 4978 scriptor
822 4911 982 4962 certo
1037 4912 1314 4964 constare
1363 4923 1442 4965 an
1467 4909 1522 4965 S.
1548 4907 1878 4964 Athanasio
1933 4907 2190 4980 probata

521 4994 701 5052 fuerit
730 4995 926 5051 Basilii
957 4997 1177 5067 agendi
1219 4997 1372 5054 ratio
1401 5016 1414 5054 :
1440 4998 1676 5055 variam
1702 5013 1774 5054 ea
1796 4997 1870 5053 de
1899 5013 1962 5052 re
1989 5002 2191 5054 censet

522 5083 708 5140 fuisse
740 5085 1006 5154 Gregorii
1050 5087 1407 5142 Nazianzeni
1461 5088 1854 5144 sententiam:
1883 5103 1954 5143 ac
1983 5087 2188 5159 ipsum

521 5174 703 5230 etiam
752 5175 1054 5240 Basilium,
1090 5191 1229 5232 cum
1282 5176 1507 5232 videret
1533 5193 1594 5232 se
1625 5193 1752 5232 rem
1807 5176 2189 5249 praeclarissi-

520 5279 688 5319 mam
739 5279 863 5320 non
907 5265 1123 5333 facere,
1158 5266 1218 5322 in
1267 5266 1474 5337 gratiae
1519 5265 1653 5322 loco
1705 5266 1820 5322 hoc
1868 5266 2111 5338 petiisse
2153 5283 2188 5322 a

517 5354 739 5426 Spiritu
788 5360 998 5412 sancto
1029 5359 1283 5429 ejusque
1332 5355 1662 5412 divinitatis
1708 5355 2133 5413 defensoribus
2170 5375 2182 5426 ;

517 5450 735 5514 postea
752 5449 954 5501 autem
971 5446 1088 5502 hoc
1108 5451 1657 5519 temperamentum
1679 5446 1932 5501 missum
1949 5445 2181 5513 fecisse,

517 5547 642 5603 quo
665 5547 986 5605 nunquam
1019 5551 1169 5590 usus
1194 5539 1282 5591 est
1307 5535 1368 5590 in
1397 5534 1782 5591 defendendo
1815 5534 2185 5591 consubtan-

515 5620 661 5677 tiali.
694 5624 878 5679 Nemo
933 5624 1055 5681 fere
1098 5625 1318 5697 estqui
1361 5629 1448 5683 tot
1494 5624 1802 5682 rationum
1854 5625 2178 5681 momentis

2372 4549 2541 4614 Quod
2573 4555 2775 4605 autem
2803 4549 3112 4605 observari
3145 4549 3331 4604 voluit
3365 4548 3444 4604 ad
3476 4549 3786 4604 sanandos
3807 4553 3860 4604 et
3885 4565 3980 4606 re-

2300 4638 2614 4694 ducendos
2635 4639 3022 4707 infirmiores,
3047 4639 3105 4694 id
3131 4638 3259 4710 ipse
3291 4637 3731 4704 observavit,ut
3757 4653 3980 4710 pravo-

2299 4744 2436 4782 rum
2496 4727 2918 4784 hzereticorum
2977 4728 3226 4783 insidias
3282 4727 3543 4783 Ecclesia
3593 4727 3984 4784 Ctesariensis

2299 4817 2605 4887 effugeret.
2641 4821 2750 4873 Res
2779 4834 2814 4873 a
2848 4819 2904 4874 S.
2939 4817 3221 4886 Gregorio
3254 4817 3627 4873 Nazianzeno
3660 4818 3743 4872 sic
3768 4832 3980 4874 narra-

2299 4911 2414 4973 tur,
2466 4923 2554 4965 or.
2601 4911 2688 4974 20,
2742 4923 2803 4979 p.
2863 4910 3005 4963 364:
3037 4906 3338 4979 Οἰκονομεῖν
3399 4904 3458 4960 δὲ
3501 4911 3624 4966 τοὺς
3679 4906 3861 4976 λογους
3925 4907 3977 4958 ἐν

2297 5001 2490 5068 κρίσει,
2552 5006 2652 5050 τῶν
2708 4996 2999 5068 ἀναγκαίων
3067 4995 3292 5069 ἐνόμιζε,
3335 5005 3406 5048 τῶ
3468 4998 3583 5067 θείῳ
3643 4993 3810 5048 Δαεὲὶδ
3852 5003 3979 5070 περὶ

2297 5091 2484 5143 τούτου
2541 5087 2818 5160 συμϐούλῳ
2863 5092 3154 5162 χρώμενος,
3191 5093 3280 5138 καὶ
3332 5091 3516 5159 μικρὸν
3573 5088 3692 5138 ὅσον
3741 5090 3824 5137 τὸν
3877 5096 3978 5139 τοῦ

2296 5181 2521 5252 πολέμου
2596 5182 2776 5252 καιρὸν
2847 5175 3130 5250 διαφέρειν.
3192 5197 3281 5228 και
3357 5181 3450 5234 τὴν
3526 5185 3625 5227 τῶν
3696 5178 3978 5250 αἱρετιεών

2298 5267 2634 5336 δυναστείαν,
2708 5267 2796 5327 ἓως
2851 5268 2874 5318 ὁ
2937 5275 3032 5327 τῆς
3108 5265 3390 5339 ἐλευθερίας
3451 5263 3690 5316 ἐπιλάϐοι
3767 5268 3974 5337 χαίρὸς,

2295 5365 2384 5412 καὶ
2447 5355 2522 5430 δῷ
2580 5366 2640 5430 τῇ
2710 5357 2926 5429 γλώσσῃ
2985 5361 3078 5413 τὴν
3127 5354 3445 5429 παρῥησίαν.
3481 5356 3548 5405 Οἱ
3599 5357 3688 5426 μὲν
3748 5352 3978 5414 ἐζήτουν

2293 5449 2546 5501 λαϐέσθαι
2598 5455 2802 5520 γυμνῆς
2858 5455 2948 5506 τῆς
2996 5450 3115 5517 περὶ
3169 5452 3259 5496 τοῦ
3320 5447 3616 5516 Πνεύματος
3669 5451 3860 5516 φωνῆς,
3906 5447 3978 5507 ὡς

2293 5542 2371 5596 εἴη
2433 5541 2555 5600 Θεὸς
2589 5538 2732 5612 (ὅπερ
2793 5542 2845 5588 ὅν
2913 5535 3118 5602 ἐὰηθὲς,
3175 5533 3357 5595 uates;
3415 5533 3622 5594 ἐκείνοις
3669 5533 3974 5605 ὑπελαμϐά-

2291 5646 2424 5697 vero,
2457 5631 2546 5679 καὶ
2613 5634 2685 5696 τῷ
2741 5634 2884 5696 κακῷ
2950 5626 3219 5700 προστάτῃ
3273 5631 3365 5684 τῆς
3425 5620 3707 5692 ἁσεϐεἱας),
3743 5625 3828 5673 ἵνα
3887 5629 3952 5676 τὸ
