4154 6452
274 295 311 350 25
1815 318 2199 377 PREFATIO.
2376 303 2387 315 ’
3653 331 3722 384 26

287 428 407 498 ῥυτὶς
428 422 616 521 πὸὶιξις
647 426 800 498 μετὰ
838 436 962 492 τῆς
1019 435 1306 509 θεολόγον
1336 439 1601 511 γλώσσης
1629 443 1952 515 ὑπερορίσω-

2066 445 2261 501 verbis
2282 448 2483 516 potius
2506 462 2683 519 quam
2708 449 2769 504 in
2795 450 2972 505 rebus
2988 451 3331 507 consistere:
3349 452 3567 521 quippe
3587 466 3722 507 cum

300 516 485 578 curm
532 512 596 570 δε
666 526 1102 593 κατασχὸντες
1174 534 1278 587 τὴν
1330 530 1673 600 Ἐκκλησίαν,
1721 536 1811 583 καὶ
1860 540 1956 591 τῆς

455 615 641 671 ιακίσις
691 612 1075 688 ὁρμητήριον
1155 625 1544 693 ποιησάμενοι,
1612 621 1834 675 ἐντεῦθεν
1897 625 1954 674 τὸ

311 705 501 774 λατόμων
543 701 708 769 ἅπαν,
758 705 839 765 ὡς
901 706 970 756 ἔτι
1025 726 1185 772 τινος
1230 710 1567 786 ἀκροπόλεως
1596 708 1953 785 καταδράμω-

308 813 370 846 εει.
394 792 439 844 Ὀ
461 787 514 843 δε
542 790 589 842 ἐν
628 790 829 855 ἄλλαις
874 796 979 866 μὴ
1034 805 1248 867 φωναῖς
1279 807 1571 874 γραφικαῖς
1612 805 1700 852 καὶ
1747 819 1953 873 μαρτυ-

293 888 389 957 ρίαις
433 881 833 954 ἑωαμγιλέιτοις
886 890 1111 939 ταυτὸν
1167 885 1510 962 δυναμέναις,
1560 895 1649 942 καὶ
1691 897 1808 949 ταῖς
1854 896 1952 941 τῶν

290 972 587 1044 συλλογισμῶν
635 971 926 1045 ἀνάγκαις
980 978 1166 1041 οὕτως
1219 980 1364 1051 ἦγχε
1410 983 1531 1041 τοὺς
1577 979 1951 1051 ἀντιλέγοντας,

274 1066 380 1116 ὥστε
425 1069 491 1135 μὴ
548 1063 892 1119 ἀντιϐαίνειν
962 1069 1143 1139 ἔχειν,
1202 1067 1311 1121 ἀλλ’
1367 1070 1580 1130 οἰκείαις
1639 1066 1953 1123 συνδεῖσθαι

270 1161 437 1224 φωναῖς,
499 1156 631 1227 ἢπερ
699 1150 777 1212 δὴ
859 1162 968 1209 καὶ
1039 1163 1274 1230 μεγίστη
1342 1158 1499 1231 λόγου
1565 1156 1792 1232 δύναμις
1855 1166 1949 1212 καὶ

267 1249 448 1303 σύνεσις·
501 1239 744 1301 δηλώσει
806 1241 876 1298 δε
934 1251 1035 1299 καὶ
1086 1249 1113 1299 ὁ
1152 1247 1305 1319 λόγος
1353 1251 1406 1300 ὃν
1433 1253 1552 1322 περὶ
1585 1252 1770 1301 τούτου
1804 1252 1951 1300 συνέ-

263 1333 399 1405 73?:
435 1341 589 1384 κινῶν
646 1338 754 1392 τὴν
800 1334 1095 1408 γραφίδα,
1155 1339 1222 1398 ὡς
1280 1337 1334 1390 ἐκ
1381 1336 1600 1401 πυξίδος
1647 1346 1740 1391 τοῦ
1798 1342 1951 1390 Ilva}.

256 1441 412 1491 ματος.
440 1428 546 1480 Tia
578 1419 646 1476 δὲ
687 1429 908 1497 κυρίαν
966 1430 1147 1497 φωνὴν
1195 1432 1317 1488 τέως
1346 1427 1692 1500 ὑπερετίθετο,
1726 1430 1869 1501 παρά
1897 1447 1952 1480 τε

246 1519 328 1563 τον
354 1519 646 1584 Πνενματος
681 1513 897 1583 αὐτοῦ,
946 1521 1044 1567 καί
1078 1523 1179 1567 τῶν
1208 1521 1439 1587 γνησίων
1463 1520 1650 1569 τούτου
1685 1536 1951 1588 συναγων·

248 1611 389 1654 ista}:
440 1606 608 1675 χάριν
672 1603 884 1671 αἰτῶν,
949 1612 1017 1677 τῇ
1079 1605 1350 1678 οἰκονομίᾳ
1412 1612 1482 1679 μὴ
1554 1603 1947 1679 δυσχεραίνειν,

234 1689 365 1763 ius”:
410 1699 538 1763 μιᾶς
586 1692 1022 1767 ἀντεχομένους
1080 1704 1266 1767 γωνῆς,
1327 1700 1386 1748 τὸ
1436 1703 1537 1748 πᾶν
1576 1696 1829 1749 ἀπολέσαι
1875 1694 1947 1749 δι’

232 1782 560 1851 Exim-tito,
628 1792 712 1855 τῷ
784 1793 981 1858 καιρῷ
1037 1791 1443 1860 παρασυρείσης
1507 1795 1601 1848 τῆς
1661 1786 1945 1848 εὐσεϐείας.
1981 1802 2020 1856 Β

228 1874 410 1933 Auni;
437 1876 528 1943 μὶν
566 1876 677 1945 γὰρ
732 1870 1022 1946 οὐδεμίαν
1064 1871 1193 1926 εἶναι
1237 1875 1433 1947 ζημίαν
1486 1876 1948 1948 ὑπαλλαττομένων

224 1964 409 2033 μικρὸν
438 1968 544 2012 τῶν
572 1961 801 2028 λέξεων,
851 1968 959 2015 καὶ
1005 1971 1196 2035 φωναῖς
1238 1964 1420 2027 ἄλλαις
1460 1969 1518 2017 τὸ
1546 1968 1662 2018 ἶσον
1690 1962 1952 2017 διδασκο-

230 2053 419 2118 psam?
451 2047 581 2103 οὐδε
610 2054 724 2125 γὰρ
782 2050 843 2103 ἐν
901 2050 1154 2127 ῥήμασιν
1200 2054 1328 2125 ἡμῖν
1376 2052 1506 2107 εἶναι
1544 2059 1634 2113 τὴν
1690 2059 1953 2127 σωτηρίαν

238 2138 412 2207 ξιᾶῖΑΪι-ον
468 2141 500 2198 ἦ
562 2143 912 2214 πράγμασι·
979 2138 1124 2213 μηδὲ
1178 2145 1281 2215 γὰρ
1350 2147 1408 2196 τὸ
1480 2141 1753 2197 Ἰουδαίων
1810 2147 1953 2205 ἔθνος

242 2226 507 2282 ἀθεεὶ-εἰν
565 2230 632 2282 ἆν
666 2273 681 2298 ,
747 2232 799 2284 εἰ
864 2235 975 2289 τὴν
1055 2231 1361 2304 ὴλειμμνου
1437 2239 1605 2305 φωνὴν
1688 2233 1801 2285 ἀντὶ
1862 2242 1953 2297 τῆς

234 2324 469 2390 Χριστοῦ
528 2324 673 2395 πρὸς
726 2320 931 2393 ὀλίγον
981 2319 1370 2389 ἐπιζητοῦντες,
1422 2322 1597 2385 ἠξίουν
1650 2323 1953 2396 μεθ’κημῶν

226 2410 533 2461 τέττεσθαι·
578 2419 657 2482 τῷ
703 2407 774 2464 δὲ
825 2419 1003 2482 κοινῷ
1047 2416 1304 2483 μεγίστην
1340 2411 1399 2464 ἂν
1437 2411 1638 2485 βλάϐην
1689 2416 1953 2485 γενέσθαι,

235 2505 329 2557 τῆς
370 2500 702 2562 Ἐκκλησίας
762 2502 1242 2572 κατασχεθείσης·
1300 2501 1596 2559 Caeterum
1654 2518 1955 2561 sermones

240 2602 376 2642 cum
405 2591 629 2654 iudicio
665 2591 1049 2661 disponere,
1076 2591 1151 2646 de
1174 2592 1427 2647 Davidis
1457 2594 1706 2649 consilio
1738 2599 1792 2648 et
1820 2609 1950 2649 sen-

258 2680 434 2735 tentia
452 2680 494 2745 ε,
525 2681 976 2737 necessarium
1005 2694 1127 2737 esse
1140 2681 1485 2750 judicabat,
1516 2697 1587 2738 ac
1628 2684 1771 2739 belli
1813 2688 1954 2739 tem-

258 2778 393 2833 pus,
413 2772 459 2820 et
486 2768 945 2824 hzreticorum
968 2768 1384 2837 principatum
1408 2770 1854 2841 aliquantisper
1875 2774 1956 2825 to-

258 2853 463 2921 lerare,
499 2858 714 2927 quoad
783 2857 1098 2913 libertatis
1153 2863 1383 2927 tempus
1419 2861 1789 2915 successisset
1832 2861 1953 2915 lin-

260 2958 497 3014 guaque
542 2947 919 3003 libertatem
985 2961 1059 3003 ac
1121 2947 1424 3004 licentiam
1474 2949 1794 3005 attulisset.
1854 2950 1957 3004 Illi

262 3034 405 3087 enim
439 3036 674 3091 nudam
708 3042 770 3091 et
801 3042 1093 3104 apertam
1124 3051 1322 3092 vocem
1348 3037 1423 3093 de
1443 3037 1680 3107 Spiritu
1721 3046 1951 3106 sancto,

263 3123 417 3191 quod
435 3125 592 3180 Deus
618 3130 806 3191 esset,
835 3124 1123 3193 arripere
1150 3125 1470 3186 studebant
1502 3128 1691 3198 (quod
1717 3128 1953 3198 quidem
1982 3154 2023 3210 ο

256 3215 498 3268 tametsi
516 3229 733 3270 verum
769 3219 943 3277 erat,
974 3214 1225 3283 impium
1258 3220 1456 3271 tamen
1484 3216 1607 3271 illis
1638 3222 1815 3286 atque
1842 3217 1951 3272 im-

258 3300 448 3366 probo
472 3302 827 3371 impietatis
858 3303 1133 3358 antistiti
1155 3303 1516 3374 videbatur),
1562 3309 1628 3359 ut
1658 3318 1790 3360 eum
1824 3304 1953 3376 qui-

261 3388 388 3445 dem
414 3407 552 3447 cum
587 3392 953 3463 theologica
986 3392 1200 3462 lingua
1228 3393 1471 3449 civitate
1482 3394 1808 3463 pellerent,
1837 3395 1956 3463 ipsi

270 3486 458 3535 autem
490 3480 845 3537 Ecclesium
880 3488 1270 3550 occuparent,
1303 3496 1553 3554 eamque
1575 3484 1821 3539 sceleris
1856 3485 1954 3539 sui

262 3571 811 3640 propugnaculum
839 3570 1177 3639 efﬁcerent,
1219 3577 1398 3641 atque
1423 3572 1564 3627 hinc
1595 3572 1831 3639 deinde,
1864 3587 1955 3629 ve-

268 3657 355 3710 lut
379 3673 451 3714 ea:
472 3673 623 3715 arce
650 3659 953 3730 quadam,
987 3660 1054 3714 id
1077 3674 1271 3723 omne,
1304 3661 1466 3731 quod
1493 3662 1793 3734 reliquum
1822 3667 1954 3717 erat

265 3749 747 3816 papitlarcntur.
798 3748 881 3804 At
925 3750 1035 3804 ille
1080 3749 1144 3803 in
1192 3750 1333 3805 aliis
1375 3750 1612 3821 quidem
1660 3751 1957 3808 vocibuse

270 3836 597 3907 Scriptura
644 3840 881 3908 petitis,
936 3840 1409 3911 testimoniisque
1462 3841 1707 3897 minime
1758 3841 1957 3896 dubiis

268 3930 535 3985 eamdem
566 3931 696 3986 vim
721 3929 1109 3998 habentibus,
1140 3932 1609 4002 necessariisque
1637 3947 1958 4002 argumen-

270 4018 365 4086 tis,
394 4020 796 4075 adversarios
827 4020 919 4075 ita
967 4020 1420 4089 comprimebat,
1454 4028 1520 4075 ut
1563 4023 1738 4077 nullo
1781 4023 1955 4079 modo

269 4121 620 4179 repugnare
636 4123 712 4163 ac
735 4114 956 4164 contra
976 4109 1097 4164 niti
1114 4115 1392 4178 possent:
1413 4110 1518 4166 sed
1536 4125 1667 4182 quae
1688 4113 1956 4167 maxima

268 4199 561 4261 sermonis
598 4198 808 4252 virtus
847 4202 901 4253 et
934 4198 1264 4267 prudentia
1286 4203 1390 4263 est,
1410 4200 1682 4268 propriis
1714 4201 1956 4256 vocibus

266 4289 868 4358 constringerentur,
887 4288 1386 4358 quemadmodum
1407 4290 1455 4343 is
1475 4288 1639 4360 liber,
1658 4305 1827 4360 quem
1847 4291 1957 4346 hoc

268 4384 635 4448 argumento
659 4376 875 4446 edidit,
896 4378 1217 4446 perspicue
1245 4378 1534 4440 ostendet,
1560 4378 1622 4433 in
1650 4394 1767 4449 quo
1793 4381 1957 4435 cala-

2064 548 2138 589 ne
2155 535 2359 591 Judaei
2371 537 2608 607 quidem
2634 538 2952 606 rejiciendi
2970 540 3109 604 sint,
3127 540 3181 594 si
3203 540 3286 595 ad
3313 540 3564 611 aliquod
3585 545 3723 596 tem-

2059 637 2175 691 pus
2198 638 2315 691 pro
2337 626 2574 681 Christo
2601 642 2798 683 vocem
2823 628 3003 684 Uncti
3022 627 3136 683 sibi
3154 630 3401 684 concedi
3413 630 3723 697 postulan-

2065 717 2169 781 tes,
2207 714 2270 768 in
2302 720 2575 771 nostrum
2618 731 2938 772 numerum
2971 723 3152 788 atque
3193 717 3464 773 ordinem
3503 718 3727 772 ascribi

2063 802 2300 872 velint):
2321 809 2386 859 at
2427 804 2770 873 reipublicae
2801 821 2923 861 non
2960 808 3249 875 majorem
3285 806 3613 874 perniciem
3652 820 3726 862 ac

2058 897 2278 959 pestem
2301 893 2535 962 afferri,
2565 908 2743 965 quam
2770 895 2823 950 si
2840 894 3113 951 Ecclesia
3138 894 3214 950 ab
3242 895 3535 951 haereticis
3556 909 3726 950 occu-

2063 985 2338 1048 paretur.
2376 985 2436 1036 ln
2467 981 2582 1038 hac
2629 982 2833 1039 Basilii
2863 983 3083 1053 agendi
3113 982 3364 1053 ratione,
3397 984 3522 1039 sive
3551 982 3723 1038 inﬁr-

2062 1067 2178 1123 mis
2205 1069 2499 1141 consulat,
2534 1070 2659 1126 sive
2696 1072 3119 1127 hazreticorum
3160 1072 3346 1127 furori
3399 1070 3723 1127 Ecclesiam

2061 1172 2236 1213 suam
2263 1157 2525 1228 objicere
2569 1164 2797 1226 caveat,
2843 1160 3007 1216 haud
3049 1160 3332 1233 equidem
3363 1161 3540 1217 video
3573 1159 3725 1232 quid

2061 1248 2421 1319 reprehendi
2441 1251 2653 1321 possit.

2134 1339 2223 1391 ΠΙ.
2265 1338 2437 1403 Quod
2469 1342 2697 1410 spectat
2729 1339 2809 1395 ad
2858 1338 3167 1395 lenitatem
3206 1341 3267 1394 in
3299 1338 3572 1395 inﬁrmos
3619 1338 3724 1395 ad-

2059 1426 2315 1483 hibitam
2340 1446 2352 1483 :
2387 1429 2442 1482 1ο
2462 1429 2613 1485 nihil
2639 1428 2743 1485 illa
2774 1429 3069 1486 catholico
3098 1429 3386 1499 dogmati,
3417 1428 3564 1484 nihil
3593 1430 3721 1484 usi-

2061 1520 2184 1573 tato
2215 1516 2291 1572 ad
2346 1519 2809 1589 exprimendum
2854 1519 3083 1589 dogma
3132 1518 3396 1574 sermoni
3442 1518 3720 1583 nocebat.

2059 1608 2272 1661 Tutum
2299 1611 2426 1663 erat
2452 1608 2678 1677 dogma
2704 1624 2843 1665 cum
2870 1608 3123 1665 Nicmnae
3157 1608 3299 1662 ﬁdei
3329 1607 3724 1680 professione,

2060 1699 2189 1751 tum
2221 1696 2294 1752 iis
2331 1712 2467 1769 quas
2499 1698 2639 1753 huic
2670 1698 2948 1755 formulm
2979 1698 3228 1755 Basilius
3260 1698 3585 1769 adjicenda
3616 1696 3729 1752 du—

2062 1786 2257 1842 cebat.
2290 1787 2629 1852 Quinetiam
2654 1792 2777 1845 tota
2806 1787 2906 1844 illa
2938 1788 3362 1845 accomodatio
3392 1803 3464 1843 eo
3495 1790 3727 1858 specta-

2062 1876 2186 1946 bat,
2223 1881 2286 1931 ut
2323 1876 2759 1948 quamplurimi
2799 1877 2880 1933 ad
2918 1877 3330 1934 conﬁtendam
3376 1877 3437 1932 in
3469 1875 3731 1932 Ecclesia

2062 1966 2435 2021 divinitatem
2471 1967 2661 2023 sancti
2696 1967 2947 2038 Spiritus
2982 1967 3396 2024 allicerentur:
3437 1982 3551 2022 nec
3581 1980 3731 2023 sane

2064 2058 2548 2110 consentaneum
2579 2060 2710 2111 erat
2737 2056 2857 2127 (ep.
2896 2060 3038 2125 H3),
3087 2063 3149 2111 ut
3176 2071 3316 2111 cum
3363 2054 3627 2111 haeretici
3666 2053 3731 2109 li-

2063 2144 2273 2199 benter
2292 2144 2353 2199 in
2377 2160 2488 2199 sua
2511 2145 2941 2201 communione
2962 2145 3286 2202 retinerent
3303 2160 3409 2201 eos
3428 2144 3608 2201 etiam
3626 2142 3732 2216 qui

2063 2232 2339 2289 haeretica
2371 2249 2493 2290 non
2528 2233 2887 2290 sentiebant.
2936 2234 3225 2291 Catholici
3255 2250 3292 2290 a
3322 2250 3435 2291 sua
3462 2235 3731 2290 rembve-

2062 2326 2197 2378 rent
2224 2338 2329 2378 eos
2361 2323 2465 2395 qui
2497 2322 2790 2379 catholica
2822 2323 3183 2379 sentiebant.
3217 2326 3421 2395 Neque
3447 2322 3630 2378 etiam
3654 2320 3731 2376 de

2065 2410 2347 2467 catholici
2379 2411 2676 2467 sermonis
2707 2411 3060 2468 auctoritate
3090 2412 3428 2485 quidquam
3460 2409 3731 2466 detrahe-

2062 2499 2268 2555 batur.
2290 2498 2405 2555 Etsi
2423 2499 2585 2555 enim
2612 2499 2869 2556 inﬁrmis
2891 2500 3340 2557 concedebatur
3361 2503 3425 2555 ut
3444 2497 3726 2570 Spiritum

2064 2594 2344 2644 sanctum
2378 2604 2503 2644 non
2534 2588 2912 2661 appellarent
2946 2592 3157 2657 Deum,
3191 2605 3313 2646 non
3347 2595 3551 2645 tamen
3579 2602 3730 2643 con-
3766 2654 3773 2659 _

2065 2678 2394 2734 cedebatur
2419 2684 2484 2734 ut
2512 2679 2673 2735 hanc
2702 2695 2917 2736 vocem
2948 2679 3329 2747 damnarent,
3361 2694 3474 2735 nec
3503 2678 3730 2734 idcirco

2064 2766 2230 2824 illam
2258 2767 2358 2823 alii
2387 2767 2672 2824 Catholici
2714 2784 3007 2840 usurpare
3036 2774 3095 2824 et
3130 2769 3462 2841 praedicare
3491 2767 3730 2822 desine-

2064 2856 2235 2913 bant.
2271 2859 2467 2923 Quare
2498 2873 2636 2929 spes
2667 2863 2795 2914 erat
2839 2858 3137 2927 inﬁrmos,
3170 2861 3315 2913 dum
3356 2856 3625 2930 quotidie
3668 2848 3753 2911 in'

2067 2945 2328 3001 Ecclesia
2342 2945 2627 3018 Spiritum
2644 2952 2925 3003 sanctum
2943 2950 3126 3002 Deum
3145 2946 3438 3019 appellari
3451 2945 3726 3014 audiunt,

2066 3041 2248 3108 atque
2273 3036 2414 3091 huic
2446 3035 2578 3091 voci
2611 3052 2789 3092 aures
2823 3036 3251 3103 assuefaciunt,
3289 3036 3457 3091 brevi
3482 3036 3729 3091 inanem

2065 3126 2236 3183 illum
2268 3127 2627 3199 scrupulum
2659 3128 3066 3200 deposituros.
3096 3134 3287 3200 Atque
3309 3129 3440 3183 haec
3466 3126 3731 3183 maxime

2067 3233 2206 3290 spes
2234 3217 2516 3273 Basilium
2549 3218 2816 3276 fovebat.
2847 3219 3172 3275 Enimvero
3196 3233 3552 3288 persuasum
3581 3215 3733 3272 mihi

2064 3314 2173 3377 est,
2198 3308 2389 3380 inquit
2418 3313 2533 3380 (ep.
2574 3312 2718 3377 113),
2754 3309 3140 3365 diuturniore
3169 3309 3330 3364 inter
3356 3323 3463 3362 nos
3493 3320 3733 3362 consue-

2064 3398 2276 3454 tudine
2303 3412 2375 3454 ac
2399 3404 2610 3454 mutua
2640 3400 2797 3454 citra
2822 3399 3258 3455 contentionem
3282 3396 3728 3460 exercitatione,

2062 3486 2117 3542 si
2133 3487 2283 3557 quid
2306 3487 2486 3542 etiam
2512 3487 2780 3555 amplius
2811 3487 3222 3557 adjiciendum
3247 3489 3323 3541 sit
3354 3482 3736 3555 explanandi

2064 3590 2266 3636 causa.
2294 3576 2585 3631 daturum
2610 3576 2674 3630 id
2696 3578 3037 3639 Dominum,
3072 3577 3178 3647 qui
3206 3577 3397 3637 ipsum
3431 3574 3732 3644 diligenti-

2067 3665 2171 3720 bus
2198 3665 2399 3720 omnia
2421 3670 2785 3734 cooperatur
2814 3666 2878 3721 in
2911 3665 3128 3721 bonum
3148 3666 3194 3719 ⁷.

2134 3758 2194 3808 2°
2214 3752 2346 3809 Non
2378 3753 2871 3810 animadvertunt
2894 3753 2954 3821 ii,
2983 3753 3207 3826 quibus
3232 3753 3361 3808 haec
3384 3750 3605 3822 agendi
3630 3765 3730 3807 ra-

2065 3842 2145 3898 tio
2185 3857 2309 3897 non
2357 3843 2571 3915 placet,
2621 3857 2916 3912 magnum
2948 3857 3081 3897 esse
3121 3841 3443 3897 discrimen
3476 3840 3630 3896 inter
3662 3854 3734 3894 ea

2064 3949 2199 4007 qua
2230 3932 2523 3988 haereticis
2553 3932 2771 4003 ignave
2799 3938 2854 3988 et
2897 3932 3170 4004 turpiter,
3212 3936 3269 3987 et
3308 3947 3380 3987 ea
3405 3947 3542 4003 qua:
3566 3929 3732 3985 inﬁr-

2064 4021 2179 4077 mis
2207 4021 2474 4090 benigna
2505 4022 2776 4094 quadam
2798 4021 3364 4078 accommodatione
3395 4018 3736 4075 concedun-

2068 4109 2178 4166 tur.
2212 4112 2312 4180 (5).
2347 4114 2466 4166 Hoc
2494 4116 2726 4167 tantum
2750 4110 2993 4183 petebat
3012 4127 3047 4166 a
3069 4110 3282 4167 Basilio
3305 4109 3607 4165 Modestus
3626 4108 3733 4163 im-

2067 4200 2365 4272 peratoris
2397 4200 2661 4269 nomine,
2692 4205 2756 4256 ut
2779 4215 2965 4256 unam
2990 4215 3455 4271 vocem,nempe
3476 4197 3734 4254 consub—

2069 4288 2364 4353 stantiale,
2401 4305 2431 4343 c
2463 4289 2603 4344 ﬁdei
2637 4288 2919 4361 symbolo
2959 4288 3077 4344 tolli
3125 4294 3446 4360 pateretur.
3481 4292 3553 4342 At
3583 4285 3738 4341 Basi-

2068 4376 2185 4433 lius
2232 4392 2306 4432 ne
2358 4393 2547 4434 unam
2600 4379 2851 4449 quidem
2914 4378 3217 4450 syllabam
3273 4392 3581 4433 sacrorum
3632 4375 3736 4430 do-

274 4483 429 4522 mum
458 4467 648 4539 quasi
672 4480 750 4522 ex
783 4466 1054 4534 Spiritus
1108 4467 1338 4537 pyxide
1370 4473 1583 4523 movet.
1614 4467 1731 4523 Sed
1759 4473 1959 4525 tamen
1993 4508 2032 4562 Β
2070 4472 2341 4536 gmatum
2390 4467 2581 4537 prodi,
2624 4467 2772 4523 nihil
2816 4482 3069 4538 prorsus
3120 4467 3262 4521 addi
3307 4470 3412 4521 aut
3448 4464 3631 4533 demi,
3653 4478 3736 4562 ‘ac

276 4562 586 4628 propriam
614 4571 820 4613 vocem
843 4557 1086 4612 interim
1115 4570 1420 4626 usurpare
1461 4557 1796 4629 (li/ferebat,
1833 4566 1957 4615 tum

276 4648 345 4704 ab
364 4650 620 4718 ipsumet
642 4648 910 4717 Spiritu,
930 4654 1058 4703 tum
1078 4661 1115 4703 a
1139 4648 1383 4704 sinceris
1406 4649 1593 4717 ipsius
1613 4664 1961 4719 propugna-

274 4740 501 4794 toribus
518 4740 584 4793 in
601 4738 825 4809 gratiae
843 4738 976 4793 loco
995 4736 1105 4792 hoc
1117 4742 1350 4806 petens,
1367 4752 1441 4792 ne
1457 4737 1567 4793 hoc
1584 4753 1690 4793 suo
1712 4740 1961 4793 consilio

269 4829 877 4898 o/fenderentur;nec
888 4827 1430 4889 committerent,ut
1443 4826 1583 4882 dum
1600 4842 1782 4882 unam
1799 4843 1963 4883 vocu-

272 4918 391 4974 lam
414 4917 723 4974 mordicus
741 4918 1015 4974 retinere
1030 4921 1423 4983 conarentur,
1437 4921 1686 4985 propter
1703 4917 1965 4985 inexple-

272 5007 445 5064 bilem
470 5006 863 5079 cupiditatem
889 5006 1105 5064 omnia
1117 5005 1463 5075 perderent,
1484 5021 1674 5062 convu
1684 5007 1776 5061 lsa
1794 5006 1964 5061 nimi-

280 5116 412 5155 rum
437 5102 784 5159 turbulento
808 5107 1096 5169 temporc
1117 5111 1192 5152 ac
1213 5096 1509 5152 distracta
1531 5097 1773 5165 pietate.
1800 5097 1965 5165 Ipsos

272 5192 418 5246 enim
434 5190 586 5247 nihil
603 5208 678 5250 ex
694 5208 761 5250 eo
785 5184 1208 5249 z'ncomodiac
1224 5184 1575 5241 detrimenti
1589 5191 1960 5255 accepturos,

271 5282 317 5335 si
325 5282 877 5359 vocabulapaulum
903 5280 1064 5336 imm
1075 5279 1142 5329 ut
1149 5280 1323 5329 arent
1330 5274 1604 5341 ur,modo
1617 5275 1755 5330 aliis
1770 5275 1962 5330 verbis

263 5374 441 5434 eadem
460 5380 844 5439 docerentur
866 5373 1116 5446 (neque
1137 5363 1294 5420 enim
1326 5364 1583 5420 salutem
1606 5368 1874 5419 nostram
1898 5365 1962 5420 in

298 5528 319 5563 ι
345 5530 492 5589 pm},
524 5546 634 5603 an,
671 5530 726 5584 5.
820 5522 843 5556 ⁷
898 5518 1105 5572 Rom.
1134 5520 1258 5576 vin,
1286 5510 1375 5562 28.

279 5662 351 5736 (5)
375 5665 610 5741 NysSJ,
631 5658 940 5716 Eunom.
966 5635 1119 5696 314.
1152 5628 1532 5698 Theodoret.,
1556 5629 1660 5687 lib.
1685 5647 1761 5693 IV,
1788 5646 1843 5685 c.
1871 5633 1952 5686 t8.

2070 4571 2145 4619 ne
2174 4556 2376 4627 ipsum
2429 4556 2677 4628 quidem
2733 4556 3005 4612 formulae
3037 4556 3311 4611 ordinem
3364 4553 3585 4609 mutari
3631 4552 3736 4607 de-

2044 4644 2211 4733 .bere
2237 4646 2571 4717 respondit.
2594 4646 2754 4701 Idem
2787 4651 2988 4701 tamen
3018 4646 3089 4701 iis
3118 4645 3243 4717 qui,
3276 4659 3413 4699 cum
3446 4641 3739 4697 catholica

2073 4737 2379 4807 sentirent,
2395 4737 2666 4792 nondum
2699 4738 2999 4793 Niceenam
3018 4735 3341 4791 formulam
3362 4737 3736 4806 receperant,

2074 4825 2353 4894 benignae
2384 4827 2791 4882 excusationis
2814 4826 3055 4881 veniam
3090 4839 3215 4889 non
3241 4824 3605 4895 denegabat,
3626 4822 3738 4878 sal-

2073 4921 2193 4971 tem
2223 4916 2282 4970 in
2324 4916 2710 4987 episcopatus
2754 4914 3121 4986 primordiis,
3174 4918 3238 4970 ut
3283 4913 3638 4985 perspicitur
3665 4928 3738 4968 ex

2075 5005 2230 5076 epist
2283 5009 2370 5060 52.
2405 5004 2579 5059 Aliud
2623 5009 2712 5059 est
2750 5004 2909 5059 enim
2954 5004 3211 5059 inﬁrmis
3244 5019 3427 5059 unam
3471 5002 3739 5073 aliquam

2075 5108 2285 5151 vocem
2316 5093 2634 5164 remittere,
2673 5092 2838 5149 aliud
2883 5094 3304 5150 haereticorum
3356 5092 3586 5149 artibus
3636 5094 3740 5146 aut

2041 5182 2255 5237 «minis
2286 5180 2619 5238 concedere
2647 5201 2659 5251 ;
2702 5188 2767 5239 ut
2807 5199 2879 5239 ea
2920 5199 3036 5238 vox
3068 5200 3099 5240 e
3130 5181 3409 5238 catholici
3441 5179 3737 5236 sermonis

2071 5288 2185 5327 usu
2225 5272 2607 5328 amandetur.
2635 5274 2693 5329 Si
2724 5289 3081 5330 concessum
3117 5273 3325 5328 {uisset
3355 5269 3647 5327 haereticis
3678 5274 3742 5324 ut

2070 5361 2585 5419 consubstantiale
2615 5362 2934 5433 deleretur,
2959 5363 3337 5436 triumphum
3366 5360 3447 5416 illi
3478 5359 3741 5428 egissent
