4154 6416
511 279 576 334 27
864 333 866 336 ,
2027 273 2412 332 ΡΗΛΕῈΑΤΙΟ.
3875 279 3942 330 28
3985 311 3988 316 -

509 415 585 457 ex
619 399 900 469 Ecclesia,
924 416 1061 474 quae
1085 416 1210 458 non
1231 417 1338 458 eos
1367 403 1688 476 recepisse,
1718 402 1825 459 sed
1856 402 1934 459 ab
1964 401 2052 457 eis
2080 416 2172 457 re-
2201 402 2250 456 Α
2281 416 2442 472 ergo,
2476 416 2582 458 nos
2604 402 2667 457 in
2694 403 2920 459 crimen
2952 402 3168 459 vocetis
3193 401 3323 473 (nec
3347 399 3502 457 enim
3523 398 3763 456 invidia
3781 404 3836 456 et
3857 414 3945 455 re-

509 493 685 563 cepta
711 490 1053 559 videretur;
1085 492 1253 564 quod
1274 492 1523 565 quidem
1552 508 1870 566 nunquam
1897 491 2172 548 commit-

509 579 762 636 tendum
795 595 926 636 esse
960 580 1174 638 merito
1213 581 1389 638 docet
1436 581 1688 638 Basilius
1718 582 1781 638 in
1826 581 2000 654 epist.
2030 584 2158 637 266.

508 672 582 726 At
617 669 833 726 iisdem
871 670 1265 727 redeuntibus
1313 670 1441 728 sine
1473 670 2007 728 consubstantialis
2035 685 2172 742 pro-

507 759 791 829 fessione,
814 776 940 816 non
958 763 1164 818 tamen
1185 761 1312 818 sine
1331 762 1707 834 professione
1727 761 1869 817 ﬁdei
1889 761 2006 817 hac
2025 774 2172 816 voce

508 852 829 917 contentae;
857 866 1183 906 numerum
1207 851 1470 907 ﬁliorum
1503 867 1753 908 suorum
1779 849 2043 921 augebat
2074 852 2172 904 Ec-

508 938 712 1008 clesia,
740 939 1028 995 incolumi
1053 956 1304 1012 prorsus
1333 940 1669 998 traditionis
1697 940 1996 1012 deposito.

580 1033 634 1084 3°
676 1029 993 1085 Sententiae
1019 1045 1143 1086 suae
1173 1043 1432 1101 magnos
1459 1030 1822 1102 ascriptores
1843 1033 1899 1085 et
1918 1028 2172 1085 imitato-

507 1131 602 1172 res
632 1116 844 1174 habuit
874 1117 1150 1174 Basilius.
1179 1121 1393 1175 Praeter
1424 1119 1841 1186 Athanasium,
1865 1117 1971 1191 qui
2003 1118 2174 1174 Basi-

506 1205 569 1261 lii
595 1205 820 1261 factum
844 1207 1124 1279 probavit
1143 1211 1200 1264 et
1220 1208 1503 1279 defendit,
1521 1212 1586 1264 ut
1605 1207 1791 1264 modo
1805 1207 2172 1275 videbimus,

510 1294 792 1351 Basilium
831 1295 1100 1353 imitatur
1129 1298 1450 1367 Gregorius
1492 1297 1901 1355 Nazianzenus
1927 1296 1990 1352 in
2037 1312 2174 1353 ora-

508 1383 670 1440 tione
699 1385 788 1450 44,
830 1400 889 1457 p.
941 1387 1068 1456 710,
1117 1387 1224 1443 ubi
1275 1387 1361 1443 sic
1407 1387 1710 1461 loquitur:
1758 1386 2037 1460 Συμϐῶμεν
2077 1385 2173 1438 ἀλ-

510 1471 688 1534 λήλοις
734 1484 1126 1546 πνευματικῶς·
1188 1480 1456 1549 γενώμεθα
1521 1473 1826 1550 φιλάδελφοι
1895 1477 2086 1547 μᾶλλον
2141 1477 2169 1535 ἡ

513 1561 768 1634 φίλαυτοι.
804 1567 925 1616 Δότε
972 1569 1068 1622 τὴν
1119 1561 1343 1637 δύναμιν
1391 1573 1484 1628 τῆς
1536 1568 1799 1633 θεότητος,
1846 1571 1937 1618 καὶ
1997 1562 2174 1618 δώσο-

509 1670 601 1723 μεν
659 1654 779 1724 ύμῖν
834 1661 928 1715 τῆς
978 1663 1144 1726 φωνῆς
1201 1659 1296 1714 τὴν
1353 1660 1744 1730 συγχώρησιν·
1812 1654 2175 1727 ὁμολογήσαιτε

2272 491 2670 560 prehensione
2697 493 2893 562 premi
2915 492 3082 548 debet
3107 489 3458 562 hujusmodi
3483 489 3814 558 ascensus),
3835 503 3942 543 nec

2279 595 2384 635 nos
2414 581 2672 637 vicissim
2701 597 2830 638 eam
2858 596 3076 648 vocem,
3099 583 3268 652 cujus
3299 581 3470 635 modo
3497 592 3746 647 capaces
3776 579 3934 642 estis,

2283 669 2442 725 vobis
2481 670 2866 740 objiciemus:
2917 671 3190 742 quandiu
3234 670 3359 727 alio
3407 667 3622 723 itinere
3663 667 3746 722 ad
3784 666 3937 722 idem

2282 758 2602 826 hospitium
2625 760 2928 829 feremini.
2946 761 3081 817 Non
3099 760 3253 817 enim
3281 758 3589 816 victoriam
3620 755 3937 820 ambimus,

2278 846 2383 903 sed
2411 853 2474 902 ut
2499 849 2752 918 fratres,
2784 865 3038 922 quorum
3067 851 3450 919 separatione
3471 847 3940 916 distorquemur,

2280 937 2363 993 ad
2390 953 2496 994 nos
2524 939 2797 1010 redeant,
2839 940 3202 996 laboramus.
3240 941 3372 993 Haac
3399 936 3718 1006 Gregorius
3748 933 3940 989 disse-

2279 1026 2451 1084 rebat
2481 1030 3025 1102 Constantinopoli:
3069 1031 3326 1100 ejusque
3364 1027 3550 1084 animi
3577 1022 3946 1080 moderatio-

2280 1131 2420 1172 nem
2445 1116 2628 1189 paulo
2649 1122 2790 1190 post
2815 1119 2952 1192 ipsa
2972 1119 3246 1192 synodus
3275 1112 3944 1186 Constantinopolitana

2278 1205 2489 1275 judicii
2517 1207 2610 1262 sui
2633 1209 2985 1265 auctoritate
3004 1206 3592 1281 comprobavit,quae
3619 1201 3943 1259 Dominum

2283 1295 2614 1368 appellavit
2643 1297 2928 1370 Spiritum
2960 1304 3265 1366 sanctum,
3288 1296 3395 1353 sed
3417 1299 3482 1351 ut
3507 1295 3578 1350 iis
3606 1289 3947 1349 consuleret

2283 1401 2547 1457 quorum
2588 1387 2808 1443 animis
2849 1388 3196 1461 scrupulus,
3222 1383 3650 1443 subabsurdus
3683 1381 3783 1436 ille
3813 1379 3944 1452 qui-

2283 1475 2443 1546 dem,
2471 1477 2579 1532 sed
2601 1481 2804 1534 tamen
2824 1478 3235 1548 ignoscendus
3259 1475 3580 1536 insidebat,
3607 1471 3712 1528 Dei
3735 1485 3947 1526 vocem

2282 1564 2346 1620 in
2375 1564 2726 1637 symbolum
2757 1567 3149 1624 inserendam
3179 1581 3308 1622 esse
3340 1579 3465 1620 non
3495 1561 3752 1618 censuit.

2357 1654 2472 1710 Sed
2485 1653 2633 1711 forte
2645 1655 3024 1726 indulgentia
3039 1657 3101 1712 in
3117 1655 3390 1712 inﬁrmos
3403 1654 3539 1724 ipsa
3550 1646 3948 1706 humanitatis

509 1744 602 1798 τὴν
659 1744 814 1812 φύσιν
874 1741 922 1794 ἐν
974 1743 1156 1806 ἄλλαις
1224 1752 1448 1817 φωναῖς,
1515 1746 1597 1806 αἷς
1656 1741 1894 1798 αἰδεῖσθε
1958 1743 2168 1818 μᾶλλονί

2285 1743 2482 1814 specie
2509 1743 2789 1816 placebit,
2817 1750 2878 1802 at
2907 1747 3110 1802 minus
3139 1744 3539 1804 considerata,
3564 1738 3947 1808 nimiumque

510 1834 600 1883 καὶ
647 1833 717 1893 ὡς
766 1829 998 1893 ἀσθενεῖς
1057 1834 1192 1906 ὑμᾶς
1246 1834 1606 1907 ἰατρεύσομεν,
1667 1837 1807 1888 ἔστιν
1851 1834 1885 1886 ἆ
1932 1838 2022 1886 καὶ
2074 1841 2173 1886 τῶν

508 1922 641 1992 πρὸς
699 1916 895 1980 ἡδονὴν
951 1922 1400 1994 παρακλέψαντες.
1463 1923 1703 2000 Λίσχρὸν
1765 1926 1854 1998 μὲν
1903 1923 2026 1996 γὰρ,
2079 1923 2170 1975 αἰ-

511 2012 680 2082 σχρόν
740 2015 830 2064 καὶ
897 2013 1082 2074 ἱκανῶς
1138 2015 1344 2084 ἄλογον,
1397 2016 1532 2066 κατὰ
1586 2013 1773 2086 ψυχὴν
1833 2013 2170 2088 ἐρρωμένους,

507 2099 939 2174 μικρολόγεῖσθαι
988 2107 1108 2177 περὶ
1163 2105 1249 2155 τόν
1309 2101 1468 2176 ἦχον,
1524 2107 1614 2156 καὶ
1668 2106 1912 2178 κρύπτειν
1954 2108 2040 2154 τόν
2073 2105 2173 2160 θη-

511 2191 703 2261 σαυρὸν
740 2230 754 2256 ,
811 2191 986 2265 ὥσπερ
1035 2191 1206 2254 ἄλλοις
1256 2191 1662 2265 βασκαίνοντας,
1715 2193 1743 2251 ἦ
1800 2199 1872 2265 μὴ
1933 2196 2023 2244 καὶ
2079 2196 2172 2250 τὴν

506 2276 753 2348 γλῶσσαν
820 2279 1080 2351 ἁγιάσητε
1139 2277 1488 2344 δεδοικότας·
1548 2285 1766 2354 αἴσχιον
1826 2279 1884 2335 δε
1959 2284 2085 2354 ἡμῖν
2145 2281 2172 2333 ὃ

507 2363 822 2440 ἐγκαλοῦμεν
900 2371 1122 2437 παθεῖν,
1209 2376 1299 2424 καὶ
1359 2371 1698 2446 μικρολογίαν
1755 2377 2172 2443 καταγινώσκον-

506 2474 615 2525 τας,
670 2456 861 2521 αὐτούς
917 2458 1353 2532 μικρολογεῖσθαι
1390 2466 1507 2536 περὶ
1551 2464 1619 2514 τὰ
1672 2464 1981 2535 γράμματα.
2032 2467 2170 2522 Μιᾶς

510 2546 774 2617 θεότητος,
833 2549 872 2598 ὦ
931 2549 1094 2617 οὗτοι,
1150 2555 1245 2608 τὴν
1301 2548 1512 2625 Τριάδα
1555 2551 1937 2624 ὁμολογησατε,
2008 2551 2051 2603 εἰ
2111 2546 2171 2602 δὲ

506 2632 784 2706 βούλεσθε,
815 2643 941 2709 μιᾶς
992 2641 1214 2711 φύσεως·
1266 2645 1356 2693 καὶ
1394 2646 1489 2700 τὴν
1525 2645 1650 2702 Θεὸς
1691 2645 1860 2713 φωνὴν
1904 2642 2048 2716 παρὰ
2078 2636 2168 2693 τοῦ

506 2725 802 2796 Πνεύματος
849 2728 971 2798 ύμῖν
1017 2727 1319 2801 αἰτήσομεν.
1371 2736 1534 2782 Δὼσει
1591 2733 1714 2805 γὰρ,
1765 2726 1818 2782 εὖ
1858 2726 2001 2794 οἶδα,
2052 2731 2079 2781 ό
2108 2733 2167 2780 τό

503 2820 708 2884 πρῶτον
741 2812 867 2876 δούς
914 2821 1004 2868 καὶ
1057 2820 1114 2869 τὸ
1166 2815 1426 2892 δεύτερον,
1481 2824 1569 2871 καὶ
1616 2819 1869 2892 μάλιστα,
1913 2819 1954 2871 εἰ
1999 2815 2169 2870 δειλία

503 2921 583 2964 τις
633 2907 709 2962 εἴη
759 2910 1110 2977 πνευματικὴ,
1155 2906 1283 2959 ἀλλὰ
1330 2913 1401 2980 μὴ
1457 2911 1705 2971 ἔνστασις
1771 2905 2047 2966 διαϐολικὴ
2105 2911 2162 2960 τό

501 2998 822 3066 μαχόμενον.
873 2995 992 3047 Ἔτι
1047 3001 1359 3072 σαφέστερον
1419 3000 1544 3051 εἴπω
1602 3003 1692 3051 καὶ
1753 3003 2162 3070 συντομώτερον,

501 3085 636 3152 μήτε
665 3083 806 3154 ὑμεῖς
837 3085 970 3157 ἡμᾶς
1003 3085 1246 3144 εὐθύνητε
1274 3094 1370 3150 τῆς
1400 3087 1722 3162 ὑψηλοτέρας
1755 3094 1920 3159 φωνῆς
1959 3087 2164 3156 (φθόνος

501 3173 601 3243 γὰρ
659 3169 829 3234 οὐδεὶς
881 3172 1225 3243 ἀναϐάσεως),
1286 3179 1400 3228 οὔτε
1447 3178 1594 3248 ἡμεῖς
1643 3180 1736 3234 τὴν
1780 3178 1992 3247 ἑφικτήν
2038 3179 2166 3237 τέως

501 3259 624 3331 ὑμῖν
681 3260 1046 3336 ἐγκαλέσομεν,
1107 3265 1200 3326 ἕως
1240 3263 1300 3316 ἂν
1348 3271 1438 3317 καὶ
1498 3262 1573 3317 δι’
1630 3264 1788 3327 illi);
1847 3261 1974 3316 ὁδου
2035 3267 2166 3339 πρὸς

500 3351 557 3402 τὸ
589 3350 712 3402 αύτό
745 3354 970 3426 φέρησθε
1001 3359 1353 3425 καταγώγιονο
1387 3354 1446 3407 ού
1491 3357 1592 3428 γὰρ
1635 3364 1851 3414 νικῆσαι
1884 3355 2162 3426 ζητοῦμεν,

502 3437 631 3490 ἀλλὰ
680 3441 994 3511 προσλαϐεῖν
1054 3439 1321 3515 ἀδελφούς,
1370 3444 1437 3494 ὧν
1486 3452 1558 3515 τῷ
1612 3452 1877 3520 χωρισμῷ
1921 3463 2164 3518 σπαρασ-

503 3530 720 3600 σόμεθα·
762 3531 973 3587 Verum
1000 3533 1412 3602 spiritualiter
1435 3534 1597 3590 inter
1624 3550 1730 3590 nos
1749 3535 1908 3590 hanc
1929 3540 2165 3590 contro-

501 3619 762 3674 versiam
795 3622 1246 3689 transigamus:
1289 3624 1588 3693 fraterna
1613 3625 1814 3692 potius
1845 3623 2166 3680 charitatzs

498 3707 784 3776 studium,
821 3725 1001 3780 quam
1033 3712 1228 3766 nostri
1254 3727 1514 3768 amorem
1531 3727 1662 3781 prae
1678 3713 1847 3768 nobis
1871 3715 2164 3782 feramus.

511 3795 637 3852 Vim
667 3797 1004 3855 divinitatis
1027 3814 1098 3855 ac
1121 3803 1452 3869 potentiam
1487 3801 1655 3857 nobis
1685 3801 1844 3867 date,
1876 3807 1930 3858 et
1961 3817 2066 3858 nos
2089 3803 2168 3856 vi-

501 3885 697 3941 cissim
727 3886 1069 3944 divinitatis
1099 3905 1295 3946 vocem
1330 3891 1493 3946 vobis
1535 3892 1942 3948 concedemus.
1975 3892 2169 3947 Natu-

495 3964 635 4030 ram
674 3975 814 4032 aliis
856 3977 1119 4048 vocibus,
1141 3980 1359 4050 quibus
1395 3981 1535 4050 plus
1562 3981 1850 4052 tribuitis,
1892 3982 2172 4050 conﬁtea‘

499 4063 652 4119 mini
686 4079 710 4119 .·
757 4079 830 4121 ac
890 4081 1010 4138 vos,
1059 4074 1123 4123 ut
1167 4069 1435 4138 inﬁrmos
1466 4069 1832 4139 curabimus,
1871 4071 2174 4126 nonnulla

501 4153 665 4209 vobis
694 4161 878 4224 grata
904 4162 959 4212 et
978 4159 1263 4226 jucunda
1295 4157 1690 4228 suffurantes.
1727 4160 1965 4219 Etmim
1997 4167 2176 4229 turpe

506 4243 742 4314 quidem
770 4244 928 4300 illud
956 4251 1065 4312 est,
1092 4253 1290 4317 turpe.
1314 4248 1582 4320 inquam,
1611 4265 1682 4305 ac
1705 4250 2171 4320 perabsurdum,

503 4346 638 4388 cum
663 4333 865 4390 animo
886 4337 1105 4404 optime
1127 4338 1401 4401 valeatis,
1427 4337 1590 4394 circa
1615 4340 1772 4395 vocis
1793 4355 2002 4396 sonum
2017 4341 2175 4409 jeju'

505 4438 615 4479 nos
629 4430 682 4479 et
702 4425 963 4481 minutos
981 4441 1079 4482 vos
1087 4426 1376 4496 praebere,
1391 4443 1462 4482 ac
1478 4427 1826 4484 thesaurum
1844 4431 2171 4497 occultare,
2208 4477 2250 4531 Β

503 4515 680 4582 quasi
714 4514 853 4570 aliis
897 4531 1029 4571 eum
1060 4516 1390 4573 invidentes
1420 4524 1525 4572 aut
1566 4524 1908 4587 metuentes,
1956 4534 2029 4574 ne
2063 4519 2173 4575 lin-

500 4617 685 4671 guam
715 4619 951 4676 quoque
974 4611 1236 4662 vestram
1264 4608 1682 4678 sanctiﬁcetis;
1704 4608 1943 4677 turpius
1971 4615 2170 4664 autem

500 4691 670 4747 nobis
696 4700 780 4749 est
807 4695 1005 4752 eodem
1033 4696 1178 4751 vitio
1205 4698 1416 4763 teneri,
1445 4697 1606 4767 quod
1638 4698 1800 4754 vobis
1828 4697 2164 4766 objicimus,

499 4785 698 4851 atque,
723 4797 858 4838 cum
887 4785 1137 4841 anxiam
1169 4791 1428 4841 vestram
1460 4786 1533 4841 de
1552 4788 1794 4841 minutis
1825 4786 2000 4841 rebus
2026 4803 2162 4842 con-

501 4872 825 4927 tentionem
855 4873 1231 4944 damnemus,
1267 4876 1610 4932 litterarum
1643 4882 1841 4931 tamen
1873 4876 2161 4931 minutias

500 4962 686 5015 anxie
705 4975 944 5030 urgere.
974 4963 1350 5033 Trinitatem,
1367 4981 1399 5020 ο
1419 4965 1754 5034 viri,unius
1780 4964 2020 5020 deitatis
2045 4979 2165 5020 esse

499 5049 842 5118 fateamini,
857 5056 985 5118 aut,
999 5052 1055 5106 si
1070 5054 1262 5122 magis
1276 5055 1499 5121 placet,
1513 5055 1692 5110 unius
1711 5060 2166 5124 naturazmtque

502 5136 662 5194 hanc
702 5153 922 5210 vocem,
959 5141 1142 5210 Deus,
1182 5157 1218 5198 a
1247 5143 1489 5211 Spiritu
1521 5144 1681 5199 vobis
1700 5144 2161 5213 postulabimus.

500 5227 682 5285 Dabit
713 5230 868 5286 enim
896 5233 1170 5301 profecto
1201 5233 1672 5304 sccundum,qui
1686 5237 1951 5304 primum
1979 5234 2162 5302 dedit,

499 5319 684 5390 idque
709 5321 1104 5388 potissimum,
1129 5324 1180 5378 si
1209 5323 1273 5378 id
1301 5324 1373 5379 de
1391 5339 1509 5395 quo
1528 5331 1858 5394 pugnatur,
1881 5326 2168 5393 spiritua-

505 5409 577 5464 lis
597 5410 868 5479 quendam
903 5412 1195 5467 timiditas
1223 5412 1437 5481 fuerit,
1465 5428 1536 5468 ac
1567 5429 1684 5468 non
1707 5413 2010 5470 diabolica
2033 5431 2167 5470 con-

502 5499 706 5553 tentio.
727 5500 942 5572 Atque,
969 5506 1036 5556 ut
1058 5503 1328 5570 apertius
1351 5508 1402 5557 et
1428 5503 1902 5571 compendiosius
1927 5504 2162 5575 loquar,

502 5586 586 5644 sic
617 5589 772 5646 inter
796 5605 902 5646 nos
933 5606 1206 5662 agamus,
1241 5598 1306 5646 ut
1332 5607 1439 5667 nec
1466 5607 1585 5663 vos,
1616 5592 1977 5651 sublimioris
2011 5595 2166 5649 vocis

2283 1834 2544 1890 remissa
2574 1834 2878 1891 videbitur
2908 1835 3108 1892 Basilii
3137 1850 3277 1891 cum
3308 1829 3601 1905 improbis
3646 1824 3944 1883 haereticis

2283 1923 2504 1993 agendi
2525 1923 2698 1980 ratio.
2735 1925 2851 1982 Sed
2881 1929 3083 1981 tamen
3106 1925 3157 1980 si
3177 1924 3431 1980 alterum
3462 1919 3775 1994 probetur,
3809 1915 3946 1971 alte-

2282 2027 2419 2067 rum
2447 2012 2780 2085 improbari
2818 2029 2942 2070 non
2973 2018 3191 2086 potest.
3218 2016 3370 2070 Nam
3398 2026 3538 2066 cum
3577 2006 3815 2064 Arianis
3844 2003 3945 2059 ad-

2282 2099 2433 2156 itum
2444 2101 2505 2157 in
2521 2103 2970 2175 Cappadociam
2982 2104 3098 2159 hoc
3111 2102 3586 2175 temperamento
3597 2093 3946 2152 interclude-

2281 2193 2371 2246 ret
2392 2190 2661 2263 Basilius,
2699 2197 2858 2264 tunc,
2894 2191 2942 2248 si
2973 2208 3248 2264 unquam
3275 2190 3450 2259 alias,
3478 2185 3758 2260 plurimis
3787 2181 3943 2238 inﬁr-

2282 2280 2397 2336 mis
2426 2282 2801 2351 consulebat,
2817 2299 2974 2356 quos
2995 2280 3333 2354 persecutio
3353 2280 3415 2336 in
3439 2276 3778 2332 maximum
3799 2271 3947 2344 peri-

2281 2369 2483 2426 culum
2502 2371 3107 2442 conjecisset.Deinde
3129 2386 3270 2426 vero
3289 2384 3414 2424 non
3429 2367 3685 2436 indigna
3704 2380 3801 2419 res
3823 2366 3944 2418 erat

2281 2459 2569 2516 charitate
2601 2461 2817 2528 Basilii,
2864 2477 2942 2518 ne
2986 2461 3327 2517 furentibus
3361 2456 3608 2530 quidem
3652 2450 3944 2510 haereticis

2280 2549 2544 2622 amplius
2565 2551 2904 2623 quidquam
2925 2565 3279 2624 proponere,
3301 2563 3488 2620 quam
3505 2544 3674 2617 quod
3695 2539 3942 2598 omnino

2279 2641 2689 2698 necessarium
2719 2642 2796 2697 ad
2829 2641 3194 2698 catholicum
3227 2639 3452 2708 dogma
3473 2632 3839 2706 judicabat?

2351 2728 2502 2784 Illud
2527 2736 2730 2786 autem
2760 2731 2821 2786 in
2851 2731 3064 2803 primis
3094 2726 3550 2785 observandum
3579 2725 3692 2792 est,
3720 2733 3944 2791 nequa-

2276 2833 2465 2889 quam
2491 2819 2866 2876 commisisse
2888 2819 3192 2888 Basilium,
3225 2821 3289 2872 ut
3319 2816 3420 2872 Dei
3447 2828 3680 2870 nomen
3711 2805 3944 2882 Spiritui

2277 2910 2486 2963 Sancto
2514 2908 2577 2964 in
2619 2908 2879 2965 Ecclesia
2928 2909 3109 2965 tribui
3147 2907 3470 2974 desineret,
3521 2902 3633 2958 sed
3677 2913 3838 2971 saepe
3866 2894 3945 2950 illi

2275 2995 2438 3050 hunc
2465 2996 2703 3053 titulum
2734 3003 2791 3053 et
2835 3013 2943 3070 per
2991 3013 3055 3052 se
3105 3001 3160 3053 et
3189 3012 3298 3069 per
3343 2993 3609 3049 alterum
3655 2989 3942 3060 seipsum,

2203 3121 2246 3174 ο
2276 3085 2626 3154 Gregorium
2682 3087 3147 3153 Nazianzenum,
3199 3083 3482 3142 tribuisse
3509 3123 3522 3136 .
3577 3080 3654 3136 Id
3693 3077 3948 3174 testatur

2275 3176 2592 3244 Gregorius
2618 3178 3050 3244 Nazianzenus,
3085 3175 3190 3248 qui
3219 3174 3338 3239 his,
3379 3187 3516 3245 quas
3556 3167 3752 3224 modo
3795 3165 3944 3219 retu-

2272 3253 2472 3336 limus,
2519 3266 2722 3322 statim
2765 3266 2935 3322 addit
2989 3269 3070 3338 (p.
3104 3269 3265 3331 364):
3328 3263 3470 3315 Ἐπεὶ
3510 3261 3596 3311 ὅτι
3645 3277 3703 3329 γε
3754 3253 3940 3338 παντὸς

2273 3353 2463 3425 μᾶλλον
2495 3351 2616 3427 ᾔδει
2662 3358 2719 3407 τὸ
2763 3363 2974 3428 Πνεῦμα
3016 3337 3170 3421 Θεὸν,
3205 3349 3364 3412 δῆλον
3395 3353 3484 3423 μὲν
3527 3348 3580 3412 ἐξ
3615 3349 3682 3420 ὧν
3730 3347 3818 3397 καὶ
3850 3337 3940 3395 δη·

2273 3448 2439 3515 μοσίᾳ
2483 3451 2635 3497 τοῦτο
2685 3444 2936 3507 πολλάκις
2974 3443 3241 3519 ἐκήρυξεν,
3284 3444 3328 3494 εἰ
3370 3456 3494 3493 ποτε
3522 3440 3705 3511 καιρὸς
3745 3430 3826 3498 ἧν,
3854 3432 3938 3480 καὶ

2278 3527 2394 3603 ἰδίᾳ
2434 3540 2539 3594 τοῖς
2578 3533 2812 3608 ἐρωτῶσι
2856 3536 3136 3608 προθύμως
3185 3530 3578 3604 ἀνωμολόγησε,
3628 3527 3935 3608 σαφέστερον

2278 3619 2336 3675 δὲ
2374 3627 2650 3681 πεποίηκεν
2699 3623 2747 3674 ἐν
2795 3631 2901 3683 τοῖς
2955 3627 3080 3698 πρὸς
3138 3621 3227 3693 ἐμὲ
3255 3620 3452 3689 λόγοις,
3503 3621 3631 3690 πρὸς
3687 3614 3740 3667 ὃν
3791 3604 3935 3663 οὐδεν

2278 3709 2570 3786 ἀπόρρητον
2644 3709 2704 3770 ἧν
2772 3711 2913 3784 αύτῷ
2989 3717 3109 3784 περὶ
3175 3712 3372 3763 τούτων
3451 3703 3932 3786 ποινολογουμενῳ,

2279 3785 2421 3873 μηδὲν
2483 3800 2652 3861 ἁπλῶς
2721 3808 2876 3854 τοῦτο
2949 3800 3357 3873 ἀποφηνάμενος,
3428 3795 3535 3848 ἀλλ’
3565 3839 3578 3863 ,
3633 3794 3658 3846 ὃ
3720 3785 3936 3864 μηδέπω

2280 3893 2526 3964 πρότερον
2587 3889 2832 3951 πολλάκις
2896 3895 3173 3948 πεποίηκεν
3203 3933 3217 3958 ,
3305 3887 3702 3960 ἐπαρασάμενος
3775 3893 3935 3931 εαυτω

2281 3983 2338 4031 τὸ
2395 3976 2858 4054 φρικωδέστατον,
2925 3980 3084 4033 αὑτοῦ
3149 3986 3241 4033 τοῦ
3304 3978 3608 4048 Πνεύματος
3669 3970 3934 4028 ἐκπεσεῖν,

2282 4071 2326 4124 εἰ
2371 4078 2442 4144 μὴ
2503 4070 2646 4124 σέϐοι
2703 4074 2759 4123 τό
2832 4078 3042 4144 Πνεῦμα
3091 4071 3222 4142 μετὰ,
3281 4070 3484 4140 Πατρός
3537 4068 3631 4117 καὶ
3691 4061 3812 4113 Υἱοῦ
3869 4055 3935 4111 ὡς

2282 4162 2558 4233 όμοούσιον
2589 4165 2680 4212 καὶ
2720 4161 2990 4232 ὁμότιμον.
3043 4159 3102 4212 Εἰ
3134 4155 3193 4211 ὃέ
3235 4162 3297 4230 μέ
3351 4176 3433 4218 τις
3491 4151 3702 4218 δέξαιτο
3754 4163 3934 4200 κοινω-

2281 4255 2365 4303 νόν
2413 4249 2601 4302 ἐκείνου
2656 4248 2748 4302 κάν
2790 4256 2896 4310 τοῖς
2946 4251 3226 4315 τοιούτοις,
3279 4245 3608 4320 ἐξαγορεύσω
3635 4261 3688 4293 τι
3725 4241 3807 4289 καὶ
3840 4251 3935 4286 των

2281 4346 2391 4401 τοίς
2414 4339 2621 4400 πολλοῖς
2650 4343 2774 4400 τέως
2803 4338 3173 4412 ἀγνοουμένων,
3207 4339 3288 4389 ὅτι
3316 4343 3408 4388 τοῦ
3438 4340 3626 4408 καιροῦ
3673 4343 3934 4396 στενοχω-

2279 4435 2490 4502 ροῦντος
2538 4431 2694 4501 ἡμᾶς,
2746 4429 2913 4500 ἑαυτῷ
2969 4432 3060 4502 μὲν
3110 4428 3405 4498 οἰκονομίαν
3464 4419 3758 4494 ἐπέτρεψεν,
3814 4415 3932 4483 ἡμῖν

2283 4517 2342 4572 δὲ
2367 4524 2460 4579 τὴν
2489 4519 2808 4596 παρῥησίαν,
2859 4519 2947 4582 οὓς
2979 4516 3150 4580 ούὸεῖς
3196 4515 3365 4590 ἔμελλε
3401 4517 3612 4588 κρίνειν,
3653 4503 3776 4560 οὐδὲ
3804 4519 3931 4554 απο-

2281 4609 2481 4662 ϐάλλειν
2511 4617 2598 4670 τῆς
2628 4605 2884 4682 πατρίδος
2921 4607 3136 4681 ἀφανείᾳ
3163 4607 3551 4679 τετιμημένους,
3586 4603 3654 4660 ὡς
3685 4597 3734 4660 ἐξ
3766 4593 3930 4682 ἀμφθῖ

2279 4703 2435 4771 τέρων
2468 4699 2693 4773 ἰσχυρὸν
2718 4699 2850 4751 εἰναι
2870 4702 2928 4751 τὸ
2949 4699 3067 4751 καθ’
3089 4700 3224 4770 ἡμᾶς
3241 4693 3569 4766 Εύαγγέλιον·
3597 4690 3756 4745 Nam
3778 4677 3933 4754 quod

2272 4789 2500 4859 alioqui
2525 4789 2739 4844 melius
2765 4803 2944 4860 quam
2967 4787 3160 4858 quivis
3183 4786 3312 4850 alii,
3331 4783 3625 4852 Spiritum
3659 4780 3930 4834 sam-tum

2271 4878 2460 4932 Deum
2503 4883 2874 4947 agnosceret,
2921 4892 3054 4932 cum
3088 4891 3163 4932 ex
3216 4889 3280 4930 eo
3325 4874 3640 4943 perspicue
3676 4866 3926 4928 constat,

2272 4967 2432 5039 quod
2475 4973 2529 5024 et
2570 4967 2680 5023 hoc
2727 4981 2884 5037 saepe
2933 4967 3006 5022 de
3060 4967 3188 5021 loco
3228 4964 3559 5034 superiore,
3600 4955 3799 5031 quoad
3825 4965 3930 5022 per

2275 5063 2504 5126 tempus
2532 5055 3166 5125 licebat,praedicavit,
3192 5060 3242 5112 et
3267 5054 3558 5124 privatim
3585 5045 3743 5118 apud
3765 5057 3877 5109 008,
3894 5053 3929 5092 α

2275 5147 2488 5218 quibus
2509 5147 3028 5216 interrogabatur,
3046 5145 3211 5201 haud
3239 5147 3598 5200 cunctanter
3632 5134 3928 5201 confessus

2274 5241 2357 5292 est
2381 5253 2399 5289 :
2450 5241 2576 5292 tum
2621 5251 2761 5290 vero
2791 5235 2853 5289 in
2893 5235 3016 5290 suis
3041 5235 3122 5291 ad
3147 5249 3238 5300 me
3262 5229 3632 5290 sermonibus
3665 5219 3925 5294 apertius

2275 5325 2338 5381 id
2371 5324 2799 5381 demonstravit
2831 5325 3042 5396 (neque
3077 5324 3232 5380 enim
3270 5321 3597 5392 quidquam
3642 5325 3926 5383 unquam,

2277 5431 2409 5470 cum
2473 5414 2545 5469 de
2589 5413 2680 5469 his
2725 5413 2901 5468 rebus
2949 5428 3178 5469 mecum
3223 5411 3688 5481 colloqueretur,
3731 5400 3925 5456 animo

2277 5511 2495 5561 tectum
2534 5505 2958 5576 occultumque
2997 5502 3232 5573 habuit)
3275 5517 3396 5556 non
3434 5496 3785 5567 simpliciter
3818 5489 3924 5543 hoc

2277 5596 2621 5666 afﬁrmans,
2650 5594 2772 5663 sed,
2789 5595 2952 5667 quod
2977 5599 3158 5651 antea
3173 5593 3289 5664 ipsi
3309 5608 3419 5662 per
3437 5604 3581 5646 raro
3601 5581 3916 5652 acciderat,
