4154 6412
203 277 258 330 29

197 398 293 455 sibi
323 415 447 456 rem
473 401 774 460 omnium
803 421 1123 468 maxime
1153 412 1514 471 horrendam
1543 415 1928 486 imprecatus,

199 503 386 558 nempe
405 496 476 544 ut
501 491 583 546 ab
613 493 764 562 ipso
798 497 1092 566 Spiritu
1113 503 1560 573 excideretmisi
1583 520 1718 562 cum
1735 507 1932 564 Patre

201 587 242 635 et
264 579 416 635 Filio
456 580 823 652 Spiritum,
883 594 958 644 ut
995 592 1576 651 consubstantialem
1613 601 1666 652 et
1707 595 1932 653 honore

206 684 406 738 parem.
438 681 924 734 veneraretur.
994 680 1171 747 Quod
1224 685 1277 738 si
1326 683 1459 754 quis
1497 700 1589 740 me
1625 686 1689 741 in
1744 687 1931 742 tantis

206 774 409 830 quoque
432 761 657 833 rebus,
681 765 888 822 illius
911 771 1148 826 socium
1174 772 1762 846 admiserit,aliquid,
1773 775 1932 847 quod

194 850 485 920 plerisque
508 852 955 925 incognitum
977 865 1121 916 ante
1137 862 1671 934 fuit,evulgabo.N
1671 880 1768 920 am
1795 881 1928 922 cum

196 945 412 1007 tempus
463 942 535 997 in
564 957 884 1002 summas
926 951 1244 1018 angustias
1282 966 1388 1008 nos
1421 953 1738 1024 redigeret,
1771 953 1929 1011 hanc

192 1030 302 1098 ipse
319 1032 647 1089 rationem
684 1035 934 1109 inibat,
987 1045 1054 1094 ut
1093 1041 1209 1095 sibi
1252 1042 1489 1113 quidem
1515 1045 1925 1116 ceconomiam,

188 1120 345 1177 nobis
375 1128 626 1192 autem,
666 1141 844 1197 quos
900 1129 976 1185 ob
1002 1131 1260 1187 nominis
1299 1133 1728 1190 obscuritatem
1758 1150 1928 1191 nemo

193 1210 244 1264 in
265 1213 589 1282 judicium
655 1216 1098 1289 adducturus,
1141 1223 1471 1293 patriaque
1499 1225 1798 1292 ejecturus
1846 1240 1930 1280 es-

197 1307 285 1366 set,
337 1305 658 1375 loquendi
706 1306 1075 1366 libertatem
1123 1312 1537 1369 committeret.
1587 1314 1785 1385 Atque
1842 1315 1930 1370 ita

206 1394 596 1465 Evangelium
641 1403 959 1454 nostrum
1015 1400 1260 1467 ﬁrmum
1316 1408 1371 1458 et
1436 1403 1709 1460 validum
1771 1410 1924 1470 erat,

199 1485 498 1555 utriusque
539 1486 878 1554 prasidio
903 1489 1246 1558 su/fultum.

261 1575 340 1629 Ν.
371 1575 516 1630 lam
548 1591 728 1632 vero
764 1577 1062 1648 perfacile
1087 1578 1438 1636 refelluntur
1459 1596 1595 1652 quae
1621 1581 1925 1638 eruditum

197 1664 471 1736 opusculi
526 1670 896 1722 auctorem
922 1666 1330 1740 detinuerunt,
1363 1671 1694 1742 quominus
1733 1672 1926 1728 sancti

195 1753 380 1810 Basilii
411 1755 669 1826 agendi
704 1756 1031 1812 rationem
1062 1757 1364 1829 probaret.
1393 1759 1567 1824 Quod
1611 1760 1694 1816 ait
1722 1761 1923 1816 consi-

187 1844 332 1899 lium
361 1844 535 1900 illius
568 1861 706 1901 nec
735 1846 825 1901 ad
851 1846 1238 1904 reducendos
1261 1848 1676 1921 inﬁrmos,nec
1699 1851 1778 1907 ad
1799 1851 1924 1923 pla-

191 1935 424 1991 candos
488 1936 1142 1994 Pneumatomachos
1188 1939 1510 2010 profuisse,
1579 1940 1772 1997 fateor
1825 1957 1924 1998 me

193 2025 424 2081 nescire
447 2041 529 2081 ex
552 2025 821 2098 quibus
871 2026 936 2081 id
963 2025 1232 2083 fontibus
1256 2027 1542 2086 hauserit.
1587 2030 1731 2096 Quis
1758 2033 1924 2087 enim

197 2115 251 2170 ei
280 2114 428 2172 dixit
454 2131 712 2187 pacem
771 2116 934 2172 inter
963 2116 1341 2189 presbyteros
1370 2121 1691 2175 Tarsenses
1725 2107 1924 2176 Basilii

201 2219 378 2276 opera
398 2205 796 2261 restitutam
827 2220 956 2261 non
984 2204 1172 2262 fuisse
1193 2206 1222 2262 ?
1264 2207 1399 2279 quis
1428 2208 1483 2264 ei
1509 2208 1656 2266 dixit
1686 2210 1921 2266 nullum

195 2294 417 2349 exitum
440 2294 780 2350 habuisse
814 2299 1134 2368 susceptos
1164 2295 1242 2352 ab
1274 2313 1344 2352 eo
1374 2296 1732 2370 labores,ut,
1751 2304 1922 2372 quot-

189 2387 342 2455 quot
370 2382 700 2440 catholice
736 2383 1102 2452 sentiebant,
1137 2400 1239 2440 eos
1275 2385 1335 2441 in
1364 2401 1554 2442 unam
1579 2389 1920 2444 consensio-

191 2486 339 2527 nem
365 2488 437 2529 ac
460 2472 1008 2529 communionem
1031 2473 1377 2544 adduceret;
1413 2492 1552 2531 cum
1584 2477 1918 2548 praesertim

196 2561 262 2617 in
290 2563 466 2634 epist.
503 2567 606 2629 69,
636 2562 729 2618 ad
762 2565 1048 2618 sanctum
1075 2564 1501 2634 Athanasium,
1535 2581 1708 2637 spem
1732 2566 1918 2636 hujus

203 2652 439 2708 consilii
459 2653 545 2709 ad
577 2652 836 2708 exitum
862 2652 1236 2724 perducendi
1267 2670 1391 2726 pra
1414 2671 1475 2709 se
1499 2655 1677 2711 ferat:
1709 2656 1770 2711 in
1801 2656 1918 2713 alia

211 2745 414 2797 autem
441 2743 520 2798 ad
553 2741 876 2798 eumdem
906 2743 1304 2800 Athanasium
1337 2745 1455 2816 (ep.
1489 2747 1578 2816 82)
1606 2745 1916 2817 aliquanto

209 2833 594 2905 postscripta
606 2831 1219 2904 declaret,quidquid
1230 2833 1389 2889 circa
1399 2834 1479 2889 tid
1490 2851 1584 2890 em
1599 2851 1816 2890 sanum
1830 2839 1918 2892 est

204 2921 278 2976 in
308 2922 719 2995 Cappadocia
740 2925 802 2977 et
830 2921 1048 2977 vicinis
1077 2922 1224 2978 locis
1252 2937 1391 2979 vere
1435 2924 1515 2980 ad
1547 2939 1778 2992 eorum,
1811 2925 1915 2996 qui

212 3010 376 3066 idem
403 3011 1227 3077 sentiunt,communionem
1250 3017 1306 3068 et
1327 3013 1621 3069 unitatem
1652 3029 1915 3086 propen-

207 3100 353 3156 dere
373 3102 400 3155 ?
428 3101 619 3166 Quod
649 3104 895 3172 spectat
927 3101 1007 3157 ad
1036 3104 1643 3173 Pneumatomachos,
1677 3119 1916 3176 semper

201 3189 293 3244 illi
313 3190 576 3262 quidem
611 3189 852 3246 bellum
872 3190 1237 3260 inexpiabile
1261 3207 1400 3247 cum
1417 3191 1629 3248 Basilio
1652 3209 1910 3264 gessere,

200 3278 320 3334 sed
350 3284 567 3335 tamen
599 3284 774 3334 certa
805 3281 865 3334 et
893 3279 1204 3351 explorata
1254 3295 1348 3336 res
1380 3286 1488 3348 est,
1521 3281 1912 3350 gravissimas

197 3382 350 3424 eum
375 3368 697 3441 procellas
729 3384 767 3424 a
794 3367 1184 3440 Cappadocia
1216 3369 1639 3442 propulsasse,
1667 3387 1790 3426 non
1823 3387 1916 3427 so-

196 3457 336 3513 lum
357 3457 620 3528 magnis
641 3456 876 3529 praeliis
901 3457 1409 3525 sustinendis,sed
1428 3459 1608 3515 etiam
1630 3459 1915 3530 prudenti

199 3563 652 3612 secessu,cum
681 3546 1113 3602 haereticorum
1134 3546 1386 3603 insidias
1417 3563 1580 3604 anno
1607 3553 1704 3604 371
1731 3548 1913 3604 decli-

200 3638 614 3693 navit.Erant
647 3636 815 3691 enim
840 3634 903 3691 in
930 3635 1169 3691 insidiis
1199 3636 1496 3705 collocati,
1533 3641 1598 3694 ut
1615 3654 1740 3694 una
1767 3653 1913 3694 voce

205 3743 289 3782 ex
320 3728 462 3798 ejus
507 3741 623 3783 ore
674 3729 945 3796 arrepta,
972 3725 1270 3797 impetum
1296 3726 1357 3782 in
1384 3727 1713 3784 Ecclesiam
1751 3727 1912 3784 face-

206 3823 366 3874 rent.
413 3820 624 3883 Quare
656 3819 746 3872 tot
770 3830 841 3871 ac
862 3819 1032 3872 tanta
1068 3815 1277 3888 praelia
1299 3832 1421 3873 non
1448 3821 1736 3874 certasset
1756 3819 1912 3874 Basi-

206 3907 354 3979 lius,
375 3907 504 3963 nisi
535 3910 725 3962 cauta
753 3910 812 3962 et
840 3905 1101 3977 provida
1132 3906 1384 3962 consilia
1413 3908 1863 3979 praecessissent
1895 3924 1908 3963 :

213 4012 344 4053 non
375 4000 469 4053 tot
497 3995 823 4052 fulsissent
850 3994 1296 4057 miracula,non
1327 3997 1783 4069 Cappadociam
1805 4001 1912 4054 Va-

214 4087 355 4143 lens
374 4102 580 4143 unam
598 4101 674 4141 ex
699 4085 988 4142 omnibus
1010 4086 1334 4157 provinciis
1362 4087 1645 4143 eximiam
1668 4088 1910 4144 habuis-

221 4182 334 4247 set,
367 4178 422 4233 si
457 4176 756 4233 Basilium
800 4190 927 4231 non
974 4175 1113 4247 plus
1173 4177 1464 4233 movisset
1505 4178 1909 4235 Ecclesiarum

217 4267 477 4336 utilitas,
509 4281 708 4338 quam
748 4265 1108 4321 calidiorum
1127 4266 1512 4336 ingeniorum
1534 4268 1816 4340 querelae.

291 4360 427 4413 Non
476 4355 686 4412 tutiori
734 4354 1132 4411 fundamento
1171 4356 1378 4412 nititur
1408 4357 1576 4428 quod
1606 4358 1685 4412 ait
1740 4357 1904 4413 idem

219 4449 507 4520 scriptor,
563 4445 842 4502 occultos
879 4445 1218 4515 haereticos,
1280 4446 1478 4518 qualis
1531 4453 1656 4502 erat
1705 4451 1910 4502 Eusta-

223 4538 534 4602 thius,hac
556 4535 767 4590 Basilii
789 4533 1354 4591 accommodatione
1375 4540 1430 4591 et
1454 4536 1734 4592 facilitate
1764 4554 1907 4592 usos

225 4642 378 4692 esse,
413 4632 484 4683 ut
513 4641 655 4681 sese
686 4641 830 4680 cum
861 4639 933 4680 eo
964 4624 1422 4695 conjungerent,
1449 4642 1519 4680 ac
1543 4626 1909 4696 gravissimis

222 4723 448 4789 postea
477 4716 653 4771 illum
685 4713 1011 4770 calumniis
1032 4719 1334 4770 vexarent.
1367 4715 1737 4770 lamdudum
1771 4731 1910 4771 con-

213 4804 607 4876 junctissime
635 4819 778 4859 cum
809 4802 1121 4858 Eustathio
1152 4807 1209 4858 et
1241 4803 1662 4860 amantissime
1681 4803 1911 4860 vixerat

223 4895 506 4961 Basilius,
535 4898 873 4965 antequam
919 4891 1049 4947 haec
1106 4892 1181 4947 de
1233 4891 1454 4964 Spiritu
1497 4893 1910 4949 controversia

220 4985 516 5058 prodiret.
554 4985 685 5038 Non
711 4981 903 5038 multo
934 4987 1074 5054 post
1095 4987 1365 5038 exortam
1387 4982 1543 5038 hanc
1567 4987 1908 5039 controver-

223 5076 381 5131 siam
405 5072 668 5128 dissiluit
696 5088 915 5129 eorum
942 5071 1230 5141 amicitia,
1250 5077 1574 5144 propterea
1603 5073 1771 5143 quod
1803 5074 1908 5128 Ba-

225 5165 420 5229 silius,
454 5162 564 5218 etsi
597 5163 658 5218 in
688 5161 1020 5235 probanda
1053 5164 1113 5215 et
1153 5160 1550 5232 periclitanda
1589 5161 1907 5218 hominum

230 5259 663 5326 suspectorum
693 5252 815 5308 ﬁde
842 5266 1134 5307 morosus
1157 5265 1279 5305 non
1311 5254 1455 5314 erat,
1498 5251 1580 5306 ita
1613 5256 1814 5306 tamen
1846 5252 1906 5307 in

229 5343 705 5413 constringendo
733 5348 792 5398 et
816 5338 1198 5397 firmissimis
1227 5339 1682 5396 nodistenendo
1704 5343 1907 5397 Eusta-

229 5432 348 5489 thio
371 5439 585 5488 cautus
613 5432 746 5494 fuit,
791 5436 858 5487 ut
893 5443 1045 5486 cum
1079 5425 1188 5482 iste
1216 5428 1346 5484 haec
1379 5428 1615 5484 vincula
1643 5428 1904 5498 effugere

229 5539 350 5578 non
371 5528 591 5595 posset,
632 5524 848 5579 odium
881 5525 944 5576 et
985 5517 1371 5573 iracundiam
1403 5519 1460 5572 in
1497 5519 1774 5574 Basilium
1799 5535 1900 5590 pa-

229 5611 345 5669 lam
399 5617 452 5669 et
506 5618 703 5686 aperte
762 5603 1148 5669 evomuerit.
1181 5605 1374 5663 Basilii
1403 5622 1549 5677 ergo
1577 5606 1788 5665 lenitas
1840 5607 1902 5665 in

1788 294 2170 353 PREFATIO.

3626 301 3699 355 30

1962 422 2007 474 A
2040 419 2425 480 defendenda
2459 424 2708 497 Spiritus
2729 424 3034 481 divinitate
3067 438 3461 496 nequaquam
3493 425 3704 479 Eusta-

2042 509 2232 567 thium
2266 528 2405 568 cum
2428 530 2499 570 eo
2529 513 2974 585 conjunxit,sed
2998 513 3198 585 potius
3223 528 3464 569 summa
3495 511 3557 567 in
3585 511 3701 569 hoc

2039 600 2324 671 dogmate
2347 604 2569 660 tuendo
2595 603 2935 660 constantia
2956 603 3269 674 disjunxit.

2110 727 2388 784 Formula
2423 732 2644 799 autem,
2671 729 2768 783 cui
2798 728 3154 801 subscripsit
3182 727 3548 799 Eustathius,
3577 743 3700 784 non

2040 815 2226 870 solius
2279 817 2498 885 Basilii,
2532 818 2638 873 sed
2666 817 2846 874 etiam
2876 817 3164 874 Theodoti
3195 821 3250 874 et
3288 816 3494 874 Meletii
3541 833 3699 888 opus

2036 908 2217 973 est;et
2241 922 2377 962 cum
2402 911 2880 979 temperamento
2911 912 2967 963 et
2996 906 3558 963 accommodatione
3576 921 3700 962 non

2037 999 2256 1065 careat,
2285 1011 2396 1050 nec
2429 996 2709 1069 Spiritum
2741 999 3021 1052 sanctum
3045 995 3305 1068 appellet
3328 995 3537 1066 Deum,
3565 994 3700 1067 quis

2036 1083 2243 1139 credat
2289 1100 2430 1141 cum
2460 1085 2736 1158 opusculi
2783 1088 3046 1156 auctore,
3074 1084 3358 1142 Basilium
3379 1087 3701 1157 propterea

2035 1172 2342 1230 Theodoto
2368 1179 2424 1231 et
2454 1166 2680 1232 Meletio
2717 1175 2780 1231 in
2801 1174 3204 1231 offensionem
3228 1174 3490 1242 venisse,
3532 1172 3700 1245 quod

2036 1261 2138 1316 Dei
2153 1277 2377 1319 nomen
2407 1264 2711 1320 interdum
2731 1264 2970 1338 Spiritui
2996 1269 3203 1320 sancto
3222 1279 3346 1319 non
3368 1262 3700 1318 tribueret?

2037 1354 2265 1422 Magnae
2279 1353 2546 1424 profecto
2559 1355 2915 1410 exstiterunt
2926 1352 3212 1409 Theodoti
3227 1351 3622 1424 Nicopolitani
3638 1350 3699 1406 in

2037 1441 2320 1496 Basilium
2333 1443 2388 1497 in
2391 1443 2411 1513 j
2423 1443 2918 1516 uriaa(ep.99);sed
2932 1442 3092 1497 illius
3109 1441 3476 1499 morositatis
3490 1455 3695 1504 causa,

2035 1529 2231 1586 Basilii
2253 1532 2605 1588 communio
2630 1548 2771 1587 cum
2802 1531 3134 1602 Eustathio,
3166 1545 3290 1587 non
3315 1530 3482 1586 vocis
3520 1528 3700 1584 unius

2032 1621 2486 1691 praetermissio.
2513 1621 2710 1678 Metuit
2731 1620 3088 1694 aliquandiu
3113 1619 3364 1675 Basilius
3397 1635 3474 1674 nc
3497 1622 3554 1674 S.
3589 1620 3699 1674 Me-

2032 1707 2192 1779 lctio,
2220 1709 2280 1764 in
2308 1710 2380 1765 iis
2411 1726 2547 1783 quas
2573 1710 2653 1766 ad
2685 1710 3061 1766 Eustathium
3094 1709 3699 1782 spectabant,parum

2033 1815 2208 1872 aequo
2239 1801 2646 1857 uteretur.Sed
2665 1801 2868 1856 statim
2899 1804 3080 1872 atque
3107 1799 3168 1854 in
3190 1797 3537 1854 Armeniam
3566 1813 3700 1870 pro-

2033 1890 2243 1958 fectus,
2273 1890 2506 1946 consilii
2539 1891 2630 1946 sui
2669 1891 2967 1947 rationem
3009 1893 3216 1946 sancto
3269 1888 3461 1945 exsuli
3514 1903 3698 1960 expo-

2035 1980 2173 2050 suit,
2204 1996 2510 2036 summam
2540 1979 2698 2035 illius
2726 1981 3072 2052 aequitatem
3097 1982 3376 2051 expertus
3406 1977 3698 2043 est.Quod

2034 2073 2236 2126 autem
2268 2073 2469 2140 egerat
2498 2069 2559 2125 in
2616 2069 3000 2125 defendenda
3053 2068 3307 2141 Spiritus
3362 2066 3696 2135 divinitate,

2033 2174 2353 2231 nunquam
2383 2158 2443 2214 id
2497 2158 2548 2213 ei
2579 2163 2684 2214 aut
2712 2157 2878 2231 apud
2936 2157 3123 2214 alium
3163 2156 3521 2230 episcopum
3555 2171 3696 2228 pur-

2034 2249 2221 2320 gandi
2248 2248 2339 2304 sui
2368 2247 2640 2304 laborem
2663 2247 2875 2304 attulit.

2103 2375 2326 2429 Auctor
2355 2371 2633 2444 opusculi
2657 2387 2782 2428 non
2821 2371 3020 2428 solum
3052 2371 3433 2428 adversarios
3461 2370 3698 2440 afﬁngit

2030 2463 2269 2531 Basilio,
2299 2463 2402 2534 qui
2429 2462 2580 2518 nulli
2605 2463 2916 2528 exstitere;
2950 2461 3056 2517 sed
3082 2461 3263 2517 etiam
3303 2477 3460 2534 quos
3485 2460 3697 2517 habuit

2028 2551 2397 2616 defensores,
2429 2551 2508 2607 ab
2531 2568 2600 2608 eo
2636 2551 2889 2607 avellere
2911 2556 3183 2623 conatur,
3209 2552 3266 2608 S.
3294 2550 3694 2606 Athanasium

2026 2647 2082 2699 et
2111 2644 2167 2697 S.
2203 2641 2552 2714 Gregorium
2581 2641 3020 2697 Nazianzenum
3049 2657 3062 2693 :
3102 2656 3172 2696 ac
3222 2640 3297 2696 de
3347 2639 3532 2696 altero
3562 2639 3697 2713 qui-

2026 2733 2166 2788 dem
2197 2731 2538 2803 dubitat,an
2563 2731 2792 2788 factum
2819 2731 3017 2787 Basilii
3037 2730 3368 2804 aliquando
3400 2730 3693 2802 probave-

2025 2820 2382 2889 rit,alterum
2405 2835 2528 2875 non
2561 2836 2798 2891 semper
2829 2819 3121 2892 probasse
3152 2819 3478 2875 contendit.
3511 2818 3690 2891 Equi-

2025 2910 2166 2966 dem
2197 2926 2320 2965 non
2355 2909 2530 2964 video
2551 2910 2698 2980 quid
2729 2909 2905 2964 nobis
2930 2909 3208 2965 relictum
3239 2909 3330 2975 sit,
3354 2909 3523 2981 quod
3545 2908 3694 2966 nita-

2025 3017 2163 3056 mur
2213 3001 2274 3055 in
2303 2999 2484 3055 rebus
2529 2999 2770 3064 criticis,
2819 2999 2866 3053 si
2900 2999 3110 3054 Basilio
3139 2998 3541 3070 patrocinium
3574 2999 3692 3053 eri-

1945 3130 1986 3187 Ο
2024 3091 2217 3163 piatur
2243 3093 2300 3146 S.
2331 3089 2665 3146 Athanasii.
2698 3089 3102 3144 Exstantduaa
3125 3089 3282 3144 illius
3321 3088 3589 3161 epistolae
3628 3088 3687 3143 in

2025 3181 2308 3237 Basilium
2335 3179 3009 3253 perhonoriﬁcze,altera
3042 3179 3120 3235 ad
3142 3177 3692 3244 Palladium,a1tera

2023 3269 2101 3326 ad
2129 3273 2422 3327 Joannem
2449 3273 2503 3324 et
2523 3267 2978 3324 Antiochum.ln
3002 3272 3256 3338 utraque
3282 3266 3570 3322 Basilium
3589 3266 3689 3322 de-

2022 3359 2590 3425 fendit,accusatum
2615 3375 2648 3412 a
2680 3357 2998 3413 monachis
3022 3355 3690 3428 Cmsariensibusquod

2020 3447 2082 3504 in
2120 3448 2424 3517 dogmatis
2462 3447 2812 3504 defensione
2843 3447 3159 3502 remissius
3191 3446 3421 3518 aliquid
3451 3445 3687 3518 egisset.

2025 3537 2188 3593 Unde
2210 3537 2573 3592 Athanasius
2597 3536 2709 3592 ait:
2741 3537 2808 3593 Si
2824 3543 3133 3597 suspectus
3156 3541 3300 3592 esset
3324 3535 3595 3592 Basilius
3626 3535 3689 3589 in

2022 3628 2233 3699 iisquae
2246 3627 2327 3682 ad
2336 3627 2647 3682 veritatem
2659 3625 3328 3696 spectant,laudabilem
3337 3625 3474 3694 fore
3487 3639 3690 3680 eorum

2021 3714 2760 3773 contentionem.Declarat
2779 3730 2919 3769 eum
2941 3715 3137 3782 magis
3153 3729 3268 3784 pro
3290 3715 3544 3769 veritate
3564 3728 3689 3768 cer-

2022 3812 2171 3876 tare,
2196 3813 2250 3862 et
2297 3821 2390 3862 eos
2422 3806 2528 3877 qui
2578 3804 2858 3860 doctrina
2897 3810 3072 3874 egent
3099 3805 3365 3860 edocere.
3413 3805 3690 3858 Hortatur

2020 3895 2379 3964 monachos,
2403 3900 2490 3962 ut,
2512 3894 2892 3963 respicientes
2921 3894 3003 3949 ad
3021 3894 3395 3963 propositum
3418 3892 3688 3948 veritatis

2019 3986 2187 4042 illius
2219 3993 2270 4041 et
2321 3986 2730 4054 oeconomiam,
2788 3985 3134 4054 gloriﬁcent
3185 3983 3534 4049 Dominum,
3575 3986 3685 4037 etc.

2021 4076 2310 4141 Quaenam
2337 4073 2437 4130 illa
2459 4073 2822 4141 oeconomia,
2849 4089 2986 4144 quae
3016 4073 3333 4129 monachis
3365 4070 3562 4127 Basilii
3592 4087 3664 4126 ac

2020 4163 2275 4220 cusandi
2293 4162 2607 4218 materiam
2629 4161 2822 4217 dedit?
2835 4161 3149 4232 quodnam
3172 4161 3400 4231 dogma
3419 4160 3580 4216 \isus
3599 4163 3691 4216 est

2019 4253 2327 4309 remissius
2380 4251 2748 4307 defendere?
2799 4250 2955 4307 Nihil
3002 4266 3147 4306 sane
3176 4250 3442 4323 reperias
3472 4254 3689 4322 praeter

2016 4342 2416 4413 quaestionem
2449 4340 2522 4395 de
2562 4339 2782 4410 Spiritu
2816 4343 3047 4396 sancto.
3089 4341 3212 4394 Huc
3259 4337 3490 4394 accedit
3534 4337 3685 4394 testi-

2018 4431 2290 4486 monium
2321 4428 2577 4501 (iregorii
2609 4428 2984 4494 Nazianzeni,
3017 4431 3190 4502 cujus
3220 4444 3290 4482 ex
3328 4426 3585 4499 epistola
3619 4431 3685 4482 27

2018 4520 2312 4575 discimus
2348 4519 2655 4586 Basilium,
2717 4535 2857 4575 cum
2909 4520 3004 4575 die
3059 4520 3207 4575 festo
3259 4520 3312 4573 S.
3361 4505 3686 4587 Eupsychii

2018 4612 2204 4665 Deum
2227 4625 2349 4665 non
2363 4609 2727 4682 appellasset
2743 4610 3031 4682 Spiritum
3049 4605 3684 4672 sanctum,monacho-

2017 4715 2152 4753 rum
2181 4699 2456 4771 querelas
2503 4700 2564 4754 in
2608 4716 2673 4755 se
2724 4699 3081 4755 concitasse.
3124 4700 3235 4752 Res
3268 4711 3411 4766 ergo
3463 4698 3520 4752 et
3548 4710 3683 4767 per-

2017 4803 2181 4844 sonae
2208 4795 2569 4860 congruunt.
2628 4792 2840 4860 ipsum
2881 4787 3063 4844 etiam
3115 4785 3395 4856 congruit
3421 4789 3681 4857 tempus.

2018 4881 2166 4933 Nam
2215 4877 2466 4933 Basilius
2499 4879 2614 4933 hac
2645 4894 2792 4932 usus
2836 4881 2928 4933 est
2959 4877 3316 4947 oeconomia,
3347 4891 3417 4931 ac
3464 4874 3527 4930 in
3573 4875 3684 4931 has

2017 4966 2268 5022 incurrit
2296 4966 2770 5035 criminationes,
2796 4971 3126 5038 antequam
3159 4969 3406 5021 sanctus
3425 4964 3684 5020 Athana-

2017 5055 2140 5111 sius
2173 5072 2203 5110 ε
2227 5055 2349 5111 vita
2373 5055 2714 5125 migrasset,
2738 5071 2958 5128 nempe
2995 5070 3158 5110 anno
3186 5055 3279 5110 37t
3304 5097 3315 5109 .

2087 5163 2254 5228 Quod
2310 5167 2539 5235 spectat
2577 5164 2656 5220 ad
2715 5167 2772 5221 S.
2807 5164 3159 5236 Gregorium
3215 5161 3679 5225 Nazianzeuum,

2016 5257 2254 5322 tempus
2303 5253 2600 5322 assignari
2658 5270 2836 5326 posse
2893 5269 3016 5309 non
3075 5257 3241 5325 puto,
3293 5267 3417 5323 quo
3455 5251 3680 5306 factum

2013 5341 2191 5398 amici
2222 5342 2482 5414 probare
2504 5342 2945 5398 desierit.Hanc
2969 5342 3128 5397 enim
3151 5341 3308 5397 illius
3330 5342 3518 5398 animi
3548 5356 3678 5395 mo-

2013 5432 2409 5498 derationem,
2443 5435 2500 5486 et
2540 5432 2778 5487 vivente
2829 5431 2962 5502 ipso
2995 5435 3050 5486 et
3097 5435 3358 5498 mortuo,
3391 5428 3676 5494 laudavit,

2012 5537 2122 5576 nec
2161 5521 2432 5577 laudavit
2475 5520 2694 5585 solum,
2728 5521 2832 5575 sed
2859 5519 3039 5576 etiam
3097 5519 3366 5574 imitatus
3409 5523 3516 5573 est.
3570 5517 3679 5573 Ubi

2010 5610 2277 5682 primum
2295 5613 2617 5666 accusatus
2629 5612 2716 5664 est
2732 5609 2789 5663 in
2813 5608 3080 5683 quodam
3102 5605 3381 5663 convivio
3409 5606 3674 5676 Basilius,

1945 4481 1986 4534 Ι)
