4154 6410
506 273 570 330 31
2024 260 2407 321 PREFATIO.
3893 273 3964 324 32

502 396 726 454 exarsit
751 395 988 452 inillius
1005 395 1507 467 reprehensorem
1527 391 1864 464 indignatio
1885 386 2170 456 Gregorii.
2205 386 2254 439 Α
2285 388 2416 445 aliis
2440 392 2763 467 episcopis,
2787 395 2915 468 qui,
2960 395 3069 451 etsi
3103 394 3289 450 ﬁdem
3329 394 3635 450 Nicaenam
3668 393 3962 450 acerrime

501 487 834 557 Postquam
854 484 1018 538 venit
1038 482 1623 555 Constantinopolim
1647 477 1971 550 Gregorius
2003 477 2174 546 (6),ut

504 573 590 629 ibi
620 573 980 628 catholicam
999 571 1178 627 ﬁdem
1204 587 1354 644 pene
1377 571 1737 626 exstinctam
1757 565 2169 628 exsuscitaret,

506 679 629 720 non
653 663 850 719 solum
867 663 927 718 in
946 662 1286 718 refellendis
1307 661 1602 718 haereticis
1625 674 1825 714 acrem
1851 673 1913 712 se
1933 659 1989 710 et
2008 653 2172 709 inde-

505 752 738 808 fessum
770 751 1043 824 praebuit.
1077 751 1184 806 sed
1239 751 1418 807 etiam
1467 752 1528 806 in
1582 747 1874 804 sanandis
1904 742 2174 816 exemplo

509 840 705 897 Basilii
731 841 988 896 inﬁrmis
1017 839 1218 896 lenem
1259 845 1316 895 et
1364 839 1768 905 moderatum,
1810 840 1876 892 ut
1913 834 2178 890 declarat

507 930 666 987 illius
719 931 1154 1000 testimonium,
1189 929 1356 1002 quod
1383 947 1450 986 ex
1477 929 1747 986 oratione
1791 929 1860 982 44
1886 926 2173 997 deprom-

509 1022 765 1094 psimus.
795 1025 1092 1078 Reversus
1126 1019 1643 1092 Constantinopoli
1692 1018 2030 1074 orationem
2072 1014 2174 1069 ha-

447 1153 453 1161 .
508 1110 642 1166 buit
665 1112 727 1167 in
756 1111 969 1167 laudes
998 1109 1214 1178 Basilii,
1247 1111 1307 1165 in
1335 1126 1460 1182 qua
1490 1110 1642 1165 inter
1671 1108 1790 1164 alia
1819 1106 1980 1162 illius
2025 1119 2176 1176 prte-

511 1200 672 1256 clare
699 1200 858 1256 facta
875 1199 1240 1272 prudentem
1269 1199 1433 1256 illam
1458 1197 1886 1255 molestissimo
1908 1198 2174 1266 tempore

510 1289 1143 1346 accommodationem
1166 1295 1454 1346 recenset.

582 1383 1153 1452 Temperamentum
1179 1395 1216 1436 a
1246 1379 1460 1435 Basilio
1507 1378 1847 1434 adhibitum
1895 1391 1966 1432 eo
1990 1375 2173 1431 etiam

511 1471 758 1526 nomine
775 1470 976 1524 minus
997 1469 1484 1542 probatur,quod
1504 1485 1682 1524 suum
1699 1467 1828 1538 ipse
1854 1465 2173 1523 consilium

511 1559 940 1633 repudiaverit,
966 1575 1077 1616 nec
1098 1559 1438 1632 quidquam
1469 1558 1662 1615 simile
1701 1558 1762 1614 in
1792 1555 2174 1613 defendendo

514 1647 1022 1705 consubstantiali
1061 1648 1458 1704 commiserit.
1496 1649 1826 1718 Utrumque
1847 1661 1960 1700 sua
1992 1646 2173 1715 ponte

512 1737 821 1794 refellitur.
841 1737 1081 1794 Nullum
1107 1737 1527 1792 inconstantiae
1551 1735 1869 1806 vestigium
1890 1734 2004 1790 hac
2027 1734 2088 1788 in
2110 1747 2172 1787 re

515 1842 714 1900 neque
742 1827 806 1882 in
831 1825 1118 1898 operibus
1148 1825 1363 1895 Basilii,
1406 1840 1605 1897 neque
1626 1823 1794 1896 apud
1824 1822 2173 1893 Gregorium

441 1966 446 1969 .
513 1916 1088 1988 Nazianzenum,qui
1118 1931 1242 1972 non
1269 1919 1392 1971 tam
1418 1915 1674 1971 multam
1703 1928 1953 1986 operam
1977 1912 2038 1966 in
2069 1911 2173 1966 de-

513 2005 818 2062 fendendo
851 2005 1048 2062 amico
1087 2005 1532 2078 insumpsisset,
1578 2003 1627 2058 si
1675 2004 1767 2059 sui
1813 2003 1984 2058 illum
2035 2001 2174 2057 facti

509 2096 864 2156 credidisset
901 2096 1276 2168 paenituisse.
1329 2099 1536 2166 Ipsum
1563 2094 1742 2151 etiam
1775 2092 2176 2150 consubstan-

511 2187 646 2245 tiale
677 2185 1110 2242 inﬁrmioribus
1146 2185 1366 2242 animis
1397 2183 1766 2241 condonavit
1797 2183 2068 2250 Basilius,
2110 2185 2175 2237 ut

519 2293 707 2348 supra
727 2276 1014 2333 diximus.

584 2369 648 2422 V.
681 2370 871 2438 Atque
901 2370 968 2422 nt
989 2369 1113 2422 tota
1142 2365 1300 2420 illius
1326 2365 1387 2420 in
1418 2363 1924 2435 ejusmodirebus
1957 2362 2176 2434 agendi

514 2455 670 2514 ratio
701 2455 1120 2528 perspiciatur,
1161 2454 1272 2510 abs
1299 2470 1361 2510 re
1388 2469 1509 2509 non
1551 2453 1661 2509 erit
1706 2452 1964 2508 breviter
1989 2466 2175 2523 expo-

513 2544 833 2616 nere,quid
859 2544 936 2601 ab
966 2544 1264 2600 haereticis
1288 2543 1682 2599 redeuntibus
1704 2543 1901 2598 autab
1922 2542 2177 2597 homini—

513 2633 631 2691 bus
649 2634 940 2706 suspectis
958 2648 1068 2706 pro
1088 2638 1434 2705 temporum
1457 2633 1740 2690 varietate
1764 2631 2172 2704 postulaverit.

519 2725 691 2780 Sanaa
723 2722 1011 2778 doctrinae
1047 2722 1296 2777 Basilius
1329 2722 1406 2777 ab
1437 2721 1688 2777 infantia
1730 2721 1806 2776 ad
1840 2727 2176 2776 extremum

516 2827 714 2883 usque
746 2811 1021 2882 spiritum
1050 2810 1552 2866 retinentissimus
1579 2809 1688 2866 fuit
1721 2827 1732 2864 :
1766 2825 2086 2882 nunquam
2116 2809 2176 2863 in

515 2901 648 2972 ejus
677 2915 779 2956 cor
809 2901 913 2955 ulli
937 2900 1201 2955 sermoni
1224 2916 1260 2954 a
1283 2915 1432 2955 sana
1454 2899 1732 2956 doctrina
1760 2899 1956 2955 alieno
1987 2899 2180 2971 patuit

515 2989 737 3057 aditus;
763 2989 926 3045 nulla
949 2988 1030 3044 illi
1052 2990 1366 3045 sententiae
1399 2990 1651 3046 mutatio
1675 2989 1881 3059 aﬁingi
1911 2992 2178 3061 poterat;

2282 480 2690 550 defenderent,
2719 484 2996 540 nondum
3024 488 3227 540 tamen
3267 482 3805 539 consubstantialis
3842 498 3948 536 vo-

2282 587 2415 627 cem
2436 573 2640 645 palam
2671 579 2727 629 et
2756 578 2961 647 aperte
2987 579 3357 646 receperant.
3393 577 3608 629 Notum
3641 578 3729 628 est
3755 573 3958 629 omni-

2282 661 2399 716 bus
2449 668 2678 734 quanta
2724 663 2964 720 lenitate
3017 663 3376 720 Athanasius
3408 668 3464 718 et
3513 662 3761 718 Hilarius
3815 678 3958 716 cum

2283 751 2587 821 ejusmodi
2613 752 2964 808 hominibus
2991 752 3300 823 agendum
3327 751 3691 809 censuerint.

2357 841 2642 897 Videntur
2659 841 3178 899 consubstantiale
3210 842 3487 898 nondum
3515 841 3819 913 recepisse
3849 842 3957 912 qui

2284 931 2428 989 ﬁdei
2451 933 2891 989 confessionem
2915 949 2945 989 e
2974 933 3298 1005 Scripturis
3327 932 3753 1004 depromptam
3782 934 3951 1002 (tom.

2287 1023 2352 1087 ῙΙ,
2393 1038 2452 1094 p.
2486 1027 2632 1089 2'23),
2665 1025 2917 1096 ἔγγραφον
2974 1023 3273 1095 ὁμολογίαν,
3303 1038 3339 1078 8.
3393 1021 3588 1077 Basilo
3631 1020 3952 1092 petierunt.

2290 1113 2457 1168 Unde
2493 1112 2740 1168 Basilius
2790 1128 3002 1168 eorum
3043 1112 3406 1167 consuelens
3435 1110 3767 1166 inﬁrmitati
3816 1125 3958 1182 pro-

2287 1201 2464 1258 mittit
2491 1217 2701 1258 senon
2739 1218 2990 1257 usurum
3046 1201 3385 1256 nominibus
3442 1207 3499 1255 et
3555 1201 3772 1266 verbis,
3823 1215 3958 1270 qua

2285 1292 2427 1362 ipsis
2454 1293 2672 1348 litteris
2702 1298 2759 1348 et
2787 1293 3043 1362 syllabis
3065 1307 3182 1347 non
3206 1292 3599 1360 reperiuntur
3627 1290 3866 1360 quidem
3895 1291 3958 1344 in

2285 1382 2495 1437 divina
2514 1381 2967 1452 Scriptura,sed
2983 1386 3182 1438 tamen
3204 1381 3450 1436 insitam
3471 1380 3806 1449 Scriptura?
3826 1394 3954 1435 sen-

2287 1473 2534 1527 tentiam
2559 1449 2823 1527 servant.
2849 1474 2912 1526 In
2939 1470 3080 1526 ﬁdei
3115 1469 3718 1540 conlessione,quam
3754 1468 3832 1524 ad
3863 1483 3965 1522 eos

2286 1560 2469 1623 misit,
2536 1559 3054 1616 consubstantiale
3117 1575 3240 1615 non
3302 1559 3578 1614 adhibuit
3631 1558 3712 1630 (p.
3773 1558 3960 1622 224):
4070 1621 4071 1624 η

2284 1649 2450 1722 quod
2480 1650 2730 1722 quidem
2761 1649 3013 1706 Basilius
3041 1665 3180 1704 cum
3213 1651 3504 1703 metueret
3531 1662 3606 1702 ne
3636 1646 3962 1718 reprehen-

2205 1761 2246 1816 Β
2283 1738 2818 1808 deretur,declarat
2845 1738 3010 1794 idem
3037 1737 3152 1793 sibi
3176 1736 3558 1810 propositum
3583 1751 3705 1792 non
3739 1751 3870 1790 esse
3894 1752 3963 1790 ac
4070 1723 4071 1728 “

2284 1829 2346 1884 in
2395 1827 2526 1884 aliis
2582 1828 2908 1900 operibus;
2941 1827 3108 1883 aliud
3149 1826 3311 1883 enim
3343 1842 3474 1881 esse
3503 1825 3813 1881 haereticos
3874 1841 3963 1879 re-

2286 1917 2505 1980 fellere,
2561 1917 2728 1974 aliud
2779 1932 2995 1974 sanam
3048 1915 3236 1972 ﬁdem
3286 1915 3632 1988 simpliciter
3668 1929 3963 1985 exponere

2284 2009 2370 2080 (p.
2401 2007 2549 2079 225).

2357 2099 2487 2153 Non
2525 2096 2777 2152 deerant
2808 2095 2974 2151 initio
3001 2096 3387 2168 episcopatus
3420 2092 3642 2162 Basilii,
3683 2092 3787 2164 qui
3814 2107 3963 2147 con-

2287 2187 2680 2243 substantiale
2701 2185 2977 2242 nondum
2999 2186 3381 2257 recepissent.
3409 2187 3524 2239 Hos
3543 2183 3793 2239 Basilius
3816 2199 3958 2254 par-

2287 2277 2396 2333 tim
2418 2275 2862 2348 vituperandos,
2897 2275 3117 2346 partim
3139 2275 3318 2329 venia
3333 2273 3552 2343 dignos
3573 2271 3808 2343 judicat
3837 2273 3960 2344 (ep.

2289 2369 2377 2436 52,
2409 2380 2469 2420 n.
2507 2370 2557 2435 t,
2589 2380 2649 2438 p.
2692 2365 2832 2436 145).
2871 2365 2986 2420 Sed
3018 2363 3321 2435 ejusmodi
3358 2363 3638 2418 homines
3669 2361 3966 2433 perpauci

2287 2454 2566 2510 videntur
2622 2453 2831 2509 fuisse.
2874 2457 3024 2510 Nam
3079 2457 3218 2525 post
3265 2451 3590 2508 concilium
3646 2454 3965 2522 Tyanense

2289 2543 2558 2616 plerique
2580 2542 3085 2599 consubstantiali
3118 2557 3339 2598 manus
3371 2539 3966 2612 dederunt,exceptis

2291 2634 2532 2703 triginta
2569 2637 2832 2706 quatuor
2887 2632 3120 2688 Asianis
3163 2631 3488 2703 episcopis,
3525 2645 3680 2702 quos
3711 2629 3966 2685 minime

2291 2723 2513 2778 mirum
2543 2726 2632 2778 est
2681 2721 2994 2778 communi
3042 2720 3295 2777 consilio
3335 2719 3644 2776 obstitisse
3672 2720 3772 2790 (7).
3825 2721 3967 2774 Erat

2290 2812 2451 2867 enim
2482 2811 2611 2866 haec
2659 2811 2824 2880 regio
2855 2811 2941 2866 sic
2963 2810 3350 2882 emancipata
3381 2807 3585 2875 errori,
3643 2813 3706 2878 ut
3736 2808 3964 2876 gratias

2291 2903 2410 2956 Deo
2431 2899 2750 2956 habendas
2777 2899 3074 2955 existimet
3103 2898 3376 2963 Basilius,
3418 2898 3472 2952 si
3501 2898 3605 2968 qui
3629 2897 3875 2952 omnino
3899 2899 3961 2951 in

2290 2993 2516 3048 Asiano
2531 2996 2732 3047 tractu
2747 2996 2923 3047 extra
2939 2990 3133 3045 tabem
3147 2989 3562 3046 haereticorum
3576 2989 3716 3044 sint.
3728 2989 3962 3043 Sensim

515 3080 623 3136 sed
649 3084 849 3136 tamen
880 3085 1130 3150 accepta
1157 3095 1192 3135 a
1217 3079 1436 3135 teneris
1457 3079 1746 3134 doctrinae
1780 3079 2015 3134 semina
2042 3078 2184 3133 fate-
2213 3117 2254 3171 ο
2293 3082 2496 3152 itaque
2526 3079 2816 3149 evenit,ut
2840 3096 2912 3135 ex
2932 3079 3003 3134 iis
3023 3079 3159 3151 quis
3183 3078 3474 3134 catholice
3505 3077 3847 3134 sentiebant
3872 3078 3964 3132 vix

514 3171 612 3223 tur
637 3167 767 3238 ipse
807 3183 925 3222 usu
956 3167 1216 3222 crevisse
1241 3169 1360 3237 (ep.
1389 3169 1514 3233 204,
1546 3170 1668 3233 n.6,
1692 3182 1753 3238 p.
1779 3170 1902 3232 306;
1928 3181 2023 3237 ep.
2052 3169 2178 3227 223,

516 3273 578 3312 n.
612 3262 662 3323 3,
693 3273 752 3328 p.
789 3256 940 3327 338).
984 3255 1048 3310 In
1097 3256 1169 3310 iis
1220 3261 1423 3311 autem
1452 3271 1588 3327 quae
1633 3272 1748 3310 usu
1797 3260 1853 3310 et
1901 3255 2184 3311 exercita-

515 3346 678 3402 tione
703 3345 786 3401 illi
806 3350 1212 3407 accesserunt,
1245 3346 1552 3401 numerari
1583 3350 1778 3417 potest
1809 3344 2183 3417 quaedamin

517 3433 947 3506 dignoscendis
961 3434 1382 3489 hereticorum
1415 3434 1898 3490 cavillationibus
1923 3435 2184 3506 pruden-

520 3524 768 3596 tia,qute
799 3540 937 3578 cum
969 3524 1025 3578 in
1053 3524 1234 3579 horas
1257 3525 1475 3580 mutari
1515 3524 1798 3594 solerent,
1821 3540 1943 3580 non
1978 3541 2098 3580 uno
2127 3529 2185 3580 et

522 3613 738 3668 eodem
765 3612 947 3668 modo
980 3614 1177 3668 caveri
1203 3613 1563 3670 debuerunt.
1597 3618 1659 3669 In
1692 3631 1763 3669 ea
1796 3631 1995 3670 rerum
2044 3630 2182 3685 per—

519 3702 890 3771 turbatione,
919 3719 1103 3771 quam
1128 3704 1482 3758 Arianorum
1516 3704 1589 3758 de
1618 3704 1795 3758 simili
1818 3710 1875 3759 et
1905 3703 2185 3759 dissimili

516 3793 680 3848 tricte
699 3792 1067 3848 induxerunt
1089 3809 1251 3848 anno
1275 3797 1400 3862 360,
1417 3809 1528 3849 nec
1551 3793 1742 3849 simile
1762 3809 1872 3849 nec
1895 3793 2185 3848 dissimile

515 3882 800 3954 placebat
820 3881 1056 3949 Basilio,
1082 3882 1188 3937 sed
1208 3883 1580 3938 identitatem
1601 3889 1836 3938 natura:
1855 3890 1912 3939 et
1927 3883 2185 3939 consub-

518 3970 793 4027 stantiale
820 3971 1221 4043 proﬁtebatur
1251 3974 1365 4044 (ep.
1407 3976 1458 4037 8,
1495 3987 1552 4044 p.
1588 3975 1700 4043 82).
1734 3976 1948 4029 Postea
2004 3973 2184 4027 rebus

518 4061 929 4128 mutatis,cum
947 4062 1077 4132 jam
1101 4062 1179 4117 ab
1202 4062 1560 4118 Arianorum
1594 4062 1848 4134 perﬁdia
1869 4079 1992 4118 non
2016 4067 2185 4118 tanta

517 4157 718 4207 essent
749 4151 1036 4221 pericula,
1064 4151 1258 4208 simile
1286 4152 1622 4208 secundum
1645 4153 1970 4208 essentiam
1998 4153 2183 4207 susci-

517 4239 723 4312 piebat
749 4240 1022 4307 Basilius,
1057 4241 1242 4297 modo
1274 4241 1422 4296 illud
1451 4242 1792 4309 adderetur,
1811 4245 1965 4298 citra
1993 4244 2186 4298 ultam

519 4329 965 4399 differentiam;
1017 4346 1191 4386 secus
1227 4347 1365 4386 vero
1404 4331 1562 4387 hanc
1595 4347 1804 4387 vocem
1837 4337 2186 4404 suspectam

518 4417 910 4474 existimabat
941 4419 1058 4491 (ep.
1085 4423 1137 4485 9,
1166 4434 1226 4474 n.
1262 4420 1336 4491 3).
1373 4424 1562 4491 Atque
1595 4421 1721 4476 haec
1748 4421 1997 4494 quidem
2033 4421 2189 4477 Basi-

518 4509 635 4564 lius
676 4525 800 4564 non
851 4525 964 4565 sua
993 4525 1180 4565 causa
1228 4510 1704 4582 statuebat(ipse
1736 4511 1895 4566 enim
1931 4511 2188 4567 consub-
2220 4497 2265 4551 D

517 4597 795 4654 stantiale
818 4598 1256 4668 proﬁtebatur),
1302 4599 1407 4654 sed
1441 4599 1488 4654 si
1523 4601 1627 4671 qui
1659 4602 1923 4672 suspecti
1957 4605 2184 4669 essent,

518 4686 662 4740 satis
693 4703 822 4741 esse
849 4687 1103 4757 putabat
1131 4688 1209 4742 ad
1237 4703 1447 4742 eorum
1477 4687 1657 4743 ﬁdem
1685 4689 2092 4760 purgandam,
2126 4695 2191 4745 ut

397 4785 408 4802 δ
519 4775 701 4829 simili
732 4775 1069 4831 secundum
1091 4777 1418 4832 essentiam
1444 4777 1737 4833 adderent
1758 4778 1907 4833 illud
1925 4780 2079 4835 citra
2103 4781 2191 4835 ul-

521 4866 641 4919 tam
672 4865 1077 4933 differentiam
1130 4867 1354 4934 (ibist).
1389 4869 1467 4922 Ex
1494 4883 1616 4938 quo
1661 4867 1809 4922 illud
1841 4869 2018 4923 etiam
2062 4885 2191 4940 per-

521 4952 671 5024 spici
721 4957 936 5025 potest.
977 4953 1260 5008 Basilium
1295 4955 1522 5011 nemini
1549 4957 1972 5013 necessitatem
2001 4959 2194 5031 impo-

521 5042 709 5097 suisse
740 5042 1276 5098 consubstantialis
1304 5045 1855 5118 proﬁtendi.Neque
1880 5047 1940 5102 id
1972 5049 2193 5104 mirum

522 5131 706 5186 videri
731 5131 1085 5188 debet.Nam
1117 5149 1255 5187 cum
1289 5134 1602 5202 epistolam
1631 5151 1858 5191 nonam
1889 5137 2189 5209 scriberet,

521 5237 591 5276 ex
613 5237 738 5294 qua
755 5221 885 5277 haec
905 5222 1379 5294 desumpsimus,
1408 5226 1833 5281 communione
1861 5233 1916 5282 et
1935 5228 2196 5284 amicitia

520 5311 883 5382 conjunctus
926 5317 1218 5368 eratcum
1253 5312 1495 5370 Silvano
1537 5317 1811 5372 Tarsensi
1841 5322 1896 5372 et
1920 5318 2196 5389 pluribus

601 5597 677 5666 (6)
710 5598 870 5666 Naz.,
906 5614 1001 5671 ep.
1026 5603 1117 5654 27-.

2293 3169 2623 3240 quisquam
2642 3166 3162 3223 consubstantiale
3183 3183 3308 3222 non
3331 3167 3671 3222 admitteret
3689 3171 3962 3237 (ep.331).

2295 3262 2622 3330 Postquam
2657 3262 2862 3313 autem
2893 3255 3161 3328 grassari
3183 3256 3363 3329 coepit
3389 3255 3639 3311 haeresis
3670 3257 3966 3311 Pneuma-

2297 3348 2747 3411 tomachorum,
2774 3352 2904 3402 tum
2944 3362 3088 3401 vero
3135 3361 3260 3401 non
3287 3344 3473 3400 modo
3518 3344 3668 3400 nihil
3699 3345 3962 3416 amplius

2293 3437 2636 3493 detractum
2665 3441 2752 3492 est
2775 3435 2850 3491 de
2871 3435 2991 3491 ﬁde
3019 3434 3392 3505 Nicaana,sed
3423 3433 3601 3490 etiam
3627 3434 3858 3506 aliquid
3882 3434 3961 3488 vi-

2295 3543 2431 3582 sum
2448 3526 2685 3582 esthuic
2702 3525 2978 3581 formulae
2996 3524 3348 3580 addendum
3366 3522 3621 3579 Basilius
3645 3524 3964 3595 Cyriacum

2293 3619 2644 3672 Tarsensem
2671 3615 3097 3687 presbyterum
3111 3614 3384 3669 hortatur
3404 3614 3524 3683 (ep.
3548 3615 3961 3684 illi,p.207),ut

2294 3705 2478 3761 ﬁdem
2506 3705 2807 3760 Niczenam
2827 3704 3209 3776 recipiat,nec
3233 3703 3420 3758 ullam
3436 3703 3497 3758 in
3519 3718 3816 3759 eavocem
3833 3702 3964 3772 reji-

2294 3795 2447 3860 ciat;
2473 3794 2596 3850 imo
2626 3795 2768 3855 huic
2797 3794 2938 3849 ﬁdei
2965 3793 3151 3849 addat
3197 3793 3490 3862 Spiritum
3537 3798 3813 3849 sanctum
3844 3794 3968 3852 dici

2294 3891 2630 3940 creaturam
2660 3900 2780 3939 non
2802 3890 3209 3953 oportere,nec
3227 3900 3357 3938 cum
3376 3885 3446 3938 iis
3467 3883 3576 3953 qui
3593 3883 3802 3939 dicunt
3818 3899 3967 3938 com-

2294 3975 2891 4029 municandumNon
2909 3972 3097 4028 multo
3114 3977 3253 4044 post
3270 3972 3617 4040 Basilius,re
3637 3988 3774 4028 cum
3798 3988 3968 4028 sanc-

2295 4069 2355 4118 to
2369 4063 2594 4118 Meletio
2612 4069 2667 4118 et
2681 4063 2988 4120 Theodoto
3009 4061 3358 4130 deliberata,
3379 4062 3529 4118 illud
3554 4064 3734 4119 etiam
3757 4064 3966 4118 Eusta-

2297 4154 2422 4213 thio
2448 4153 2819 4225 praescripsit
2847 4156 2964 4224 (ep.
3005 4157 3124 4219 125,
3150 4170 3208 4224 p.
3245 4153 3393 4223 216),
3419 4157 3482 4208 ut
3511 4152 3793 4224 Spiritum
3827 4168 3967 4208 san-

2297 4249 2461 4300 ctum
2493 4243 2701 4298 itidem
2724 4247 2788 4298 ut
2809 4245 3044 4298 Patrem
3066 4247 3125 4298 et
3143 4242 3352 4297 Filium
3373 4242 3751 4311 gloriﬁcaret:
3781 4245 3969 4315 atque

2297 4333 2456 4388 hanc
2490 4330 2992 4401 gloriﬁcationem
3023 4331 3332 4404 deinceps,
3364 4337 3428 4387 ut
3470 4347 3598 4386 rem
3627 4331 3970 4386 necessario

2298 4421 2648 4478 addendam
2680 4422 2914 4493 synodo
2945 4421 3218 4489 Nicaeum,
3249 4422 3583 4494 proposuit,
3616 4426 3680 4476 ut
3710 4420 3971 4494 perspici

2299 4515 2495 4584 potest
2527 4527 2598 4565 cx
2625 4510 2897 4582 epistolis
2939 4515 3032 4566 I75
3073 4515 3130 4564 et
3157 4513 3283 4580 258,
3336 4526 3395 4566 n.
3457 4516 3509 4566 2.
3562 4511 3715 4566 Nihil
3771 4510 3968 4580 magis

2297 4599 2566 4656 incendit
2594 4599 3402 4671 Pneumatomachos,quam
3430 4600 3556 4655 haec
3577 4600 3826 4671 Spiritus
3847 4600 3970 4670 glo-

2298 4689 2548 4744 riﬁcatio
2565 4705 2713 4743 cum
2743 4691 2914 4745 Patre
2947 4694 3003 4744 et
3030 4688 3195 4744 Filio.
3241 4689 3356 4744 Sed
3398 4689 3654 4743 Basilius
3705 4689 3970 4744 declarat

2300 4781 2411 4851 (De
2434 4779 2596 4848 Spir.
2647 4777 2707 4833 S.
2760 4794 2810 4833 c.
2851 4783 2940 4847 29,
2975 4795 3013 4850 p
3063 4778 3150 4847 63)
3213 4794 3274 4832 se
3315 4793 3424 4832 nec
3455 4778 3639 4848 gladii
3669 4795 3779 4833 nec
3809 4778 3965 4846 ignis

2302 4873 2466 4924 metu
2493 4867 2780 4922 usitatam
2813 4866 3114 4923 constanti
3135 4866 3452 4923 traditione
3471 4867 3969 4938 gloriﬁcationem

2304 4957 2672 5014 relicturum.
2704 4959 2821 5011 Hoc
2851 4960 3086 5012 tantum
3132 4957 3217 5011 eis
3248 4958 3524 5013 concedit
3551 4959 3652 5028 (ib.
3689 4974 3740 5014 c.
3774 4963 3861 5022 25,
3908 4974 3964 5028 p.

2306 5050 2396 5107 54)
2425 5051 2489 5101 ut
2513 5046 2797 5117 quamvis
2822 5045 3170 5118 praepositio
3201 5063 3335 5103 cum
3366 5047 3562 5119 aptior
3592 5048 3665 5102 sit
3691 5048 3768 5102 ad
3791 5047 3970 5117 glori-

2306 5135 2647 5191 ﬁcationem
2681 5135 3174 5207 persolvendam,
3219 5138 3269 5192 si
3301 5143 3422 5192 tam
3457 5138 3541 5193 uti
3572 5139 3784 5193 malint
3821 5153 3968 5192 con—

2303 5225 2639 5297 junctione,
2672 5230 2778 5286 etc,
2813 5230 2878 5282 ut
2929 5226 2989 5282 in
3031 5226 3362 5300 baptismo,
3395 5227 3454 5282 id
3487 5228 3589 5298 eis,
3627 5229 3863 5284 nemine
3888 5243 3973 5281 re-

2309 5321 2641 5387 pugnante,
2669 5315 2864 5372 liceat.

2383 5608 2458 5679 (7)
2493 5608 2750 5672 Sozom.,
2783 5606 2885 5664 lib.
2926 5624 3000 5675 vi,
3025 5623 3080 5664 c.
3126 5611 3207 5662 t2.
