4154 6428
196 348 234 400 33
1614 400 1623 409 .
1797 333 2186 398 PRIEFATIO.
3647 343 3718 397 34

999 483 1036 548 §
1081 483 1187 535 IV.

206 565 232 616 ὶ.
253 559 727 638 Celeberrimum
766 565 847 620 S.
886 568 1158 626 Basilii
1177 571 1253 626 de
1281 567 1654 638 proccssione
1675 561 1942 632 Spiritus

257 649 302 690 ex
333 634 492 711 Filio
543 638 1054 697 testimonium
1109 634 1408 711 refer—tur.
1465 641 1530 692 ll.
1599 637 1945 711 Graecorum

261 708 544 784 scriptura
569 712 866 784 magnis
905 704 1345 769 incommodis
1369 713 1622 768 laborat.
1668 706 1756 762 ΙΙΙ.
1790 704 1946 784 Lati-

264 795 449 834 norum
465 780 664 834 lectio
685 788 859 849 apte
883 799 1049 839 cum
1070 787 1297 841 Basilii
1310 780 1945 846 doctrina,necessario

264 867 372 906 cum
403 854 541 920 ejus
570 854 1137 913 ratiocinatione
1166 858 1446 912 cohaeret.
1473 856 1566 909 IV.
1589 852 1944 906 Latinorum

265 939 428 979 causa
451 925 770 980 codicum
809 943 984 983 mss.
1025 931 1394 984 auctoritate
1417 924 1788 989 defenditur.

275 1018 307 1070 l.
329 1017 538 1069 Exstat
566 1014 771 1070 initio
828 1015 998 1073 libri
1032 1018 1197 1074 tertii
1247 1018 1543 1073 Adversus
1585 1009 1947 1069 Eunomium

224 1104 448 1174 insignis
467 1103 685 1172 locus,
718 1105 854 1177 qui
885 1123 1053 1162 cum
1081 1106 1475 1162 manifestum
1496 1103 1719 1159 habeat
1734 1099 1808 1155 de
1824 1097 1950 1169 Spi-

231 1195 355 1250 ritus
375 1210 445 1250 ex
475 1193 642 1250 Filio
678 1197 1132 1267 processione
1166 1194 1594 1262 testimonium,
1625 1191 1674 1246 si
1717 1190 1848 1245 sine
1885 1187 1949 1242 li-

242 1286 365 1342 turis
404 1301 474 1340 ac
533 1284 682 1340 sine
748 1285 1230 1342 additamentis
1277 1285 1530 1354 legatur,
1579 1279 1949 1352 gravissima:

254 1378 454 1431 Graecos
507 1374 679 1431 inter
736 1379 807 1431 et
879 1375 1140 1431 Latinos
1171 1373 1592 1431 controversiae
1633 1368 1950 1426 materiam

262 1464 419 1521 dedit.
455 1464 759 1520 Defendit
791 1465 931 1521 hoc
961 1464 1278 1521 catholicae
1304 1462 1568 1519 veritatis
1597 1458 1950 1532 praesidium

263 1555 320 1612 Β.
348 1558 402 1612 P.
424 1555 791 1611 Ludovicus
826 1554 1065 1622 Vallée,
1091 1554 1372 1610 emeritus
1395 1551 1708 1622 theologia:
1728 1548 1952 1622 profes-

265 1661 351 1702 sor
375 1662 439 1701 ac
468 1644 896 1701 bibliotheca
932 1645 1172 1700 Sanctae
1203 1642 1518 1700 Genovefac
1550 1640 1871 1713 praefectus
1892 1639 1954 1693 in

264 1735 480 1790 erudita
499 1734 988 1796 dissertatione,
1015 1748 1178 1789 anno
1197 1733 1324 1787 1721
1353 1731 1592 1787 Parisiis
1608 1728 1770 1786 edita
1791 1726 1957 1799 apud

1971 461 2018 516 A
2055 463 2402 532 dogmatum
2423 465 2913 522 innovationibus
2939 465 2966 519 ?
2990 465 3114 521 Cur
3125 464 3281 521 enim
3301 479 3531 521 necesse
3547 467 3716 532 est,si

2055 553 2357 624 dignitate
2375 571 2447 612 ac
2469 556 2682 612 ordine
2712 557 2923 612 tertius
2939 562 3021 611 est
3036 556 3560 625 Spiritus,natura
3576 571 3723 626 quo-

2054 659 2166 714 que
2179 646 2423 700 tertium
2439 646 2596 702 esse?
2611 647 2925 716 Dignitate
2941 645 3179 716 quidem
3193 645 3518 700 secundum
3541 660 3659 701 esse
3680 661 3718 701 α

2052 734 2256 798 Filio,’
2273 740 2337 789 ut
2357 736 2462 804 qui
2481 751 2603 791 esse
2626 735 2701 792 ab
2723 737 2830 791 illo
2860 735 3095 801 habeat,
3119 741 3170 791 et
3195 735 3268 790 ab
3291 734 3412 803 ipso
3435 735 3718 804 accipiat,

2055 830 2107 880 et
2141 827 2462 880 annuntiet
2485 827 2652 881 nobis
2677 832 2730 881 et
2753 826 2994 881 omnino
3017 840 3087 881 ea:
3108 825 3214 880 illa
3231 838 3415 880 causa
3422 823 3722 893 pendeat'

2058 913 2245 968 tradit
2283 914 2581 987 [fortasse]
2613 915 2860 984 pietatis
2905 929 3117 970 sermo.
3149 914 3228 968 At
3269 918 3496 969 natura
3544 913 3724 969 tertia

2052 1003 2159 1071 uti,
2183 1018 2371 1073 neque
2392 1006 2693 1060 exsanctis
2724 1003 3059 1072 Scripturis
3082 1002 3281 1058 edocti
3301 1018 3507 1057 sumus
3534 1016 3725 1073 neque

2057 1106 2131 1147 ea:
2147 1091 2481 1160 Scriptura?
2505 1094 2680 1148 dictis
2702 1093 3118 1149 consecutione
3137 1092 3271 1147 ulla
3293 1092 3497 1161 colligi
3510 1096 3721 1161 potest.

2130 1179 2638 1245 Quemadmodum
2662 1183 2816 1237 enim
2837 1182 3030 1236 Filius
3045 1181 3248 1236 ordine
3260 1181 3496 1251 quidem
3520 1194 3723 1236 secun-

2056 1269 2168 1324 dus
2190 1285 2226 1324 a
2245 1271 2434 1327 Patre
2448 1273 2839 1342 est,quoniam
2859 1270 2932 1327 ab
2951 1271 3059 1325 illo
3077 1269 3727 1340 est,et|dignitate,quia

2060 1359 2227 1428 origo
2249 1360 2378 1428 ejus
2405 1366 2459 1416 et
2481 1375 2667 1416 causa
2693 1366 2797 1430 est,
2822 1365 3120 1430 quatenus
3145 1364 3226 1415 est
3249 1359 3417 1413 illius
3436 1359 3646 1422 Pater,
3671 1362 3727 1413 et

2060 1450 2343 1518 quoniam
2361 1464 2473 1517 per
2492 1450 2687 1518 ipsum
2715 1464 2984 1506 accessus
3007 1447 3326 1518 aditusque
3341 1452 3422 1502 est
3440 1447 3521 1503 ad
3538 1448 3726 1502 Deum

2062 1542 2118 1592 et
2128 1539 2524 1607 Patrem;non
2537 1535 3595 1609 autemlnaturasecundus,quoniam
3609 1535 3729 1590 dei-
3781 1597 3785 1601 ,

2064 1632 2155 1682 tas
2176 1628 2239 1683 in
2266 1633 2516 1699 utroque
2536 1642 2662 1684 una
2683 1629 2884 1683 cst:ita
2903 1627 3174 1696 profecto
3195 1631 3250 1682 et
3272 1624 3728 1694 SpiritusSanc-

2066 1718 2300 1787 tus,etsi
2320 1721 2442 1772 tum
2465 1717 2680 1772 ordine
2700 1722 2824 1771 tum
2845 1713 3448 1785 dignitatesecundus
3471 1719 3554 1770 est
3573 1728 3609 1768 a
3631 1713 3728 1768 Fi-

258 1825 579 1897 Delaunay,
615 1825 732 1881 via
765 1824 1087 1881 Jacobaea.
1119 1823 1272 1880 Nihil
1291 1823 1492 1895 potius
1513 1825 1618 1876 aut
1641 1818 1854 1876 melius
1878 1817 1962 1874 fa-
1989 1815 2030 1870 Β
2069 1806 2266 1876 ιέο,[αι
2291 1805 2400 1861 hoc
2425 1807 2601 1897 etiam
2625 1807 2867 1897 omnino
2890 1804 3335 1897 concedamus],
3380 1807 3580 1897 tamen
3606 1816 3727 1858 non
3757 1850 3762 1855 .

254 1931 383 1970 cere
415 1915 692 1987 possint,
728 1914 848 1987 qui
882 1930 1015 1969 rem
1043 1912 1332 1969 omnibus
1361 1910 1635 1981 vestigiis
1666 1909 1961 1979 indagare

251 2005 481 2073 volunt,
503 2020 716 2076 quam
743 2003 798 2058 si
823 2003 1124 2058 eximium
1150 2001 1299 2058 illud
1327 2017 1482 2073 opus
1511 2002 1790 2056 accurate
1833 2013 1962 2070 per—

151 2134 162 2142 .
257 2092 709 2166 legantzquod
767 2091 1029 2164 quidem
1068 2108 1210 2146 cum
1256 2090 1424 2146 omni
1463 2092 1962 2160 argumentorum

268 2198 470 2251 genere
491 2183 583 2238 ita
611 2182 1020 2238 cumulatum
1043 2186 1100 2236 et
1130 2180 1495 2236 illustratum
1519 2179 1616 2248 sit,
1638 2183 1703 2234 ut
1728 2193 1838 2233 nec
1857 2176 1964 2232 du-

263 2271 489 2327 bitandi
514 2287 642 2327 nec
679 2269 963 2326 addendi
983 2269 1190 2325 locum
1210 2268 1530 2340 relinquat,
1555 2282 1817 2338 cumque
1843 2279 1964 2321 non

251 2360 659 2417 incommode
686 2376 840 2416 cum
855 2359 1148 2431 nostrist.
1176 2358 1368 2414 Basilii
1385 2357 1792 2414 voluminibus
1805 2371 1966 2411 com-

257 2451 427 2522 pingi
446 2451 658 2523 possit
680 2449 980 2518 ;libenter
1004 2464 1149 2504 sane
1173 2447 1660 2504 conticescerem.
1686 2446 1798 2503 Sed
1820 2445 1966 2517 quia

262 2539 710 2595 celeberrimus
757 2537 962 2594 Basilii
988 2538 1158 2593 locus
1185 2537 1246 2593 in
1267 2538 1380 2593 hac
1401 2553 1560 2593 nova
1580 2535 1841 2592 editione
1882 2535 1966 2590 ita

260 2630 508 2700 prodiit,
538 2635 606 2685 ut
631 2630 696 2684 in
721 2627 1046 2684 codicibus
1072 2643 1218 2684 mss.
1243 2627 1356 2683 hac
1377 2629 1434 2682 in
1488 2626 1636 2682 urbe
1675 2624 1964 2680 exstanti-

275 2717 392 2772 bus
411 2718 769 2789 legebatur,
802 2731 930 2773 non
955 2721 1020 2773 ut
1043 2716 1300 2773 aliorum
1332 2716 1610 2772 codicum
1631 2715 1812 2784 longe
1838 2713 1968 2785 plu-

279 2807 436 2862 rium
474 2807 795 2880 longeque
832 2806 1248 2878 antiquiorum
1287 2805 1634 2874 auctoritas,
1682 2819 1753 2860 ac
1775 2803 1967 2876 ipsius

272 2901 584 2955 sententia:
611 2899 814 2954 series
827 2901 885 2953 et
901 2897 1186 2968 junctura
1202 2895 1822 2968 postulabantpperze
1837 2908 1968 2965 pre-

271 2988 422 3044 tium
446 2993 534 3043 est
551 2989 704 3044 huic
728 2986 1131 3043 incommodo
1155 2985 1404 3054 mederi,
1429 2990 1484 3041 et
1511 3002 1584 3041 ex
1627 2989 1968 3040 memorata

276 3078 703 3134 dissertatione
728 3079 794 3133 in
816 3077 1076 3148 gratiam
1111 3092 1341 3140 eorum,
1388 3076 1612 3148 quibus
1647 3075 1725 3132 ad
1763 3075 1964 3146 ipsum

273 3167 507 3225 fontem
535 3168 716 3225 adire
738 3183 869 3223 non
895 3171 1087 3237 vacat,
1122 3166 1418 3222 nonnulla
1443 3166 1737 3222 derivare.

351 3261 416 3314 L’It
445 3257 698 3314 facilius
721 3256 1129 3330 perspiciatur
1157 3255 1304 3328 quid
1334 3255 1538 3327 Graeci,
1589 3255 1737 3328 quid
1780 3253 1968 3310 Latini

267 3347 709 3404 intestimonio
733 3345 936 3402 Basilii
959 3345 1221 3418 probent
1259 3351 1362 3400 aut
1395 3345 1688 3416 rejiciant,
1735 3343 1968 3400 uncinis

272 3438 678 3494 includemus
699 3453 842 3508 quae
863 3452 901 3492 a
921 3435 1141 3492 Graecis
1167 3435 1375 3491 addita
1398 3435 1587 3491 Latini
1607 3438 1966 3506 queruntur.

274 3528 583 3584 asteriscis
643 3542 785 3583 vero
833 3541 974 3598 quae
1021 3541 1058 3581 a
1103 3525 1322 3582 Latinis
1362 3528 1750 3598 propugnata
1787 3524 1969 3580 Graici

284 3619 674 3672 aversantur.

349 3705 525 3760 Initio
556 3703 708 3759 libri
737 3703 894 3758 tertii
923 3704 1214 3775 proponit
1265 3703 1518 3758 Basilius
1557 3703 1717 3759 hanc
1769 3706 1970 3758 Euno-

277 3795 380 3850 mii
413 3792 886 3866 blasphemiam
916 3793 1001 3849 ita
1047 3793 1390 3866 loquentis:
1425 3794 1573 3850 Cum
1603 3800 1805 3850 autem
1848 3793 1972 3850 haec

277 3885 449 3940 nobis
469 3884 548 3939 de
574 3883 906 3953 Unigenito
935 3883 1273 3953 sufﬁciant,
1296 3899 1661 3956 consequens
1685 3882 1972 3953 fuerit,ut

263 3977 400 4042 jam
423 3974 502 4029 de
511 3973 849 4029 Paracleto
865 3988 1104 4044 quoque
1117 3973 1412 4041 dicamus,
1431 3990 1554 4029 non
1571 3975 1737 4044 vulgi
1746 3975 1974 4044 opinio-

275 4080 380 4120 nes
401 4064 772 4120 temerarias
789 4063 1001 4132 secuti,
1017 4064 1123 4119 sed
1130 4067 1478 4121 sanctorum
1500 4067 1562 4121 in
1582 4065 1855 4121 omnibus
1871 4065 1973 4120 do-

281 4156 552 4211 ctrinam
573 4159 938 4210 servantes:
963 4168 1002 4209 a
1025 4151 1240 4225 quibus
1262 4170 1396 4212 cum
1422 4155 1815 4212 didicerimus
1837 4170 1972 4212 cum

278 4244 594 4315 dignitate
610 4248 668 4299 et
689 4243 908 4298 ordine
925 4244 1192 4314 tertium,
1223 4245 1465 4301 tertium
1489 4261 1724 4316 quoque
1740 4250 1971 4302 natura

278 4350 406 4390 esse
436 4333 774 4390 credimus.

349 4426 446 4481 Sic
463 4422 811 4494 respondet
833 4423 1082 4479 Basilius
1106 4441 1119 4480 :
1140 4425 1309 4491 Quod
1333 4428 1526 4496 igitur
1542 4443 1664 4482 non
1701 4429 1870 4496 putet
1913 4441 1971 4480 o-

279 4522 525 4584 portere
540 4519 606 4569 in
629 4513 902 4582 simplici
916 4529 988 4570 ac
999 4515 1167 4571 nuda
1182 4517 1511 4572 multorum
1528 4516 1648 4584 ﬁde
1663 4531 1974 4585 permane-
2004 4522 2049 4576 D

287 4620 366 4675 re,
389 4604 503 4661 sed
526 4604 889 4671 artiﬁciosis
910 4605 1271 4676 quibusdam
1294 4621 1366 4662 ac
1393 4607 1676 4675 captiosis
1719 4606 1972 4663 rationi-

283 4695 388 4750 bus
415 4695 744 4750 veritatem
772 4708 987 4749 rursus
1010 4695 1092 4751 ad
1115 4696 1178 4750 id
1198 4697 1360 4767 quod
1379 4697 1495 4751 sibi
1513 4696 1751 4752 videtur
1771 4697 1974 4752 detru.

279 4785 442 4851 dere,
478 4784 637 4839 satis
654 4798 731 4839 ex
761 4783 832 4837 iis
851 4799 985 4853 quae
1005 4785 1166 4840 dixit
1182 4785 1627 4842 os!endit.Nam
1640 4787 1970 4841 multorum

276 4874 572 4942 opinione
594 4878 943 4942 contempta
965 4889 1086 4943 qua
1115 4876 1415 4943 Spiritum
1441 4862 1717 4932 sanctum
1746 4875 1973 4946 gloriﬁ-

278 4969 456 5026 cant,
482 4961 744 5017 simulat
777 4967 978 5017 tenere
997 4977 1058 5018 se
1086 4968 1439 5020 sanctorum
1490 4965 1832 5021 doctrinam
1862 4983 1883 5018 :
1909 4979 1973 5030 at

286 5068 385 5108 eos
407 5053 672 5122 quieam
689 5052 809 5121 ipsi
833 5053 1244 5121 tradiderunt,
1276 5060 1451 5122 tacet,
1475 5056 1655 5112 etiam
1686 5071 1849 5111 nunc
1878 5070 1972 5110 ea-

278 5142 413 5198 dem
431 5143 676 5210 faciens
707 5158 861 5213 quae,
885 5143 1032 5198 dum
1062 5144 1135 5199 de
1165 5145 1481 5216 Unigenito
1517 5146 1859 5212 dissereret,
1886 5147 1975 5215 fe-

280 5233 430 5288 cisse
455 5237 769 5287 convictus
791 5238 895 5288 est.
924 5233 1165 5289 Deinde
1191 5234 1341 5288 dicit
1379 5249 1418 5290 a
1465 5236 1692 5290 sanctis
1732 5235 1971 5306 quidem

278 5336 339 5377 se
361 5322 656 5377 didicisse
676 5325 943 5395 tertium,
966 5338 1094 5379 esse
1114 5323 1329 5380 ordine
1366 5329 1420 5380 et
1449 5324 1751 5395 dignitate
1780 5325 1969 5393 Spiri-

283 5417 436 5479 tum,
450 5425 490 5466 a
506 5411 691 5480 seipso
711 5419 911 5471 autem
925 5412 1200 5480 credere,
1221 5419 1449 5470 natura
1467 5430 1702 5487 quoque
1725 5418 1971 5471 tertium

286 5515 425 5556 esse.
465 5501 582 5568 Qui
599 5518 730 5561 vero
756 5506 882 5562 sint
905 5503 1121 5561 sancti
1140 5503 1261 5570 illi,
1284 5508 1340 5560 et
1370 5504 1436 5560 in
1473 5506 1687 5576 quibus
1728 5504 1972 5574 scriptis

285 5590 441 5646 hanc
456 5592 780 5655 doctrinam
801 5595 1148 5661 ediderint,
1164 5593 1364 5650 dicere
1379 5609 1499 5651 non
1511 5600 1728 5665 potest.
1751 5595 1972 5650 Fuitne

287 5696 538 5754 unquam
567 5687 741 5748 Itomo
767 5689 859 5748 sic
887 5685 1121 5744 audax
1138 5682 1206 5740 in
1235 5683 1596 5741 inducendi:
1624 5685 1968 5743 divinorum

2059 1897 2203 1965 jure
2220 1897 2389 1966 sequi
2413 1901 2477 1951 ut
2499 1896 2716 1952 aliena'
2735 1895 2813 1950 sit
2844 1899 3102 1956 natura,
3128 1893 3272 1948 inde
3292 1896 3478 1963 patet,
3506 1895 3616 1946 etc.

2141 1987 2289 2040 Tum
2321 1983 2596 2052 Basilius,
2617 1987 2977 2054 argumento
2999 1999 3073 2037 ex
3093 1980 3325 2052 angelis
3348 1980 3554 2053 petito,
3577 1993 3730 2051 quo-

2070 2089 2206 2128 rum
2227 2073 2444 2128 diversi
2464 2072 2706 2128 ordines
2728 2076 2785 2127 et
2824 2070 3132 2140 dignitatis
3178 2069 3427 2140 gradus,
3476 2084 3588 2124 nec
3634 2071 3734 2123 ta-

2070 2161 2208 2218 men
2237 2162 2475 2218 diversa
2497 2165 2738 2228 natura,
2768 2161 2850 2215 sic
2879 2158 3184 2215 concludit
3211 2176 3222 2213 :
3248 2158 3350 2215 Sic
3378 2159 3652 2227 profecto
3675 2160 3732 2211 et

2069 2251 2331 2321 Spiritus
2353 2251 2740 2307 sanctuszetsi
2751 2250 3046 2319 dignitate
3067 2249 3324 2316 inferior
3342 2252 3426 2304 est
3443 2251 3622 2316 atque
3641 2261 3736 2300 or-

2071 2343 2211 2398 dine
2228 2341 2314 2412 [ut
2335 2340 2896 2410 aiunt];accepimus
2913 2337 3069 2394 enim
3089 2339 3306 2406 ipsum,
3331 2335 3602 2408 [inquit,]
3623 2341 3733 2390 ter-

2073 2433 2222 2487 tium
2241 2447 2278 2487 a
2303 2432 2488 2486 Patre
2510 2435 2565 2486 et
2584 2430 2744 2485 Filio
2770 2433 3316 2494 numeratum;cum
3339 2427 3627 2481 Dominus
3649 2426 3735 2494 ip-

2073 2536 2132 2577 se
2153 2521 2217 2576 in
2249 2520 2575 2576 traditione
2631 2519 2926 2574 salutaris
2980 2516 3355 2584 baptismatis
3409 2514 3735 2570 tradiderit

2073 2611 2362 2676 ordinem,
2394 2610 2488 2665 his
2510 2607 2704 2664 verbis
2741 2623 2754 2660 :
2783 2609 3028 2678 (Euntes
3060 2605 3361 2677 baptizate
3386 2605 3446 2659 in
3490 2603 3736 2659 nomine

2074 2699 2262 2755 Patris
2293 2702 2350 2754 et
2373 2697 2502 2752 Filii
2527 2701 2585 2752 et
2629 2695 2880 2768 Spiritus
2935 2694 3126 2750 sancti
3161 2712 3174 2760 ;
3200 2694 3216 2764 )
3247 2699 3308 2749 at
3331 2695 3393 2748 in
3415 2693 3735 2763 quamdam

2073 2794 2362 2844 naturam
2419 2789 2656 2842 tertiam
2703 2801 2741 2840 a
2792 2785 2951 2840 Filio
2982 2790 3048 2840 et
3098 2783 3291 2839 Patre
3320 2785 3574 2853 ejectum
3604 2796 3736 2837 eum

2073 2879 2262 2948 fuisse
2290 2892 2589 2947 nusquam
2628 2874 2976 2930 didicimus.

2148 2971 2274 3023 Non
2303 2964 2544 3021 difﬁcile
2573 2968 2662 3019 est
2687 2962 3166 3019 animadvertere
3194 2960 3342 3015 illud
3369 2961 3585 3016 Graecis
3604 2975 3732 3016 ma-

2074 3056 2236 3112 xime
2267 3054 2592 3110 molestum
2615 3067 2762 3123 esse,
2807 3050 2972 3123 quod
3002 3050 3252 3122 Spiritus
3285 3051 3342 3104 S.
3367 3064 3404 3103 a
3436 3048 3574 3103 Filio
3604 3063 3738 3104 esse

1997 3171 2039 3226 α
2075 3147 2300 3203 habere
2347 3145 2566 3200 dicitur
2599 3142 2854 3199 :iisdem
2899 3144 3105 3196 autem
3153 3139 3484 3212 plurimum
3536 3137 3738 3210 place-

2075 3251 2159 3306 re,
2189 3248 2571 3308 quzecunque
2593 3230 2830 3287 uncinis
2861 3228 3097 3286 inclusa
3123 3244 3191 3285 eo
3231 3230 3523 3299 spectant,
3551 3230 3613 3282 ut
3635 3228 3739 3281 Ba-

2079 3325 2247 3382 silius
2271 3339 2395 3380 non
2421 3325 2839 3378 asseveranter
2858 3317 3274 3392 pronuntiare,
3307 3315 3414 3371 sed
3434 3314 3595 3371 velut
3613 3314 3736 3370 hae-

2078 3415 2266 3470 sitans
2291 3411 2622 3469 concedere
2646 3410 2925 3466 videatur
2957 3406 3244 3479 Spiritum
3283 3403 3495 3461 ordine
3525 3408 3584 3459 et
3609 3403 3737 3472 dig-

2078 3505 2262 3561 nitate
2284 3503 2582 3558 minorem
2612 3499 2755 3555 Filio
2785 3514 2941 3554 esse.
2977 3496 3184 3551 Vident
3208 3493 3459 3561 enim,si
3489 3493 3550 3549 id
3576 3493 3744 3549 Basi-

2078 3593 2193 3650 lius
2227 3595 2550 3657 asseveret,
2577 3588 2719 3644 inde
2747 3586 2919 3658 sequi
2940 3590 3005 3640 ut
3029 3584 3312 3656 Spiritum
3335 3599 3407 3637 ex
3435 3581 3579 3638 Filio
3602 3597 3737 3654 pro-

2080 3683 2290 3739 cedere
2320 3677 2662 3736 crediderit.
2693 3675 2808 3734 Sed
2835 3675 2965 3730 htec
2997 3673 3315 3746 scriptura,
3343 3687 3534 3743 quam
3558 3669 3742 3727 Graaci

2079 3789 2188 3846 per
2229 3772 2320 3828 fas
2371 3775 2430 3826 et
2472 3767 2643 3825 nefas
2686 3764 3106 3830 defenderunt,
3165 3762 3345 3832 longe
3392 3760 3560 3816 alteri
3599 3763 3739 3832 post

2080 3858 2387 3928 habenda,
2415 3859 2540 3914 sive
2569 3855 2856 3912 interiora
2885 3852 3172 3925 quaedam
3193 3849 3416 3905 indicia
3457 3852 3738 3920 specten-

2083 3958 2195 4024 tur,
2238 3955 2304 4007 ut
2340 3961 2678 4005 consensus
2707 3960 2843 4000 cum
2883 3940 3084 3998 Basilii
3125 3944 3602 4010 caaterorumque
3629 3941 3738 3994 Pa-

2081 4049 2238 4099 trum
2269 4039 2566 4104 doctrina,
2589 4040 2648 4092 et
2677 4033 2983 4089 sententiae
3013 4031 3201 4104 ipsius
3245 4030 3428 4085 series
3487 4032 3543 4085 et
3600 4043 3741 4083 con-

2082 4131 2332 4189 tinuatio
2359 4148 2372 4198 ;
2402 4127 2525 4183 sive
2547 4141 2621 4181 ex
2651 4122 3041 4194 antiquorum
3087 4119 3368 4175 codicum
3412 4134 3564 4174 mss.
3624 4133 3743 4172 nu-

2083 4236 2252 4278 mero
2276 4223 2334 4275 et
2352 4215 2699 4274 auctoritate
2718 4226 2813 4268 res
2837 4209 3219 4280 dijudicetur.
3271 4209 3603 4278 Utrumque
3650 4220 3742 4262 ar-

2083 4311 2441 4382 gumentum
2456 4303 2719 4361 breviter
2741 4298 3242 4372 explanabimus,
3271 4296 3365 4352 his
3377 4296 3483 4368 qui
3504 4294 3740 4351 uberio-

2081 4416 2209 4458 rem
2238 4398 2418 4468 hujus
2459 4391 2811 4466 quaestionis
2863 4387 3270 4459 cognitionem
3299 4385 3606 4457 percipere
3635 4399 3742 4439 vo-

2081 4491 2223 4560 lent,
2257 4487 2337 4544 ad
2363 4500 2551 4557 supra
2578 4481 2804 4538 dictam
2829 4476 3312 4535 dissertationem
3333 4473 3624 4529 dimissis.

2154 4599 2222 4654 ll.
2252 4598 2414 4652 Inest
2433 4606 2577 4649 sane
2606 4604 2902 4658 magnum
2932 4586 3047 4641 hoc
3069 4583 3278 4639 vitium
3309 4580 3552 4637 lectioni
3586 4580 3740 4635 Grie-

2083 4702 2315 4753 corum,
2334 4680 2500 4757 quod
2524 4678 2804 4736 Basilium
2823 4672 3157 4730 inducatde
3175 4687 3240 4726 re
3257 4669 3544 4725 omnibus
3567 4671 3747 4724 testa-

2083 4784 2161 4849 ta,
2196 4781 2252 4832 et
2279 4774 2357 4830 ab
2386 4773 2519 4845 ipso
2544 4766 2762 4826 Basilio
2791 4779 2950 4836 sape
2981 4761 3339 4817 conﬁrmata
3368 4757 3618 4849 turpiter
3637 4757 3747 4812 du-

2082 4847 2397 4925 bitantem.
2423 4859 2578 4927 Quid
2590 4857 2750 4914 enim
2771 4851 3318 4922 absurdius,quam
3344 4847 3556 4904 Filium
3578 4850 3745 4903 Patre

2084 4959 2384 5014 minorem
2410 4950 2622 5007 ordine
2647 4950 2704 5001 et
2731 4941 3023 5012 dignitate
3049 4953 3422 5006 asseverare,
3457 4936 3743 5009 Spiritum

2087 5047 2226 5107 Filio
2258 5044 2557 5100 minorem
2591 5035 2801 5092 ordine
2823 5035 2879 5087 et
2905 5029 3194 5100 dignitate
3225 5027 3424 5083 dicere
3466 5041 3592 5082 non
3630 5042 3738 5082 au-

2083 5141 2221 5196 dere
2245 5137 2272 5191 ?
2297 5136 2416 5189 Hoc
2445 5125 2716 5201 profecto
2737 5137 2863 5178 non
2894 5119 3151 5176 cadebat
3181 5118 3243 5172 in
3286 5115 3591 5185 Basilium,
3641 5129 3747 5186 qui

2084 5221 2392 5295 conceptis
2416 5216 2615 5274 verbis
2647 5213 2824 5269 docet
2851 5210 2912 5265 in
2937 5208 3094 5264 libro
3139 5209 3216 5262 De
3240 5206 3479 5295 Spiritu
3509 5209 3742 5295 sancto,

2083 5333 2217 5389 cap.
2247 5291 2332 5381 1:7,
2364 5305 2650 5365 eumdem
2681 5301 2959 5358 ordinem
2989 5294 3361 5353 intercedere
3393 5294 3546 5349 inter
3570 5291 3746 5389 Spiri-

2083 5381 2212 5465 tum
2269 5418 2341 5459 ac
2380 5397 2615 5463 Filium,
2642 5408 2716 5449 ac
2747 5391 2901 5447 inter
2938 5385 3152 5443 Filium
3185 5387 3496 5439 etPatrem
3531 5397 3544 5436 :
3585 5381 3659 5436 Ut
3687 5394 3747 5436 se

2084 5495 2262 5553 habet
2281 5490 2477 5548 Filius
2501 5485 2584 5543 ad
2609 5484 2870 5549 Patrem,
2887 5474 3104 5548 inquit,
3125 5473 3211 5529 sic
3240 5473 3323 5529 ad
3344 5471 3575 5528 Filium
3613 5469 3727 5539 Spi
3742 5501 3745 5505 -

2081 5587 2236 5642 ritus
2259 5577 2589 5639 secundum
2610 5571 2776 5629 verbi
2793 5567 2907 5624 Dei
2925 5565 3199 5622 ordinem
3219 5561 3284 5617 in
3307 5559 3601 5629 baptismo
3626 5563 3751 5616 tra-

2082 5677 2298 5733 ditum.
2323 5664 2660 5728 Ridiculum
2680 5673 2826 5731 ergo
2846 5651 3240 5718 formidinem
3262 5647 3480 5710 Basilio
3516 5646 3750 5718 afﬁngit
