4154 6378
548 318 577 370 3
587 318 615 369 5
2069 306 2203 361 ΡΒᾸ

2317 305 2451 361 ΤΙΟ.
3931 316 3995 369 36

545 437 717 505 illud,
744 438 1022 507 fortasse,
1054 450 1124 491 ac
1149 434 1317 505 illud,
1352 440 1419 489 ut
1453 434 1562 489 hoc
1589 435 1765 490 etiam
1792 432 2033 488 omnino
2066 446 2175 487 con
2230 432 2277 485 Α
2386 433 2726 503 Antequam
2773 432 3012 488 veniam
3063 432 3143 488 ad
3172 436 3644 505 propugnatam
3701 450 3738 490 a
3778 435 3997 492 Latinis

545 527 843 593 cedamus,
869 525 1121 592 etinfra,
1158 530 1223 580 ut
1246 526 1440 580 aiunt.
1485 523 1631 578 Huic
1660 522 1879 578 rationi
1921 535 2045 577 non
2093 534 2201 592 pa-

545 631 682 672 rum
705 615 873 671 addit
906 614 1199 670 momenti
1224 613 1390 685 quod
1418 613 1499 669 ait
1549 611 1795 668 Basilius
1842 610 2204 665 Eunomium

543 708 723 763 etiam
754 721 918 761 nunc
953 705 1155 761 eadem
1180 703 1397 769 facere,
1420 718 1552 774 qua
1582 703 1723 758 dum
1768 702 1841 757 de
1888 700 2205 769 Unigenito

545 796 880 862 dissereret,
905 794 1117 863 fecisse
1136 795 1445 849 convictus
1465 797 1569 848 est.
1593 791 1821 846 Iudicat
1850 791 2009 845 enim
2043 788 2205 843 Basi-

543 884 660 940 lius
679 884 771 939 his
788 883 988 939 verbis
1005 883 1240 938 initium
1254 882 1389 937 libri
1406 882 1605 953 primi,
1627 880 1730 936 ubi
1749 880 1939 935 nudat
1954 877 2206 934 artiﬁcia

544 973 841 1035 Eunomii,
857 972 961 1044 qui
977 988 1113 1028 cum
1128 972 1292 1041 piam
1307 972 1716 1041 traditionem,
1733 972 1988 1026 Patrum
2004 969 2179 1037 ﬁdem
2192 1010 2204 1033 ,

543 1064 766 1133 rejecta
800 1062 1203 1117 multitudinis
1236 1061 1519 1133 opinione
1572 1060 1974 1133 apposuisset,
2004 1058 2205 1113 statim

544 1151 619 1208 de
642 1168 755 1208 suo
784 1151 1155 1219 impietatem
1186 1155 1241 1207 et
1292 1151 1738 1223 blasphemiam
1791 1148 2076 1205 addebat.
2113 1148 2204 1203 Sic

544 1256 688 1312 ergo
717 1240 887 1296 illum
918 1240 1248 1310 interrogat
1276 1239 1528 1295 Basilius
1558 1240 1660 1311 :Zin
1685 1240 1799 1294 hac
1820 1238 1940 1293 ﬁde
1962 1238 2203 1293 ubinam

539 1331 831 1399 scriptum
856 1336 961 1396 est,
987 1329 1300 1386 Credimus
1331 1330 1844 1399 ingenerationem
1858 1342 1979 1384 esse
2007 1341 2202 1383 essen-

544 1422 691 1475 tiam
711 1420 822 1474 Dei
840 1420 1081 1476 univers
1094 1435 1295 1485 orum;
1320 1425 1449 1487 aut,
1478 1419 1789 1475 Credimus
1816 1418 2204 1488 Unigenitum

543 1510 799 1565 essentia
816 1508 1161 1564 dissimilem
1184 1524 1305 1565 esse
1326 1508 1537 1565 Patri?
1561 1512 1937 1563 Demonstrat
1955 1523 2097 1563 eum
2120 1505 2205 1561 sic

544 1597 927 1671 aperteloqui
944 1597 1377 1669 debuisse,non
1396 1598 1646 1654 insidias
1659 1596 1982 1654 lectoribus
2013 1602 2205 1652 strue-

541 1704 626 1756 re,
654 1694 708 1744 et
730 1689 1002 1755 opinioni
1028 1703 1153 1743 sum
1172 1690 1335 1744 velut
1362 1688 1537 1744 hamo
1558 1689 1639 1744 ad
1666 1693 1915 1744 mortem
1937 1687 2207 1743 trahenti

2313 518 2652 590 lectionem,
2666 521 2985 577 libetaliud
2999 521 3479 578 additamentum
3493 523 4000 582 animadvertere

2312 607 2374 662 in
2413 609 2506 664 his
2551 610 2750 666 verbis
2781 616 2961 672 :Tivs;
2993 608 3051 663 δὲ
3090 613 3137 662 οἱ
3164 611 3306 682 ἅγιοι
3346 617 3435 664 καὶ
3485 613 3546 664 ἐν
3598 618 3771 673 ποίοις
3829 612 3997 685 λόγοις

2314 703 2407 757 τὴν
2488 696 2847 752 ὃιδασδαλίαν
2928 705 3257 765 πεποίηνται,
3313 704 3470 753 εἰπεῖν
3528 702 3625 753 οὐκ
3678 704 3815 773 ἔχει·
3875 703 3989 771 ραι

2316 804 2452 845 vero
2472 791 2589 845 sint
2612 791 2811 846 sancti
2844 791 2957 855 illi,
3010 797 3063 846 et
3121 793 3183 845 in
3231 792 3445 863 quibus
3506 793 3762 860 scriptis
3821 793 3984 849 hanc

2315 880 2653 935 doctrinam
2675 881 2996 953 ediderint,
3032 882 3229 937 dicere
3241 898 3361 937 non
3376 887 3598 951 potest.
3626 885 3767 937 Haec
3784 883 3993 951 verba,

2317 969 2474 1021 εἰπεῖν
2506 969 2600 1020 οὐκ
2627 972 2740 1041 ἔχει
2773 971 2973 1026 dicere
3017 986 3137 1025 non
3175 976 3392 1040 potest,
3425 986 3565 1042 qua:
3599 986 3675 1026 ex
3731 976 3997 1044 quatuor

2316 1059 2508 1127 Regiis
2539 1076 2687 1115 mss.
2712 1064 2882 1115 eruta
2914 1064 3073 1125 sunt,
3106 1060 3166 1115 in
3195 1060 3386 1115 tribus
3437 1064 3650 1116 autem
3678 1059 3814 1116 aliis
3849 1065 3905 1116 et
3932 1061 3993 1116 in

2315 1148 2579 1221 antiquis
2613 1149 2979 1205 editionibus
3038 1150 3274 1216 desunt,
3322 1149 3731 1207 manifestum
3763 1150 3995 1207 habent

2314 1238 2665 1309 perﬁdiaeiet
2696 1239 3048 1312 corruptelae
3076 1238 3388 1294 indicium.
3417 1239 3561 1305 Quis
3590 1240 3759 1295 enim
3784 1240 3991 1296 credat

2316 1328 2602 1383 Basilium
2624 1328 2707 1384 ita
2725 1330 2785 1384 in
2817 1328 3223 1385 ecclesiastica
3249 1328 3572 1385 traditione
3597 1329 3912 1401 hospitem
3936 1334 3991 1387 et

2313 1417 2701 1489 peregrinum
2727 1418 2934 1485 fuisse,
2970 1423 3033 1473 ut
3080 1434 3220 1474 cum
3249 1418 3381 1490 ipse
3411 1417 3632 1474 Filium
3685 1419 3905 1474 ordine
3936 1423 3989 1474 et

2313 1506 2603 1577 dignitate
2625 1508 2920 1564 minorem
2954 1508 3318 1580 pronuntiet,
3342 1506 3500 1563 illius
3522 1508 3984 1582 doctrinae,qua3

2314 1596 2389 1652 de
2422 1597 2641 1669 Spiritu
2669 1597 2831 1654 idem
2856 1598 3338 1665 tradit,auctores
3359 1598 3561 1654 nullos
3586 1597 3669 1654 ab
3692 1599 3987 1653 Eunomio

2316 1686 2483 1743 citari
2531 1703 2715 1759 posse
2766 1686 3195 1743 diceret?Sive
3236 1686 3443 1743 Basilii
3464 1691 3629 1753 sunt,
3663 1703 3807 1759 quas
3834 1687 3988 1743 infra

541 1778 987 1847 simplicitatem
1009 1778 1168 1848 ﬁdei,
1204 1792 1308 1833 ceu
1341 1792 1535 1834 escam
1580 1778 1903 1849 quamdam
1956 1778 2207 1833 circum-
2237 1789 2277 1843 Β
2316 1774 2617 1847 leguntur,
2639 1777 2787 1833 Cum
2808 1779 3099 1833 Dominus
3118 1778 3244 1846 ipse
3262 1778 3327 1833 in
3349 1777 3987 1833 traditionesalutaris

541 1866 711 1934 dare,
743 1871 809 1921 ut
839 1866 1107 1935 imperiti
1130 1866 1213 1921 ad
1232 1866 1298 1920 id
1317 1867 1477 1937 quod
1515 1872 1772 1936 apparet
1826 1866 2204 1948 festinantes,

540 1958 787 2012 incaute
812 1956 1140 2025 impietatis
1152 1957 1375 2011 scelere
1398 1958 1867 2027 transﬁguntur.
1892 1955 2043 2011 Cum
2064 1972 2207 2028 ergo

543 2044 909 2100 Eunomium
940 2044 1194 2099 Basilius
1220 2045 1532 2117 disputare
1553 2045 1945 2118 incipientem
1967 2046 2042 2100 de
2085 2045 2209 2117 Spi-

540 2136 680 2207 ritu,
741 2135 955 2191 eadem
991 2135 1189 2192 facere
1246 2136 1425 2203 dicat,
1449 2142 1600 2208 ,‘quae
1619 2138 1762 2192 dum
1780 2137 1851 2193 de
1889 2138 2207 2206 Unigenito

539 2224 880 2291 dissereret,
907 2224 1122 2293 fecisse
1140 2228 1446 2280 convictus
1467 2231 1549 2281 est
1581 2244 1593 2294 ;
1628 2241 1876 2281 necesse
1917 2228 2007 2280 est
2048 2230 2114 2281 ut
2145 2225 2206 2280 in

539 2316 797 2385 utroque
825 2312 962 2368 loco
986 2313 1286 2385 principia
1313 2313 1433 2379 illa,
1466 2330 1605 2386 qua:
1637 2314 1932 2386 impietati
1955 2330 2099 2370 mox
2124 2313 2204 2370 ef-

538 2401 804 2458 ferendae
835 2401 997 2457 velut
1025 2416 1229 2457 escam
1256 2403 1442 2457 hamo
1473 2402 1908 2475 praetendebat,
1942 2418 2053 2459 nec
2098 2403 2207 2459 du-

538 2490 643 2548 bia
667 2491 796 2547 visa
824 2491 1048 2547 fuerint
1077 2507 1188 2547 nec
1209 2492 1438 2549 incerta
1465 2492 1703 2549 Basilio.

612 2584 675 2636 In
724 2596 796 2637 eo
850 2580 1032 2637 etiam
1088 2596 1291 2637 secum
1343 2587 1547 2654 aperte
1588 2586 1824 2654 pugnat
1850 2583 2120 2651 Basilius,
2154 2584 2205 2640 si

539 2672 883 2727 Graecorum
914 2670 1211 2743 scriptura
1226 2671 1745 2743 recipiatur,quod
1767 2677 2091 2745 postquam
2125 2672 2203 2727 ab

538 2760 838 2816 Eunomia
867 2765 1146 2816 auctores
1178 2761 1464 2816 doctrinae
1487 2761 1667 2817 celari
1688 2762 2070 2834 dixit,ipsum
2097 2764 2203 2818 Eu-

536 2848 814 2905 nomium
840 2848 999 2904 hanc
1020 2848 1357 2904 doctrinam
1371 2865 1443 2905 ex
1457 2850 1670 2906 Christi
1700 2850 1902 2906 verbis
1934 2855 2201 2923 repetere

537 2941 817 2995 asserat..
837 2939 1098 2995 Simulat
1122 2953 1182 2995 se
1201 2954 1440 2996 servare
1458 2940 1799 2996 doctrinam
1825 2948 2199 3013 sanctorum;

536 3033 602 3084 at
626 3043 723 3083 eos
751 3028 857 3099 qui
896 3029 1069 3083 illam
1114 3030 1233 3098 ipsi
1275 3030 1667 3086 tradiderunt
1698 3036 1877 3087 tacet.
1900 3034 1966 3086 Et
1992 3032 2148 3087 infra
2181 3048 2194 3087 :

2322 1866 2695 1935 baptismatis
2718 1867 3042 1923 tradiderit
3062 1867 3355 1935 ordinem,
3378 1869 3511 1933 etc.,
3538 1867 3753 1939 ipsum
3788 1866 3985 1921 Domi-

2316 1972 2467 2012 num
2484 1956 2755 2027 agnoscit
2799 1955 3050 2012 Basilius
3079 1955 3263 2026 hujus
3291 1955 3584 2011 doctrinas
3649 1958 3980 2011 auctorem.

2317 2047 2540 2103 nedum
2574 2052 2853 2103 auctores
2883 2046 3084 2103 nullos
3116 2045 3367 2118 proferri
3422 2061 3606 2118 posse
3653 2046 3974 2102 existimet.

2319 2137 2453 2194 Sive
2483 2136 2756 2192 Eunonio
2777 2135 3097 2193 tribuenda
3123 2137 3252 2191 haec
3294 2135 3485 2192 verba
3518 2153 3533 2204 ;
3567 2151 3696 2192 non
3749 2135 3985 2191 laborat

2317 2230 2634 2282 auctorum
2665 2225 2953 2282 doctrinae
2985 2241 3109 2281 suae
3138 2224 3415 2298 penuria,
3460 2225 3569 2297 qui
3612 2226 3825 2298 ipsum
3874 2226 3981 2279 Do-

2316 2316 2550 2371 minum
2572 2315 2714 2371 citat
2739 2320 3071 2373 auctorem.
3097 2314 3375 2372 Mendose
3404 2329 3552 2384 ergo
3574 2314 3639 2371 in
3669 2314 3829 2371 hanc
3870 2327 3977 2368 no-

2315 2419 2453 2461 vam
2482 2405 2806 2461 editionem
2825 2406 3193 2477 irrepserunt
3212 2404 3340 2460 haec
3365 2404 3564 2459 verba
3597 2420 3613 2458 :
3647 2403 3759 2458 sed
3787 2406 3983 2458 tamen

2314 2509 2438 2550 non
2468 2510 2685 2567 parum
2706 2494 3051 2567 prosuntad
3070 2492 3630 2550 demonstrandam
3649 2494 3980 2549 Graecorum

2313 2584 2374 2639 in
2404 2584 2519 2640 hoc
2552 2585 2749 2640 Basilii
2775 2588 3059 2640 contextu
3090 2582 3493 2640 adulterando
3554 2582 3897 2638 audaciam.

2383 2675 2675 2730 Assentiri
2698 2675 2859 2730 enim
2873 2689 2995 2730 non
3012 2688 3270 2745 possum
3289 2672 3523 2728 erudito
3548 2668 3979 2727 dissertationis

2311 2766 2563 2831 auctori,
2595 2766 2701 2839 qui
2734 2764 3019 2821 Basilium
3040 2767 3213 2836 putat
3233 2762 3595 2834 adimpiam
3616 2759 3892 2817 Eunomii
3910 2758 3977 2813 de

2310 2856 2485 2912 tertia
2514 2856 2858 2912 substantia
2903 2853 3265 2910 sententiam
3299 2852 3537 2924 respice
3555 2867 3640 2920 re,
3671 2851 3817 2907 dum
3859 2848 3934 2905 ait
3963 2863 3975 2900 :

2308 2948 2570 3003 Simulat
2591 2962 2651 3002 se
2678 2960 2919 3002 servare
2938 2950 3287 3001 sanctorum
3304 2942 3755 3005 doctrinam,at
3781 2955 3872 2997 eos
3884 2938 3978 3010 qui

2308 3052 2436 3093 eam
2468 3038 2586 3107 ipsi
2608 3036 3018 3103 tradiderunt,
3052 3038 3227 3090 tacet.
3264 3032 3601 3101 Distinguit
3631 3031 3790 3087 enim
3818 3044 3977 3085 accu-

533 3117 889 3187 Accepimus
913 3118 1068 3173 enim
1093 3119 1312 3187 ipsum,
1334 3120 1561 3190 inquit,
1590 3121 1833 3176 tertium
1856 3136 1894 3177 a
1923 3125 2098 3178 Patre
2140 3127 2197 3179 et
2229 3143 2270 3198 ρ
2308 3134 2435 3185 rate
2489 3126 2740 3183 Basilius
2799 3141 2870 3180 ea
2889 3140 3027 3197 quas
3054 3123 3387 3179 Eunomius
3418 3138 3455 3177 a
3476 3122 3720 3179 sanctis
3749 3135 3810 3176 se
3832 3118 3974 3174 didi-

533 3204 694 3262 Filio
712 3206 1032 3261 numerari
1048 3223 1061 3261 :
1078 3221 1210 3261 cum
1223 3207 1514 3262 Dominus
1532 3209 1659 3276 ipse
1671 3208 1735 3263 in
1749 3209 2082 3267 traditione
2090 3210 2198 3266 Sa-

538 3297 759 3353 lutaris
783 3296 1160 3365 baptismatis
1192 3296 1515 3353 tradiderit
1537 3299 1926 3365 ordinem,his
1953 3301 2147 3358 verbis
2178 3318 2199 3358 .·

535 3405 567 3434 «
589 3385 818 3441 Euntes
841 3384 1141 3454 baptizate
1159 3384 1225 3455 τ’,
1248 3390 1361 3441 etc.
1386 3408 1414 3435 η
1445 3387 1601 3442 Licet
1624 3403 1769 3457 ergo
1820 3389 2011 3445 oculis
2051 3390 2199 3463 ipsis

536 3488 781 3530 cernere
810 3474 1076 3545 perﬁdas
1093 3490 1332 3547 manus,
1366 3492 1502 3548 quin
1533 3476 1698 3533 hunc
1743 3478 1946 3535 locum
1995 3496 2201 3536 corru-

534 3566 774 3636 perunt.
808 3562 963 3619 Nihil
993 3563 1153 3619 enim
1180 3566 1375 3635 magis
1401 3572 1722 3637 repugnat,
1758 3584 1944 3641 quam
1977 3574 2041 3626 ut
2089 3573 2201 3626 Eu-

535 3652 814 3708 nomium
847 3652 1103 3708 Basilius
1124 3659 1401 3711 auctores
1424 3655 1607 3727 hujus
1626 3656 1915 3714 doctrinas
1943 3660 2201 3716 tacuisse

534 3742 715 3810 dicat,
747 3757 933 3814 quem
960 3745 1163 3798 tamen
1191 3744 1472 3800 eamdem
1494 3746 1835 3803 doctrinam
1857 3749 2069 3805 Christi
2082 3765 2205 3809 ver.

533 3830 631 3886 bis
677 3835 991 3903 acceptam
1032 3832 1294 3889 fateatur
1338 3834 1632 3891 retulisse.
1682 3837 2017 3895 Delendum
2060 3854 2204 3909 ergo

534 3918 709 3985 illud,
740 3920 960 3992 inquit,
991 3936 1062 3975 ac
1092 3922 1485 3980 manifestum
1532 3930 1624 3982 est
1673 3940 1797 3982 non
1840 3929 2204 3985 Eunomium

535 4008 630 4065 hic
658 4008 829 4081 loqui
859 4010 965 4065 sed
998 4011 1277 4068 Basilium
1309 4014 1415 4085 qui
1433 4016 1709 4071 Eunomii
1740 4017 1927 4074 verba
1954 4034 2079 4075 non
2111 4036 2204 4076 so-

534 4094 615 4151 let
634 4096 697 4151 in
727 4112 903 4154 suam
934 4099 1273 4157 orationem
1303 4102 1590 4171 intexere,
1625 4105 1745 4161 nisi
1776 4116 2105 4180 postquam
2131 4124 2204 4165 ea

535 4185 748 4242 ordine
787 4203 898 4243 suo
928 4189 1149 4245 retulit.
1174 4193 1247 4245 At
1264 4192 1453 4249 verba
1467 4195 1860 4254 modo‘citata
1890 4214 2203 4271 nusquam

535 4274 717 4332 refert
775 4276 1029 4333 Basilius
1087 4283 1153 4335 ut
1218 4282 1497 4339 Eunomii
1534 4284 1742 4355 verba,
1782 4303 1894 4343 nec
1932 4288 2203 4361 profecto

536 4363 757 4422 referre
789 4366 1005 4437 potuit.

2309 3218 2457 3274 cisse
2473 3216 2694 3284 aiebat,
2708 3231 2950 3287 nempe,
2970 3215 3209 3271 tertium
3226 3228 3346 3270 esse
3366 3212 3596 3269 ordine
3616 3218 3671 3269 et
3697 3209 3976 3282 dignitate

2309 3306 2623 3377 Spiritum,
2649 3305 2728 3361 ab
2757 3306 2828 3361 iis
2858 3320 2996 3377 quas
3019 3320 3083 3359 se
3111 3319 3149 3360 a
3172 3305 3363 3373 seipso
3385 3301 3645 3359 credere
3656 3300 3972 3372 fatebatur,

2308 3413 2551 3469 nempe,
2571 3402 2797 3453 natura
2810 3395 3295 3467 quoquelertium
3307 3407 3446 3449 esse.
3462 3392 3653 3457 Quod
3666 3406 3807 3461 ergo
3819 3385 3975 3445 addit

2312 3486 2856 3556 Basilius,0uinam
2879 3490 3077 3542 autem
3094 3485 3293 3539 sancti
3309 3483 3488 3549 illi,et
3512 3482 3742 3552 quibus
3757 3480 3817 3535 in
3841 3477 3973 3534 scri-

2309 3577 2431 3647 ptis
2450 3576 2608 3632 hanc
2627 3575 2969 3631 doctrinam
2995 3573 3232 3629 edidere
3252 3572 3279 3626 ?
3300 3571 3362 3626 id
3392 3585 3658 3643 prorsus
3681 3566 3969 3625 immerito

2312 3664 2630 3724 referretur
2654 3664 2732 3721 ad
2747 3680 2819 3719 ea
2838 3679 2975 3736 quas
2998 3678 3059 3717 se
3082 3660 3415 3717 Eunomius
3433 3675 3469 3716 a
3498 3662 3701 3730 seipso
3722 3658 3968 3723 credere,

2313 3772 2436 3815 non
2469 3772 2505 3813 a
2536 3756 2761 3812 sanctis
2778 3753 3083 3826 accepisse
3105 3752 3320 3808 aiebat.
3342 3752 3535 3817 Quare
3570 3767 3710 3807 cum
3724 3764 3860 3805 eum
3890 3745 3970 3802 sic

2312 3848 2641 3917 interrogat
2666 3844 2951 3900 Basilius:
2981 3842 3237 3909 Quinam
3260 3846 3460 3897 autem
3498 3847 3651 3897 sunt
3671 3838 3868 3897 sancti
3882 3834 3972 3891 illi

2313 3944 2371 3994 et
2389 3937 2605 4008 quibus
2626 3936 2689 3991 in
2714 3933 2956 4003 scriptis
2979 3932 3136 3987 hanc
3165 3931 3505 3986 doctrinam
3536 3929 3779 3986 edidere
3807 3928 3834 3982 ?
3850 3938 3964 3981 non

2313 4027 2575 4084 obscure
2603 4024 2869 4081 declarat
2889 4021 3252 4078 Eunomium
3274 4019 3489 4076 callide
3510 4019 3822 4077 reticuisse
3840 4030 3963 4071 san-

2314 4122 2549 4173 ctorum
2574 4114 2920 4172 testimonia
2940 4129 3011 4170 ac
3036 4111 3373 4184 praesertim
3398 4110 3615 4166 Christi
3643 4108 3848 4173 verba,
3897 4119 3963 4160 ex

2312 4208 2540 4281 quibus
2568 4207 2853 4278 Spiritum
2866 4207 3144 4260 sanctum
3167 4201 3379 4257 ordine
3398 4201 3641 4257 tertium
3663 4215 3795 4255 esse
3816 4194 3964 4253 colli-

2316 4299 2473 4369 gitur
2501 4296 2665 4369 quia,
2690 4312 2829 4351 cum
2850 4295 2981 4350 haec
3008 4291 3197 4348 verba
3228 4291 3478 4363 Spiritus
3525 4289 3718 4347 sancti
3761 4284 3964 4343 divini-

2314 4393 2501 4445 tatem
2538 4386 2845 4442 evidenter
2900 4385 3195 4451 astruant,
3232 4381 3280 4436 si
3319 4396 3393 4436 ea
3435 4380 3735 4436 retulisset
3780 4379 3961 4432 Euno-

607 4456 744 4511 ’ἶλαι
767 4456 1015 4559 νεῖονβί
1036 4456 1167 4556 1λέεο
1189 4461 1399 4532 spuria
1425 4466 1585 4533 sunt,
1618 4468 1891 4539 sequitur
1939 4471 2201 4541 εθῐιιιὶηει
2238 4504 2280 4559 ι)
2314 4479 2496 4548 mius,
2528 4476 2901 4534 manifestior
2930 4472 3254 4530 exstitisset
3291 4487 3524 4540 eorum,
3558 4486 3693 4543 quae
3737 4468 3811 4524 de
3858 4476 3962 4520 suo

536 4558 667 4600 esse
696 4560 834 4617 quas
859 4545 920 4601 in
949 4545 1205 4604 lectione
1236 4552 1577 4610 Graecorum
1608 4555 1827 4614 desunt
1851 4558 1925 4615 de
1969 4576 2206 4633 proces-

538 4633 710 4689 sione
736 4635 987 4705 Spiritus
1017 4653 1090 4693 ex
1116 4638 1280 4696 Filio.
1314 4642 1542 4699 Eadem
1571 4645 1732 4702 enim
1760 4663 1949 4705 manu
1970 4651 2203 4709 facinus

538 4726 865 4794 utrumque
890 4727 1312 4798 commissum,
1329 4745 1441 4787 nec
1460 4733 1580 4789 alio
1600 4737 1851 4795 consilio
1868 4745 2075 4799 assuta
2096 4742 2205 4799 du-

539 4810 852 4867 bitationis
873 4814 1118 4888 indicia,
1151 4819 1269 4875 nisi
1300 4826 1364 4877 ut
1402 4823 1609 4880 minus
1642 4827 2003 4886 miraremur
2042 4834 2203 4889 Basi-

536 4898 709 4971 lium,
766 4902 874 4973 qui
927 4903 1003 4994 de
1052 4906 1193 4964 Filio
1241 4910 1570 4983 disserens,
1602 4924 1885 4975 accurate
1923 4922 2198 4994 explicat,

538 5004 663 5061 quo
690 5005 873 5047 sensu
898 4992 1095 5050 minor
1123 4997 1198 5053 sit
1225 5000 1436 5057 ordine
1459 5008 1515 5059 et
1545 5004 1856 5077 dignitate,
1884 4992 2018 5067 non
2038 5013 2202 5070 idem

538 5079 719 5135 etiam
766 5080 840 5135 de
890 5083 1110 5155 Spiritu
1163 5086 1557 5150 disserentem
1609 5095 1838 5155 fecisse.
1874 5103 2012 5159 Erat
2039 5105 2201 5161 enim

538 5167 668 5266 haec
688 5169 1007 5240 explicatio
1026 5191 1277 5247 prorsus
1304 5185 1647 5241 necessaria
1678 5194 2051 5249 asseveranti
2076 5196 2201 5268 Spi-

537 5256 721 5353 ritum
741 5259 962 5353 ordine
984 5268 1041 5319 et
1063 5265 1351 5338 dignitate
1378 5271 1675 5332 minorem
1706 5293 1839 5336 esse
1870 5282 2012 5338 Filio
2042 5302 2055 5353 ;
2085 5256 2198 5340 d‘u-

537 5347 752 5491 gitanti
780 5353 837 5407 et
850 5350 1151 5412 haesitanti
1169 5357 1372 5417 minus
1395 5368 1807 5424 necessariam
1839 5372 2025 5429 Graeci
2044 5347 2203 5432 exis-

587 5443 839 5491 marunt.

587 5443 839 5496 marunt.

612 5612 660 5649 "'
698 5616 902 5675 Matth.
929 5634 1133 5690 xxvni,
1172 5628 1256 5682 l9.

2314 4570 2516 4626 statim
2544 4567 2830 4634 addebat,
2852 4564 3148 4637 impietas.

2387 4664 2479 4715 lll.
2509 4659 2832 4731 Scriptura,
2856 4671 3045 4729 quam
3070 4652 3405 4710 defendunt
3461 4652 3672 4719 Latini,
3702 4662 3824 4705 non
3876 4657 3961 4731 so:

2313 4751 2440 4808 lum
2467 4754 2605 4822 apte
2629 4729 2686 4805 et
2706 4745 3026 4804 commode
3043 4759 3183 4799 cum
3201 4747 3325 4800 tota
3348 4742 3547 4797 Basilii
3564 4729 3963 4803 doctrina,sed

2313 4842 2498 4898 etiam
2526 4837 2873 4895 necessario
2895 4850 3035 4892 cum
3063 4833 3222 4889 illius
3242 4832 3698 4888 ratiocinatione
3720 4828 3963 4898 ejusque

2314 4930 2688 5001 argumentis
2745 4926 3023 4984 cohaeret.
3082 4923 3371 4996 Spiritum
3427 4938 3500 4977 ex
3530 4924 3697 4977 Patre
3745 4919 3801 4971 et
3828 4909 3964 4967 Filio

2314 5021 2639 5094 procedere
2659 5018 2753 5075 vel
2778 5018 2894 5073 hoc
2916 5030 3108 5071 unum
3122 5011 3539 5069 testimonium
3552 5006 3962 5094 demonstrare

2312 5087 2527 5183 possit,
2558 5106 2727 5181 quod
2757 5106 2871 5161 sub
2900 5105 3087 5159 ﬁnem
3102 5102 3239 5158 libri
3260 5118 3297 5158 ιι
3320 5103 3381 5156 in
3404 5097 3766 5155 Eunomium
3785 5087 3963 5146 habe-

2311 5216 2470 5255 mus.
2494 5202 2643 5255 Nam
2674 5214 2815 5253 cum
2837 5193 3170 5251 Eunomius
3200 5192 3385 5263 impie
3414 5189 3621 5245 Filium
3635 5186 3962 5274 creaturam

2310 5290 2524 5355 Patris,
2559 5287 2847 5360 Spiritum
2868 5288 3206 5341 creaturam
3251 5280 3376 5335 Filii
3429 5278 3692 5341 vocaret,
3719 5266 3963 5362 Basilius

2309 5350 2680 5451 impietatem
2708 5376 2866 5432 illius
2896 5369 3319 5447 perhorrescit,
3342 5367 3507 5440 quod
3525 5366 3857 5421 creaturam

2310 5442 2469 5527 ceret
2494 5468 2780 5542 Spiritum
2801 5442 3080 5525 sanctum
3101 5479 3116 5519 :
3135 5476 3207 5520 ac
3228 5457 3448 5517 deinde
3468 5456 3636 5515 illum
3657 5451 3742 5508 sic
3752 5442 3958 5516 arguit
