4154 6438
330 306 371 362 37
1987 329 2366 389 PBEFATIO.
3822 352 3890 406 38

456 437 743 540 Spiritus
780 451 1212 524 originem
1257 467 1402 511 non
1430 454 1576 510 Patri
1611 457 1666 510 et
1697 453 1840 511 Filio
1871 453 1976 508 sed
2007 451 2117 507 soli
2154 456 2198 510 Α
2229 453 2645 518 demonstrant
2672 462 2801 519 haec
2821 463 3008 521 verba
3035 480 3106 520 ex
3131 481 3264 539 cap.
3296 471 3357 522 17
3383 467 3518 524 libri
3541 469 3625 525 De
3650 470 3888 540 Spiritu

335 524 430 581 Filio
445 531 876 596 attribueret.
913 545 1157 601 Illud
1187 543 1589 617 ver0,inquit
1609 547 1690 617 (p.
1712 545 1862 612 270),
1882 544 1980 600 cui
1997 559 2117 599 non

341 621 468 684 patet,
486 624 658 691 quod
683 629 925 687 nulla
958 633 1172 689 Filii
1212 635 1503 704 operatio
1530 650 1566 690 a
1590 635 1775 690 Patre
1799 634 1993 689 divisa
2018 633 2114 701 sit,

345 721 416 762 nec
428 711 782 782 quidquam
813 721 914 775 sit
942 722 1034 778 in
1069 739 1332 780 rerum
1355 730 1592 794 natura,
1614 725 1774 796 quod
1795 723 1876 780 ad
1894 723 2118 778 Filium

339 800 617 870 pertineat,
652 811 719 859 et
759 821 808 861 α
845 809 1107 868 Patre
1157 816 1454 870 alienum
1483 815 1598 869 sit!
1629 837 1655 858 ιι
1693 815 1907 870 Omnia
1937 813 2116 879 enim,

339 890 520 960 έηιῖυίι,
542 909 694 950 mea
736 902 875 954 tua
909 910 1134 971 sunt,
1166 911 1237 960 et
1278 911 1388 960 tua
1412 905 1592 961 mea“.
1621 927 1647 953 ››
1674 904 1976 972 Quomodo
2005 904 2118 974 igi-

343 986 422 1034 tur
444 981 724 1052 Spiritus
758 1003 1087 1048 causam
1128 994 1473 1064 Unigenito
1493 995 1607 1051 soli
1634 994 1936 1060 attribuit,
1959 999 2014 1049 et
2039 993 2121 1049 ad

341 1072 448 1140 ejus
465 1076 946 1135 accusandam
975 1088 1336 1140 naturam
1358 1084 1519 1140 illius
1549 1085 1914 1140 creationem
1944 1099 2118 1138 usur-

341 1165 473 1229 pat?
502 1163 669 1219 Luce
692 1165 972 1224 clarius
1004 1176 1127 1228 est
1160 1172 1464 1228 Basilium
1487 1173 1642 1229 inter
1666 1177 1724 1228 et
1753 1172 2118 1228 Eunomium

345 1253 716 1322 convenisse,
753 1257 1084 1328 Spiritus
1125 1261 1445 1331 originem
1477 1261 1618 1318 Filio
1645 1261 2116 1329 attribuendam,

349 1341 442 1396 sed
459 1342 516 1398 in
538 1358 615 1400 eo
639 1349 1241 1410 controversiam
1267 1351 1579 1422 exstitisse,
1599 1351 1770 1425 quod
1790 1351 2119 1408 Eunomius

349 1430 447 1486 soli
467 1432 610 1489 Filio
636 1435 1107 1511 attribueret,
1138 1441 1411 1497 Basilius
1437 1442 1591 1498 Patri
1612 1446 1671 1499 et
1693 1441 1855 1500 Filio.
1878 1445 2120 1498 Senten-

341 1521 480 1578 tiam
512 1539 701 1580 suam
728 1527 1051 1584 Basilius
1082 1546 1232 1586 non
1265 1531 1670 1603 perfunctorie
1696 1531 1934 1605 probat.
1965 1531 2117 1586 Con-

341 1612 534 1667 tendit
573 1613 709 1671 duo
761 1615 918 1673 fore
981 1619 1354 1693 principia,
1402 1621 1448 1676 si
1505 1621 1757 1694 Spiritus
1796 1621 1966 1691 origo
2007 1607 2117 1678 soli

345 1701 488 1758 Filio
521 1703 880 1764 tribuatur.
920 1710 1361 1766 Demonstrat
1389 1727 1527 1767 eum
1554 1727 1677 1767 non
1703 1711 2116 1767 dirimendum

2227 551 2436 602 sancto
2471 549 2600 619 jam
2630 551 2808 608 citata
2833 570 2844 608 :
2882 555 2953 609 Ut
2989 570 3047 610 se
3074 554 3250 612 habet
3280 557 3478 612 Filius
3509 558 3590 613 ad
3617 559 3886 628 Patrem,

2227 635 2312 690 sic
2358 638 2440 692 ad
2480 639 2706 697 Filium
2753 643 3038 714 Spiritus,
3087 649 3198 700 etc.
3251 649 3444 718 Atque
3496 647 3626 704 haec
3678 649 3887 707 relatio

2229 723 2419 780 fusius
2447 729 2778 801 explicatur
2799 732 2858 788 in
2890 749 3022 804 cap.
3057 738 3118 789 18
3150 734 3425 804 ejusdem
3458 736 3616 792 libri.

2301 816 2398 870 His
2437 817 2580 873 addi
2615 825 2870 892 possunt
2910 823 3206 879 nonnulla
3235 840 3308 879 ex
3339 825 3551 896 quinto
3580 830 3644 884 in
3683 831 3888 886 Euno-

2229 905 2411 962 mium
2451 905 2630 974 libro,
2660 910 2765 982 qui
2810 910 2962 967 liber
3013 912 3250 968 etiamsi
3297 914 3498 970 Basilii
3541 932 3664 973 non
3713 919 3805 987 sit,
3833 919 3888 974 ei

2227 994 2432 1048 tamen
2458 1009 2494 1050 a
2525 997 2735 1053 Graecis
2766 999 3172 1071 adjudicatur,
3201 1019 3272 1058 ac
3299 1007 3458 1058 totus
3491 1019 3564 1060 ex
3589 1006 3722 1077 ejus
3746 1022 3884 1063 sen-

2228 1081 2424 1136 tentiis
2477 1088 2854 1158 compositus
2911 1093 3018 1145 est.
3078 1091 3164 1146 lbi
3219 1095 3382 1162 (pag.
3446 1095 3573 1165 305)
3628 1093 3886 1164 legimus

2229 1168 2512 1240 Spiritum
2543 1189 2672 1230 esse
2713 1177 2965 1233 Verbum
2995 1179 3164 1246 Filii,
3207 1181 3530 1250 imaginem
3555 1182 3722 1254 Filii,
3754 1183 3886 1252 Spi-

2227 1259 2413 1315 ritum
2457 1261 2621 1330 Filii,
2660 1267 2988 1333 procedere
3036 1283 3112 1324 ea:
3159 1269 3278 1326 Deo
3321 1283 3436 1338 per
3476 1269 3725 1326 Filium.
3769 1273 3884 1327 Nec

2227 1349 2560 1408 omittenda
2605 1353 2706 1411 illa
2760 1357 3016 1428 quaastio
3065 1358 3278 1430 (ibid),
3331 1360 3458 1415 Cur
3513 1365 3570 1416 et
3621 1361 3885 1430 Spiritus

2227 1438 2420 1494 Filius
2448 1441 2592 1498 Filii
2615 1459 2733 1499 non
2763 1444 2991 1501 dicitur
3014 1449 3041 1500 ?
3066 1448 3207 1512 Quae
3229 1446 3480 1520 quidem
3506 1447 3885 1520 perabsurda

2227 1528 2355 1597 fuit,
2392 1530 2441 1586 si
2470 1545 2541 1587 ex
2575 1533 2716 1589 Filio
2749 1534 3003 1607 Spiritus
3033 1551 3156 1592 non
3186 1537 3477 1609 procedit.

2299 1621 2471 1685 Quod
2503 1622 2551 1678 si
2581 1639 2853 1696 unquam
2890 1625 3146 1680 Basilius
3195 1626 3480 1699 Spiritum
3507 1643 3544 1683 a
3574 1627 3717 1684 Filio
3742 1643 3880 1700 pro-

2226 1710 2438 1767 cedere
2484 1711 2705 1778 docuit,
2738 1717 2867 1769 tum
2913 1715 3178 1771 maxime
3220 1715 3404 1786 hujus
3450 1715 3882 1789 depromenda:

342 1783 487 1847 esse
523 1808 563 1848 a
587 1795 798 1863 Patre,
823 1811 1001 1852 cum
1028 1801 1099 1854 et
1121 1798 1458 1870 Apostolus
1489 1800 1622 1870 conj
1635 1804 1808 1856 uncte
1831 1800 2114 1872 Spiritum
2155 1808 2195 1862 Β
2225 1800 2513 1856 doctrinae
2541 1803 2952 1859 necessarium
2997 1804 3218 1860 exstitit
3246 1783 3512 1877 tempus,
3530 1783 3680 1862 cum
3711 1805 3880 1862 illum

349 1881 588 1936 Christi
616 1886 673 1939 et
706 1885 1050 1957 Spiritum
1094 1887 1208 1943 Dei
1255 1888 1443 1945 Patris
1482 1889 1774 1962 appellet;
1809 1905 1880 1946 ac
1909 1891 2111 1946 Domi-

356 1987 484 2025 nus
506 1972 817 2042 Spiritum
852 1977 1178 2033 veritatis
1198 1978 1366 2034 dicat
1388 1978 1492 2049 (est
1520 1979 1672 2035 enim
1702 1980 1828 2049 ipse
1848 1978 2114 2035 Christus

367 2063 627 2122 veritas)
657 2069 715 2120 et
749 2064 833 2120 de
865 2081 941 2122 eo
979 2066 1159 2122 dicat
1185 2083 1206 2122 :
1233 2067 1282 2122 Α
1316 2069 1504 2124 Patre
1530 2070 1822 2138 procedit.

457 2152 663 2223 Reque
696 2153 908 2210 etiam
944 2155 1231 2212 obscure
1261 2157 1627 2229 perspicitur
1649 2157 1848 2212 Basilii
1878 2161 2109 2213 senten-

392 2238 483 2294 tia
527 2256 598 2296 ex
631 2242 729 2298 his
771 2243 1012 2300 verbis
1060 2245 1240 2318 epist.
1285 2250 1372 2315 52,
1413 2261 1472 2302 n.
1509 2250 1579 2302 2:
1612 2247 1749 2303 Non
1781 2248 1937 2303 enim
1982 2263 2112 2319 quae

375 2329 662 2397 fratrum
714 2333 902 2390 inter
954 2350 1024 2391 se
1074 2336 1495 2406 cognationem
1546 2336 1786 2400 habent,
1819 2337 2112 2393 dicuntur

380 2421 1006 2491 consubstantialia,
1042 2424 1110 2480 id
1139 2425 1301 2497 quod
1327 2427 1572 2496 quidam
1605 2428 1976 2495 existimant,
2009 2428 2112 2483 sed

385 2523 534 2565 cum
597 2527 798 2568 causa
862 2519 928 2569 et
985 2514 1058 2569 id
1111 2515 1274 2586 quod
1329 2530 1404 2571 ea:
1459 2531 1643 2572 causa
1699 2517 2108 2572 exsistentiam

387 2598 620 2666 habet,
672 2603 966 2672 ejusdem
1029 2609 1177 2658 sunt
1229 2609 1501 2672 natura,
1564 2607 2112 2663 consubstantialia

401 2687 726 2746 dicuntur.
767 2690 1109 2748 Manifesta
1139 2697 1228 2749 est
1246 2698 1303 2749 et
1332 2700 1541 2766 aperta
1571 2695 1899 2758 conclusio.
1921 2711 2108 2768 quam

405 2775 684 2849 theologi
718 2796 798 2836 ex
843 2781 958 2836 his
1004 2781 1209 2837 verbis
1243 2782 1577 2839 deducunt.
1606 2786 1758 2840 Nam
1787 2785 1835 2839 si
1868 2800 1939 2839 ea
1973 2788 2109 2840 tan-

401 2869 546 2920 tum
592 2866 710 2924 dici
760 2869 1013 2926 debent
1053 2870 1622 2941 consubstantialia,
1653 2888 1914 2944 quorum
1959 2872 2108 2928 alte-

401 2969 553 3010 rum
581 2973 654 3012 ex
690 2959 900 3015 altero
924 2959 1227 3030 originem
1254 2960 1457 3030 habet,
1479 2977 1602 3017 non
1631 2962 1825 3034 potuit
1855 2963 2108 3034 Spiritus

415 3048 505 3100 tot
529 3046 677 3102 locis
707 3047 889 3120 apud
914 3049 1206 3106 Basilium
1238 3051 1773 3108 consubstantialis
1797 3053 1940 3108 Filio
1966 3052 2104 3117 dici,

2224 1888 2367 1945 Filio
2392 1890 2691 1946 minorem
2720 1891 2931 1947 ordine
2953 1896 3009 1947 et
3028 1892 3317 1962 dignitate
3339 1909 3486 1954 esse.
3507 1893 3567 1948 in
3601 1898 3883 1967 suscepta

2224 1979 2514 2035 adversus
2546 1980 2794 2036 subtiles
2823 1981 3140 2038 hiereticos
3170 1981 3578 2054 disputatione
3606 1999 3880 2056 pronun-

2223 2067 2410 2123 tiavit.
2445 2071 2595 2124 Nam
2625 2069 2728 2142 qui
2760 2069 2834 2124 de
2868 2070 3009 2126 Filio
3040 2070 3236 2126 obiter
3266 2086 3474 2142 agens,
3499 2087 3640 2128 eum
3667 2072 3879 2128 ordine

2221 2162 2278 2213 et
2316 2157 2603 2226 dignitate
2633 2158 2934 2215 minorem
2967 2162 3135 2215 Patre
3164 2175 3288 2216 non
3320 2177 3506 2217 ausus
3537 2165 3626 2216 cst
3653 2161 3877 2231 dicere,

2219 2247 2335 2302 nisi
2366 2247 2568 2303 statim
2613 2263 2869 2304 causam
2918 2249 3187 2316 adderet,
3216 2249 3361 2322 quia
3407 2265 3443 2304 a
3486 2252 3654 2306 Patre
3683 2253 3791 2318 est,
3823 2253 3879 2306 et

2221 2339 2390 2392 Pater
2436 2337 2566 2407 ejus
2612 2337 2804 2408 origo,
2849 2340 3078 2410 quanto
3126 2338 3324 2407 magis
3373 2337 3506 2393 haec
3554 2337 3638 2393 illi
3679 2338 3878 2395 cautio

2221 2425 2574 2480 adhibenda
2621 2425 2749 2497 fuit,
2783 2443 2921 2481 cum
2969 2426 3252 2498 Spiritum
3306 2432 3605 2494 sanctum,
3638 2426 3712 2482 de
3755 2442 3877 2498 quo

2219 2514 2363 2570 data
2386 2529 2576 2586 opera
2598 2513 2957 2584 disserebat,
2984 2515 3124 2571 Filio
3145 2515 3442 2572 minorem
3469 2515 3678 2572 ordine
3708 2520 3766 2572 et
3793 2516 3878 2572 di-

2221 2605 2447 2674 gnitate
2487 2604 2752 2660 diceret?
2783 2604 3119 2669 Quinetiam
3153 2621 3371 2661 manca
3409 2605 3519 2660 erit
3554 2605 3647 2660 vel
3676 2605 3877 2677 potius

2221 2693 2488 2749 absurda
2535 2693 2736 2750 Basilii
2782 2694 3186 2762 ratiocinatio,
3231 2693 3345 2749 nisi
3393 2694 3680 2766 Spiritum
3734 2695 3875 2751 Filio

2219 2783 2516 2838 minorem
2547 2798 2678 2838 esse
2709 2783 2919 2838 ordine
2941 2788 2998 2838 et
3017 2783 3325 2853 dignitate,
3350 2783 3496 2854 quia
3516 2799 3553 2839 a
3579 2783 3720 2839 Filio
3741 2799 3875 2839 esse

2217 2871 2421 2937 habet,
2458 2871 2509 2927 si
2538 2871 2739 2926 minus
2770 2871 3003 2939 dixerit,
3034 2871 3248 2927 saltem
3293 2871 3645 2942 cogitaverit
3670 2877 3728 2928 et
3751 2887 3876 2928 cre-

2218 2961 2456 3019 diderit.
2493 2964 2614 3016 Huc
2643 2961 2806 3016 enim
2850 2963 2972 3017 tota
3015 2961 3235 3016 rediret
3278 2961 3408 3016 haac
3452 2961 3870 3018 ratiocinatio:

2220 3051 2749 3118 Quemadmodum
2781 3051 2958 3107 Filius
2983 3051 3085 3122 qui
3118 3067 3154 3105 a
3184 3053 3352 3105 Patre
3383 3065 3512 3105 esse
3546 3050 3750 3119 habet,
3783 3066 3874 3107 or-

408 3134 532 3190 nisi
551 3152 698 3193 eum
727 3153 810 3192 ex
837 3137 989 3194 Filio
1016 3139 1316 3209 originem
1336 3140 1562 3196 habere
1583 3145 1907 3198 constaret.
1931 3141 2106 3213 Equi-
2147 3160 2188 3216 ρ
2217 3142 2356 3197 dine
2386 3147 2443 3197 et
2472 3140 2759 3212 dignitate
2791 3140 2990 3195 minor
3019 3143 3108 3194 est
3141 3143 3328 3209 Patre,
3362 3155 3484 3194 non
3517 3144 3723 3196 tamen
3769 3155 3874 3198 na-

405 3222 558 3281 dem
600 3225 727 3282 hoc
781 3227 1208 3284 testimonium
1253 3229 1439 3301 paulo
1487 3229 1653 3286 aliter
1679 3229 2106 3303 interpretatus

403 3329 553 3369 sum
584 3331 661 3371 ac
693 3316 1025 3385 Petavius;
1056 3317 1166 3373 sed
1191 3317 1340 3373 nihil
1368 3318 1442 3374 de
1473 3320 1812 3389 argumenti
1837 3319 2106 3392 pondere

403 3402 681 3460 decedit.
717 3407 790 3460 In
813 3421 890 3462 ea
917 3406 1103 3474 enim,
1127 3422 1317 3478 quam
1339 3407 1496 3464 intra
1524 3407 1795 3481 afferam,
1819 3409 2107 3479 interpre-

401 3494 647 3550 tatione
701 3500 897 3565 negat
955 3495 1210 3551 Basilius
1257 3512 1331 3553 ea
1377 3501 1614 3554 tantum
1661 3497 1922 3555 dicenda
1967 3513 2106 3554 con-

405 3583 888 3655 substantialia,
921 3600 1060 3657 quae
1102 3585 1370 3642 fraterna
1407 3592 1682 3644 tenentur
1720 3587 2100 3658 cognatione,

403 3677 479 3728 ut
524 3673 830 3730 nonnulli
878 3675 1344 3743 existimabant;
1378 3676 1485 3732 sed
1533 3682 1677 3734 tunc
1722 3678 1902 3733 etiam
1945 3677 2105 3734 hanc

404 3777 630 3820 vocem
666 3779 1016 3834 congruere
1046 3766 1371 3836 contendit,
1405 3782 1538 3823 cum
1565 3782 1750 3824 causa
1779 3773 1834 3824 et
1861 3768 1927 3823 id
1945 3767 2108 3839 quod

406 3867 488 3908 ea:
533 3869 740 3909 causa
785 3854 1200 3910 exsistentiam
1251 3855 1448 3925 habet,
1491 3856 1757 3927 ejusdem
1809 3862 1950 3912 sunt
1993 3873 2103 3913 na-

410 3947 596 3998 tura.
635 3945 726 3997 Ex
768 3957 901 4013 quo
949 3946 1113 4014 patet
1142 3944 1426 4001 Basilium
1451 3946 1605 4002 inter
1634 3951 1691 4002 et
1722 3945 2104 4002 adversarios

409 4032 825 4097 convenisse,
855 4031 1068 4089 Filium
1098 4049 1171 4089 ex
1201 4037 1390 4105 Patre,
1427 4035 1711 4107 Spiritum
1747 4052 1821 4092 ex
1852 4040 2019 4093 Patre
2049 4039 2106 4092 et

409 4121 568 4178 Filio
619 4121 1051 4178 exsistentiam
1093 4123 1340 4193 habere,
1370 4125 1772 4198 ejusdemque
1819 4141 1952 4182 esse
1993 4141 2103 4182 na-

405 4217 604 4278 turae,
655 4212 767 4268 sed
825 4212 947 4280 isti,
991 4229 1349 4286 quanquam
1398 4220 1571 4273 erant
1623 4217 1942 4287 Catholici,
1990 4232 2102 4274 nec

405 4302 640 4359 Filium
669 4301 996 4367 Patri,nec
1037 4304 1322 4376 Spiritum
1363 4307 1517 4362 Patri
1550 4310 1606 4362 et
1651 4306 1794 4363 Filio
1844 4307 2102 4363 consub-

408 4392 777 4448 stantialem
810 4390 1012 4448 dicere
1041 4392 1342 4464 volebant,
1368 4395 1514 4468 quia
1541 4396 1863 4454 videbatur
1887 4397 1972 4453 eis
2002 4396 2102 4453 illa

2217 3237 2382 3298 tura;
2400 3232 2484 3287 sic
2507 3231 2778 3304 Spiritus,
2799 3230 2959 3302 quia
2981 3229 3120 3285 Filio
3141 3245 3274 3285 esse
3296 3244 3417 3285 non
3440 3228 3641 3296 habet,
3661 3229 3872 3286 ordine

2217 3326 2273 3379 et
2295 3321 2586 3391 dignitate
2615 3320 2812 3376 minor
2838 3323 2928 3375 est
2959 3318 3121 3391 Filio,
3145 3335 3268 3375 non
3298 3322 3536 3376 natura.
3565 3319 3693 3384 Quo
3722 3318 3871 3391 quid

2217 3411 2541 3470 absurdius
2568 3408 2717 3479 ﬁngi
2741 3409 2978 3481 potest?
3007 3412 3259 3464 Necesse
3287 3412 3374 3464 est
3396 3423 3538 3478 ergo
3564 3411 3629 3464 ut
3657 3423 3869 3476 causa,

2215 3517 2322 3557 cur
2353 3500 2602 3572 Spiritus
2636 3498 2848 3554 ordine
2879 3502 2939 3554 at
2975 3497 3267 3568 dignitate
3302 3497 3508 3552 tertius
3539 3497 3634 3564 sit,
3667 3496 3872 3554 minus

2217 3606 2254 3648 a
2284 3589 2495 3647 Basilio
2523 3587 2723 3644 verbis
2751 3601 3056 3656 expressa,
3089 3585 3300 3642 saltem
3331 3586 3488 3642 illius
3526 3587 3734 3644 animo
3765 3585 3872 3643 ob-

2214 3686 2455 3737 versata
2485 3679 2578 3735 sit.
2611 3677 2728 3734 Sed
2752 3677 2936 3747 hujus
2965 3693 3189 3746 causae,
3221 3681 3286 3732 ut
3310 3676 3438 3748 jam
3483 3676 3629 3744 dixi,
3661 3690 3872 3732 conce-

2215 3772 2330 3843 ptis
2354 3769 2556 3826 verbis
2582 3767 2901 3824 efferendae
2931 3767 3353 3822 necessitatem
3383 3765 3738 3838 imponebat
3763 3767 3869 3820 Eu-

2215 3861 2405 3917 nomii
2424 3858 2700 3933 perﬁdia,
2719 3857 2824 3929 qui
2853 3857 2968 3912 hoc
2991 3856 3354 3929 principium
3380 3856 3440 3911 in
3472 3854 3870 3911 alienissimos

2218 3967 2432 4007 sensus
2461 3947 2757 4022 rapiebat,
2792 3951 2848 4003 et
2878 3946 3163 4019 Spiritum
3210 3949 3428 4003 natura
3463 3945 3704 4001 tertium
3733 3960 3870 4001 esse

2217 4041 2358 4097 inde
2388 4038 2729 4109 colligebat.
2759 4036 2926 4093 Unde
2955 4035 3203 4092 Basilius
3229 4037 3290 4092 in
3330 4035 3486 4091 libro
3514 4037 3602 4091 De
3636 4035 3869 4105 Spiritu

2214 4136 2447 4199 sancto,
2469 4144 2604 4202 cap.
2634 4131 2688 4191 6,
2722 4126 2932 4184 Filium
2962 4130 3145 4196 negat
3181 4125 3526 4182 inferiorem
3557 4124 3868 4197 dignitate,

2215 4237 2286 4278 ac
2315 4234 2563 4293 prorsus
2594 4215 2896 4289 aequalem
2927 4230 3059 4270 esse
3087 4214 3413 4270 contendit.

2285 4312 2374 4366 ιν.
2400 4308 2488 4364 Ad
2504 4311 2590 4364 tot
2604 4310 2661 4361 et
2676 4309 2843 4362 tanta
2856 4305 3161 4361 rationum
3183 4306 3511 4371 momenta,
3530 4319 3668 4375 quae
3689 4303 3868 4360 etiam

2213 4400 2339 4457 sine
2358 4395 2668 4455 codicibus
2691 4411 2836 4450 mss.
2855 4393 3144 4462 valerent,
3167 4392 3397 4450 accedit
3417 4392 3695 4449 codicum
3716 4408 3865 4448 mss.

411 4497 528 4537 vox
570 4483 794 4539 minus
833 4483 1180 4555 convenire,
1215 4493 1352 4541 cum
1393 4501 1580 4542 causa
1625 4493 1682 4544 et
1724 4488 1790 4544 id
1836 4488 1998 4560 quod
2027 4503 2102 4544 ea:
2133 4511 2180 4567 η
2213 4488 2710 4556 auctoritas,non
2736 4500 2947 4541 eorum
2968 4483 3238 4556 quidem,
3265 4483 3369 4555 qui
3390 4497 3553 4538 nunc
3575 4482 3637 4538 in
3657 4481 3870 4537 biblio-

425 4586 602 4629 causa
643 4573 1066 4629 exsistentiam
1112 4573 1310 4645 habet,
1345 4576 1611 4644 ejusdem
1659 4584 1798 4632 sunt
1838 4584 2099 4636 naturae.

493 4665 553 4718 In
585 4664 814 4719 eadem
844 4662 1105 4735 epistola
1135 4663 1384 4720 Basilius
1405 4670 1681 4722 sanctum
1709 4671 1764 4723 et
1788 4668 2099 4725 inviolabi-

423 4749 538 4808 lem
570 4769 712 4808 esse
745 4752 1065 4810 contendit
1089 4752 1370 4809 ordinem
1396 4770 1802 4827 personarum
1832 4773 2004 4829 quem
2035 4760 2099 4814 in

424 4841 763 4913 Evangelia
796 4843 1127 4900 didicimus
1155 4858 1193 4899 a
1223 4844 1481 4900 Domino
1511 4845 1785 4903 dicente:
1817 4869 1844 4897 «
1871 4849 2101 4904 Euntes

429 4931 728 5001 baptizate
763 4935 829 4990 in
880 4935 1140 4991 nomine
1179 4934 1384 4989 Patris
1435 4940 1490 4990 et
1530 4935 1678 4992 Filii
1723 4945 1780 4992 et
1832 4938 2101 5007 Spiritus

431 5026 670 5080 sancti”.
701 5047 730 5076 υ
756 5025 921 5086 Idem
958 5025 1160 5083 docet
1187 5023 1255 5078 in
1295 5038 1389 5095 ep.
1431 5029 1550 5094 125,
1585 5041 1648 5084 n.
1694 5030 1746 5082 3.
1793 5027 1997 5092 Qualis
2031 5027 2103 5084 sit

423 5114 507 5174 ille
552 5120 691 5180 ordo
731 5130 1209 5198 personarum,
1255 5115 1658 5186 perspicimus
1702 5133 1774 5172 ex
1817 5116 1919 5172 lib.
1964 5136 2000 5185 ι,
2037 5119 2101 5174 in

414 5211 755 5292 fauonii/1m,
796 5211 913 5273 ubi
947 5210 1049 5266 sic
1107 5202 1432 5274 loquitur:
1465 5206 1587 5261 Nos
1631 5212 1858 5275 autem,
1885 5206 2098 5279 inquit,

391 5307 456 5392 (In,
478 5317 609 5392 233,1.
649 5308 1038 5374 “cundum
1113 5293 1480 5352 relationem
1534 5311 1857 5354 causarum
1906 5297 1988 5353 ad
2034 5312 2104 5353 ea

650 5365 1087 5485 Ξῷῖςῖέειιηίν
1144 5385 1402 5485 Patrem
1431 5385 1614 5485 ,ΡΨ
1654 5387 1990 5485 ,μέροηέ
2017 5387 2104 5443 ἀί-

366 5429 473 5491 fﬁc?
517 5430 598 5476 ειτ
650 5429 820 5485 τρειδ
867 5429 1087 5458 δαισιν
1145 5429 1167 5439 ·
1206 5429 1402 5439 ν---ν--ν
1454 5429 1479 5441 ι
1511 5429 1612 5486 nn:
1654 5429 1958 5487 ,μιψζιωη
2017 5429 2078 5443 υ..

343 5515 516 5580 τὴπω.
542 5508 731 5572 Idem
786 5494 1062 5557 autem
1119 5473 1222 5531 de
1279 5477 1484 5531 sancto
1515 5478 1737 5549 Spiritu
1775 5475 2104 5533 dicendum

871 5673 988 5732 ιο,
1104 5657 1133 5693 ο
1191 5647 1402 5710 Matth.
1442 5670 1638 5728 xxvm,
1681 5659 1766 5714 10.

361 5717 379 5752 ι
407 5714 580 5774 ιοεω,
633 5702 802 5758 xvn,

2211 4580 2397 4637 thecis
2427 4576 2649 4634 nostris
2675 4578 2932 4642 exstant,
2959 4572 3069 4629 sed
3095 4589 3306 4629 eorum
3336 4588 3492 4644 quos
3517 4571 3662 4627 olim
3691 4571 3869 4627 exsti-

2210 4672 2355 4728 tisse
2386 4665 2736 4725 certissimis
2778 4663 3190 4720 monumentis
3217 4661 3670 4731 cognoscimus.
3697 4664 3869 4732 Hugo

2210 4759 2588 4823 Etherianus,
2611 4753 2816 4811 saeculi
2843 4750 3188 4808 duodecimi
3219 4749 3490 4822 scriptor,
3516 4750 3620 4822 qui
3649 4754 3769 4806 tres
3799 4750 3869 4806 li-

2210 4851 2354 4906 bros
2385 4846 2465 4903 ad
2506 4844 2855 4900 Latinorum
2885 4839 3299 4896 defensionem
3326 4838 3671 4896 Alexandro
3694 4839 3870 4897 tertio

2209 4935 2588 5009 nuncupavit
2608 4948 2770 4990 anno
2796 4935 2951 5001 1177,
2981 4929 3122 4985 citat
3145 4929 3207 4984 in
3229 4929 3498 4985 secundo
3524 4929 3699 4994 libro,
3729 4945 3866 5002 cap.

2217 5033 2301 5099 19,
2329 5025 2476 5083 illud
2503 5021 2697 5079 Basilii
2727 5021 2802 5076 de
2829 5019 3053 5092 Spiritu
3081 5017 3334 5088 dictum,
3367 5033 3404 5074 a
3433 5019 3588 5074 Filio
3619 5034 3740 5076 esse
3766 5019 3870 5075 ha-

2215 5119 2375 5175 bens.
2405 5118 2468 5169 In
2497 5112 2650 5168 libro
2681 5108 2872 5179 tertio,
2902 5122 3036 5179 cap.
3063 5111 3150 5177 i2,
3178 5123 3425 5162 sensum
3455 5106 3651 5176 magis
3681 5122 3868 5180 quam

2216 5205 2399 5263 verba
2422 5201 2621 5259 refert.
2644 5203 2716 5255 At
2741 5198 2803 5254 in
2832 5212 2968 5269 cap.
2997 5201 3059 5252 13
3083 5195 3359 5267 ejusdem
3387 5195 3524 5252 libri
3553 5195 3757 5252 locum
3777 5195 3868 5252 in-

2211 5300 2450 5366 tegrum
2474 5290 2654 5347 refert
2683 5288 2814 5344 sine
2835 5284 3264 5344 additamentis
3293 5283 3736 5341 dubitationem
3766 5287 3868 5340 Ba-

2213 5385 2346 5442 silio
2383 5379 2831 5450 aﬂingentibus,
2862 5389 2988 5454 non
3017 5389 3160 5430 vero
3191 5374 3318 5429 sine
3355 5373 3578 5444 insigni
3603 5371 3707 5428 illa
3731 5387 3868 5428 sen-

2213 5475 2418 5546 tentia,
2440 5487 2577 5546 quae
2617 5467 2904 5543 Spiritum
2934 5481 2972 5522 a
3001 5463 3144 5521 Filio
3168 5477 3302 5524 esse
3330 5461 3555 5520 habere
3579 5459 3868 5518 declarat.
