4154 6388
573 278 639 330 39

561 402 752 469 Atque
800 397 929 453 haec
981 396 1332 452 Etherianus
1381 397 1609 467 laudat,
1645 400 1710 452 ut
1739 394 1987 451 minime
2031 390 2221 446 dubia
2261 393 2306 444 A

563 486 933 558 minimeque
965 490 1366 542 controversa.
1404 489 1519 542 Nec
1550 485 1782 542 Nicetas
1809 480 2218 546 Maroniensis,

560 575 666 648 qui
697 576 1080 632 Etherianum
1113 576 1328 630 eodem
1359 575 1582 631 saeculo
1609 572 2003 648 oppugnavit,
2034 570 2219 626 ullam

561 665 702 720 huic
730 665 1070 720 testimonio
1097 665 1503 736 suspicionem
1534 665 1662 721 falsi
1694 664 1937 735 injicere
1968 665 2220 716 conatus

563 758 670 821 est,
705 757 770 809 ut
819 754 1081 809 dicimus
1129 760 1256 809 tum
1306 770 1377 810 ex
1429 755 1799 821 Bessarione,
1842 753 1946 825 qui
1995 767 2057 806 se
2104 750 2219 805 hoc

561 842 976 899 testimonium
1021 843 1082 898 in
1122 843 1277 898 libro
1307 844 1522 898 Nicetaa
1573 842 1790 898 vidisse
1823 845 2069 897 testatur
2103 843 2216 908 (8);

564 937 691 988 tum
739 933 1002 988 maxime
1035 947 1106 987 ex
1155 935 1343 988 Leone
1375 932 1609 1003 Allatio,
1655 932 1758 1004 qui
1801 932 1915 987 hoc
1958 930 2219 986 testimo-

562 1021 732 1077 nium
787 1038 823 1077 a
877 1021 1098 1090 Niceta,
1146 1025 1210 1076 ut
1260 1022 1587 1090 integrum,
1639 1024 1990 1092 susceptum
2037 1018 2220 1075 fuisse

563 1113 868 1166 asseverat
896 1113 994 1180 (9).
1029 1111 1234 1182 Neque
1265 1110 1446 1166 etiam
1478 1109 1811 1176 codicibus,
1845 1109 2069 1182 quibus
2109 1125 2220 1163 sa:-

565 1197 700 1253 culo
751 1197 1114 1253 duodecimo
1162 1197 1446 1253 utebatur
1476 1198 1831 1270 Euthymius
1863 1196 2220 1266 Zigabenus,

561 1287 798 1342 inerant
841 1287 1047 1355 spuria
1082 1285 1517 1343 additamenta.
1549 1291 1598 1342 Is
1627 1287 1786 1342 enim
1818 1287 1879 1342 in
1917 1286 2223 1356 Panoplia

563 1379 817 1431 testatur
847 1375 1126 1431 Basilium
1159 1391 1280 1430 non
1316 1375 1648 1446 dubitasse,
1680 1392 1758 1432 an
1789 1376 2053 1443 Spiritus
2081 1391 2220 1431 san-

563 1469 692 1520 ctus
722 1472 868 1520 esset
900 1466 1114 1522 ordine
1139 1465 1440 1538 dignitate
1467 1467 1765 1534 posterior
1794 1467 1970 1521 Filio.

635 1554 867 1610 Saeculo
915 1554 1152 1610 decimo
1201 1555 1374 1611 tertio
1424 1555 1668 1628 prodire
1719 1558 2035 1628 cmperunt
2080 1571 2224 1611 non-

561 1643 709 1699 nulli
739 1644 1000 1710 codices,
1026 1645 1084 1700 in
1117 1644 1341 1717 quibus
1381 1645 1586 1701 deerat
1636 1645 2047 1701 testimonium
2075 1647 2225 1701 Grae-

2085 265 2442 324 PREFATIO
2454 307 2467 321 .

3896 277 3962 332 40

2334 392 2524 445 resset
2552 390 2890 462 quidquam
2927 392 2988 447 in
3020 394 3308 448 contextu
3341 390 3537 464 Basilii
3567 396 3866 462 attentare,
3899 413 3972 454 an

2332 494 2486 550 quos
2517 483 2731 550 postea
2755 479 2936 537 iidem
2965 480 3152 536 Graeci
3173 481 3233 536 in
3260 480 3394 552 ipso
3421 482 3812 538 contentionis
3835 490 3973 541 testu

2332 568 2656 639 protulere,
2689 587 2828 625 cum
2860 571 3007 627 nihil
3047 571 3126 627 ad
3171 586 3373 626 causa;
3408 587 3532 626 suae
3575 571 3974 630 defensionem

2331 672 2452 712 non
2491 659 2804 714 auderent.
2836 662 3030 724 Quare
3064 675 3295 730 eorum,
3327 660 3430 731 qui
3480 661 3535 716 S.
3571 660 3762 716 Basilii
3786 663 3973 734 operi-

2329 747 2444 802 bus
2489 749 2549 803 in
2579 748 2777 805 lucem
2816 750 3068 806 edendis
3115 749 3507 823 praefuerunt,
3539 750 3773 806 videtur
3809 751 3869 808 in
3912 768 3977 808 eo

2329 839 2693 910 requirenda
2723 839 3052 910 diligentia,
3095 840 3262 912 quod
3294 839 3458 896 nulla
3507 855 3755 912 prorsus
3786 841 3978 913 editio,

2331 929 2383 984 si
2414 933 2616 985 tamen
2643 929 2909 1001 excipias
2939 929 3316 1001 Trapezuntii
3347 929 3618 985 Latinam
3643 929 3978 1002 interpreta-

2331 1019 2577 1086 tionem,
2613 1020 2905 1076 eximium
2955 1020 3029 1075 de
3081 1020 3334 1092 Spiritus
3374 1019 3566 1076 sancti
3610 1021 3980 1093 processione

2331 1109 2745 1164 testimonium
2789 1109 2850 1164 in
2898 1109 3125 1165 avitam
3172 1109 3380 1166 sedem
3415 1109 3735 1166 restituerit
3767 1126 3834 1166 ac
3873 1125 3979 1165 nte-

2330 1213 2439 1254 vos
2464 1197 2538 1254 de
2568 1198 2866 1254 industria
2897 1199 3150 1270 injectos
3183 1198 3566 1272 expunxerit.

3099 1309 3126 1374 §
3164 1307 3227 1360 v.

2337 1417 2378 1469 l.
2424 1417 2633 1471 Utrum
2663 1415 2724 1470 S.
2757 1417 3026 1471 Basilius
3067 1431 3136 1472 ea
3176 1422 3412 1472 tantum
3444 1415 3985 1472 consubstantiatia

2405 1487 2748 1555 crediderit,
2781 1503 3038 1558 quorum
3069 1489 3332 1544 alterum
3364 1503 3439 1544 ex
3476 1489 3674 1543 altero
3705 1488 3978 1557 originem

2409 1558 2603 1614 habet.
2649 1561 2711 1613 ll.
2761 1559 2970 1614 Utrum
3022 1560 3315 1616 mundum
3365 1561 3652 1629 temporis
3709 1565 3983 1615 momento

2407 1635 2676 1685 creatum
2706 1631 3050 1686 crediderit.

561 1733 646 1788 cis
673 1733 1159 1802 incommodum,
1193 1733 1612 1790 additamenta
1637 1751 1774 1790 cum
1809 1735 1921 1790 illis
1947 1734 2226 1790 facientia
2268 1746 2306 1800 Β
2407 1738 2448 1790 l.
2497 1738 2628 1792 lam
2678 1735 3140 1793 observavimus
3199 1741 3634 1808 argumentum
3692 1751 3813 1791 non
3865 1735 3984 1791 leve

560 1838 684 1878 non
720 1823 992 1879 deerant.
1029 1823 1141 1880 Sed
1176 1822 1356 1878 velim
1399 1824 1712 1880 laudatam
1744 1824 2222 1880 dissertationem

561 1912 860 1978 evolvant,
891 1914 994 1986 qui
1027 1913 1179 1969 scire
1209 1919 1408 1983 avent,
1442 1917 1756 1988 quomodo
1795 1917 2035 1984 Beccus,
2067 1915 2200 1985 ejus

559 2017 678 2074 que
722 2002 844 2058 duo
896 2002 1147 2058 comites
1197 2007 1253 2058 et
1291 2003 1745 2068 archidiaconi,
1796 2004 2226 2061 Constantinus

559 2091 964 2158 Meliteniotes,
1002 2097 1054 2148 et
1087 2094 1374 2162 Georgius
1403 2094 1719 2150 Metochita
1751 2095 1865 2150 hos
1898 2095 2138 2150 codices
2168 2099 2226 2152 et

555 2184 824 2236 recentes
855 2197 984 2237 esse
1011 2185 1068 2237 et
1107 2197 1446 2253 perpaucos
1475 2187 1531 2238 et
1565 2183 1644 2239 ab
1686 2183 1819 2240 aliis
1861 2183 2040 2254 longe
2074 2184 2224 2240 anti-

557 2269 876 2341 quioribus
909 2271 1135 2343 ubique
1163 2276 1460 2328 terrarum
1491 2273 1783 2345 dispersis
1810 2274 1996 2329 refelli
2027 2278 2225 2330 osten-

557 2359 774 2417 derint.
808 2361 1095 2416 Eamdem
1129 2377 1381 2417 causam
1411 2367 1650 2419 strenue
1678 2363 2082 2420 defenderunt
2111 2381 2220 2420 saa-

558 2448 694 2504 culo
739 2449 977 2506 decimo
1020 2455 1240 2523 quarto
1271 2451 1394 2507 duo
1435 2452 1534 2509 alii
1560 2453 1714 2509 inter
1744 2457 1976 2510 Graecos
2005 2454 2222 2510 doctis-

557 2537 693 2594 simi
735 2539 1080 2611 scriptores.
1136 2541 1469 2596 Demetrius
1517 2541 1826 2614 Cydonius
1875 2548 1932 2599 et
1986 2543 2220 2599 Manuel

558 2627 823 2684 Calecas.
856 2633 920 2685 ln
943 2629 1198 2686 concilio
1229 2636 1431 2686 autem
1472 2632 1810 2690 Florentino
1841 2650 1944 2690 sex
1969 2634 2218 2706 prolatis

557 2717 892 2783 codicibus,
923 2735 1083 2775 unus
1119 2725 1348 2776 tantum
1381 2737 1765 2793 papyraceus
1807 2725 2022 2781 Graecis
2050 2725 2214 2798 favit,

554 2807 824 2879 quinque
869 2807 968 2863 alii
1015 2809 1275 2875 Latinis;
1317 2826 1579 2882 quorum
1623 2814 1906 2870 codicum
1955 2822 2218 2887 quatuor

553 2895 615 2950 in
641 2896 1015 2952 membranis
1043 2897 1246 2970 scripti
1275 2905 1465 2954 erant.
1496 2904 1643 2957 Cum
1671 2907 1875 2960 autem
1906 2905 1966 2960 in
1999 2907 2215 2966 eodem

555 2985 810 3042 concilio
868 2988 1100 3042 Marcus
1169 2988 1458 3060 Ephesius
1523 2990 1883 3078 dictitasset,
1941 3012 2002 3050 se
2065 2999 2216 3054 scire

2335 1825 2739 1897 processionis
2790 1825 3040 1898 Spiritus
3095 1825 3288 1882 sancti
3342 1841 3416 1880 ex
3467 1825 3591 1880 ﬁlio
3643 1823 3886 1897 reperiri
3929 1824 3983 1878 in

2335 1913 2591 1986 epistola
2619 1918 2686 1970 52
2719 1917 2776 1970 S.
2815 1913 3010 1971 Basilii
3039 1914 3117 1970 ad
3144 1914 3494 1970 canonicas.
3522 1913 3638 1970 Sed
3667 1913 3812 1986 quia
3834 1911 3983 1967 idem
4037 1923 4040 1930 '

2334 2003 2430 2059 ille
2471 2003 2641 2059 locus
2690 2004 3003 2075 negotium
3050 2003 3293 2060 facessit
3349 2002 3722 2059 doctissimis
3775 1999 3985 2057 theolo-

2336 2093 2464 2162 gis,
2517 2092 2751 2165 aliquid
2804 2109 3005 2166 operae
3064 2093 3502 2148 insumendum
3559 2093 3620 2147 in
3683 2107 3754 2148 eo
3809 2087 3984 2162 expli-

2334 2185 2553 2241 cando.
2589 2183 2832 2240 Videtur
2863 2185 3024 2242 enim
3064 2202 3136 2242 ea
3179 2185 3310 2241 sola
3354 2185 3705 2241 existimare
3735 2181 3983 2239 consub-

2333 2273 2655 2341 stantialia,
2691 2289 2953 2346 quorum
3000 2290 3192 2330 unum
3224 2273 3303 2330 ab
3348 2274 3536 2331 altero
3573 2273 3868 2342 originem
3897 2285 3984 2327 ac-

2331 2361 2508 2433 cepit.
2541 2361 2632 2418 Sic
2664 2365 2864 2416 autem
2889 2362 3156 2434 loquitur
3178 2376 3318 2434 pag.
3348 2364 3472 2427 145,
3498 2377 3562 2417 n.
3594 2364 3668 2416 2:
3703 2360 3779 2412 Οὐ
3807 2361 3905 2430 γὰρ
3930 2359 3989 2408 τὰ

2331 2447 2530 2522 ἀδελφὰ
2561 2449 2796 2510 ἀλλήλοις
2839 2453 3096 2524 ὁμοούσια
3133 2450 3357 2522 λέγεται,
3387 2452 3509 2523 ὅπερ
3551 2453 3689 2511 τινὲς
3718 2448 3992 2518 ὑπειλήφα-

2332 2559 2414 2592 σιν
2439 2561 2451 2572 ·
2483 2538 2590 2590 ἀλλ’
2638 2541 2758 2592 ὅταν
2807 2546 2896 2592 καὶ
2929 2543 2986 2592 τὸ
3019 2544 3183 2592 αἴτιον
3215 2545 3304 2592 καὶ
3354 2543 3412 2592 τὸ
3458 2539 3514 2591 ἐκ
3572 2548 3666 2592 τοῦ
3717 2539 3881 2590 αἰτίου
3909 2540 3990 2593 τὴν

2329 2629 2549 2701 ὕπαρξιν
2573 2632 2694 2700 ἔχον
2717 2638 2812 2689 τῆς
2836 2631 2999 2690 αὐτῆς
3025 2631 3242 2704 ὑπάρχῃ
3268 2632 3468 2701 φύσεως
3493 2630 3520 2679 ὁ
3537 2632 3767 2702 μοούσια
3785 2627 3987 2698 λέγεταιο

2327 2719 2462 2774 Νοη
2493 2719 2647 2774 enim
2674 2735 2806 2789 quae
2821 2720 3097 2788 fratrum
3129 2720 3290 2774 inter
3308 2734 3369 2774 se
3398 2719 3732 2785 rationem,
3764 2717 3990 2781 habent,

2327 2808 2618 2865 dicuntur
2645 2809 3215 2874 consubstantiatia,
3242 2809 3307 2864 id
3335 2808 3497 2880 quod
3542 2809 3779 2880 quidem
3805 2805 3991 2864 existi-

2325 2903 2531 2969 mant;
2553 2899 2656 2954 sed
2675 2913 2809 2954 cum
2831 2913 3018 2954 causa
3039 2903 3092 2954 et
3117 2898 3180 2952 id
3199 2898 3362 2969 quod
3389 2913 3464 2953 ea:
3493 2914 3698 2954 causa
3721 2898 3992 2954 exsisten-

2327 2989 2473 3042 tiam
2498 2987 2696 3052 habet,
2715 2988 2976 3056 ejusdem
3001 2993 3141 3042 sunt
3163 2993 3425 3051 natura“,
3443 2985 3993 3044 comsubstantialia

552 3073 740 3131 libros
779 3091 908 3131 esse
958 3077 1123 3148 apud
1158 3073 1744 3152 Constantinopolim
1795 3101 1979 3157 supra
2029 3089 2212 3158 mine,
2257 3097 2297 3152 (ς
2325 3075 2633 3131 dicuntur.
2653 3075 2847 3131 Basiiii
2864 3075 3050 3132 verba
3069 3075 3850 3148 sicexplieatPetaviusUO)
3867 3088 3992 3130 cum

552 3165 614 3219 in
642 3163 868 3236 quibus
901 3167 1242 3222 Graecorum
1272 3166 1446 3224 lectio
1476 3170 1918 3244 contineretur;
1961 3181 2214 3239 menda-

555 3253 714 3308 cium
746 3253 902 3309 illius
945 3255 1136 3310 oculis
1181 3255 1303 3310 suis
1343 3271 1414 3312 ac
1445 3259 1730 3317 manibus
1757 3268 2217 3338 comprehendit

555 3342 892 3413 Bessarion,
927 3343 1031 3416 qui
1061 3346 1646 3419 Constantinopolim
1671 3367 1968 3423 reversus,
2002 3364 2065 3414 ut
2087 3360 2216 3432 ipse

553 3434 806 3487 testatur
854 3433 915 3487 in
955 3433 1128 3504 epist.
1163 3434 1242 3490 ad
1272 3435 1543 3492 Alexium
1578 3441 1906 3513 Lascarim,
1929 3441 2216 3506 omnibus

554 3521 843 3593 inspectis
895 3521 1297 3592 bibliothecis,
1353 3524 1671 3584 lectionem
1721 3533 1938 3590 Graecis
1987 3537 2216 3596 incom-

553 3611 806 3666 modam
857 3610 1024 3668 nullo
1073 3628 1322 3684 prorsus
1367 3615 1429 3670 in
1469 3617 1676 3675 codice
1725 3625 1948 3680 recenti
1979 3643 2050 3682 ac
2078 3633 2218 3700 post

552 3698 1000 3756 dissensionem
1036 3701 1259 3774 scripto
1285 3705 1541 3777 reperit;
1577 3711 1639 3764 at
1667 3709 1728 3764 in
1755 3711 1888 3768 aliis
1919 3730 2043 3772 non
2067 3698 2216 3789 pau.

552 3785 820 3842 cioribus
849 3804 920 3844 ac
949 3788 1129 3860 longe
1161 3792 1604 3866 antiquioribus
1633 3800 1870 3871 reperit.
1904 3807 1967 3858 lu
2007 3785 2215 3877 primis

551 3878 756 3931 autem
787 3879 1184 3936 memorabile
1215 3886 1301 3937 est
1327 3884 1494 3954 quod
1525 3885 1599 3941 de
1631 3887 1874 3946 duobus
1901 3894 2214 3952 codicibus

549 3963 610 4054 in
643 3966 1011 4022 monasterio
1040 3967 1254 4026 Christi
1294 3971 1618 4030 Salvatoris
1658 3979 2046 4054 Pantepoptae
2083 4001 2120 4042 a
2151 4002 2213 4042 se

549 4052 811 4109 inventis
837 4060 1043 4112 narrat
1068 4076 1080 4126 ;
1111 4073 1375 4130 quorum
1404 4061 1465 4117 in
1495 4063 1682 4122 altero
1708 4052 2128 4142 antiquissimo
2158 4080 2214 4132 et

553 4142 1026 4203 membranaceo
1051 4148 1271 4206 veritas
1301 4150 1522 4208 violata
1551 4153 1763 4226 fuerat,
1798 4161 1992 4231 spatio
2017 4180 2212 4221 vacuo

551 4231 754 4289 adhuc
792 4234 1030 4292 facinus
1064 4242 1351 4309 testante;
1380 4241 1441 4296 in
1484 4245 1673 4302 altero
1702 4253 1907 4306 autem
1937 4269 2211 4326 papyreo

550 4326 606 4379 et
635 4325 774 4380 ante
804 4340 1002 4381 annos
1035 4330 1332 4386 trecentos
1365 4331 1588 4405 scripto
1634 4336 1879 4407 perfusa
1905 4325 2039 4399 erat
2055 4325 2210 4400 atra-

549 4416 757 4469 mento
788 4418 914 4471 tota
941 4414 1043 4472 illa
1086 4432 1249 4509 pars,
1291 4434 1427 4491 quas
1470 4423 1758 4494 Spiritum
1787 4443 1860 4484 ex
1894 4430 2036 4488 Filio
2081 4439 2210 4491 tan-
2240 4452 2287 4509 ι)

547 4517 737 4574 quam
768 4519 839 4560 ex
871 4520 1058 4562 causa
1087 4507 1264 4564 docet
1291 4509 1652 4582 dependere.

620 4593 933 4662 Ejusmodi
959 4595 1198 4652 codices
1228 4599 1467 4655 etiamsi
1490 4601 1552 4658 in
1572 4601 1954 4665 bibliothecis
1985 4613 2210 4671 Graeco-

547 4693 683 4735 rum
714 4681 864 4736 nulli
903 4683 1031 4754 jam
1084 4690 1407 4758 exstarent,
1435 4688 1586 4746 nihil
1631 4696 1834 4752 tamen
1883 4698 1958 4754 de
1996 4716 2207 4759 eorum

548 4769 901 4827 auctoritate
930 4773 1283 4846 decederet;
1316 4777 1544 4851 quippe
1575 4797 1715 4839 cum
1750 4787 2094 4847 certissimis
2124 4793 2210 4850 hi-

548 4857 744 4913 storia?
792 4865 1203 4920 monumentis
1253 4871 1311 4922 et
1357 4869 1719 4928 testimoniis
1773 4887 2207 4952 memorentur,

547 4961 683 5018 quae
735 4947 900 5004 nullo
948 4966 1196 5021 prorsus
1243 4955 1512 5014 facinore
1572 4960 1779 5034 deleri,
1825 4966 1993 5024 nullo
2049 4947 2208 5030 furto

547 5037 845 5093 abscondi
888 5047 1165 5110 possunt.
1198 5045 1400 5116 Neque
1447 5049 1629 5105 etiam
1677 5054 2038 5126 ambiguum
2073 5076 2206 5118 esse

545 5126 756 5219 possit,
788 5130 904 5183 utri
947 5129 1186 5187 codices
1215 5132 1482 5204 potiores
1516 5139 1635 5196 sint
1665 5143 2073 5219 existimandi,
2103 5166 2206 5206 an-

545 5213 801 5286 tiquian
831 5223 1102 5276 recentes
1129 5238 1147 5310 :7
1176 5222 1380 5295 scripti
1411 5231 1550 5282 ante
1576 5237 1848 5289 exortam
1879 5235 1954 5291 de
1984 5213 2205 5310 Spiritu

546 5309 758 5362 sancto
785 5309 1280 5382 controversiam,
1313 5317 1644 5388 antequam
1674 5309 2202 5387 Grecorumiinte-

616 5485 695 5628 ξεῗέ

736 5489 838 5560 Ep.
873 5488 953 5546 ad
980 5489 1147 5548 Alex.
1183 5493 1502 5556 Lascarim.

731 5559 1076 5631 Enchirid.,
1100 5579 1152 5622 ο.
1179 5570 1268 5623 20.

2326 3164 2558 3235 Caleca,
2591 3164 2939 3222 Bessarione
2983 3169 3041 3221 et
3087 3166 3385 3222 Demetrio
3417 3167 3708 3238 Cydone,
3738 3170 3802 3222 ut
3839 3164 3993 3220 illum

2325 3269 2398 3310 ea
2427 3254 2692 3328 proprie,
2717 3254 3266 3311 consubstantialia
3294 3255 3493 3311 dicere
3514 3257 3855 3324 existimet,
3871 3268 3996 3328 quae

2324 3343 2572 3414 originis
2596 3344 2952 3400 habitudine
2974 3345 3346 3416 junguntur;
3372 3349 3608 3404 caetera
3630 3362 3777 3402 vero
3808 3345 3996 3401 minus

2323 3434 2586 3505 proprie,
2609 3437 2674 3490 ut
2704 3437 2908 3490 Petrus
2931 3439 2987 3490 et
3011 3433 3250 3490 Paulus.
3279 3435 3394 3491 Sed
3426 3434 3474 3490 si
3503 3436 3576 3492 S.
3605 3437 3794 3493 Patris
3821 3431 3999 3490 verba

2324 3521 2742 3593 expendantur
2787 3523 3153 3591 accuratius,
3187 3539 3312 3580 non
3341 3523 3592 3580 videtur
3621 3526 3739 3582 hoc
3783 3524 3914 3581 loco
3941 3520 3998 3576 id

2323 3625 2546 3680 negare
2592 3611 2760 3684 quod
2803 3612 2935 3683 ipse
2985 3611 3294 3684 conceptis
3344 3612 3561 3669 verbis
3601 3617 3907 3671 asseverat
3940 3611 3999 3668 in

2323 3701 2495 3772 epist.
2532 3705 2621 3770 38,
2654 3701 2933 3757 homines
2965 3717 3097 3758 esse
3125 3701 3280 3758 inter
3310 3718 3372 3758 se
3403 3703 3998 3767 consubstantiales;

2324 3790 2429 3846 sed
2459 3805 2563 3846 eos
2590 3795 2824 3847 tantum
2850 3790 3083 3853 refellit,
3108 3791 3211 3864 qui
3239 3791 3792 3850 consubstantialis
3818 3792 4002 3850 notio-

2321 3896 2462 3937 nem
2483 3881 2666 3938 rebus
2695 3881 2850 3937 inter
2879 3897 2942 3937 se
2973 3880 3239 3938 fraterna
3260 3883 3638 3952 cognatione
3663 3885 3896 3956 junctis
3923 3885 4000 3940 ita

2320 3970 2564 4043 proprie
2593 3971 3022 4040 attribuebant,
3045 3976 3110 4027 ut
3137 3972 3353 4028 divinis
3381 3973 3585 4045 aptari
3617 3989 3745 4030 non
3775 3977 3992 4047 posset.

2397 4065 2450 4114 to
2492 4063 2727 4116 Fatetur
2774 4060 3022 4116 Basilius
3075 4061 3622 4118 consubstantialis
3659 4066 3998 4129 notionem,

2319 4150 2515 4223 qualis
2537 4150 2956 4224 exponebatur
2978 4149 3056 4206 ab
3083 4151 3464 4214 adversariis,
3492 4151 3704 4210 locum
3731 4154 3998 4227 aliquem

2318 4239 2544 4296 habere
2573 4242 2634 4297 in
2665 4256 2782 4297 mre
2821 4244 2878 4297 et
2903 4239 3180 4296 conﬂatis
3212 4256 3284 4296 ex
3317 4256 3434 4297 aare
3482 4243 4000 4300 numismatibus.

2319 4328 2403 4384 lbi
2434 4330 2595 4385 enim
2632 4333 2725 4386 est
2754 4329 3092 4386 substantia
3121 4329 3406 4401 quaedam
3439 4332 3740 4404 anterior,
3769 4347 3912 4405 quae
3943 4332 4003 4386 in

2318 4418 2509 4474 multa
2541 4419 2850 4476 dividitur.
2883 4424 2942 4475 2°
2970 4419 3462 4476 Examinandum
3489 4424 3582 4477 est
3613 4422 3885 4494 quinam
3916 4437 4005 4479 re-

2317 4507 2598 4565 fellantur
2613 4509 2708 4565 his
2727 4509 2960 4565 verbis:
2979 4509 3114 4564 Non
3133 4511 3290 4565 enim
3307 4524 3440 4580 qua:
3453 4509 3742 4578 fratrum
3762 4513 3932 4569 inter
3949 4525 4008 4566 se

2315 4600 2612 4656 rationem
2653 4599 2906 4666 habent,
2951 4598 3503 4655 consubstantiatia
3551 4600 3901 4672 dicuntur,
3948 4600 4011 4656 id

2316 4690 2479 4761 quod
2498 4690 2747 4761 quidam
2770 4691 3141 4747 existimant.
3166 4693 3294 4746 Non
3320 4705 3424 4745 eos
3452 4706 3604 4746 sane
3627 4692 3880 4759 refellit,
3901 4692 4010 4764 qui

2317 4782 2553 4835 Petrum
2605 4784 2662 4836 et
2692 4779 2942 4836 Paulum
2975 4777 3496 4835 consubstantiale
3527 4794 3670 4836 esse
3712 4782 4016 4839 dicebant

2316 4868 2396 4924 ob
2418 4873 2650 4925 naturae
2673 4867 3150 4934 similitudinem,
3168 4883 3238 4924 ac
3258 4867 3399 4924 inde
3417 4869 3896 4928 concludebant
3915 4875 4018 4927 Pa-

2317 4963 2464 5016 trem
2493 4961 2552 5014 et
2584 4958 2818 5029 Filium,
2852 4961 3058 5030 utpote
3089 4957 3296 5013 lumen
3323 4961 3380 5014 et
3405 4957 3645 5030 lumen,
3682 4976 3826 5016 esse
3873 4975 4017 5018 con-

2315 5048 2763 5104 substantiales.
2796 5047 2893 5103 His
2920 5051 3154 5102 tantum
3188 5046 3561 5118 adversatur,
3597 5049 3712 5120 qui
3739 5050 4020 5106 consub-

2315 5138 2625 5194 stantiales
2649 5136 3021 5209 rejiciebant.
3052 5135 3169 5192 Sed
3189 5135 3336 5208 quid
3358 5136 3419 5192 in
3445 5137 3528 5192 eis
3558 5138 4023 5210 reprehendit?

2313 5227 2465 5282 Nihil
2494 5227 2658 5283 aliud
2688 5225 2978 5299 profecto,
3011 5224 3130 5281 nisi
3157 5225 3324 5298 quod
3365 5223 3922 5285 consubstantiale
3953 5229 4027 5285 iis

2313 5321 2549 5375 tantum
2570 5315 2981 5388 attribuerent,
2999 5331 3136 5388 quae
3155 5313 3489 5371 fraternam
3509 5314 3762 5374 habent
3785 5333 4026 5391 cogna-

2297 5577 2300 5580 ῃ
2384 5499 2498 5572 (t0)
2538 5496 2624 5559 De
2661 5497 2879 5562 Trinit.
2911 5494 3020 5558 lib.
3053 5511 3152 5568 vn,
3181 5510 3317 5569 cap.
3349 5495 3403 5554 4.
