  <div class='ocr_page' id='page_1' title='image "/cluster/home/n/w/nwhite01/storage/ocr_20150623/32:no.4/coo.31924054869296/028.png"; bbox 0 0 4154 6384; ppageno 0'>
   <div class='ocr_carea' id='block_1_1' title="bbox 235 261 3746 330">
    <p class='ocr_par' dir='ltr' id='par_1_1' title="bbox 235 261 3746 330">
     <span class='ocr_line' id='line_1_1' title="bbox 235 261 3746 330; baseline 0.005 -16"><span class='ocrx_word' id='word_1_1' title='bbox 235 261 278 314; x_wconf 73' lang='grc' dir='ltr'>Η</span> <span class='ocrx_word' id='word_1_2' title='bbox 1842 269 1998 325; x_wconf 55' lang='grc' dir='ltr'><strong><em>ΡΒἉΕ</em></strong></span> <span class='ocrx_word' id='word_1_3' title='bbox 2009 269 2234 327; x_wconf 70' lang='grc' dir='ltr'><strong><em>ΡΛΤΙΟ.</em></strong></span> <span class='ocrx_word' id='word_1_4' title='bbox 3674 275 3746 330; x_wconf 75' lang='grc'><strong><em>42</em></strong></span> 
     </span>
    </p>
   </div>
   <div class='ocr_carea' id='block_1_2' title="bbox 247 387 3748 468">
    <p class='ocr_par' dir='ltr' id='par_1_2' title="bbox 247 387 3748 468">
     <span class='ocr_line' id='line_1_2' title="bbox 247 387 3748 468; baseline 0.003 -25"><span class='ocrx_word' id='word_1_5' title='bbox 247 387 464 443; x_wconf 83' lang='lat' dir='ltr'><strong><em>tionem.</em></strong></span> <span class='ocrx_word' id='word_1_6' title='bbox 483 388 670 444; x_wconf 73' lang='lat' dir='ltr'><strong><em>lianc</em></strong></span> <span class='ocrx_word' id='word_1_7' title='bbox 701 390 901 448; x_wconf 86' lang='lat' dir='ltr'><strong><em>enim</em></strong></span> <span class='ocrx_word' id='word_1_8' title='bbox 943 394 1340 467; x_wconf 85' lang='lat' dir='ltr'><strong><em>arripiebant</em></strong></span> <span class='ocrx_word' id='word_1_9' title='bbox 1363 410 1632 464; x_wconf 87' lang='lat' dir='ltr'><strong><em>causam,</em></strong></span> <span class='ocrx_word' id='word_1_10' title='bbox 1664 410 1771 452; x_wconf 89' lang='lat' dir='ltr'><strong><em>cur</em></strong></span> <span class='ocrx_word' id='word_1_11' title='bbox 1792 409 1978 466; x_wconf 86' lang='lat' dir='ltr'><strong><em>aper-</em></strong></span> <span class='ocrx_word' id='word_1_12' title='bbox 2009 398 2056 450; x_wconf 79' lang='grc' dir='ltr'><strong>Α</strong></span> <span class='ocrx_word' id='word_1_13' title='bbox 2086 397 2494 468; x_wconf 72' lang='grc' dir='ltr'><strong><em>παρεσκεύασεν·</em></strong></span> <span class='ocrx_word' id='word_1_14' title='bbox 2527 397 2617 454; x_wconf 89' lang='lat' dir='ltr'><strong><em>Ne</em></strong></span> <span class='ocrx_word' id='word_1_15' title='bbox 2648 396 2764 452; x_wconf 89' lang='lat' dir='ltr'><strong><em>soli</em></strong></span> <span class='ocrx_word' id='word_1_16' title='bbox 2793 396 3100 453; x_wconf 87' lang='lat' dir='ltr'><strong><em>ariditatis</em></strong></span> <span class='ocrx_word' id='word_1_17' title='bbox 3129 402 3312 454; x_wconf 68' lang='lat' dir='ltr'><strong><em>terrae</em></strong></span> <span class='ocrx_word' id='word_1_18' title='bbox 3368 411 3612 455; x_wconf 87' lang='lat' dir='ltr'><strong><em>causam</em></strong></span> <span class='ocrx_word' id='word_1_19' title='bbox 3653 403 3748 455; x_wconf 84' lang='lat' dir='ltr'><strong><em>at-</em></strong></span> 
     </span>
    </p>
   </div>
   <div class='ocr_carea' id='block_1_3' title="bbox 256 477 3744 558">
    <p class='ocr_par' dir='ltr' id='par_1_3' title="bbox 256 477 3744 558">
     <span class='ocr_line' id='line_1_3' title="bbox 256 477 3744 558; baseline 0.003 -26"><span class='ocrx_word' id='word_1_20' title='bbox 256 477 378 532; x_wconf 82' lang='lat' dir='ltr'><strong><em>sonis</em></strong></span> <span class='ocrx_word' id='word_1_21' title='bbox 401 477 668 546; x_wconf 87' lang='lat' dir='ltr'><strong><em>divinis,</em></strong></span> <span class='ocrx_word' id='word_1_22' title='bbox 697 486 776 535; x_wconf 88' lang='lat' dir='ltr'><strong><em>ut</em></strong></span> <span class='ocrx_word' id='word_1_23' title='bbox 807 482 1191 540; x_wconf 82' lang='lat' dir='ltr'><strong><em>fraternam</em></strong></span> <span class='ocrx_word' id='word_1_24' title='bbox 1222 486 1668 556; x_wconf 81' lang='lat' dir='ltr'><strong><em>cognationem,</em></strong></span> <span class='ocrx_word' id='word_1_25' title='bbox 1690 487 1773 542; x_wconf 87' lang='lat' dir='ltr'><strong><em>ita</em></strong></span> <span class='ocrx_word' id='word_1_26' title='bbox 1793 485 1975 542; x_wconf 87' lang='lat' dir='ltr'><strong><em>etiam</em></strong></span> <span class='ocrx_word' id='word_1_27' title='bbox 2085 486 2506 557; x_wconf 79' lang='lat' dir='ltr'><strong><em>tribueremus,</em></strong></span> <span class='ocrx_word' id='word_1_28' title='bbox 2533 487 2934 558; x_wconf 79' lang='lat' dir='ltr'><strong><em>antiquiorem</em></strong></span> <span class='ocrx_word' id='word_1_29' title='bbox 2965 487 3108 543; x_wconf 88' lang='lat' dir='ltr'><strong><em>solis</em></strong></span> <span class='ocrx_word' id='word_1_30' title='bbox 3136 490 3524 558; x_wconf 79' lang='lat' dir='ltr'><strong><em>generatione</em></strong></span> <span class='ocrx_word' id='word_1_31' title='bbox 3551 487 3744 544; x_wconf 86' lang='lat' dir='ltr'><strong><em>aridi-</em></strong></span> 
     </span>
    </p>
   </div>
   <div class='ocr_carea' id='block_1_4' title="bbox 269 565 3736 650">
    <p class='ocr_par' dir='ltr' id='par_1_4' title="bbox 269 565 3736 650">
     <span class='ocr_line' id='line_1_4' title="bbox 269 565 3736 650; baseline 0.003 -27"><span class='ocrx_word' id='word_1_32' title='bbox 269 565 732 624; x_wconf 83' lang='lat' dir='ltr'><strong><em>consubtantiale</em></strong></span> <span class='ocrx_word' id='word_1_33' title='bbox 783 571 1246 631; x_wconf 80' lang='lat' dir='ltr'><strong><em>excluderent.</em></strong></span> <span class='ocrx_word' id='word_1_34' title='bbox 1283 577 1476 641; x_wconf 80' lang='lat' dir='ltr'><strong><em>Quare</em></strong></span> <span class='ocrx_word' id='word_1_35' title='bbox 1530 592 1652 632; x_wconf 92' lang='lat' dir='ltr'><strong><em>non</em></strong></span> <span class='ocrx_word' id='word_1_36' title='bbox 1686 580 1814 632; x_wconf 87' lang='lat' dir='ltr'><strong><em>erat</em></strong></span> <span class='ocrx_word' id='word_1_37' title='bbox 1871 590 1976 630; x_wconf 91' lang='lat' dir='ltr'><strong><em>cur</em></strong></span> <span class='ocrx_word' id='word_1_38' title='bbox 2085 582 2267 632; x_wconf 88' lang='lat' dir='ltr'><strong><em>tatem</em></strong></span> <span class='ocrx_word' id='word_1_39' title='bbox 2296 583 2473 634; x_wconf 73' lang='lat' dir='ltr'><strong><em>terrx</em></strong></span> <span class='ocrx_word' id='word_1_40' title='bbox 2495 578 2704 647; x_wconf 89' lang='lat' dir='ltr'><strong><em>opifex</em></strong></span> <span class='ocrx_word' id='word_1_41' title='bbox 2734 578 2946 646; x_wconf 79' lang='lat' dir='ltr'><strong><em>effecit.</em></strong></span> <span class='ocrx_word' id='word_1_42' title='bbox 2982 576 3271 633; x_wconf 88' lang='lat' dir='ltr'><strong><em>Ethomil.</em></strong></span> <span class='ocrx_word' id='word_1_43' title='bbox 3297 581 3347 648; x_wconf 88' lang='lat'><strong><em>6,</em></strong></span> <span class='ocrx_word' id='word_1_44' title='bbox 3380 592 3440 633; x_wconf 91' lang='lat' dir='ltr'><strong><em>n.</em></strong></span> <span class='ocrx_word' id='word_1_45' title='bbox 3473 582 3526 645; x_wconf 83' lang='lat'><strong><em>2,</em></strong></span> <span class='ocrx_word' id='word_1_46' title='bbox 3550 593 3610 650; x_wconf 95' lang='lat' dir='ltr'><strong><em>p.</em></strong></span> <span class='ocrx_word' id='word_1_47' title='bbox 3635 582 3736 635; x_wconf 80' lang='lat' dir='ltr'><strong><em>5i:</em></strong></span> 
     </span>
    </p>
   </div>
   <div class='ocr_carea' id='block_1_5' title="bbox 276 656 3741 740">
    <p class='ocr_par' dir='ltr' id='par_1_5' title="bbox 276 656 3741 740">
     <span class='ocr_line' id='line_1_5' title="bbox 276 656 3741 740; baseline 0.004 -28"><span class='ocrx_word' id='word_1_48' title='bbox 276 656 477 712; x_wconf 75' lang='lat' dir='ltr'><strong><em>Basilius</em></strong></span> <span class='ocrx_word' id='word_1_49' title='bbox 519 658 584 712; x_wconf 89' lang='lat' dir='ltr'><strong><em>in</em></strong></span> <span class='ocrx_word' id='word_1_50' title='bbox 642 663 1090 718; x_wconf 88' lang='lat' dir='ltr'><strong><em>contrarium</em></strong></span> <span class='ocrx_word' id='word_1_51' title='bbox 1142 665 1353 720; x_wconf 89' lang='lat' dir='ltr'><strong><em>vitium</em></strong></span> <span class='ocrx_word' id='word_1_52' title='bbox 1401 669 1686 729; x_wconf 90' lang='lat' dir='ltr'><strong><em>curreret,</em></strong></span> <span class='ocrx_word' id='word_1_53' title='bbox 1719 668 1776 720; x_wconf 91' lang='lat' dir='ltr'><strong><em>et</em></strong></span> <span class='ocrx_word' id='word_1_54' title='bbox 1803 664 1971 736; x_wconf 90' lang='lat' dir='ltr'><strong><em>quod</em></strong></span> <span class='ocrx_word' id='word_1_55' title='bbox 2085 668 2314 723; x_wconf 70' lang='lat' dir='ltr'><strong><em>Caelum</em></strong></span> <span class='ocrx_word' id='word_1_56' title='bbox 2337 674 2392 724; x_wconf 92' lang='lat' dir='ltr'><strong><em>et</em></strong></span> <span class='ocrx_word' id='word_1_57' title='bbox 2421 674 2586 724; x_wconf 87' lang='lat' dir='ltr'><strong><em>terra</em></strong></span> <span class='ocrx_word' id='word_1_58' title='bbox 2610 673 3052 740; x_wconf 71' lang='lat' dir='ltr'><strong><em>praecesserant,</em></strong></span> <span class='ocrx_word' id='word_1_59' title='bbox 3080 672 3213 736; x_wconf 90' lang='lat' dir='ltr'><strong><em>post</em></strong></span> <span class='ocrx_word' id='word_1_60' title='bbox 3245 667 3370 724; x_wconf 74' lang='lat' dir='ltr'><strong><em>haec</em></strong></span> <span class='ocrx_word' id='word_1_61' title='bbox 3400 673 3608 725; x_wconf 90' lang='lat' dir='ltr'><strong><em>creata</em></strong></span> <span class='ocrx_word' id='word_1_62' title='bbox 3631 669 3741 726; x_wconf 80' lang='lat' dir='ltr'><strong><em>lux</em></strong></span> 
     </span>
    </p>
   </div>
   <div class='ocr_carea' id='block_1_6' title="bbox 269 747 1972 826">
    <p class='ocr_par' dir='ltr' id='par_1_6' title="bbox 269 747 1972 826">
     <span class='ocr_line' id='line_1_6' title="bbox 269 747 1972 826; baseline 0.004 -24"><span class='ocrx_word' id='word_1_63' title='bbox 269 747 558 802; x_wconf 77' lang='lat' dir='ltr'><strong><em>adversarii</em></strong></span> <span class='ocrx_word' id='word_1_64' title='bbox 577 749 946 818; x_wconf 83' lang='lat' dir='ltr'><strong><em>negabant</em></strong></span> <span class='ocrx_word' id='word_1_65' title='bbox 968 752 1111 808; x_wconf 88' lang='lat' dir='ltr'><strong><em>sine</em></strong></span> <span class='ocrx_word' id='word_1_66' title='bbox 1135 753 1399 810; x_wconf 84' lang='lat' dir='ltr'><strong><em>fraterna</em></strong></span> <span class='ocrx_word' id='word_1_67' title='bbox 1417 755 1778 824; x_wconf 77' lang='lat' dir='ltr'><strong><em>cognatione</em></strong></span> <span class='ocrx_word' id='word_1_68' title='bbox 1792 768 1972 826; x_wconf 83' lang='lat' dir='ltr'><strong><em>posse</em></strong></span> 
     </span>
    </p>
   </div>
   <div class='ocr_carea' id='block_1_7' title="bbox 263 837 1969 916">
    <p class='ocr_par' dir='ltr' id='par_1_7' title="bbox 263 837 1969 916">
     <span class='ocr_line' id='line_1_7' title="bbox 263 837 1969 916; baseline 0.003 -23"><span class='ocrx_word' id='word_1_69' title='bbox 263 837 578 902; x_wconf 81' lang='lat' dir='ltr'><strong><em>consistere,</em></strong></span> <span class='ocrx_word' id='word_1_70' title='bbox 611 837 673 892; x_wconf 88' lang='lat' dir='ltr'><strong><em>id</em></strong></span> <span class='ocrx_word' id='word_1_71' title='bbox 715 855 881 894; x_wconf 89' lang='lat' dir='ltr'><strong><em>cum</em></strong></span> <span class='ocrx_word' id='word_1_72' title='bbox 915 857 999 897; x_wconf 88' lang='lat' dir='ltr'><strong><em>ea</em></strong></span> <span class='ocrx_word' id='word_1_73' title='bbox 1023 842 1338 899; x_wconf 87' lang='lat' dir='ltr'><strong><em>conciliari</em></strong></span> <span class='ocrx_word' id='word_1_74' title='bbox 1364 859 1486 899; x_wconf 91' lang='lat' dir='ltr'><strong><em>non</em></strong></span> <span class='ocrx_word' id='word_1_75' title='bbox 1517 859 1696 916; x_wconf 90' lang='lat' dir='ltr'><strong><em>posse</em></strong></span> <span class='ocrx_word' id='word_1_76' title='bbox 1726 843 1969 899; x_wconf 85' lang='lat' dir='ltr'><strong><em>diceret.</em></strong></span> 
     </span>
    </p>
   </div>
   <div class='ocr_carea' id='block_1_8' title="bbox 259 928 1970 999">
    <p class='ocr_par' dir='ltr' id='par_1_8' title="bbox 259 928 1970 999">
     <span class='ocr_line' id='line_1_8' title="bbox 259 928 1970 999; baseline 0.003 -16"><span class='ocrx_word' id='word_1_77' title='bbox 259 928 385 983; x_wconf 83' lang='lat' dir='ltr'><strong><em>Satis</em></strong></span> <span class='ocrx_word' id='word_1_78' title='bbox 415 932 545 982; x_wconf 87' lang='lat' dir='ltr'><strong><em>erat</em></strong></span> <span class='ocrx_word' id='word_1_79' title='bbox 570 928 974 999; x_wconf 86' lang='lat' dir='ltr'><strong><em>ostendere,</em></strong></span> <span class='ocrx_word' id='word_1_80' title='bbox 1012 947 1143 987; x_wconf 90' lang='lat' dir='ltr'><strong><em>non</em></strong></span> <span class='ocrx_word' id='word_1_81' title='bbox 1182 948 1254 988; x_wconf 87' lang='lat' dir='ltr'><strong><em>ea</em></strong></span> <span class='ocrx_word' id='word_1_82' title='bbox 1283 937 1521 989; x_wconf 85' lang='lat' dir='ltr'><strong><em>tantum</em></strong></span> <span class='ocrx_word' id='word_1_83' title='bbox 1551 932 1670 988; x_wconf 90' lang='lat' dir='ltr'><strong><em>dici</em></strong></span> <span class='ocrx_word' id='word_1_84' title='bbox 1704 931 1970 988; x_wconf 86' lang='lat' dir='ltr'><strong><em>consub-</em></strong></span> 
     </span>
    </p>
   </div>
   <div class='ocr_carea' id='block_1_9' title="bbox 257 1017 1965 1092">
    <p class='ocr_par' dir='ltr' id='par_1_9' title="bbox 257 1017 1965 1092">
     <span class='ocr_line' id='line_1_9' title="bbox 257 1017 1965 1092; baseline 0.005 -22"><span class='ocrx_word' id='word_1_85' title='bbox 257 1017 739 1090; x_wconf 75' lang='lat' dir='ltr'><strong><em>stantialia,quze</em></strong></span> <span class='ocrx_word' id='word_1_86' title='bbox 791 1019 1166 1077; x_wconf 78' lang='lat' dir='ltr'><strong><em>fraternam</em></strong></span> <span class='ocrx_word' id='word_1_87' title='bbox 1211 1022 1437 1078; x_wconf 87' lang='lat' dir='ltr'><strong><em>habent</em></strong></span> <span class='ocrx_word' id='word_1_88' title='bbox 1497 1025 1965 1092; x_wconf 81' lang='lat' dir='ltr'><strong><em>cognationem:</em></strong></span> 
     </span>
    </p>
   </div>
   <div class='ocr_carea' id='block_1_10' title="bbox 256 1107 1969 1182">
    <p class='ocr_par' dir='ltr' id='par_1_10' title="bbox 256 1107 1969 1182">
     <span class='ocr_line' id='line_1_10' title="bbox 256 1107 1969 1182; baseline 0.004 -20"><span class='ocrx_word' id='word_1_89' title='bbox 256 1107 340 1162; x_wconf 81' lang='lat' dir='ltr'><strong><em>sed</em></strong></span> <span class='ocrx_word' id='word_1_90' title='bbox 365 1123 492 1163; x_wconf 86' lang='lat' dir='ltr'><strong><em>cum</em></strong></span> <span class='ocrx_word' id='word_1_91' title='bbox 525 1122 731 1164; x_wconf 86' lang='lat' dir='ltr'><strong><em>causa</em></strong></span> <span class='ocrx_word' id='word_1_92' title='bbox 769 1115 834 1164; x_wconf 88' lang='lat' dir='ltr'><strong><em>et</em></strong></span> <span class='ocrx_word' id='word_1_93' title='bbox 855 1110 933 1165; x_wconf 88' lang='lat' dir='ltr'><strong><em>id</em></strong></span> <span class='ocrx_word' id='word_1_94' title='bbox 953 1111 1127 1182; x_wconf 90' lang='lat' dir='ltr'><strong><em>quod</em></strong></span> <span class='ocrx_word' id='word_1_95' title='bbox 1152 1126 1228 1168; x_wconf 87' lang='lat' dir='ltr'><strong><em>ex</em></strong></span> <span class='ocrx_word' id='word_1_96' title='bbox 1247 1127 1433 1168; x_wconf 88' lang='lat' dir='ltr'><strong><em>causa</em></strong></span> <span class='ocrx_word' id='word_1_97' title='bbox 1458 1113 1841 1169; x_wconf 88' lang='lat' dir='ltr'><strong><em>existentiam</em></strong></span> <span class='ocrx_word' id='word_1_98' title='bbox 1867 1111 1969 1168; x_wconf 87' lang='lat' dir='ltr'><strong><em>ha-</em></strong></span> 
     </span>
    </p>
   </div>
   <div class='ocr_carea' id='block_1_11' title="bbox 263 1197 1966 1268">
    <p class='ocr_par' dir='ltr' id='par_1_11' title="bbox 263 1197 1966 1268">
     <span class='ocr_line' id='line_1_11' title="bbox 263 1197 1966 1268; baseline 0.003 -17"><span class='ocrx_word' id='word_1_99' title='bbox 263 1197 352 1268; x_wconf 75' lang='lat' dir='ltr'><strong><em>bet,</em></strong></span> <span class='ocrx_word' id='word_1_100' title='bbox 383 1198 652 1266; x_wconf 81' lang='lat' dir='ltr'><strong><em>ejusdem</em></strong></span> <span class='ocrx_word' id='word_1_101' title='bbox 689 1205 858 1254; x_wconf 88' lang='lat' dir='ltr'><strong><em>sunt</em></strong></span> <span class='ocrx_word' id='word_1_102' title='bbox 883 1207 1168 1267; x_wconf 73' lang='lat' dir='ltr'><strong><em>naturx,</em></strong></span> <span class='ocrx_word' id='word_1_103' title='bbox 1195 1206 1337 1256; x_wconf 92' lang='lat' dir='ltr'><strong><em>tunc</em></strong></span> <span class='ocrx_word' id='word_1_104' title='bbox 1366 1206 1525 1257; x_wconf 91' lang='lat' dir='ltr'><strong><em>recte</em></strong></span> <span class='ocrx_word' id='word_1_105' title='bbox 1549 1201 1667 1257; x_wconf 89' lang='lat' dir='ltr'><strong><em>dici</em></strong></span> <span class='ocrx_word' id='word_1_106' title='bbox 1697 1199 1966 1258; x_wconf 87' lang='lat' dir='ltr'><strong><em>consub-</em></strong></span> 
     </span>
    </p>
   </div>
   <div class='ocr_carea' id='block_1_12' title="bbox 267 1287 1964 1362">
    <p class='ocr_par' dir='ltr' id='par_1_12' title="bbox 267 1287 1964 1362">
     <span class='ocr_line' id='line_1_12' title="bbox 267 1287 1964 1362; baseline 0.003 -21"><span class='ocrx_word' id='word_1_107' title='bbox 267 1287 564 1343; x_wconf 84' lang='lat' dir='ltr'><strong><em>stantialia.</em></strong></span> <span class='ocrx_word' id='word_1_108' title='bbox 598 1292 667 1343; x_wconf 85' lang='lat'><strong><em>3°</em></strong></span> <span class='ocrx_word' id='word_1_109' title='bbox 703 1291 854 1344; x_wconf 77' lang='lat' dir='ltr'><strong><em>Non</em></strong></span> <span class='ocrx_word' id='word_1_110' title='bbox 890 1289 1117 1346; x_wconf 87' lang='lat' dir='ltr'><strong><em>leviter</em></strong></span> <span class='ocrx_word' id='word_1_111' title='bbox 1146 1290 1567 1362; x_wconf 66' lang='lat' dir='ltr'><strong><em>praetereunda</em></strong></span> <span class='ocrx_word' id='word_1_112' title='bbox 1596 1291 1725 1346; x_wconf 74' lang='lat' dir='ltr'><strong><em>haec</em></strong></span> <span class='ocrx_word' id='word_1_113' title='bbox 1754 1289 1964 1356; x_wconf 88' lang='lat' dir='ltr'><strong><em>verba,</em></strong></span> 
     </span>
    </p>
   </div>
   <div class='ocr_carea' id='block_1_13' title="bbox 268 1377 1967 1452">
    <p class='ocr_par' dir='ltr' id='par_1_13' title="bbox 268 1377 1967 1452">
     <span class='ocr_line' id='line_1_13' title="bbox 268 1377 1967 1452; baseline 0.001 -20"><span class='ocrx_word' id='word_1_114' title='bbox 268 1378 319 1432; x_wconf 85' lang='lat' dir='ltr'><strong><em>id</em></strong></span> <span class='ocrx_word' id='word_1_115' title='bbox 342 1377 487 1448; x_wconf 85' lang='lat' dir='ltr'><strong><em>quod</em></strong></span> <span class='ocrx_word' id='word_1_116' title='bbox 513 1378 787 1450; x_wconf 87' lang='lat' dir='ltr'><strong><em>quidam</em></strong></span> <span class='ocrx_word' id='word_1_117' title='bbox 817 1381 1215 1436; x_wconf 80' lang='lat' dir='ltr'><strong><em>existimant.</em></strong></span> <span class='ocrx_word' id='word_1_118' title='bbox 1241 1383 1317 1435; x_wconf 79' lang='lat' dir='ltr'><strong><em>Ex</em></strong></span> <span class='ocrx_word' id='word_1_119' title='bbox 1348 1380 1441 1436; x_wconf 90' lang='lat' dir='ltr'><strong><em>his</em></strong></span> <span class='ocrx_word' id='word_1_120' title='bbox 1473 1381 1634 1436; x_wconf 89' lang='lat' dir='ltr'><strong><em>enim</em></strong></span> <span class='ocrx_word' id='word_1_121' title='bbox 1658 1384 1820 1452; x_wconf 90' lang='lat' dir='ltr'><strong><em>patet</em></strong></span> <span class='ocrx_word' id='word_1_122' title='bbox 1844 1395 1967 1435; x_wconf 92' lang='lat' dir='ltr'><strong><em>non</em></strong></span> 
     </span>
    </p>
   </div>
   <div class='ocr_carea' id='block_1_14' title="bbox 273 1467 1966 1540">
    <p class='ocr_par' dir='ltr' id='par_1_14' title="bbox 273 1467 1966 1540">
     <span class='ocr_line' id='line_1_14' title="bbox 273 1467 1966 1540; baseline 0.002 -19"><span class='ocrx_word' id='word_1_123' title='bbox 273 1482 635 1521; x_wconf 83' lang='lat' dir='ltr'><strong><em>communem</em></strong></span> <span class='ocrx_word' id='word_1_124' title='bbox 661 1483 702 1523; x_wconf 90' lang='lat' dir='ltr'><strong><em>a</em></strong></span> <span class='ocrx_word' id='word_1_125' title='bbox 734 1467 985 1524; x_wconf 85' lang='lat' dir='ltr'><strong><em>Basilio</em></strong></span> <span class='ocrx_word' id='word_1_126' title='bbox 1008 1468 1362 1540; x_wconf 86' lang='lat' dir='ltr'><strong><em>opinionem</em></strong></span> <span class='ocrx_word' id='word_1_127' title='bbox 1388 1468 1594 1536; x_wconf 84' lang='lat' dir='ltr'><strong><em>refelli,</em></strong></span> <span class='ocrx_word' id='word_1_128' title='bbox 1617 1484 1806 1540; x_wconf 85' lang='lat' dir='ltr'><strong><em>quam</em></strong></span> <span class='ocrx_word' id='word_1_129' title='bbox 1836 1469 1966 1540; x_wconf 87' lang='lat' dir='ltr'><strong><em>ipse</em></strong></span> 
     </span>
    </p>
   </div>
   <div class='ocr_carea' id='block_1_15' title="bbox 279 1557 1966 1629">
    <p class='ocr_par' dir='ltr' id='par_1_15' title="bbox 279 1557 1966 1629">
     <span class='ocr_line' id='line_1_15' title="bbox 279 1557 1966 1629; baseline 0.001 -16"><span class='ocrx_word' id='word_1_130' title='bbox 279 1557 398 1614; x_wconf 79' lang='lat' dir='ltr'><strong><em>alibi</em></strong></span> <span class='ocrx_word' id='word_1_131' title='bbox 444 1558 808 1629; x_wconf 81' lang='lat' dir='ltr'><strong><em>proﬁtetur,</em></strong></span> <span class='ocrx_word' id='word_1_132' title='bbox 845 1563 922 1614; x_wconf 90' lang='lat' dir='ltr'><strong><em>ut</em></strong></span> <span class='ocrx_word' id='word_1_133' title='bbox 961 1559 1156 1615; x_wconf 91' lang='lat' dir='ltr'><strong><em>modo</em></strong></span> <span class='ocrx_word' id='word_1_134' title='bbox 1181 1559 1662 1626; x_wconf 82' lang='lat' dir='ltr'><strong><em>observavimus,</em></strong></span> <span class='ocrx_word' id='word_1_135' title='bbox 1696 1558 1803 1615; x_wconf 89' lang='lat' dir='ltr'><strong><em>sed</em></strong></span> <span class='ocrx_word' id='word_1_136' title='bbox 1847 1558 1966 1615; x_wconf 88' lang='lat' dir='ltr'><strong><em>sin-</em></strong></span> 
     </span>
    </p>
   </div>
   <div class='ocr_carea' id='block_1_16' title="bbox 273 1647 1968 1720">
    <p class='ocr_par' dir='ltr' id='par_1_16' title="bbox 273 1647 1968 1720">
     <span class='ocr_line' id='line_1_16' title="bbox 273 1647 1968 1720; baseline 0 -17"><span class='ocrx_word' id='word_1_137' title='bbox 273 1648 460 1719; x_wconf 82' lang='lat' dir='ltr'><strong><em>gulare</em></strong></span> <span class='ocrx_word' id='word_1_138' title='bbox 514 1648 1004 1704; x_wconf 88' lang='lat' dir='ltr'><strong><em>nonnullorum</em></strong></span> <span class='ocrx_word' id='word_1_139' title='bbox 1035 1649 1358 1705; x_wconf 90' lang='lat' dir='ltr'><strong><em>hominum</em></strong></span> <span class='ocrx_word' id='word_1_140' title='bbox 1404 1653 1837 1719; x_wconf 88' lang='lat' dir='ltr'><strong><em>commentum,</em></strong></span> <span class='ocrx_word' id='word_1_141' title='bbox 1861 1647 1968 1720; x_wconf 89' lang='lat' dir='ltr'><strong><em>qui</em></strong></span> 
     </span>
    </p>
   </div>
   <div class='ocr_carea' id='block_1_17' title="bbox 2076 757 3741 827">
    <p class='ocr_par' dir='ltr' id='par_1_17' title="bbox 2076 757 3741 827">
     <span class='ocr_line' id='line_1_17' title="bbox 2076 757 3741 827; baseline 0.002 -16"><span class='ocrx_word' id='word_1_142' title='bbox 2076 757 2307 826; x_wconf 82' lang='lat' dir='ltr'><strong><em>fuerat,</em></strong></span> <span class='ocrx_word' id='word_1_143' title='bbox 2340 758 2465 814; x_wconf 86' lang='lat' dir='ltr'><strong><em>dies</em></strong></span> <span class='ocrx_word' id='word_1_144' title='bbox 2495 764 2551 814; x_wconf 91' lang='lat' dir='ltr'><strong><em>et</em></strong></span> <span class='ocrx_word' id='word_1_145' title='bbox 2576 773 2700 815; x_wconf 88' lang='lat' dir='ltr'><strong><em>nox</em></strong></span> <span class='ocrx_word' id='word_1_146' title='bbox 2729 758 3006 814; x_wconf 60' lang='lat' dir='ltr'><strong><em>discretae</em></strong></span> <span class='ocrx_word' id='word_1_147' title='bbox 3049 759 3337 827; x_wconf 82' lang='lat' dir='ltr'><strong><em>fuerant;</em></strong></span> <span class='ocrx_word' id='word_1_148' title='bbox 3366 759 3504 814; x_wconf 87' lang='lat' dir='ltr'><strong><em>item</em></strong></span> <span class='ocrx_word' id='word_1_149' title='bbox 3535 759 3741 826; x_wconf 83' lang='lat' dir='ltr'><strong><em>ﬁrma-</em></strong></span> 
     </span>
    </p>
   </div>
   <div class='ocr_carea' id='block_1_18' title="bbox 2079 849 3739 918">
    <p class='ocr_par' dir='ltr' id='par_1_18' title="bbox 2079 849 3739 918">
     <span class='ocr_line' id='line_1_18' title="bbox 2079 849 3739 918; baseline 0.002 -17"><span class='ocrx_word' id='word_1_150' title='bbox 2079 853 2360 918; x_wconf 82' lang='lat' dir='ltr'><strong><em>mentum,</em></strong></span> <span class='ocrx_word' id='word_1_151' title='bbox 2397 853 2452 904; x_wconf 88' lang='lat' dir='ltr'><strong><em>et</em></strong></span> <span class='ocrx_word' id='word_1_152' title='bbox 2480 849 2672 904; x_wconf 67' lang='lat' dir='ltr'><strong><em>aridae</em></strong></span> <span class='ocrx_word' id='word_1_153' title='bbox 2699 849 2966 904; x_wconf 74' lang='lat' dir='ltr'><strong><em>deiectio.</em></strong></span> <span class='ocrx_word' id='word_1_154' title='bbox 3004 849 3197 902; x_wconf 85' lang='lat' dir='ltr'><strong><em>Terra</em></strong></span> <span class='ocrx_word' id='word_1_155' title='bbox 3234 849 3494 918; x_wconf 86' lang='lat' dir='ltr'><strong><em>prapriis</em></strong></span> <span class='ocrx_word' id='word_1_156' title='bbox 3523 849 3739 918; x_wconf 84' lang='lat' dir='ltr'><strong><em>germi-</em></strong></span> 
     </span>
    </p>
   </div>
   <div class='ocr_carea' id='block_1_19' title="bbox 2079 938 3738 1012">
    <p class='ocr_par' dir='ltr' id='par_1_19' title="bbox 2079 938 3738 1012">
     <span class='ocr_line' id='line_1_19' title="bbox 2079 938 3738 1012; baseline 0.002 -20"><span class='ocrx_word' id='word_1_157' title='bbox 2079 938 2254 994; x_wconf 89' lang='lat' dir='ltr'><strong><em>nibus</em></strong></span> <span class='ocrx_word' id='word_1_158' title='bbox 2309 945 2440 995; x_wconf 80' lang='lat' dir='ltr'><strong><em>erat</em></strong></span> <span class='ocrx_word' id='word_1_159' title='bbox 2486 940 2735 1008; x_wconf 89' lang='lat' dir='ltr'><strong><em>referta,</em></strong></span> <span class='ocrx_word' id='word_1_160' title='bbox 2777 939 3259 1012; x_wconf 83' lang='lat' dir='ltr'><strong><em>quandoquidem</em></strong></span> <span class='ocrx_word' id='word_1_161' title='bbox 3296 945 3350 996; x_wconf 92' lang='lat' dir='ltr'><strong><em>et</em></strong></span> <span class='ocrx_word' id='word_1_162' title='bbox 3413 940 3738 997; x_wconf 87' lang='lat' dir='ltr'><strong><em>innumera</em></strong></span> 
     </span>
    </p>
   </div>
   <div class='ocr_carea' id='block_1_20' title="bbox 2075 1028 3738 1100">
    <p class='ocr_par' dir='ltr' id='par_1_20' title="bbox 2075 1028 3738 1100">
     <span class='ocr_line' id='line_1_20' title="bbox 2075 1028 3738 1100; baseline 0.001 -18"><span class='ocrx_word' id='word_1_163' title='bbox 2075 1029 2420 1095; x_wconf 85' lang='lat' dir='ltr'><strong><em>protulerat</em></strong></span> <span class='ocrx_word' id='word_1_164' title='bbox 2447 1029 2772 1085; x_wconf 82' lang='lat' dir='ltr'><strong><em>herbarum</em></strong></span> <span class='ocrx_word' id='word_1_165' title='bbox 2793 1045 3040 1100; x_wconf 88' lang='lat' dir='ltr'><strong><em>genera,</em></strong></span> <span class='ocrx_word' id='word_1_166' title='bbox 3072 1036 3127 1085; x_wconf 88' lang='lat' dir='ltr'><strong><em>et</em></strong></span> <span class='ocrx_word' id='word_1_167' title='bbox 3165 1028 3516 1086; x_wconf 86' lang='lat' dir='ltr'><strong><em>omnimodis</em></strong></span> <span class='ocrx_word' id='word_1_168' title='bbox 3564 1029 3738 1098; x_wconf 85' lang='lat' dir='ltr'><strong><em>plan-</em></strong></span> 
     </span>
    </p>
   </div>
   <div class='ocr_carea' id='block_1_21' title="bbox 2079 1117 3737 1188">
    <p class='ocr_par' dir='ltr' id='par_1_21' title="bbox 2079 1117 3737 1188">
     <span class='ocr_line' id='line_1_21' title="bbox 2079 1117 3737 1188; baseline 0.002 -17"><span class='ocrx_word' id='word_1_169' title='bbox 2079 1122 2279 1173; x_wconf 82' lang='lat' dir='ltr'><strong><em>tarum</em></strong></span> <span class='ocrx_word' id='word_1_170' title='bbox 2311 1119 2616 1188; x_wconf 83' lang='lat' dir='ltr'><strong><em>speciebus</em></strong></span> <span class='ocrx_word' id='word_1_171' title='bbox 2636 1118 3027 1176; x_wconf 72' lang='lat' dir='ltr'><strong><em>exuberabat.</em></strong></span> <span class='ocrx_word' id='word_1_172' title='bbox 3056 1117 3326 1175; x_wconf 88' lang='lat' dir='ltr'><strong><em>Necdum</em></strong></span> <span class='ocrx_word' id='word_1_173' title='bbox 3354 1123 3552 1174; x_wconf 89' lang='lat' dir='ltr'><strong><em>tamen</em></strong></span> <span class='ocrx_word' id='word_1_174' title='bbox 3604 1122 3737 1174; x_wconf 87' lang='lat' dir='ltr'><strong><em>erat</em></strong></span> 
     </span>
    </p>
   </div>
   <div class='ocr_carea' id='block_1_22' title="bbox 2075 1209 3737 1279">
    <p class='ocr_par' dir='ltr' id='par_1_22' title="bbox 2075 1209 3737 1279">
     <span class='ocr_line' id='line_1_22' title="bbox 2075 1209 3737 1279; baseline 0.001 -17"><span class='ocrx_word' id='word_1_175' title='bbox 2075 1209 2187 1276; x_wconf 91' lang='lat' dir='ltr'><strong><em>sol,</em></strong></span> <span class='ocrx_word' id='word_1_176' title='bbox 2214 1224 2406 1279; x_wconf 89' lang='lat' dir='ltr'><strong><em>neque</em></strong></span> <span class='ocrx_word' id='word_1_177' title='bbox 2428 1209 2620 1265; x_wconf 78' lang='lat' dir='ltr'><strong><em>luna:</em></strong></span> <span class='ocrx_word' id='word_1_178' title='bbox 2649 1224 2721 1264; x_wconf 91' lang='lat' dir='ltr'><strong><em>ne</em></strong></span> <span class='ocrx_word' id='word_1_179' title='bbox 2764 1210 2912 1264; x_wconf 87' lang='lat' dir='ltr'><strong><em>lucis</em></strong></span> <span class='ocrx_word' id='word_1_180' title='bbox 2942 1214 3244 1265; x_wconf 87' lang='lat' dir='ltr'><strong><em>auctorem</em></strong></span> <span class='ocrx_word' id='word_1_181' title='bbox 3285 1212 3340 1264; x_wconf 92' lang='lat' dir='ltr'><strong><em>et</em></strong></span> <span class='ocrx_word' id='word_1_182' title='bbox 3363 1214 3604 1278; x_wconf 88' lang='lat' dir='ltr'><strong><em>patrem</em></strong></span> <span class='ocrx_word' id='word_1_183' title='bbox 3635 1223 3737 1277; x_wconf 85' lang='lat' dir='ltr'><strong><em>ap-</em></strong></span> 
     </span>
    </p>
   </div>
   <div class='ocr_carea' id='block_1_23' title="bbox 2073 1297 3733 1367">
    <p class='ocr_par' dir='ltr' id='par_1_23' title="bbox 2073 1297 3733 1367">
     <span class='ocr_line' id='line_1_23' title="bbox 2073 1297 3733 1367; baseline 0 -15"><span class='ocrx_word' id='word_1_184' title='bbox 2073 1298 2378 1365; x_wconf 87' lang='lat' dir='ltr'><strong><em>pellarent</em></strong></span> <span class='ocrx_word' id='word_1_185' title='bbox 2408 1299 2782 1367; x_wconf 89' lang='lat' dir='ltr'><strong><em>solem,neve</em></strong></span> <span class='ocrx_word' id='word_1_186' title='bbox 2832 1313 3088 1354; x_wconf 88' lang='lat' dir='ltr'><strong><em>rerume</em></strong></span> <span class='ocrx_word' id='word_1_187' title='bbox 3135 1303 3300 1354; x_wconf 88' lang='lat' dir='ltr'><strong><em>terra</em></strong></span> <span class='ocrx_word' id='word_1_188' title='bbox 3357 1297 3733 1354; x_wconf 88' lang='lat' dir='ltr'><strong><em>nascentium</em></strong></span> 
     </span>
    </p>
   </div>
   <div class='ocr_carea' id='block_1_24' title="bbox 2075 1385 3456 1458">
    <p class='ocr_par' dir='ltr' id='par_1_24' title="bbox 2075 1385 3456 1458">
     <span class='ocr_line' id='line_1_24' title="bbox 2075 1385 3456 1458; baseline 0.003 -21"><span class='ocrx_word' id='word_1_189' title='bbox 2075 1385 2343 1454; x_wconf 84' lang='lat' dir='ltr'><strong><em>opiﬁcem</em></strong></span> <span class='ocrx_word' id='word_1_190' title='bbox 2367 1388 2472 1458; x_wconf 87' lang='lat' dir='ltr'><strong><em>qui</em></strong></span> <span class='ocrx_word' id='word_1_191' title='bbox 2491 1388 2678 1443; x_wconf 88' lang='lat' dir='ltr'><strong><em>Deum</em></strong></span> <span class='ocrx_word' id='word_1_192' title='bbox 2702 1387 2989 1456; x_wconf 89' lang='lat' dir='ltr'><strong><em>ignorant</em></strong></span> <span class='ocrx_word' id='word_1_193' title='bbox 3019 1388 3456 1442; x_wconf 71' lang='lat' dir='ltr'><strong><em>existimarent.</em></strong></span> 
     </span>
    </p>
   </div>
   <div class='ocr_carea' id='block_1_25' title="bbox 2144 1475 3735 1548">
    <p class='ocr_par' dir='ltr' id='par_1_25' title="bbox 2144 1475 3735 1548">
     <span class='ocr_line' id='line_1_25' title="bbox 2144 1475 3735 1548; baseline 0.003 -19"><span class='ocrx_word' id='word_1_194' title='bbox 2144 1477 2275 1530; x_wconf 88' lang='lat' dir='ltr'><strong><em>Jam</em></strong></span> <span class='ocrx_word' id='word_1_195' title='bbox 2308 1491 2452 1531; x_wconf 90' lang='lat' dir='ltr'><strong><em>vero</em></strong></span> <span class='ocrx_word' id='word_1_196' title='bbox 2504 1475 2782 1548; x_wconf 86' lang='lat' dir='ltr'><strong><em>perfacile</em></strong></span> <span class='ocrx_word' id='word_1_197' title='bbox 2825 1479 2883 1531; x_wconf 91' lang='lat' dir='ltr'><strong><em>et</em></strong></span> <span class='ocrx_word' id='word_1_198' title='bbox 2933 1491 3235 1547; x_wconf 83' lang='lat' dir='ltr'><strong><em>exponere</em></strong></span> <span class='ocrx_word' id='word_1_199' title='bbox 3264 1491 3386 1547; x_wconf 89' lang='lat' dir='ltr'><strong><em>quo</em></strong></span> <span class='ocrx_word' id='word_1_200' title='bbox 3418 1490 3598 1532; x_wconf 90' lang='lat' dir='ltr'><strong><em>sensu</em></strong></span> <span class='ocrx_word' id='word_1_201' title='bbox 3625 1477 3735 1533; x_wconf 66' lang='lat' dir='ltr'><strong><em>Ba-</em></strong></span> 
     </span>
    </p>
   </div>
   <div class='ocr_carea' id='block_1_26' title="bbox 2075 1564 3734 1638">
    <p class='ocr_par' dir='ltr' id='par_1_26' title="bbox 2075 1564 3734 1638">
     <span class='ocr_line' id='line_1_26' title="bbox 2075 1564 3734 1638; baseline 0.001 -17"><span class='ocrx_word' id='word_1_202' title='bbox 2075 1564 2242 1621; x_wconf 90' lang='lat' dir='ltr'><strong><em>silius</em></strong></span> <span class='ocrx_word' id='word_1_203' title='bbox 2290 1566 2594 1622; x_wconf 91' lang='lat' dir='ltr'><strong><em>mundum</em></strong></span> <span class='ocrx_word' id='word_1_204' title='bbox 2650 1566 2942 1638; x_wconf 89' lang='lat' dir='ltr'><strong><em>temporis</em></strong></span> <span class='ocrx_word' id='word_1_205' title='bbox 2993 1569 3304 1622; x_wconf 91' lang='lat' dir='ltr'><strong><em>momento</em></strong></span> <span class='ocrx_word' id='word_1_206' title='bbox 3369 1566 3734 1638; x_wconf 87' lang='lat' dir='ltr'><strong><em>productum</em></strong></span> 
     </span>
    </p>
   </div>
   <div class='ocr_carea' id='block_1_27' title="bbox 2075 1653 3730 1738">
    <p class='ocr_par' dir='ltr' id='par_1_27' title="bbox 2075 1653 3730 1738">
     <span class='ocr_line' id='line_1_27' title="bbox 2075 1653 3730 1738; baseline 0.002 -30"><span class='ocrx_word' id='word_1_207' title='bbox 2075 1653 2312 1711; x_wconf 81' lang='lat' dir='ltr'><strong><em>dixerit.</em></strong></span> <span class='ocrx_word' id='word_1_208' title='bbox 2339 1655 2777 1711; x_wconf 89' lang='lat' dir='ltr'><strong><em>Testimonium</em></strong></span> <span class='ocrx_word' id='word_1_209' title='bbox 2793 1655 2959 1727; x_wconf 91' lang='lat' dir='ltr'><strong><em>quod</em></strong></span> <span class='ocrx_word' id='word_1_210' title='bbox 2981 1655 3279 1725; x_wconf 90' lang='lat' dir='ltr'><strong><em>objicitur,</em></strong></span> <span class='ocrx_word' id='word_1_211' title='bbox 3304 1659 3496 1712; x_wconf 84' lang='lat' dir='ltr'><strong><em>exstat</em></strong></span> <span class='ocrx_word' id='word_1_212' title='bbox 3519 1655 3730 1738; x_wconf 83' lang='lat' dir='ltr'><strong><em>homil.</em></strong></span> 
     </span>
    </p>
   </div>
   <div class='ocr_carea' id='block_1_28' title="bbox 270 1738 1968 1820">
    <p class='ocr_par' dir='ltr' id='par_1_28' title="bbox 270 1738 1964 1811">
     <span class='ocr_line' id='line_1_28' title="bbox 270 1738 1964 1811; baseline 0.001 -18"><span class='ocrx_word' id='word_1_213' title='bbox 270 1738 553 1811; x_wconf 84' lang='lat' dir='ltr'><strong><em>putabant</em></strong></span> <span class='ocrx_word' id='word_1_214' title='bbox 585 1739 1171 1796; x_wconf 86' lang='lat' dir='ltr'><strong><em>consubstantialis</em></strong></span> <span class='ocrx_word' id='word_1_215' title='bbox 1201 1755 1338 1797; x_wconf 91' lang='lat' dir='ltr'><strong><em>voce</em></strong></span> <span class='ocrx_word' id='word_1_216' title='bbox 1364 1740 1639 1797; x_wconf 73' lang='lat' dir='ltr'><strong><em>exhiberi</em></strong></span> <span class='ocrx_word' id='word_1_217' title='bbox 1665 1741 1964 1795; x_wconf 89' lang='lat' dir='ltr'><strong><em>notionem</em></strong></span> 
     </span>
    </p>
   </div>
   <div class='ocr_carea' id='block_1_29' title="bbox 2089 1738 3732 1820">
    <p class='ocr_par' dir='ltr' id='par_1_29' title="bbox 2089 1740 3732 1820">
     <span class='ocr_line' id='line_1_29' title="bbox 2089 1740 3732 1820; baseline 0.001 -25"><span class='ocrx_word' id='word_1_218' title='bbox 2089 1745 2128 1814; x_wconf 87' lang='lat' dir='ltr'><strong><em>I,</em></strong></span> <span class='ocrx_word' id='word_1_219' title='bbox 2161 1759 2222 1798; x_wconf 90' lang='lat' dir='ltr'><strong><em>n.</em></strong></span> <span class='ocrx_word' id='word_1_220' title='bbox 2250 1748 2300 1815; x_wconf 87' lang='lat'><strong><em>6,</em></strong></span> <span class='ocrx_word' id='word_1_221' title='bbox 2335 1743 2439 1800; x_wconf 89' lang='lat' dir='ltr'><strong><em>ubi</em></strong></span> <span class='ocrx_word' id='word_1_222' title='bbox 2470 1744 2553 1800; x_wconf 90' lang='lat' dir='ltr'><strong><em>sic</em></strong></span> <span class='ocrx_word' id='word_1_223' title='bbox 2577 1743 2842 1816; x_wconf 84' lang='lat' dir='ltr'><strong><em>loquitur</em></strong></span> <span class='ocrx_word' id='word_1_224' title='bbox 2869 1761 2882 1800; x_wconf 90' lang='lat'><strong>:</strong></span> <span class='ocrx_word' id='word_1_225' title='bbox 2921 1741 2988 1796; x_wconf 69' lang='grc' dir='ltr'><strong><em>’Π</em></strong></span> <span class='ocrx_word' id='word_1_226' title='bbox 3008 1744 3181 1816; x_wconf 67' lang='grc' dir='ltr'>ξτάχα</span> <span class='ocrx_word' id='word_1_227' title='bbox 3214 1740 3309 1796; x_wconf 80' lang='grc' dir='ltr'><strong><em>διὰ</em></strong></span> <span class='ocrx_word' id='word_1_228' title='bbox 3350 1747 3409 1796; x_wconf 86' lang='grc' dir='ltr'>τὸ</span> <span class='ocrx_word' id='word_1_229' title='bbox 3459 1742 3732 1820; x_wconf 79' lang='grc' dir='ltr'>ἀκαριαῖον</span> 
     </span>
    </p>
   </div>
   <div class='ocr_carea' id='block_1_30' title="bbox 269 1830 1966 1900">
    <p class='ocr_par' dir='ltr' id='par_1_30' title="bbox 269 1830 1966 1900">
     <span class='ocr_line' id='line_1_30' title="bbox 269 1830 1966 1900; baseline 0 -16"><span class='ocrx_word' id='word_1_230' title='bbox 269 1830 638 1895; x_wconf 58' lang='lat' dir='ltr'><strong><em>substantia,</em></strong></span> <span class='ocrx_word' id='word_1_231' title='bbox 679 1836 740 1886; x_wconf 90' lang='lat' dir='ltr'><strong><em>et</em></strong></span> <span class='ocrx_word' id='word_1_232' title='bbox 774 1844 1004 1885; x_wconf 85' lang='lat' dir='ltr'><strong><em>eorum</em></strong></span> <span class='ocrx_word' id='word_1_233' title='bbox 1047 1845 1182 1900; x_wconf 71' lang='lat' dir='ltr'><strong><em>quae</em></strong></span> <span class='ocrx_word' id='word_1_234' title='bbox 1204 1845 1278 1886; x_wconf 90' lang='lat' dir='ltr'><strong><em>ex</em></strong></span> <span class='ocrx_word' id='word_1_235' title='bbox 1307 1830 1668 1899; x_wconf 82' lang='lat' dir='ltr'><strong><em>substantia,</em></strong></span> <span class='ocrx_word' id='word_1_236' title='bbox 1699 1830 1849 1886; x_wconf 85' lang='lat' dir='ltr'><strong><em>adeo</em></strong></span> <span class='ocrx_word' id='word_1_237' title='bbox 1902 1835 1966 1884; x_wconf 89' lang='lat' dir='ltr'><strong><em>ut</em></strong></span> 
     </span>
    </p>
   </div>
   <div class='ocr_carea' id='block_1_31' title="bbox 268 1919 1968 1988">
    <p class='ocr_par' dir='ltr' id='par_1_31' title="bbox 268 1919 1968 1988">
     <span class='ocr_line' id='line_1_31' title="bbox 268 1919 1968 1988; baseline -0.001 -14"><span class='ocrx_word' id='word_1_238' title='bbox 268 1920 445 1974; x_wconf 80' lang='lat' dir='ltr'><strong><em>divisa</em></strong></span> <span class='ocrx_word' id='word_1_239' title='bbox 470 1920 847 1975; x_wconf 83' lang='lat' dir='ltr'><strong><em>substantia</em></strong></span> <span class='ocrx_word' id='word_1_240' title='bbox 903 1920 1381 1988; x_wconf 80' lang='lat' dir='ltr'><strong><em>appellationem</em></strong></span> <span class='ocrx_word' id='word_1_241' title='bbox 1438 1919 1968 1976; x_wconf 82' lang='lat' dir='ltr'><strong><em>consubstantialis</em></strong></span> 
     </span>
    </p>
   </div>
   <div class='ocr_carea' id='block_1_32' title="bbox 276 2007 1271 2079">
    <p class='ocr_par' dir='ltr' id='par_1_32' title="bbox 276 2007 1271 2079">
     <span class='ocr_line' id='line_1_32' title="bbox 276 2007 1271 2079; baseline -0.001 -15"><span class='ocrx_word' id='word_1_242' title='bbox 276 2011 534 2064; x_wconf 81' lang='lat' dir='ltr'><strong><em>conciliet</em></strong></span> <span class='ocrx_word' id='word_1_243' title='bbox 559 2010 635 2064; x_wconf 89' lang='lat' dir='ltr'><strong><em>iis</em></strong></span> <span class='ocrx_word' id='word_1_244' title='bbox 659 2009 733 2063; x_wconf 88' lang='lat' dir='ltr'><strong><em>in</em></strong></span> <span class='ocrx_word' id='word_1_245' title='bbox 769 2023 916 2079; x_wconf 75' lang='lat' dir='ltr'><strong><em>qua:</em></strong></span> <span class='ocrx_word' id='word_1_246' title='bbox 949 2007 1148 2064; x_wconf 84' lang='lat' dir='ltr'><strong><em>divisa</em></strong></span> <span class='ocrx_word' id='word_1_247' title='bbox 1164 2015 1271 2064; x_wconf 92' lang='lat' dir='ltr'><strong><em>est.</em></strong></span> 
     </span>
    </p>
   </div>
   <div class='ocr_carea' id='block_1_33' title="bbox 337 2097 1968 2170">
    <p class='ocr_par' dir='ltr' id='par_1_33' title="bbox 337 2097 1968 2170">
     <span class='ocr_line' id='line_1_33' title="bbox 337 2097 1968 2170; baseline -0.001 -16"><span class='ocrx_word' id='word_1_248' title='bbox 337 2099 405 2154; x_wconf 86' lang='lat' dir='ltr'><strong><em>ll.</em></strong></span> <span class='ocrx_word' id='word_1_249' title='bbox 428 2102 482 2155; x_wconf 86' lang='lat' dir='ltr'><strong><em>S.</em></strong></span> <span class='ocrx_word' id='word_1_250' title='bbox 515 2098 738 2154; x_wconf 86' lang='lat' dir='ltr'><strong><em>Basilii</em></strong></span> <span class='ocrx_word' id='word_1_251' title='bbox 778 2103 1064 2153; x_wconf 88' lang='lat' dir='ltr'><strong><em>mentem</em></strong></span> <span class='ocrx_word' id='word_1_252' title='bbox 1098 2098 1300 2153; x_wconf 89' lang='lat' dir='ltr'><strong><em>minus</em></strong></span> <span class='ocrx_word' id='word_1_253' title='bbox 1326 2098 1678 2166; x_wconf 85' lang='lat' dir='ltr'><strong><em>calluerunt,</em></strong></span> <span class='ocrx_word' id='word_1_254' title='bbox 1701 2097 1806 2170; x_wconf 88' lang='lat' dir='ltr'><strong><em>qui</em></strong></span> <span class='ocrx_word' id='word_1_255' title='bbox 1827 2113 1968 2153; x_wconf 89' lang='lat' dir='ltr'><strong><em>eum</em></strong></span> 
     </span>
    </p>
   </div>
   <div class='ocr_carea' id='block_1_34' title="bbox 281 2187 1967 2262">
    <p class='ocr_par' dir='ltr' id='par_1_34' title="bbox 281 2187 1967 2262">
     <span class='ocr_line' id='line_1_34' title="bbox 281 2187 1967 2262; baseline -0.001 -18"><span class='ocrx_word' id='word_1_256' title='bbox 281 2189 335 2244; x_wconf 86' lang='lat' dir='ltr'><strong><em>in</em></strong></span> <span class='ocrx_word' id='word_1_257' title='bbox 354 2204 518 2262; x_wconf 85' lang='lat' dir='ltr'><strong><em>opere</em></strong></span> <span class='ocrx_word' id='word_1_258' title='bbox 554 2205 671 2244; x_wconf 87' lang='lat' dir='ltr'><strong><em>sex</em></strong></span> <span class='ocrx_word' id='word_1_259' title='bbox 700 2187 965 2243; x_wconf 86' lang='lat' dir='ltr'><strong><em>dierum</em></strong></span> <span class='ocrx_word' id='word_1_260' title='bbox 995 2187 1356 2258; x_wconf 82' lang='lat' dir='ltr'><strong><em>explicando</em></strong></span> <span class='ocrx_word' id='word_1_261' title='bbox 1387 2188 1470 2243; x_wconf 89' lang='lat' dir='ltr'><strong><em>sic</em></strong></span> <span class='ocrx_word' id='word_1_262' title='bbox 1510 2187 1732 2245; x_wconf 87' lang='lat' dir='ltr'><strong><em>versari</em></strong></span> <span class='ocrx_word' id='word_1_263' title='bbox 1764 2187 1967 2243; x_wconf 84' lang='lat' dir='ltr'><strong><em>existi-</em></strong></span> 
     </span>
    </p>
   </div>
   <div class='ocr_carea' id='block_1_35' title="bbox 270 2277 1969 2351">
    <p class='ocr_par' dir='ltr' id='par_1_35' title="bbox 270 2277 1969 2351">
     <span class='ocr_line' id='line_1_35' title="bbox 270 2277 1969 2351; baseline -0.001 -16"><span class='ocrx_word' id='word_1_264' title='bbox 270 2285 523 2351; x_wconf 84' lang='lat' dir='ltr'><strong><em>marunt,</em></strong></span> <span class='ocrx_word' id='word_1_265' title='bbox 550 2283 624 2334; x_wconf 91' lang='lat' dir='ltr'><strong><em>ut</em></strong></span> <span class='ocrx_word' id='word_1_266' title='bbox 658 2277 995 2334; x_wconf 88' lang='lat' dir='ltr'><strong><em>mundum</em></strong></span> <span class='ocrx_word' id='word_1_267' title='bbox 1027 2278 1318 2349; x_wconf 89' lang='lat' dir='ltr'><strong><em>temporis</em></strong></span> <span class='ocrx_word' id='word_1_268' title='bbox 1348 2283 1658 2334; x_wconf 89' lang='lat' dir='ltr'><strong><em>momento</em></strong></span> <span class='ocrx_word' id='word_1_269' title='bbox 1689 2294 1827 2334; x_wconf 91' lang='lat' dir='ltr'><strong><em>cum</em></strong></span> <span class='ocrx_word' id='word_1_270' title='bbox 1855 2292 1969 2334; x_wconf 88' lang='lat' dir='ltr'><strong><em>suo</em></strong></span> 
     </span>
    </p>
   </div>
   <div class='ocr_carea' id='block_1_36' title="bbox 265 2366 1969 2438">
    <p class='ocr_par' dir='ltr' id='par_1_36' title="bbox 265 2366 1969 2438">
     <span class='ocr_line' id='line_1_36' title="bbox 265 2366 1969 2438; baseline -0.002 -12"><span class='ocrx_word' id='word_1_271' title='bbox 265 2375 480 2426; x_wconf 83' lang='lat' dir='ltr'><strong><em>ornatu</em></strong></span> <span class='ocrx_word' id='word_1_272' title='bbox 503 2373 805 2425; x_wconf 85' lang='lat' dir='ltr'><strong><em>creatum</em></strong></span> <span class='ocrx_word' id='word_1_273' title='bbox 842 2383 882 2423; x_wconf 90' lang='lat' dir='ltr'><strong><em>a</em></strong></span> <span class='ocrx_word' id='word_1_274' title='bbox 916 2369 1038 2422; x_wconf 92' lang='lat' dir='ltr'><strong><em>Deo</em></strong></span> <span class='ocrx_word' id='word_1_275' title='bbox 1060 2366 1296 2423; x_wconf 89' lang='lat' dir='ltr'><strong><em>doceat.</em></strong></span> <span class='ocrx_word' id='word_1_276' title='bbox 1322 2367 1616 2423; x_wconf 90' lang='lat' dir='ltr'><strong><em>Omnibus</em></strong></span> <span class='ocrx_word' id='word_1_277' title='bbox 1642 2370 1797 2423; x_wconf 89' lang='lat' dir='ltr'><strong><em>certe</em></strong></span> <span class='ocrx_word' id='word_1_278' title='bbox 1815 2368 1969 2438; x_wconf 84' lang='lat' dir='ltr'><strong>Moy-</strong></span> 
     </span>
    </p>
   </div>
   <div class='ocr_carea' id='block_1_37' title="bbox 269 2455 1968 2530">
    <p class='ocr_par' dir='ltr' id='par_1_37' title="bbox 269 2455 1968 2530">
     <span class='ocr_line' id='line_1_37' title="bbox 269 2455 1968 2530; baseline -0.001 -16"><span class='ocrx_word' id='word_1_279' title='bbox 269 2460 353 2514; x_wconf 88' lang='lat' dir='ltr'><strong><em>sis</em></strong></span> <span class='ocrx_word' id='word_1_280' title='bbox 373 2459 646 2530; x_wconf 70' lang='lat' dir='ltr'><strong><em>vestigiis</em></strong></span> <span class='ocrx_word' id='word_1_281' title='bbox 675 2456 1158 2514; x_wconf 83' lang='lat' dir='ltr'><strong><em>accuratissime</em></strong></span> <span class='ocrx_word' id='word_1_282' title='bbox 1181 2456 1414 2512; x_wconf 88' lang='lat' dir='ltr'><strong><em>insistit.</em></strong></span> <span class='ocrx_word' id='word_1_283' title='bbox 1447 2457 1667 2522; x_wconf 66' lang='lat' dir='ltr'><strong><em>Quaerit</em></strong></span> <span class='ocrx_word' id='word_1_284' title='bbox 1687 2455 1968 2513; x_wconf 82' lang='lat' dir='ltr'><strong><em>homil.2.</em></strong></span> 
     </span>
    </p>
   </div>
   <div class='ocr_carea' id='block_1_38' title="bbox 266 2544 1970 2622">
    <p class='ocr_par' dir='ltr' id='par_1_38' title="bbox 266 2544 1970 2622">
     <span class='ocr_line' id='line_1_38' title="bbox 266 2544 1970 2622; baseline -0.004 -16"><span class='ocrx_word' id='word_1_285' title='bbox 266 2567 332 2608; x_wconf 88' lang='lat' dir='ltr'><strong><em>n.</em></strong></span> <span class='ocrx_word' id='word_1_286' title='bbox 365 2555 414 2616; x_wconf 80' lang='lat' dir='ltr'><strong><em>t,</em></strong></span> <span class='ocrx_word' id='word_1_287' title='bbox 443 2565 592 2622; x_wconf 81' lang='lat' dir='ltr'><strong><em>pag.</em></strong></span> <span class='ocrx_word' id='word_1_288' title='bbox 627 2552 728 2618; x_wconf 80' lang='lat'><strong><em>22,</em></strong></span> <span class='ocrx_word' id='word_1_289' title='bbox 759 2563 878 2602; x_wconf 90' lang='lat' dir='ltr'><strong><em>cur</em></strong></span> <span class='ocrx_word' id='word_1_290' title='bbox 910 2551 1068 2603; x_wconf 89' lang='lat' dir='ltr'><strong><em>terra</em></strong></span> <span class='ocrx_word' id='word_1_291' title='bbox 1098 2546 1334 2602; x_wconf 88' lang='lat' dir='ltr'><strong><em>dicatur</em></strong></span> <span class='ocrx_word' id='word_1_292' title='bbox 1353 2546 1775 2618; x_wconf 88' lang='lat' dir='ltr'><strong><em>incomposita,</em></strong></span> <span class='ocrx_word' id='word_1_293' title='bbox 1809 2544 1970 2601; x_wconf 90' lang='lat' dir='ltr'><strong><em>idem</em></strong></span> 
     </span>
    </p>
   </div>
   <div class='ocr_carea' id='block_1_39' title="bbox 271 2633 1972 2706">
    <p class='ocr_par' dir='ltr' id='par_1_39' title="bbox 271 2633 1972 2706">
     <span class='ocr_line' id='line_1_39' title="bbox 271 2633 1972 2706; baseline -0.004 -11"><span class='ocrx_word' id='word_1_294' title='bbox 271 2655 415 2695; x_wconf 76' lang='lat' dir='ltr'><strong><em>vero</em></strong></span> <span class='ocrx_word' id='word_1_295' title='bbox 440 2640 516 2694; x_wconf 90' lang='lat' dir='ltr'><strong><em>de</em></strong></span> <span class='ocrx_word' id='word_1_296' title='bbox 546 2638 716 2694; x_wconf 67' lang='lat' dir='ltr'><strong><em>caelo</em></strong></span> <span class='ocrx_word' id='word_1_297' title='bbox 740 2651 878 2692; x_wconf 89' lang='lat' dir='ltr'><strong><em>non</em></strong></span> <span class='ocrx_word' id='word_1_298' title='bbox 903 2636 1159 2691; x_wconf 85' lang='lat' dir='ltr'><strong><em>dicatur.</em></strong></span> <span class='ocrx_word' id='word_1_299' title='bbox 1182 2638 1420 2691; x_wconf 87' lang='lat' dir='ltr'><strong><em>Terram</em></strong></span> <span class='ocrx_word' id='word_1_300' title='bbox 1444 2635 1578 2690; x_wconf 90' lang='lat' dir='ltr'><strong><em>ideo</em></strong></span> <span class='ocrx_word' id='word_1_301' title='bbox 1606 2633 1972 2706; x_wconf 91' lang='lat' dir='ltr'><strong><em>incomposi-</em></strong></span> 
     </span>
    </p>
   </div>
   <div class='ocr_carea' id='block_1_40' title="bbox 285 2724 1972 2797">
    <p class='ocr_par' dir='ltr' id='par_1_40' title="bbox 285 2724 1972 2797">
     <span class='ocr_line' id='line_1_40' title="bbox 285 2724 1972 2797; baseline -0.004 -13"><span class='ocrx_word' id='word_1_302' title='bbox 285 2734 407 2784; x_wconf 76' lang='lat' dir='ltr'><strong><em>tam</em></strong></span> <span class='ocrx_word' id='word_1_303' title='bbox 434 2729 552 2784; x_wconf 84' lang='lat' dir='ltr'><strong><em>diei</em></strong></span> <span class='ocrx_word' id='word_1_304' title='bbox 575 2727 831 2792; x_wconf 85' lang='lat' dir='ltr'><strong><em>statuit,</em></strong></span> <span class='ocrx_word' id='word_1_305' title='bbox 866 2725 1013 2797; x_wconf 85' lang='lat' dir='ltr'><strong><em>quia</em></strong></span> <span class='ocrx_word' id='word_1_306' title='bbox 1039 2724 1317 2780; x_wconf 89' lang='lat' dir='ltr'><strong><em>nondum</em></strong></span> <span class='ocrx_word' id='word_1_307' title='bbox 1346 2724 1607 2796; x_wconf 86' lang='lat' dir='ltr'><strong><em>plantas,</em></strong></span> <span class='ocrx_word' id='word_1_308' title='bbox 1642 2725 1891 2780; x_wconf 88' lang='lat' dir='ltr'><strong><em>arbores</em></strong></span> <span class='ocrx_word' id='word_1_309' title='bbox 1914 2726 1972 2778; x_wconf 89' lang='lat' dir='ltr'><strong><em>et</em></strong></span> 
     </span>
    </p>
   </div>
   <div class='ocr_carea' id='block_1_41' title="bbox 284 2813 1972 2891">
    <p class='ocr_par' dir='ltr' id='par_1_41' title="bbox 284 2813 1972 2891">
     <span class='ocr_line' id='line_1_41' title="bbox 284 2813 1972 2891; baseline -0.004 -16"><span class='ocrx_word' id='word_1_310' title='bbox 284 2819 460 2875; x_wconf 83' lang='lat' dir='ltr'><strong><em>ﬂores</em></strong></span> <span class='ocrx_word' id='word_1_311' title='bbox 480 2817 856 2891; x_wconf 86' lang='lat' dir='ltr'><strong><em>protulerat.</em></strong></span> <span class='ocrx_word' id='word_1_312' title='bbox 886 2819 958 2871; x_wconf 87' lang='lat' dir='ltr'><strong><em>At</em></strong></span> <span class='ocrx_word' id='word_1_313' title='bbox 1006 2815 1205 2887; x_wconf 90' lang='lat' dir='ltr'><strong><em>ipsum</em></strong></span> <span class='ocrx_word' id='word_1_314' title='bbox 1234 2813 1454 2870; x_wconf 70' lang='lat' dir='ltr'><strong><em>cmlum</em></strong></span> <span class='ocrx_word' id='word_1_315' title='bbox 1499 2814 1972 2886; x_wconf 85' lang='lat' dir='ltr'><strong><em>incompositum</em></strong></span> 
     </span>
    </p>
   </div>
   <div class='ocr_carea' id='block_1_42' title="bbox 280 2904 1970 2977">
    <p class='ocr_par' dir='ltr' id='par_1_42' title="bbox 280 2904 1970 2977">
     <span class='ocr_line' id='line_1_42' title="bbox 280 2904 1970 2977; baseline -0.004 -11"><span class='ocrx_word' id='word_1_316' title='bbox 280 2909 466 2966; x_wconf 82' lang='lat' dir='ltr'><strong><em>fuisse</em></strong></span> <span class='ocrx_word' id='word_1_317' title='bbox 495 2906 853 2966; x_wconf 89' lang='lat' dir='ltr'><strong><em>contendit.</em></strong></span> <span class='ocrx_word' id='word_1_318' title='bbox 905 2907 1055 2962; x_wconf 72' lang='lat' dir='ltr'><strong><em>Haec</em></strong></span> <span class='ocrx_word' id='word_1_319' title='bbox 1080 2905 1303 2972; x_wconf 88' lang='lat' dir='ltr'><strong><em>eadem,</em></strong></span> <span class='ocrx_word' id='word_1_320' title='bbox 1337 2904 1554 2977; x_wconf 89' lang='lat' dir='ltr'><strong><em>inquit,</em></strong></span> <span class='ocrx_word' id='word_1_321' title='bbox 1587 2910 1640 2960; x_wconf 89' lang='lat' dir='ltr'><strong><em>et</em></strong></span> <span class='ocrx_word' id='word_1_322' title='bbox 1700 2904 1772 2960; x_wconf 91' lang='lat' dir='ltr'><strong><em>de</em></strong></span> <span class='ocrx_word' id='word_1_323' title='bbox 1823 2905 1970 2960; x_wconf 68' lang='lat' dir='ltr'><strong><em>caelo</em></strong></span> 
     </span>
    </p>
   </div>
   <div class='ocr_carea' id='block_1_43' title="bbox 281 2994 1970 3064">
    <p class='ocr_par' dir='ltr' id='par_1_43' title="bbox 281 2994 1970 3064">
     <span class='ocr_line' id='line_1_43' title="bbox 281 2994 1970 3064; baseline -0.004 -10"><span class='ocrx_word' id='word_1_324' title='bbox 281 3000 644 3063; x_wconf 70' lang='lat' dir='ltr'><strong><em>dixerimus,</em></strong></span> <span class='ocrx_word' id='word_1_325' title='bbox 659 2996 943 3052; x_wconf 86' lang='lat' dir='ltr'><strong><em>nondum</em></strong></span> <span class='ocrx_word' id='word_1_326' title='bbox 966 2995 1128 3050; x_wconf 88' lang='lat' dir='ltr'><strong><em>illud</em></strong></span> <span class='ocrx_word' id='word_1_327' title='bbox 1146 2995 1452 3051; x_wconf 86' lang='lat' dir='ltr'><strong><em>excultum</em></strong></span> <span class='ocrx_word' id='word_1_328' title='bbox 1474 2994 1681 3064; x_wconf 87' lang='lat' dir='ltr'><strong><em>fuisse,</em></strong></span> <span class='ocrx_word' id='word_1_329' title='bbox 1711 3008 1818 3050; x_wconf 89' lang='lat' dir='ltr'><strong><em>nec</em></strong></span> <span class='ocrx_word' id='word_1_330' title='bbox 1832 3008 1970 3062; x_wconf 84' lang='lat' dir='ltr'><strong><em>pro-</em></strong></span> 
     </span>
    </p>
   </div>
   <div class='ocr_carea' id='block_1_44' title="bbox 2075 1831 3728 1909">
    <p class='ocr_par' dir='ltr' id='par_1_44' title="bbox 2075 1831 3728 1909">
     <span class='ocr_line' id='line_1_44' title="bbox 2075 1831 3728 1909; baseline 0.001 -24"><span class='ocrx_word' id='word_1_331' title='bbox 2075 1839 2166 1886; x_wconf 83' lang='grc' dir='ltr'><strong><em>καὶ</em></strong></span> <span class='ocrx_word' id='word_1_332' title='bbox 2217 1835 2442 1908; x_wconf 78' lang='grc' dir='ltr'>ἁχρονον</span> <span class='ocrx_word' id='word_1_333' title='bbox 2493 1843 2584 1894; x_wconf 84' lang='grc' dir='ltr'><strong><em>τῆς</em></strong></span> <span class='ocrx_word' id='word_1_334' title='bbox 2626 1831 2978 1908; x_wconf 71' lang='grc' dir='ltr'><strong><em>δημιουργίας</em></strong></span> <span class='ocrx_word' id='word_1_335' title='bbox 3025 1837 3230 1908; x_wconf 81' lang='grc' dir='ltr'>εἴρηται</span> <span class='ocrx_word' id='word_1_336' title='bbox 3280 1836 3360 1903; x_wconf 81' lang='grc' dir='ltr'><strong><em>τὸ,</em></strong></span> <span class='ocrx_word' id='word_1_337' title='bbox 3395 1856 3423 1885; x_wconf 89' lang='grc'><strong><em>‹‹</em></strong></span> <span class='ocrx_word' id='word_1_338' title='bbox 3471 1831 3552 1886; x_wconf 86' lang='grc' dir='ltr'><strong><em>Ἐν</em></strong></span> <span class='ocrx_word' id='word_1_339' title='bbox 3583 1833 3728 1909; x_wconf 74' lang='grc' dir='ltr'><strong><em>ἀρχὴ</em></strong></span> 
     </span>
    </p>
   </div>
   <div class='ocr_carea' id='block_1_45' title="bbox 2077 1915 3732 1992">
    <p class='ocr_par' dir='ltr' id='par_1_45' title="bbox 2077 1915 3732 1992">
     <span class='ocr_line' id='line_1_45' title="bbox 2077 1915 3732 1992; baseline -0.001 -20"><span class='ocrx_word' id='word_1_340' title='bbox 2077 1919 2340 1988; x_wconf 71' lang='grc' dir='ltr'><strong><em>ἐποίησεν,</em></strong></span> <span class='ocrx_word' id='word_1_341' title='bbox 2370 1942 2396 1969; x_wconf 88' lang='grc'><strong>››</strong></span> <span class='ocrx_word' id='word_1_342' title='bbox 2423 1916 2604 1977; x_wconf 77' lang='grc' dir='ltr'><strong><em>ἐπειδὴ</em></strong></span> <span class='ocrx_word' id='word_1_343' title='bbox 2635 1917 2818 1992; x_wconf 55' lang='grc' dir='ltr'><strong><em>ἀμερές</em></strong></span> <span class='ocrx_word' id='word_1_344' title='bbox 2843 1937 2895 1971; x_wconf 83' lang='grc' dir='ltr'><strong><em>τι</em></strong></span> <span class='ocrx_word' id='word_1_345' title='bbox 2915 1923 3004 1970; x_wconf 83' lang='grc' dir='ltr'><strong><em>καὶ</em></strong></span> <span class='ocrx_word' id='word_1_346' title='bbox 3037 1915 3362 1971; x_wconf 77' lang='grc' dir='ltr'><strong><em>ἀδιάστατον</em></strong></span> <span class='ocrx_word' id='word_1_347' title='bbox 3392 1920 3422 1977; x_wconf 80' lang='grc' dir='ltr'>ἡ</span> <span class='ocrx_word' id='word_1_348' title='bbox 3458 1917 3622 1991; x_wconf 77' lang='grc' dir='ltr'>ἀρχή.</span> <span class='ocrx_word' id='word_1_349' title='bbox 3641 1918 3732 1982; x_wconf 80' lang='grc' dir='ltr'><strong><em>Ὠς</em></strong></span> 
     </span>
    </p>
   </div>
   <div class='ocr_carea' id='block_1_46' title="bbox 2075 2005 3733 2084">
    <p class='ocr_par' dir='ltr' id='par_1_46' title="bbox 2075 2005 3733 2084">
     <span class='ocr_line' id='line_1_46' title="bbox 2075 2005 3733 2084; baseline -0.001 -22"><span class='ocrx_word' id='word_1_350' title='bbox 2075 2013 2177 2084; x_wconf 73' lang='grc' dir='ltr'><strong><em>γὰρ</em></strong></span> <span class='ocrx_word' id='word_1_351' title='bbox 2218 2012 2248 2068; x_wconf 81' lang='grc' dir='ltr'>ἡ</span> <span class='ocrx_word' id='word_1_352' title='bbox 2277 2009 2421 2082; x_wconf 81' lang='grc' dir='ltr'>ἁρχὴ</span> <span class='ocrx_word' id='word_1_353' title='bbox 2455 2018 2550 2070; x_wconf 83' lang='grc' dir='ltr'>τῆς</span> <span class='ocrx_word' id='word_1_354' title='bbox 2571 2010 2700 2062; x_wconf 75' lang='grc' dir='ltr'><strong><em>ὀδοῦ</em></strong></span> <span class='ocrx_word' id='word_1_355' title='bbox 2727 2011 2870 2061; x_wconf 74' lang='grc' dir='ltr'><strong><em>οὔπω</em></strong></span> <span class='ocrx_word' id='word_1_356' title='bbox 2892 2005 3036 2073; x_wconf 76' lang='grc' dir='ltr'><strong><em>ὁδὸς,</em></strong></span> <span class='ocrx_word' id='word_1_357' title='bbox 3069 2012 3159 2061; x_wconf 77' lang='grc' dir='ltr'><strong><em>καὶ</em></strong></span> <span class='ocrx_word' id='word_1_358' title='bbox 3198 2010 3226 2066; x_wconf 82' lang='grc' dir='ltr'>ἡ</span> <span class='ocrx_word' id='word_1_359' title='bbox 3263 2007 3407 2082; x_wconf 82' lang='grc' dir='ltr'>ἁρχὴ</span> <span class='ocrx_word' id='word_1_360' title='bbox 3438 2017 3530 2070; x_wconf 85' lang='grc' dir='ltr'><strong><em>τῆς</em></strong></span> <span class='ocrx_word' id='word_1_361' title='bbox 3564 2008 3733 2070; x_wconf 77' lang='grc' dir='ltr'>οἰκίας</span> 
     </span>
    </p>
   </div>
   <div class='ocr_carea' id='block_1_47' title="bbox 2077 2096 3729 2172">
    <p class='ocr_par' dir='ltr' id='par_1_47' title="bbox 2077 2096 3729 2172">
     <span class='ocr_line' id='line_1_47' title="bbox 2077 2096 3729 2172; baseline -0.002 -19"><span class='ocrx_word' id='word_1_362' title='bbox 2077 2100 2172 2153; x_wconf 75' lang='grc' dir='ltr'><strong><em>οὐκ</em></strong></span> <span class='ocrx_word' id='word_1_363' title='bbox 2197 2100 2358 2152; x_wconf 81' lang='grc' dir='ltr'><strong>οἰκία⁶</strong></span> <span class='ocrx_word' id='word_1_364' title='bbox 2391 2099 2525 2153; x_wconf 76' lang='grc' dir='ltr'>οὕτω</span> <span class='ocrx_word' id='word_1_365' title='bbox 2554 2103 2644 2151; x_wconf 78' lang='grc' dir='ltr'><strong>καὶ</strong></span> <span class='ocrx_word' id='word_1_366' title='bbox 2689 2101 2719 2157; x_wconf 85' lang='grc' dir='ltr'><strong>ἡ</strong></span> <span class='ocrx_word' id='word_1_367' title='bbox 2772 2105 2863 2150; x_wconf 78' lang='grc' dir='ltr'>τοῦ</span> <span class='ocrx_word' id='word_1_368' title='bbox 2901 2102 3098 2171; x_wconf 79' lang='grc' dir='ltr'>χρόνου</span> <span class='ocrx_word' id='word_1_369' title='bbox 3149 2096 3292 2172; x_wconf 75' lang='grc' dir='ltr'>ἀρχὴ</span> <span class='ocrx_word' id='word_1_370' title='bbox 3336 2100 3478 2151; x_wconf 81' lang='grc' dir='ltr'><strong><em>οὐπω</em></strong></span> <span class='ocrx_word' id='word_1_371' title='bbox 3514 2102 3729 2171; x_wconf 83' lang='grc' dir='ltr'><strong><em>χρόνος,</em></strong></span> 
     </span>
    </p>
   </div>
   <div class='ocr_carea' id='block_1_48' title="bbox 2078 2183 3735 2264">
    <p class='ocr_par' dir='ltr' id='par_1_48' title="bbox 2078 2183 3735 2264">
     <span class='ocr_line' id='line_1_48' title="bbox 2078 2183 3735 2264; baseline -0.002 -21"><span class='ocrx_word' id='word_1_372' title='bbox 2078 2191 2183 2244; x_wconf 77' lang='grc' dir='ltr'>ἀλλ’</span> <span class='ocrx_word' id='word_1_373' title='bbox 2217 2186 2341 2242; x_wconf 71' lang='grc' dir='ltr'><strong><em>οὐδὲ</em></strong></span> <span class='ocrx_word' id='word_1_374' title='bbox 2371 2193 2524 2264; x_wconf 82' lang='grc' dir='ltr'>μέρος</span> <span class='ocrx_word' id='word_1_375' title='bbox 2556 2189 2713 2241; x_wconf 75' lang='grc' dir='ltr'>αὐτοῦ</span> <span class='ocrx_word' id='word_1_376' title='bbox 2737 2191 2794 2240; x_wconf 91' lang='grc' dir='ltr'>τὸ</span> <span class='ocrx_word' id='word_1_377' title='bbox 2826 2186 3176 2259; x_wconf 75' lang='grc' dir='ltr'>ἐλάχιστον...</span> <span class='ocrx_word' id='word_1_378' title='bbox 3205 2185 3313 2241; x_wconf 76' lang='grc' dir='ltr'><strong><em>Ἰνα</em></strong></span> <span class='ocrx_word' id='word_1_379' title='bbox 3331 2192 3503 2240; x_wconf 81' lang='grc' dir='ltr'><strong><em>τοίνυν</em></strong></span> <span class='ocrx_word' id='word_1_380' title='bbox 3530 2183 3735 2260; x_wconf 77' lang='grc' dir='ltr'><strong><em>διδαχ-</em></strong></span> 
     </span>
    </p>
   </div>
   <div class='ocr_carea' id='block_1_49' title="bbox 2082 2276 3736 2354">
    <p class='ocr_par' dir='ltr' id='par_1_49' title="bbox 2082 2276 3736 2354">
     <span class='ocr_line' id='line_1_49' title="bbox 2082 2276 3736 2354; baseline -0.004 -20"><span class='ocrx_word' id='word_1_381' title='bbox 2082 2284 2244 2354; x_wconf 76' lang='grc' dir='ltr'>θῶμιν</span> <span class='ocrx_word' id='word_1_382' title='bbox 2268 2282 2397 2352; x_wconf 80' lang='grc' dir='ltr'><strong><em>ὁμοῦ</em></strong></span> <span class='ocrx_word' id='word_1_383' title='bbox 2424 2287 2484 2351; x_wconf 75' lang='grc' dir='ltr'>τῇ</span> <span class='ocrx_word' id='word_1_384' title='bbox 2523 2277 2686 2351; x_wconf 79' lang='grc' dir='ltr'>βουλὴ</span> <span class='ocrx_word' id='word_1_385' title='bbox 2699 2297 2778 2330; x_wconf 81' lang='grc' dir='ltr'>σει</span> <span class='ocrx_word' id='word_1_386' title='bbox 2799 2285 2890 2330; x_wconf 85' lang='grc' dir='ltr'>τοῦ</span> <span class='ocrx_word' id='word_1_387' title='bbox 2925 2285 3057 2331; x_wconf 87' lang='grc' dir='ltr'>Θεου</span> <span class='ocrx_word' id='word_1_388' title='bbox 3090 2276 3324 2350; x_wconf 81' lang='grc' dir='ltr'><strong><em>ἁχρόνως</em></strong></span> <span class='ocrx_word' id='word_1_389' title='bbox 3354 2278 3736 2349; x_wconf 73' lang='grc' dir='ltr'>συνυφεστάναι</span> 
     </span>
    </p>
   </div>
   <div class='ocr_carea' id='block_1_50' title="bbox 2078 2365 3731 2443">
    <p class='ocr_par' dir='ltr' id='par_1_50' title="bbox 2078 2365 3731 2443">
     <span class='ocr_line' id='line_1_50' title="bbox 2078 2365 3731 2443; baseline -0.001 -21"><span class='ocrx_word' id='word_1_390' title='bbox 2078 2374 2164 2423; x_wconf 90' lang='grc' dir='ltr'>τόν</span> <span class='ocrx_word' id='word_1_391' title='bbox 2218 2374 2434 2443; x_wconf 81' lang='grc' dir='ltr'><strong><em>κόσμον,</em></strong></span> <span class='ocrx_word' id='word_1_392' title='bbox 2484 2371 2684 2441; x_wconf 81' lang='grc' dir='ltr'>εἴρηται</span> <span class='ocrx_word' id='word_1_393' title='bbox 2735 2371 2812 2422; x_wconf 78' lang='grc' dir='ltr'><strong><em>τὸ.</em></strong></span> <span class='ocrx_word' id='word_1_394' title='bbox 2853 2388 2881 2416; x_wconf 80' lang='grc' dir='ltr'>(ι</span> <span class='ocrx_word' id='word_1_395' title='bbox 2928 2367 3006 2420; x_wconf 86' lang='grc' dir='ltr'><strong><em>Ἐν</em></strong></span> <span class='ocrx_word' id='word_1_396' title='bbox 3065 2365 3209 2441; x_wconf 74' lang='grc' dir='ltr'>ἀρχῇ</span> <span class='ocrx_word' id='word_1_397' title='bbox 3259 2366 3521 2426; x_wconf 59' lang='grc' dir='ltr'><strong><em>ἐποίησεν</em></strong></span> <span class='ocrx_word' id='word_1_398' title='bbox 3557 2367 3731 2440; x_wconf 74' lang='grc' dir='ltr'>»ὅπερ</span> 
     </span>
    </p>
   </div>
   <div class='ocr_carea' id='block_1_51' title="bbox 2078 2452 3734 2535">
    <p class='ocr_par' dir='ltr' id='par_1_51' title="bbox 2078 2452 3734 2535">
     <span class='ocr_line' id='line_1_51' title="bbox 2078 2452 3734 2535; baseline -0.002 -22"><span class='ocrx_word' id='word_1_399' title='bbox 2078 2462 2243 2535; x_wconf 78' lang='grc' dir='ltr'>ἕτεροι</span> <span class='ocrx_word' id='word_1_400' title='bbox 2269 2468 2366 2512; x_wconf 85' lang='grc' dir='ltr'>τῶν</span> <span class='ocrx_word' id='word_1_401' title='bbox 2399 2458 2739 2532; x_wconf 78' lang='grc' dir='ltr'>ἑρμηνευτῶν,</span> <span class='ocrx_word' id='word_1_402' title='bbox 2766 2461 3079 2531; x_wconf 75' lang='grc' dir='ltr'>σαφέστερον</span> <span class='ocrx_word' id='word_1_403' title='bbox 3131 2459 3218 2508; x_wconf 87' lang='grc' dir='ltr'>τὸν</span> <span class='ocrx_word' id='word_1_404' title='bbox 3245 2475 3363 2510; x_wconf 88' lang='grc' dir='ltr'>νουν</span> <span class='ocrx_word' id='word_1_405' title='bbox 3417 2452 3734 2522; x_wconf 64' lang='grc' dir='ltr'>ἐκδιδόντος,</span> 
     </span>
    </p>
   </div>
   <div class='ocr_carea' id='block_1_52' title="bbox 2079 2545 3735 2624">
    <p class='ocr_par' dir='ltr' id='par_1_52' title="bbox 2079 2545 3735 2624">
     <span class='ocr_line' id='line_1_52' title="bbox 2079 2545 3735 2624; baseline -0.002 -23"><span class='ocrx_word' id='word_1_406' title='bbox 2079 2549 2372 2624; x_wconf 79' lang='grc' dir='ltr'><strong><em>εἰρήκασιν.</em></strong></span> <span class='ocrx_word' id='word_1_407' title='bbox 2406 2569 2434 2598; x_wconf 89' lang='grc'><strong><em>‹‹</em></strong></span> <span class='ocrx_word' id='word_1_408' title='bbox 2483 2547 2564 2600; x_wconf 87' lang='grc' dir='ltr'><strong><em>Ἐν</em></strong></span> <span class='ocrx_word' id='word_1_409' title='bbox 2585 2545 2846 2618; x_wconf 78' lang='grc' dir='ltr'><strong><em>κεφαλαίῳ</em></strong></span> <span class='ocrx_word' id='word_1_410' title='bbox 2892 2546 3131 2604; x_wconf 77' lang='grc' dir='ltr'><strong><em>ἐποίησεν</em></strong></span> <span class='ocrx_word' id='word_1_411' title='bbox 3154 2546 3179 2598; x_wconf 88' lang='lat'><strong><em>6</em></strong></span> <span class='ocrx_word' id='word_1_412' title='bbox 3207 2549 3358 2612; x_wconf 78' lang='grc' dir='ltr'><strong><em>Θεὸς,</em></strong></span> <span class='ocrx_word' id='word_1_413' title='bbox 3395 2567 3423 2594; x_wconf 73' lang='grc' dir='ltr'>ι»</span> <span class='ocrx_word' id='word_1_414' title='bbox 3466 2549 3735 2599; x_wconf 78' lang='grc' dir='ltr'>τουτέστιν</span> 
     </span>
    </p>
   </div>
   <div class='ocr_carea' id='block_1_53' title="bbox 2080 2634 3738 2714">
    <p class='ocr_par' dir='ltr' id='par_1_53' title="bbox 2080 2634 3738 2714">
     <span class='ocr_line' id='line_1_53' title="bbox 2080 2634 3738 2714; baseline 0.001 -24"><span class='ocrx_word' id='word_1_415' title='bbox 2080 2638 2278 2714; x_wconf 80' lang='grc' dir='ltr'>ἀθρόως</span> <span class='ocrx_word' id='word_1_416' title='bbox 2297 2642 2388 2690; x_wconf 79' lang='grc' dir='ltr'><strong>καὶ</strong></span> <span class='ocrx_word' id='word_1_417' title='bbox 2417 2636 2465 2690; x_wconf 77' lang='grc' dir='ltr'>ἕν</span> <span class='ocrx_word' id='word_1_418' title='bbox 2492 2635 2671 2708; x_wconf 53' lang='lat' dir='ltr'><strong><em>auo/qr</em></strong></span> <span class='ocrx_word' id='word_1_419' title='bbox 2702 2637 2826 2692; x_wconf 86' lang='lat' dir='ltr'><strong><em>Aut</em></strong></span> <span class='ocrx_word' id='word_1_420' title='bbox 2853 2636 3112 2705; x_wconf 86' lang='lat' dir='ltr'><strong><em>fortasse</em></strong></span> <span class='ocrx_word' id='word_1_421' title='bbox 3149 2634 3221 2691; x_wconf 92' lang='lat' dir='ltr'><strong><em>ob</em></strong></span> <span class='ocrx_word' id='word_1_422' title='bbox 3243 2635 3473 2704; x_wconf 91' lang='lat' dir='ltr'><strong><em>factam</em></strong></span> <span class='ocrx_word' id='word_1_423' title='bbox 3505 2636 3569 2692; x_wconf 89' lang='lat' dir='ltr'><strong><em>in</em></strong></span> <span class='ocrx_word' id='word_1_424' title='bbox 3618 2650 3738 2692; x_wconf 68' lang='lat' dir='ltr'><strong><em>mo«</em></strong></span> 
     </span>
    </p>
   </div>
   <div class='ocr_carea' id='block_1_54' title="bbox 2078 2724 3735 2794">
    <p class='ocr_par' dir='ltr' id='par_1_54' title="bbox 2078 2724 3735 2794">
     <span class='ocr_line' id='line_1_54' title="bbox 2078 2724 3735 2794; baseline -0.001 -12"><span class='ocrx_word' id='word_1_425' title='bbox 2078 2733 2274 2785; x_wconf 88' lang='lat' dir='ltr'><strong><em>mento</em></strong></span> <span class='ocrx_word' id='word_1_426' title='bbox 2305 2733 2360 2784; x_wconf 90' lang='lat' dir='ltr'><strong><em>et</em></strong></span> <span class='ocrx_word' id='word_1_427' title='bbox 2386 2727 2543 2782; x_wconf 90' lang='lat' dir='ltr'><strong><em>citra</em></strong></span> <span class='ocrx_word' id='word_1_428' title='bbox 2573 2731 2803 2794; x_wconf 89' lang='lat' dir='ltr'><strong><em>tempus</em></strong></span> <span class='ocrx_word' id='word_1_429' title='bbox 2835 2725 3198 2781; x_wconf 88' lang='lat' dir='ltr'><strong><em>creationem</em></strong></span> <span class='ocrx_word' id='word_1_430' title='bbox 3239 2725 3436 2780; x_wconf 87' lang='lat' dir='ltr'><strong><em>dictus</em></strong></span> <span class='ocrx_word' id='word_1_431' title='bbox 3466 2730 3570 2788; x_wconf 90' lang='lat' dir='ltr'><strong><em>est,</em></strong></span> <span class='ocrx_word' id='word_1_432' title='bbox 3602 2746 3631 2774; x_wconf 83' lang='lat'><strong><em>«</em></strong></span> <span class='ocrx_word' id='word_1_433' title='bbox 3662 2724 3735 2780; x_wconf 86' lang='lat' dir='ltr'><strong><em>In</em></strong></span> 
     </span>
    </p>
   </div>
   <div class='ocr_carea' id='block_1_55' title="bbox 2071 2814 3735 2886">
    <p class='ocr_par' dir='ltr' id='par_1_55' title="bbox 2071 2814 3735 2886">
     <span class='ocr_line' id='line_1_55' title="bbox 2071 2814 3735 2886; baseline -0.001 -14"><span class='ocrx_word' id='word_1_434' title='bbox 2071 2817 2381 2886; x_wconf 86' lang='lat' dir='ltr'><strong><em>principio</em></strong></span> <span class='ocrx_word' id='word_1_435' title='bbox 2463 2816 2609 2884; x_wconf 90' lang='lat' dir='ltr'><strong><em>fecit</em></strong></span> <span class='ocrx_word' id='word_1_436' title='bbox 2644 2815 2744 2870; x_wconf 83' lang='grc'><strong><em>¹⁰;</em></strong></span> <span class='ocrx_word' id='word_1_437' title='bbox 2803 2835 2831 2864; x_wconf 79' lang='grc'>››</span> <span class='ocrx_word' id='word_1_438' title='bbox 2919 2814 3408 2885; x_wconf 87' lang='lat' dir='ltr'><strong><em>quandoquidem</em></strong></span> <span class='ocrx_word' id='word_1_439' title='bbox 3462 2814 3735 2883; x_wconf 88' lang='lat' dir='ltr'><strong><em>partium</em></strong></span> 
     </span>
    </p>
   </div>
   <div class='ocr_carea' id='block_1_56' title="bbox 2078 2902 3735 2972">
    <p class='ocr_par' dir='ltr' id='par_1_56' title="bbox 2078 2902 3735 2972">
     <span class='ocr_line' id='line_1_56' title="bbox 2078 2902 3735 2972; baseline -0.002 -11"><span class='ocrx_word' id='word_1_440' title='bbox 2078 2913 2130 2962; x_wconf 91' lang='lat' dir='ltr'><strong><em>et</em></strong></span> <span class='ocrx_word' id='word_1_441' title='bbox 2162 2905 2472 2961; x_wconf 86' lang='lat' dir='ltr'><strong><em>divisionis</em></strong></span> <span class='ocrx_word' id='word_1_442' title='bbox 2524 2918 2738 2972; x_wconf 82' lang='lat' dir='ltr'><strong><em>expers</em></strong></span> <span class='ocrx_word' id='word_1_443' title='bbox 2779 2903 3174 2972; x_wconf 86' lang='lat' dir='ltr'><strong><em>principium.</em></strong></span> <span class='ocrx_word' id='word_1_444' title='bbox 3225 2902 3735 2970; x_wconf 83' lang='lat' dir='ltr'><strong><em>Quemadmodum</em></strong></span> 
     </span>
    </p>
   </div>
   <div class='ocr_carea' id='block_1_57' title="bbox 2076 2992 3736 3066">
    <p class='ocr_par' dir='ltr' id='par_1_57' title="bbox 2076 2992 3736 3066">
     <span class='ocr_line' id='line_1_57' title="bbox 2076 2992 3736 3066; baseline -0.002 -14"><span class='ocrx_word' id='word_1_445' title='bbox 2076 2998 2233 3053; x_wconf 88' lang='lat' dir='ltr'><strong><em>enim</em></strong></span> <span class='ocrx_word' id='word_1_446' title='bbox 2257 2995 2631 3066; x_wconf 87' lang='lat' dir='ltr'><strong><em>principium</em></strong></span> <span class='ocrx_word' id='word_1_447' title='bbox 2683 2995 2793 3049; x_wconf 73' lang='lat' dir='ltr'><strong><em>via:</em></strong></span> <span class='ocrx_word' id='word_1_448' title='bbox 2835 2993 3103 3048; x_wconf 88' lang='lat' dir='ltr'><strong><em>nondum</em></strong></span> <span class='ocrx_word' id='word_1_449' title='bbox 3145 2998 3228 3049; x_wconf 89' lang='lat' dir='ltr'><strong><em>est</em></strong></span> <span class='ocrx_word' id='word_1_450' title='bbox 3284 2994 3483 3058; x_wconf 89' lang='lat' dir='ltr'><strong><em>via,et</em></strong></span> <span class='ocrx_word' id='word_1_451' title='bbox 3526 2992 3736 3049; x_wconf 89' lang='lat' dir='ltr'><strong><em>domus</em></strong></span> 
     </span>
    </p>
   </div>
   <div class='ocr_carea' id='block_1_58' title="bbox 276 3083 3736 3168">
    <p class='ocr_par' dir='ltr' id='par_1_58' title="bbox 276 3083 3736 3168">
     <span class='ocr_line' id='line_1_58' title="bbox 276 3083 3736 3168; baseline -0.001 -23"><span class='ocrx_word' id='word_1_452' title='bbox 276 3091 476 3159; x_wconf 81' lang='lat' dir='ltr'><strong><em>prium</em></strong></span> <span class='ocrx_word' id='word_1_453' title='bbox 525 3089 842 3158; x_wconf 80' lang='lat' dir='ltr'><strong><em>recepisse</em></strong></span> <span class='ocrx_word' id='word_1_454' title='bbox 893 3091 1178 3141; x_wconf 90' lang='lat' dir='ltr'><strong><em>ornatum</em></strong></span> <span class='ocrx_word' id='word_1_455' title='bbox 1209 3102 1221 3140; x_wconf 89' lang='lat'><strong>:</strong></span> <span class='ocrx_word' id='word_1_456' title='bbox 1255 3090 1461 3153; x_wconf 90' lang='lat' dir='ltr'><strong><em>utpote</em></strong></span> <span class='ocrx_word' id='word_1_457' title='bbox 1501 3084 1662 3156; x_wconf 89' lang='lat' dir='ltr'><strong><em>quod</em></strong></span> <span class='ocrx_word' id='word_1_458' title='bbox 1699 3083 1967 3139; x_wconf 89' lang='lat' dir='ltr'><strong><em>nondum</em></strong></span> <span class='ocrx_word' id='word_1_459' title='bbox 2005 3111 2044 3168; x_wconf 71' lang='grc' dir='ltr'><strong><em>ρ</em></strong></span> <span class='ocrx_word' id='word_1_460' title='bbox 2071 3087 2445 3157; x_wconf 83' lang='lat' dir='ltr'><strong><em>principium</em></strong></span> <span class='ocrx_word' id='word_1_461' title='bbox 2471 3098 2847 3155; x_wconf 88' lang='lat' dir='ltr'><strong><em>nequaquam</em></strong></span> <span class='ocrx_word' id='word_1_462' title='bbox 2871 3083 3080 3139; x_wconf 88' lang='lat' dir='ltr'><strong><em>domus</em></strong></span> <span class='ocrx_word' id='word_1_463' title='bbox 3101 3088 3186 3140; x_wconf 90' lang='lat' dir='ltr'><strong><em>est</em></strong></span> <span class='ocrx_word' id='word_1_464' title='bbox 3220 3099 3232 3138; x_wconf 90' lang='lat'>:</span> <span class='ocrx_word' id='word_1_465' title='bbox 3266 3099 3350 3139; x_wconf 79' lang='lat' dir='ltr'><strong><em>sic</em></strong></span> <span class='ocrx_word' id='word_1_466' title='bbox 3378 3089 3430 3140; x_wconf 90' lang='lat' dir='ltr'><strong><em>et</em></strong></span> <span class='ocrx_word' id='word_1_467' title='bbox 3455 3083 3736 3152; x_wconf 82' lang='lat' dir='ltr'><strong><em>temporis</em></strong></span> 
     </span>
    </p>
   </div>
   <div class='ocr_carea' id='block_1_59' title="bbox 257 3171 1966 3244">
    <p class='ocr_par' dir='ltr' id='par_1_59' title="bbox 257 3171 1966 3244">
     <span class='ocr_line' id='line_1_59' title="bbox 257 3171 1966 3244; baseline -0.006 -8"><span class='ocrx_word' id='word_1_468' title='bbox 257 3180 383 3236; x_wconf 83' lang='lat' dir='ltr'><strong><em>sole</em></strong></span> <span class='ocrx_word' id='word_1_469' title='bbox 403 3195 514 3234; x_wconf 86' lang='lat' dir='ltr'><strong><em>nec</em></strong></span> <span class='ocrx_word' id='word_1_470' title='bbox 548 3179 711 3233; x_wconf 87' lang='lat' dir='ltr'><strong><em>luna</em></strong></span> <span class='ocrx_word' id='word_1_471' title='bbox 732 3174 1198 3244; x_wconf 87' lang='lat' dir='ltr'><strong><em>splendesceret,</em></strong></span> <span class='ocrx_word' id='word_1_472' title='bbox 1225 3188 1417 3244; x_wconf 86' lang='lat' dir='ltr'><strong><em>neque</em></strong></span> <span class='ocrx_word' id='word_1_473' title='bbox 1440 3179 1744 3228; x_wconf 88' lang='lat' dir='ltr'><strong><em>astrorum</em></strong></span> <span class='ocrx_word' id='word_1_474' title='bbox 1769 3171 1966 3227; x_wconf 89' lang='lat' dir='ltr'><strong><em>choris</em></strong></span> 
     </span>
    </p>
   </div>
   <div class='ocr_carea' id='block_1_60' title="bbox 261 3263 1963 3326">
    <p class='ocr_par' dir='ltr' id='par_1_60' title="bbox 261 3263 1963 3326">
     <span class='ocr_line' id='line_1_60' title="bbox 261 3263 1963 3326; baseline -0.006 0"><span class='ocrx_word' id='word_1_475' title='bbox 261 3274 712 3326; x_wconf 85' lang='lat' dir='ltr'><strong><em>coronaretur.</em></strong></span> <span class='ocrx_word' id='word_1_476' title='bbox 757 3265 1038 3320; x_wconf 76' lang='lat' dir='ltr'><strong><em>Nondum</em></strong></span> <span class='ocrx_word' id='word_1_477' title='bbox 1065 3266 1221 3320; x_wconf 87' lang='lat' dir='ltr'><strong><em>enim</em></strong></span> <span class='ocrx_word' id='word_1_478' title='bbox 1275 3265 1437 3320; x_wconf 66' lang='lat' dir='ltr'><strong><em>istaec</em></strong></span> <span class='ocrx_word' id='word_1_479' title='bbox 1465 3263 1711 3318; x_wconf 87' lang='lat' dir='ltr'><strong><em>condita</em></strong></span> <span class='ocrx_word' id='word_1_480' title='bbox 1766 3266 1963 3317; x_wconf 89' lang='lat' dir='ltr'><strong><em>erant.</em></strong></span> 
     </span>
    </p>
   </div>
   <div class='ocr_carea' id='block_1_61' title="bbox 268 3352 1966 3428">
    <p class='ocr_par' dir='ltr' id='par_1_61' title="bbox 268 3352 1966 3428">
     <span class='ocr_line' id='line_1_61' title="bbox 268 3352 1966 3428; baseline -0.005 -14"><span class='ocrx_word' id='word_1_481' title='bbox 268 3361 473 3428; x_wconf 84' lang='lat' dir='ltr'><strong><em>Quare</em></strong></span> <span class='ocrx_word' id='word_1_482' title='bbox 495 3375 534 3414; x_wconf 93' lang='lat' dir='ltr'><strong><em>a</em></strong></span> <span class='ocrx_word' id='word_1_483' title='bbox 559 3359 832 3414; x_wconf 84' lang='lat' dir='ltr'><strong><em>veritate</em></strong></span> <span class='ocrx_word' id='word_1_484' title='bbox 857 3370 981 3410; x_wconf 87' lang='lat' dir='ltr'><strong><em>non</em></strong></span> <span class='ocrx_word' id='word_1_485' title='bbox 1004 3353 1404 3422; x_wconf 85' lang='lat' dir='ltr'><strong><em>aberraveris,</em></strong></span> <span class='ocrx_word' id='word_1_486' title='bbox 1425 3353 1479 3407; x_wconf 91' lang='lat' dir='ltr'><strong><em>si</em></strong></span> <span class='ocrx_word' id='word_1_487' title='bbox 1499 3353 1712 3409; x_wconf 76' lang='lat' dir='ltr'><strong><em>ctelum</em></strong></span> <span class='ocrx_word' id='word_1_488' title='bbox 1740 3352 1966 3406; x_wconf 87' lang='lat' dir='ltr'><strong><em>incom-</em></strong></span> 
     </span>
    </p>
   </div>
   <div class='ocr_carea' id='block_1_62' title="bbox 267 3441 1967 3518">
    <p class='ocr_par' dir='ltr' id='par_1_62' title="bbox 267 3441 1967 3518">
     <span class='ocr_line' id='line_1_62' title="bbox 267 3441 1967 3518; baseline -0.006 -13"><span class='ocrx_word' id='word_1_489' title='bbox 267 3452 536 3518; x_wconf 86' lang='lat' dir='ltr'><strong><em>positum</em></strong></span> <span class='ocrx_word' id='word_1_490' title='bbox 571 3449 775 3502; x_wconf 86' lang='lat' dir='ltr'><strong><em>dicas.</em></strong></span> <span class='ocrx_word' id='word_1_491' title='bbox 809 3444 1175 3500; x_wconf 79' lang='lat' dir='ltr'><strong><em>Invisibilem</em></strong></span> <span class='ocrx_word' id='word_1_492' title='bbox 1207 3448 1408 3498; x_wconf 89' lang='lat' dir='ltr'><strong><em>autem</em></strong></span> <span class='ocrx_word' id='word_1_493' title='bbox 1441 3449 1665 3498; x_wconf 89' lang='lat' dir='ltr'><strong><em>terram</em></strong></span> <span class='ocrx_word' id='word_1_494' title='bbox 1683 3441 1967 3510; x_wconf 91' lang='lat' dir='ltr'><strong><em>appella-</em></strong></span> 
     </span>
    </p>
   </div>
   <div class='ocr_carea' id='block_1_63' title="bbox 275 3530 1967 3604">
    <p class='ocr_par' dir='ltr' id='par_1_63' title="bbox 275 3530 1967 3604">
     <span class='ocr_line' id='line_1_63' title="bbox 275 3530 1967 3604; baseline -0.007 -9"><span class='ocrx_word' id='word_1_495' title='bbox 275 3541 360 3595; x_wconf 87' lang='lat' dir='ltr'><strong><em>vit</em></strong></span> <span class='ocrx_word' id='word_1_496' title='bbox 391 3538 468 3594; x_wconf 88' lang='lat' dir='ltr'><strong><em>ob</em></strong></span> <span class='ocrx_word' id='word_1_497' title='bbox 498 3538 664 3593; x_wconf 86' lang='lat' dir='ltr'><strong><em>duas</em></strong></span> <span class='ocrx_word' id='word_1_498' title='bbox 683 3549 905 3592; x_wconf 86' lang='lat' dir='ltr'><strong><em>causas</em></strong></span> <span class='ocrx_word' id='word_1_499' title='bbox 929 3547 950 3604; x_wconf 90' lang='grc'><strong><em>;</em></strong></span> <span class='ocrx_word' id='word_1_500' title='bbox 983 3534 1076 3590; x_wconf 88' lang='lat' dir='ltr'><strong><em>vel</em></strong></span> <span class='ocrx_word' id='word_1_501' title='bbox 1106 3531 1266 3604; x_wconf 90' lang='lat' dir='ltr'><strong><em>quod</em></strong></span> <span class='ocrx_word' id='word_1_502' title='bbox 1293 3532 1560 3587; x_wconf 86' lang='lat' dir='ltr'><strong><em>nondum</em></strong></span> <span class='ocrx_word' id='word_1_503' title='bbox 1608 3537 1755 3587; x_wconf 89' lang='lat' dir='ltr'><strong><em>esset</em></strong></span> <span class='ocrx_word' id='word_1_504' title='bbox 1799 3530 1967 3584; x_wconf 86' lang='lat' dir='ltr'><strong><em>illius</em></strong></span> 
     </span>
    </p>
   </div>
   <div class='ocr_carea' id='block_1_64' title="bbox 278 3620 1967 3699">
    <p class='ocr_par' dir='ltr' id='par_1_64' title="bbox 278 3620 1967 3699">
     <span class='ocr_line' id='line_1_64' title="bbox 278 3620 1967 3699; baseline -0.007 -15"><span class='ocrx_word' id='word_1_505' title='bbox 278 3635 593 3699; x_wconf 85' lang='lat' dir='ltr'><strong><em>spectator</em></strong></span> <span class='ocrx_word' id='word_1_506' title='bbox 611 3627 794 3682; x_wconf 87' lang='lat' dir='ltr'><strong><em>homo</em></strong></span> <span class='ocrx_word' id='word_1_507' title='bbox 810 3642 823 3690; x_wconf 91' lang='lat'><strong>;</strong></span> <span class='ocrx_word' id='word_1_508' title='bbox 849 3625 945 3680; x_wconf 89' lang='lat' dir='ltr'><strong><em>vel</em></strong></span> <span class='ocrx_word' id='word_1_509' title='bbox 959 3623 1120 3694; x_wconf 88' lang='lat' dir='ltr'><strong><em>quod</em></strong></span> <span class='ocrx_word' id='word_1_510' title='bbox 1139 3623 1411 3679; x_wconf 88' lang='lat' dir='ltr'><strong><em>demersa</em></strong></span> <span class='ocrx_word' id='word_1_511' title='bbox 1433 3620 1854 3678; x_wconf 80' lang='lat' dir='ltr'><strong><em>innatantibus</em></strong></span> <span class='ocrx_word' id='word_1_512' title='bbox 1872 3634 1967 3674; x_wconf 87' lang='lat' dir='ltr'><strong><em>su-</em></strong></span> 
     </span>
    </p>
   </div>
   <div class='ocr_carea' id='block_1_65' title="bbox 277 3711 1966 3788">
    <p class='ocr_par' dir='ltr' id='par_1_65' title="bbox 277 3711 1966 3788">
     <span class='ocr_line' id='line_1_65' title="bbox 277 3711 1966 3788; baseline -0.007 -13"><span class='ocrx_word' id='word_1_513' title='bbox 277 3736 390 3788; x_wconf 86' lang='lat' dir='ltr'><strong><em>per</em></strong></span> <span class='ocrx_word' id='word_1_514' title='bbox 443 3721 650 3788; x_wconf 84' lang='lat' dir='ltr'><strong><em>ipsius</em></strong></span> <span class='ocrx_word' id='word_1_515' title='bbox 697 3715 1080 3784; x_wconf 81' lang='lat' dir='ltr'><strong><em>superﬁciem</em></strong></span> <span class='ocrx_word' id='word_1_516' title='bbox 1136 3713 1310 3784; x_wconf 89' lang='lat' dir='ltr'><strong><em>aquis</em></strong></span> <span class='ocrx_word' id='word_1_517' title='bbox 1363 3711 1558 3767; x_wconf 89' lang='lat' dir='ltr'><strong><em>videri</em></strong></span> <span class='ocrx_word' id='word_1_518' title='bbox 1594 3726 1715 3766; x_wconf 89' lang='lat' dir='ltr'><strong><em>non</em></strong></span> <span class='ocrx_word' id='word_1_519' title='bbox 1745 3715 1966 3779; x_wconf 88' lang='lat' dir='ltr'><strong><em>posset.</em></strong></span> 
     </span>
    </p>
   </div>
   <div class='ocr_carea' id='block_1_66' title="bbox 283 3802 1968 3875">
    <p class='ocr_par' dir='ltr' id='par_1_66' title="bbox 283 3802 1968 3875">
     <span class='ocr_line' id='line_1_66' title="bbox 283 3802 1968 3875; baseline -0.007 -10"><span class='ocrx_word' id='word_1_520' title='bbox 283 3809 575 3865; x_wconf 87' lang='lat' dir='ltr'><strong><em>Nondum</em></strong></span> <span class='ocrx_word' id='word_1_521' title='bbox 593 3807 760 3862; x_wconf 89' lang='lat' dir='ltr'><strong><em>enim</em></strong></span> <span class='ocrx_word' id='word_1_522' title='bbox 787 3809 961 3861; x_wconf 86' lang='lat' dir='ltr'><strong><em>erant</em></strong></span> <span class='ocrx_word' id='word_1_523' title='bbox 983 3817 1155 3875; x_wconf 66' lang='lat' dir='ltr'><strong><em>aquas</em></strong></span> <span class='ocrx_word' id='word_1_524' title='bbox 1174 3805 1238 3856; x_wconf 88' lang='lat' dir='ltr'><strong><em>in</em></strong></span> <span class='ocrx_word' id='word_1_525' title='bbox 1256 3816 1396 3858; x_wconf 86' lang='lat' dir='ltr'><strong><em>suas</em></strong></span> <span class='ocrx_word' id='word_1_526' title='bbox 1411 3802 1693 3856; x_wconf 88' lang='lat' dir='ltr'><strong><em>stationes</em></strong></span> <span class='ocrx_word' id='word_1_527' title='bbox 1722 3814 1968 3868; x_wconf 88' lang='lat' dir='ltr'><strong><em>congre-</em></strong></span> 
     </span>
    </p>
   </div>
   <div class='ocr_carea' id='block_1_67' title="bbox 282 3890 1966 3971">
    <p class='ocr_par' dir='ltr' id='par_1_67' title="bbox 282 3890 1966 3971">
     <span class='ocr_line' id='line_1_67' title="bbox 282 3890 1966 3971; baseline -0.008 -15"><span class='ocrx_word' id='word_1_528' title='bbox 282 3907 627 3971; x_wconf 72' lang='lat' dir='ltr'><strong><em>gatae,quas</em></strong></span> <span class='ocrx_word' id='word_1_529' title='bbox 637 3903 850 3964; x_wconf 88' lang='lat' dir='ltr'><strong><em>postea</em></strong></span> <span class='ocrx_word' id='word_1_530' title='bbox 863 3899 1226 3964; x_wconf 85' lang='lat' dir='ltr'><strong><em>aggregatas</em></strong></span> <span class='ocrx_word' id='word_1_531' title='bbox 1237 3894 1390 3948; x_wconf 89' lang='lat' dir='ltr'><strong><em>Deus</em></strong></span> <span class='ocrx_word' id='word_1_532' title='bbox 1405 3892 1595 3948; x_wconf 88' lang='lat' dir='ltr'><strong><em>maria</em></strong></span> <span class='ocrx_word' id='word_1_533' title='bbox 1607 3890 1966 3960; x_wconf 87' lang='lat' dir='ltr'><strong><em>appellavit.</em></strong></span> 
     </span>
    </p>
   </div>
   <div class='ocr_carea' id='block_1_68' title="bbox 352 3978 1967 4061">
    <p class='ocr_par' dir='ltr' id='par_1_68' title="bbox 352 3978 1967 4061">
     <span class='ocr_line' id='line_1_68' title="bbox 352 3978 1967 4061; baseline -0.007 -16"><span class='ocrx_word' id='word_1_534' title='bbox 352 3990 498 4045; x_wconf 67' lang='lat' dir='ltr'><strong><em>Hinc</em></strong></span> <span class='ocrx_word' id='word_1_535' title='bbox 527 3985 815 4061; x_wconf 85' lang='lat' dir='ltr'><strong><em>profecto</em></strong></span> <span class='ocrx_word' id='word_1_536' title='bbox 867 3983 1019 4040; x_wconf 88' lang='lat' dir='ltr'><strong><em>nihil</em></strong></span> <span class='ocrx_word' id='word_1_537' title='bbox 1065 3982 1341 4038; x_wconf 85' lang='lat' dir='ltr'><strong><em>redolent</em></strong></span> <span class='ocrx_word' id='word_1_538' title='bbox 1369 3998 1444 4038; x_wconf 91' lang='lat' dir='ltr'><strong><em>ex</em></strong></span> <span class='ocrx_word' id='word_1_539' title='bbox 1475 3980 1676 4036; x_wconf 90' lang='lat' dir='ltr'><strong><em>subtili</em></strong></span> <span class='ocrx_word' id='word_1_540' title='bbox 1703 3980 1808 4036; x_wconf 86' lang='lat' dir='ltr'><strong><em>illa</em></strong></span> <span class='ocrx_word' id='word_1_541' title='bbox 1836 3978 1967 4051; x_wconf 86' lang='lat' dir='ltr'><strong><em>opi-</em></strong></span> 
     </span>
    </p>
   </div>
   <div class='ocr_carea' id='block_1_69' title="bbox 281 4067 1966 4150">
    <p class='ocr_par' dir='ltr' id='par_1_69' title="bbox 281 4067 1966 4150">
     <span class='ocr_line' id='line_1_69' title="bbox 281 4067 1966 4150; baseline -0.007 -15"><span class='ocrx_word' id='word_1_542' title='bbox 281 4080 488 4141; x_wconf 85' lang='lat' dir='ltr'><strong><em>nione,</em></strong></span> <span class='ocrx_word' id='word_1_543' title='bbox 523 4091 669 4150; x_wconf 68' lang='lat' dir='ltr'><strong><em>qua:</em></strong></span> <span class='ocrx_word' id='word_1_544' title='bbox 716 4072 1019 4130; x_wconf 90' lang='lat' dir='ltr'><strong><em>mundum</em></strong></span> <span class='ocrx_word' id='word_1_545' title='bbox 1068 4087 1210 4127; x_wconf 91' lang='lat' dir='ltr'><strong><em>eum</em></strong></span> <span class='ocrx_word' id='word_1_546' title='bbox 1275 4087 1388 4127; x_wconf 91' lang='lat' dir='ltr'><strong><em>suo</em></strong></span> <span class='ocrx_word' id='word_1_547' title='bbox 1423 4075 1642 4127; x_wconf 85' lang='lat' dir='ltr'><strong><em>ornatu</em></strong></span> <span class='ocrx_word' id='word_1_548' title='bbox 1672 4067 1966 4142; x_wconf 87' lang='lat' dir='ltr'><strong><em>temporis</em></strong></span> 
     </span>
    </p>
   </div>
   <div class='ocr_carea' id='block_1_70' title="bbox 277 4160 1964 4244">
    <p class='ocr_par' dir='ltr' id='par_1_70' title="bbox 277 4160 1964 4244">
     <span class='ocr_line' id='line_1_70' title="bbox 277 4160 1964 4244; baseline -0.007 -18"><span class='ocrx_word' id='word_1_549' title='bbox 277 4176 512 4244; x_wconf 89' lang='lat' dir='ltr'><strong><em>puncto</em></strong></span> <span class='ocrx_word' id='word_1_550' title='bbox 541 4164 852 4241; x_wconf 90' lang='lat' dir='ltr'><strong><em>prodiisse</em></strong></span> <span class='ocrx_word' id='word_1_551' title='bbox 874 4166 1100 4219; x_wconf 87' lang='lat' dir='ltr'><strong><em>censet.</em></strong></span> <span class='ocrx_word' id='word_1_552' title='bbox 1123 4162 1284 4218; x_wconf 92' lang='lat' dir='ltr'><strong><em>Idem</em></strong></span> <span class='ocrx_word' id='word_1_553' title='bbox 1311 4160 1674 4234; x_wconf 86' lang='lat' dir='ltr'><strong><em>perspicitur</em></strong></span> <span class='ocrx_word' id='word_1_554' title='bbox 1693 4175 1766 4216; x_wconf 91' lang='lat' dir='ltr'><strong><em>ex</em></strong></span> <span class='ocrx_word' id='word_1_555' title='bbox 1793 4175 1964 4214; x_wconf 88' lang='lat' dir='ltr'><strong><em>num.</em></strong></span> 
     </span>
    </p>
   </div>
   <div class='ocr_carea' id='block_1_71' title="bbox 279 4249 1963 4331">
    <p class='ocr_par' dir='ltr' id='par_1_71' title="bbox 279 4249 1963 4331">
     <span class='ocr_line' id='line_1_71' title="bbox 279 4249 1963 4331; baseline -0.009 -14"><span class='ocrx_word' id='word_1_556' title='bbox 279 4267 310 4317; x_wconf 80' lang='lat'><strong>3</strong></span> <span class='ocrx_word' id='word_1_557' title='bbox 346 4257 638 4331; x_wconf 86' lang='lat' dir='ltr'><strong><em>ejusdem</em></strong></span> <span class='ocrx_word' id='word_1_558' title='bbox 672 4253 965 4321; x_wconf 75' lang='lat' dir='ltr'><strong><em>homilize,</em></strong></span> <span class='ocrx_word' id='word_1_559' title='bbox 996 4268 1055 4324; x_wconf 89' lang='lat' dir='ltr'><strong><em>p.</em></strong></span> <span class='ocrx_word' id='word_1_560' title='bbox 1113 4256 1199 4320; x_wconf 74' lang='lat'><strong><em>15,</em></strong></span> <span class='ocrx_word' id='word_1_561' title='bbox 1232 4255 1290 4308; x_wconf 87' lang='lat' dir='ltr'><strong><em>et</em></strong></span> <span class='ocrx_word' id='word_1_562' title='bbox 1331 4266 1402 4306; x_wconf 87' lang='lat' dir='ltr'><strong><em>ex</em></strong></span> <span class='ocrx_word' id='word_1_563' title='bbox 1460 4249 1668 4306; x_wconf 89' lang='lat' dir='ltr'><strong><em>homil.</em></strong></span> <span class='ocrx_word' id='word_1_564' title='bbox 1713 4253 1762 4320; x_wconf 85' lang='lat'><strong><em>5,</em></strong></span> <span class='ocrx_word' id='word_1_565' title='bbox 1797 4265 1858 4304; x_wconf 92' lang='lat' dir='ltr'><strong><em>n.</em></strong></span> <span class='ocrx_word' id='word_1_566' title='bbox 1912 4252 1963 4318; x_wconf 92' lang='lat'><strong><em>5,</em></strong></span> 
     </span>
    </p>
   </div>
   <div class='ocr_carea' id='block_1_72' title="bbox 279 4339 1969 4423">
    <p class='ocr_par' dir='ltr' id='par_1_72' title="bbox 279 4339 1969 4423">
     <span class='ocr_line' id='line_1_72' title="bbox 279 4339 1969 4423; baseline -0.008 -17"><span class='ocrx_word' id='word_1_567' title='bbox 279 4366 339 4423; x_wconf 90' lang='lat' dir='ltr'><strong><em>p.</em></strong></span> <span class='ocrx_word' id='word_1_568' title='bbox 406 4351 501 4404; x_wconf 67' lang='grc'><strong><em>44.</em></strong></span> <span class='ocrx_word' id='word_1_569' title='bbox 557 4344 839 4403; x_wconf 88' lang='lat' dir='ltr'><strong><em>Occurrit</em></strong></span> <span class='ocrx_word' id='word_1_570' title='bbox 905 4342 967 4398; x_wconf 90' lang='lat' dir='ltr'><strong><em>in</em></strong></span> <span class='ocrx_word' id='word_1_571' title='bbox 1010 4340 1220 4397; x_wconf 89' lang='lat' dir='ltr'><strong><em>homil.</em></strong></span> <span class='ocrx_word' id='word_1_572' title='bbox 1277 4343 1328 4411; x_wconf 75' lang='grc'><strong><em>4,</em></strong></span> <span class='ocrx_word' id='word_1_573' title='bbox 1385 4356 1448 4396; x_wconf 91' lang='lat' dir='ltr'><strong><em>n.</em></strong></span> <span class='ocrx_word' id='word_1_574' title='bbox 1501 4341 1556 4410; x_wconf 71' lang='grc'><strong><em>4,</em></strong></span> <span class='ocrx_word' id='word_1_575' title='bbox 1611 4339 1752 4394; x_wconf 91' lang='lat' dir='ltr'><strong><em>huic</em></strong></span> <span class='ocrx_word' id='word_1_576' title='bbox 1802 4353 1969 4409; x_wconf 70' lang='lat' dir='ltr'><strong><em>quee-</em></strong></span> 
     </span>
    </p>
   </div>
   <div class='ocr_carea' id='block_1_73' title="bbox 279 4428 1969 4505">
    <p class='ocr_par' dir='ltr' id='par_1_73' title="bbox 279 4428 1969 4505">
     <span class='ocr_line' id='line_1_73' title="bbox 279 4428 1969 4505; baseline -0.009 -7"><span class='ocrx_word' id='word_1_577' title='bbox 279 4440 500 4497; x_wconf 83' lang='lat' dir='ltr'><strong><em>stioni:</em></strong></span> <span class='ocrx_word' id='word_1_578' title='bbox 534 4437 610 4494; x_wconf 88' lang='lat' dir='ltr'><strong><em>Si</em></strong></span> <span class='ocrx_word' id='word_1_579' title='bbox 656 4449 821 4505; x_wconf 82' lang='lat' dir='ltr'><strong><em>aqua</em></strong></span> <span class='ocrx_word' id='word_1_580' title='bbox 881 4438 1011 4489; x_wconf 91' lang='lat' dir='ltr'><strong><em>erat</em></strong></span> <span class='ocrx_word' id='word_1_581' title='bbox 1063 4445 1245 4500; x_wconf 79' lang='lat' dir='ltr'><strong><em>super</em></strong></span> <span class='ocrx_word' id='word_1_582' title='bbox 1287 4436 1531 4495; x_wconf 87' lang='lat' dir='ltr'><strong><em>terram,</em></strong></span> <span class='ocrx_word' id='word_1_583' title='bbox 1574 4445 1726 4486; x_wconf 90' lang='lat' dir='ltr'><strong><em>cava</em></strong></span> <span class='ocrx_word' id='word_1_584' title='bbox 1763 4428 1969 4484; x_wconf 88' lang='lat' dir='ltr'><strong><em>omnia</em></strong></span> 
     </span>
    </p>
   </div>
   <div class='ocr_carea' id='block_1_74' title="bbox 289 4519 1968 4604">
    <p class='ocr_par' dir='ltr' id='par_1_74' title="bbox 289 4519 1968 4604">
     <span class='ocr_line' id='line_1_74' title="bbox 289 4519 1968 4604; baseline -0.01 -17"><span class='ocrx_word' id='word_1_585' title='bbox 289 4547 412 4604; x_wconf 75' lang='lat' dir='ltr'><strong><em>qua:</em></strong></span> <span class='ocrx_word' id='word_1_586' title='bbox 443 4543 624 4585; x_wconf 88' lang='lat' dir='ltr'><strong><em>nunc</em></strong></span> <span class='ocrx_word' id='word_1_587' title='bbox 669 4525 934 4596; x_wconf 83' lang='lat' dir='ltr'><strong><em>pelagus</em></strong></span> <span class='ocrx_word' id='word_1_588' title='bbox 989 4523 1318 4590; x_wconf 87' lang='lat' dir='ltr'><strong><em>continent,</em></strong></span> <span class='ocrx_word' id='word_1_589' title='bbox 1351 4521 1584 4590; x_wconf 90' lang='lat' dir='ltr'><strong><em>referta</em></strong></span> <span class='ocrx_word' id='word_1_590' title='bbox 1607 4524 1803 4576; x_wconf 90' lang='lat' dir='ltr'><strong><em>erant.</em></strong></span> <span class='ocrx_word' id='word_1_591' title='bbox 1847 4519 1968 4586; x_wconf 85' lang='lat' dir='ltr'><strong><em>Quo</em></strong></span> 
     </span>
    </p>
   </div>
   <div class='ocr_carea' id='block_1_75' title="bbox 289 4609 1970 4692">
    <p class='ocr_par' dir='ltr' id='par_1_75' title="bbox 289 4609 1970 4692">
     <span class='ocr_line' id='line_1_75' title="bbox 289 4609 1970 4692; baseline -0.009 -15"><span class='ocrx_word' id='word_1_592' title='bbox 289 4623 478 4692; x_wconf 80' lang='lat' dir='ltr'><strong><em>igitur</em></strong></span> <span class='ocrx_word' id='word_1_593' title='bbox 529 4614 907 4686; x_wconf 69' lang='lat' dir='ltr'><strong><em>colligenda:</em></strong></span> <span class='ocrx_word' id='word_1_594' title='bbox 953 4618 1128 4668; x_wconf 89' lang='lat' dir='ltr'><strong><em>erant</em></strong></span> <span class='ocrx_word' id='word_1_595' title='bbox 1182 4625 1374 4682; x_wconf 69' lang='lat' dir='ltr'><strong><em>aquae,</em></strong></span> <span class='ocrx_word' id='word_1_596' title='bbox 1404 4610 1682 4666; x_wconf 89' lang='lat' dir='ltr'><strong><em>concavis</em></strong></span> <span class='ocrx_word' id='word_1_597' title='bbox 1699 4609 1835 4677; x_wconf 84' lang='lat' dir='ltr'><strong><em>jam</em></strong></span> <span class='ocrx_word' id='word_1_598' title='bbox 1876 4621 1970 4663; x_wconf 86' lang='lat' dir='ltr'><strong><em>oc-</em></strong></span> 
     </span>
    </p>
   </div>
   <div class='ocr_carea' id='block_1_76' title="bbox 287 4698 1967 4782">
    <p class='ocr_par' dir='ltr' id='par_1_76' title="bbox 287 4698 1967 4782">
     <span class='ocr_line' id='line_1_76' title="bbox 287 4698 1967 4782; baseline -0.01 -13"><span class='ocrx_word' id='word_1_599' title='bbox 287 4711 528 4782; x_wconf 85' lang='lat' dir='ltr'><strong><em>cupatis</em></strong></span> <span class='ocrx_word' id='word_1_600' title='bbox 552 4712 583 4764; x_wconf 84' lang='lat'><strong><em>?</em></strong></span> <span class='ocrx_word' id='word_1_601' title='bbox 613 4706 709 4763; x_wconf 88' lang='lat' dir='ltr'><strong><em>Sic</em></strong></span> <span class='ocrx_word' id='word_1_602' title='bbox 749 4703 1113 4776; x_wconf 86' lang='lat' dir='ltr'><strong><em>respondet:</em></strong></span> <span class='ocrx_word' id='word_1_603' title='bbox 1139 4702 1236 4757; x_wconf 85' lang='lat' dir='ltr'><strong><em>Ad</em></strong></span> <span class='ocrx_word' id='word_1_604' title='bbox 1289 4703 1415 4758; x_wconf 70' lang='lat' dir='ltr'><strong><em>haec</em></strong></span> <span class='ocrx_word' id='word_1_605' title='bbox 1462 4698 1967 4769; x_wconf 86' lang='lat' dir='ltr'><strong><em>respondebimus,</em></strong></span> 
     </span>
    </p>
   </div>
   <div class='ocr_carea' id='block_1_77' title="bbox 287 4792 1970 4866">
    <p class='ocr_par' dir='ltr' id='par_1_77' title="bbox 287 4792 1970 4866">
     <span class='ocr_line' id='line_1_77' title="bbox 287 4792 1970 4866; baseline -0.009 -8"><span class='ocrx_word' id='word_1_606' title='bbox 287 4810 430 4858; x_wconf 86' lang='lat' dir='ltr'><strong><em>tunc</em></strong></span> <span class='ocrx_word' id='word_1_607' title='bbox 462 4809 514 4856; x_wconf 90' lang='lat' dir='ltr'><strong><em>et</em></strong></span> <span class='ocrx_word' id='word_1_608' title='bbox 543 4795 944 4866; x_wconf 85' lang='lat' dir='ltr'><strong><em>receptacula</em></strong></span> <span class='ocrx_word' id='word_1_609' title='bbox 970 4792 1162 4862; x_wconf 86' lang='lat' dir='ltr'><strong><em>fuisse</em></strong></span> <span class='ocrx_word' id='word_1_610' title='bbox 1181 4797 1558 4862; x_wconf 67' lang='lat' dir='ltr'><strong><em>praeparata,</em></strong></span> <span class='ocrx_word' id='word_1_611' title='bbox 1586 4806 1721 4847; x_wconf 91' lang='lat' dir='ltr'><strong><em>cum</em></strong></span> <span class='ocrx_word' id='word_1_612' title='bbox 1746 4804 1970 4860; x_wconf 86' lang='lat' dir='ltr'><strong><em>aquam</em></strong></span> 
     </span>
    </p>
   </div>
   <div class='ocr_carea' id='block_1_78' title="bbox 285 4881 1971 4965">
    <p class='ocr_par' dir='ltr' id='par_1_78' title="bbox 285 4881 1971 4965">
     <span class='ocr_line' id='line_1_78' title="bbox 285 4881 1971 4965; baseline -0.01 -14"><span class='ocrx_word' id='word_1_613' title='bbox 285 4894 554 4965; x_wconf 87' lang='lat' dir='ltr'><strong><em>oportuit</em></strong></span> <span class='ocrx_word' id='word_1_614' title='bbox 587 4893 652 4945; x_wconf 85' lang='lat' dir='ltr'><strong><em>in</em></strong></span> <span class='ocrx_word' id='word_1_615' title='bbox 686 4899 878 4944; x_wconf 71' lang='lat' dir='ltr'><strong><em>unum</em></strong></span> <span class='ocrx_word' id='word_1_616' title='bbox 907 4885 1142 4941; x_wconf 86' lang='lat' dir='ltr'><strong><em>secerni</em></strong></span> <span class='ocrx_word' id='word_1_617' title='bbox 1166 4883 1714 4954; x_wconf 82' lang='lat' dir='ltr'><strong><em>congregationem.</em></strong></span> <span class='ocrx_word' id='word_1_618' title='bbox 1766 4881 1971 4952; x_wconf 90' lang='lat' dir='ltr'><strong><em>Neque</em></strong></span> 
     </span>
    </p>
   </div>
   <div class='ocr_carea' id='block_1_79' title="bbox 288 4971 1970 5047">
    <p class='ocr_par' dir='ltr' id='par_1_79' title="bbox 288 4971 1970 5047">
     <span class='ocr_line' id='line_1_79' title="bbox 288 4971 1970 5047; baseline -0.01 -7"><span class='ocrx_word' id='word_1_619' title='bbox 288 4985 444 5040; x_wconf 87' lang='lat' dir='ltr'><strong><em>enim</em></strong></span> <span class='ocrx_word' id='word_1_620' title='bbox 466 4986 598 5038; x_wconf 90' lang='lat' dir='ltr'><strong><em>erat</em></strong></span> <span class='ocrx_word' id='word_1_621' title='bbox 622 4977 790 5034; x_wconf 85' lang='lat' dir='ltr'><strong><em>illud</em></strong></span> <span class='ocrx_word' id='word_1_622' title='bbox 821 4974 988 5047; x_wconf 87' lang='lat' dir='ltr'><strong><em>quod</em></strong></span> <span class='ocrx_word' id='word_1_623' title='bbox 1027 4979 1111 5030; x_wconf 90' lang='lat' dir='ltr'><strong><em>est</em></strong></span> <span class='ocrx_word' id='word_1_624' title='bbox 1153 4979 1331 5030; x_wconf 87' lang='lat' dir='ltr'><strong><em>extra</em></strong></span> <span class='ocrx_word' id='word_1_625' title='bbox 1385 4971 1577 5028; x_wconf 88' lang='lat' dir='ltr'><strong><em>Gades</em></strong></span> <span class='ocrx_word' id='word_1_626' title='bbox 1634 4985 1823 5038; x_wconf 90' lang='lat' dir='ltr'><strong><em>mare,</em></strong></span> <span class='ocrx_word' id='word_1_627' title='bbox 1856 4972 1970 5024; x_wconf 92' lang='lat' dir='ltr'><strong><em>etc.</em></strong></span> 
     </span>
    </p>
   </div>
   <div class='ocr_carea' id='block_1_80' title="bbox 358 5059 1970 5137">
    <p class='ocr_par' dir='ltr' id='par_1_80' title="bbox 358 5059 1970 5137">
     <span class='ocr_line' id='line_1_80' title="bbox 358 5059 1970 5137; baseline -0.01 -8"><span class='ocrx_word' id='word_1_628' title='bbox 358 5074 460 5129; x_wconf 83' lang='lat' dir='ltr'><strong><em>His</em></strong></span> <span class='ocrx_word' id='word_1_629' title='bbox 503 5071 736 5128; x_wconf 87' lang='lat' dir='ltr'><strong><em>addere</em></strong></span> <span class='ocrx_word' id='word_1_630' title='bbox 786 5082 915 5124; x_wconf 91' lang='lat' dir='ltr'><strong><em>non</em></strong></span> <span class='ocrx_word' id='word_1_631' title='bbox 969 5063 1222 5137; x_wconf 81' lang='lat' dir='ltr'><strong><em>pigebit,</em></strong></span> <span class='ocrx_word' id='word_1_632' title='bbox 1254 5079 1390 5135; x_wconf 70' lang='lat' dir='ltr'><strong><em>quae</em></strong></span> <span class='ocrx_word' id='word_1_633' title='bbox 1421 5060 1671 5117; x_wconf 86' lang='lat' dir='ltr'><strong><em>Basilius</em></strong></span> <span class='ocrx_word' id='word_1_634' title='bbox 1697 5059 1771 5115; x_wconf 89' lang='lat' dir='ltr'><strong><em>de</em></strong></span> <span class='ocrx_word' id='word_1_635' title='bbox 1804 5074 1970 5115; x_wconf 84' lang='lat' dir='ltr'><strong><em>crea-</em></strong></span> 
     </span>
    </p>
   </div>
   <div class='ocr_carea' id='block_1_81' title="bbox 290 5147 1968 5234">
    <p class='ocr_par' dir='ltr' id='par_1_81' title="bbox 290 5147 1968 5234">
     <span class='ocr_line' id='line_1_81' title="bbox 290 5147 1968 5234; baseline -0.012 -12"><span class='ocrx_word' id='word_1_636' title='bbox 290 5165 445 5221; x_wconf 83' lang='lat' dir='ltr'><strong><em>tione</em></strong></span> <span class='ocrx_word' id='word_1_637' title='bbox 467 5162 612 5218; x_wconf 87' lang='lat' dir='ltr'><strong><em>solis</em></strong></span> <span class='ocrx_word' id='word_1_638' title='bbox 643 5160 947 5234; x_wconf 87' lang='lat' dir='ltr'><strong><em>peracute</em></strong></span> <span class='ocrx_word' id='word_1_639' title='bbox 974 5153 1280 5210; x_wconf 84' lang='lat' dir='ltr'><strong><em>observat.</em></strong></span> <span class='ocrx_word' id='word_1_640' title='bbox 1321 5151 1413 5208; x_wconf 91' lang='lat' dir='ltr'><strong><em>Sic</em></strong></span> <span class='ocrx_word' id='word_1_641' title='bbox 1448 5150 1714 5223; x_wconf 88' lang='lat' dir='ltr'><strong><em>loquitur</em></strong></span> <span class='ocrx_word' id='word_1_642' title='bbox 1756 5147 1968 5204; x_wconf 92' lang='lat' dir='ltr'><strong><em>homil.</em></strong></span> 
     </span>
    </p>
   </div>
   <div class='ocr_carea' id='block_1_82' title="bbox 291 5237 1973 5326">
    <p class='ocr_par' dir='ltr' id='par_1_82' title="bbox 291 5237 1973 5326">
     <span class='ocr_line' id='line_1_82' title="bbox 291 5237 1973 5326; baseline -0.013 -16"><span class='ocrx_word' id='word_1_643' title='bbox 291 5257 338 5310; x_wconf 62' lang='grc'><strong><em>4.</em></strong></span> <span class='ocrx_word' id='word_1_644' title='bbox 367 5270 428 5312; x_wconf 91' lang='lat' dir='ltr'><strong><em>n.</em></strong></span> <span class='ocrx_word' id='word_1_645' title='bbox 465 5259 494 5309; x_wconf 82' lang='grc'><strong>5</strong></span> <span class='ocrx_word' id='word_1_646' title='bbox 524 5269 584 5326; x_wconf 88' lang='lat' dir='ltr'><strong><em>p.</em></strong></span> <span class='ocrx_word' id='word_1_647' title='bbox 619 5257 688 5309; x_wconf 83' lang='grc'><strong><em>37</em></strong></span> <span class='ocrx_word' id='word_1_648' title='bbox 725 5267 740 5318; x_wconf 84' lang='grc'><strong>;</strong></span> <span class='ocrx_word' id='word_1_649' title='bbox 774 5247 894 5302; x_wconf 84' lang='grc' dir='ltr'><strong><em>Ἵνα</em></strong></span> <span class='ocrx_word' id='word_1_650' title='bbox 925 5249 1000 5318; x_wconf 73' lang='grc' dir='ltr'><strong><em>μὴ</em></strong></span> <span class='ocrx_word' id='word_1_651' title='bbox 1035 5251 1110 5313; x_wconf 82' lang='grc' dir='ltr'>τῷ</span> <span class='ocrx_word' id='word_1_652' title='bbox 1144 5243 1275 5315; x_wconf 71' lang='grc' dir='ltr'>ἡλίῳ</span> <span class='ocrx_word' id='word_1_653' title='bbox 1329 5246 1422 5299; x_wconf 81' lang='grc' dir='ltr'>τὴν</span> <span class='ocrx_word' id='word_1_654' title='bbox 1467 5248 1557 5293; x_wconf 81' lang='grc' dir='ltr'>τοῦ</span> <span class='ocrx_word' id='word_1_655' title='bbox 1617 5237 1973 5313; x_wconf 76' lang='grc' dir='ltr'><strong><em>ἀναξηραίνειν</em></strong></span> 
     </span>
    </p>
   </div>
   <div class='ocr_carea' id='block_1_83' title="bbox 295 5331 1974 5418">
    <p class='ocr_par' dir='ltr' id='par_1_83' title="bbox 295 5331 1974 5418">
     <span class='ocr_line' id='line_1_83' title="bbox 295 5331 1974 5418; baseline -0.013 -17"><span class='ocrx_word' id='word_1_656' title='bbox 295 5350 378 5404; x_wconf 67' lang='grc' dir='ltr'>τήν</span> <span class='ocrx_word' id='word_1_657' title='bbox 449 5355 548 5418; x_wconf 73' lang='grc' dir='ltr'><strong><em>γῆν</em></strong></span> <span class='ocrx_word' id='word_1_658' title='bbox 637 5344 822 5396; x_wconf 80' lang='grc' dir='ltr'><strong>αἰτίαν</strong></span> <span class='ocrx_word' id='word_1_659' title='bbox 895 5336 1238 5410; x_wconf 78' lang='grc' dir='ltr'>προσθῶμεν,</span> <span class='ocrx_word' id='word_1_660' title='bbox 1296 5331 1656 5408; x_wconf 77' lang='grc' dir='ltr'>πρεσϐυτέραν</span> <span class='ocrx_word' id='word_1_661' title='bbox 1709 5338 1804 5391; x_wconf 81' lang='grc' dir='ltr'><strong><em>τῆς</em></strong></span> <span class='ocrx_word' id='word_1_662' title='bbox 1883 5336 1974 5380; x_wconf 81' lang='grc' dir='ltr'>τοῦ</span> 
     </span>
    </p>
   </div>
   <div class='ocr_carea' id='block_1_84' title="bbox 299 5421 1976 5511">
    <p class='ocr_par' dir='ltr' id='par_1_84' title="bbox 299 5421 1976 5511">
     <span class='ocr_line' id='line_1_84' title="bbox 299 5421 1976 5511; baseline -0.009 -17"><span class='ocrx_word' id='word_1_663' title='bbox 299 5436 427 5494; x_wconf 72' lang='grc' dir='ltr'>ἡλίου</span> <span class='ocrx_word' id='word_1_664' title='bbox 461 5439 711 5511; x_wconf 73' lang='grc' dir='ltr'><strong><em>γενέσεως</em></strong></span> <span class='ocrx_word' id='word_1_665' title='bbox 777 5434 883 5489; x_wconf 70' lang='grc' dir='ltr'><strong><em>τήν</em></strong></span> <span class='ocrx_word' id='word_1_666' title='bbox 945 5426 1222 5500; x_wconf 78' lang='grc' dir='ltr'>ξηρότητα</span> <span class='ocrx_word' id='word_1_667' title='bbox 1275 5430 1367 5485; x_wconf 86' lang='grc' dir='ltr'><strong><em>τῆς</em></strong></span> <span class='ocrx_word' id='word_1_668' title='bbox 1408 5430 1510 5494; x_wconf 69' lang='grc' dir='ltr'><strong><em>γῆς</em></strong></span> <span class='ocrx_word' id='word_1_669' title='bbox 1565 5423 1590 5474; x_wconf 83' lang='grc' dir='ltr'><strong>ὁ</strong></span> <span class='ocrx_word' id='word_1_670' title='bbox 1652 5421 1976 5493; x_wconf 74' lang='grc' dir='ltr'>Δημιουργός</span> 
     </span>
    </p>
   </div>
   <div class='ocr_carea' id='block_1_85' title="bbox 356 5605 752 5675">
    <p class='ocr_par' dir='ltr' id='par_1_85' title="bbox 356 5605 752 5675">
     <span class='ocr_line' id='line_1_85' title="bbox 356 5605 752 5675; baseline -0.023 -11"><span class='ocrx_word' id='word_1_671' title='bbox 356 5605 394 5639; x_wconf 76' lang='grc'><strong><em>¹⁰</em></strong></span> <span class='ocrx_word' id='word_1_672' title='bbox 428 5607 575 5664; x_wconf 89' lang='lat' dir='ltr'><strong><em>Gen.</em></strong></span> <span class='ocrx_word' id='word_1_673' title='bbox 613 5619 652 5675; x_wconf 86' lang='grc' dir='ltr'><strong><em>ι,</em></strong></span> <span class='ocrx_word' id='word_1_674' title='bbox 699 5605 752 5657; x_wconf 80' lang='lat' dir='ltr'><strong><em>t.</em></strong></span> 
     </span>
    </p>
   </div>
   <div class='ocr_carea' id='block_1_86' title="bbox 585 5677 1285 5751">
    <p class='ocr_par' dir='ltr' id='par_1_86' title="bbox 585 5677 1285 5751">
     <span class='ocr_line' id='line_1_86' title="bbox 585 5677 1285 5751; baseline -0.029 1"><span class='ocrx_word' id='word_1_675' title='bbox 585 5697 869 5751; x_wconf 73' lang='grc' dir='ltr'>ΡΑτειοι..</span> <span class='ocrx_word' id='word_1_676' title='bbox 907 5681 1022 5738; x_wconf 74' lang='lat' dir='ltr'><strong><em>Gn.</em></strong></span> <span class='ocrx_word' id='word_1_677' title='bbox 1089 5677 1285 5732; x_wconf 81' lang='lat' dir='ltr'><strong><em>XXXII.</em></strong></span> 
     </span>
    </p>
   </div>
   <div class='ocr_carea' id='block_1_87' title="bbox 2071 3173 3736 3246">
    <p class='ocr_par' dir='ltr' id='par_1_87' title="bbox 2071 3173 3736 3246">
     <span class='ocr_line' id='line_1_87' title="bbox 2071 3173 3736 3246; baseline -0.004 -13"><span class='ocrx_word' id='word_1_678' title='bbox 2071 3176 2444 3246; x_wconf 84' lang='lat' dir='ltr'><strong><em>principium</em></strong></span> <span class='ocrx_word' id='word_1_679' title='bbox 2485 3173 2751 3230; x_wconf 89' lang='lat' dir='ltr'><strong><em>nondum</em></strong></span> <span class='ocrx_word' id='word_1_680' title='bbox 2784 3180 3015 3242; x_wconf 84' lang='lat' dir='ltr'><strong><em>tempus</em></strong></span> <span class='ocrx_word' id='word_1_681' title='bbox 3061 3179 3166 3243; x_wconf 91' lang='lat' dir='ltr'><strong><em>est,</em></strong></span> <span class='ocrx_word' id='word_1_682' title='bbox 3196 3173 3315 3228; x_wconf 93' lang='lat' dir='ltr'><strong><em>imo</em></strong></span> <span class='ocrx_word' id='word_1_683' title='bbox 3354 3187 3544 3244; x_wconf 87' lang='lat' dir='ltr'><strong><em>neque</em></strong></span> <span class='ocrx_word' id='word_1_684' title='bbox 3585 3187 3736 3242; x_wconf 86' lang='lat' dir='ltr'><strong><em>pars</em></strong></span> 
     </span>
    </p>
   </div>
   <div class='ocr_carea' id='block_1_88' title="bbox 2075 3261 3738 3335">
    <p class='ocr_par' dir='ltr' id='par_1_88' title="bbox 2075 3261 3738 3335">
     <span class='ocr_line' id='line_1_88' title="bbox 2075 3261 3738 3335; baseline -0.001 -15"><span class='ocrx_word' id='word_1_685' title='bbox 2075 3266 2261 3335; x_wconf 87' lang='lat' dir='ltr'><strong><em>ipsius</em></strong></span> <span class='ocrx_word' id='word_1_686' title='bbox 2320 3265 2643 3320; x_wconf 89' lang='lat' dir='ltr'><strong><em>minima...</em></strong></span> <span class='ocrx_word' id='word_1_687' title='bbox 2678 3264 2877 3333; x_wconf 85' lang='lat' dir='ltr'><strong><em>Igitur</em></strong></span> <span class='ocrx_word' id='word_1_688' title='bbox 2933 3267 3001 3317; x_wconf 87' lang='lat' dir='ltr'><strong><em>ut</em></strong></span> <span class='ocrx_word' id='word_1_689' title='bbox 3049 3261 3343 3318; x_wconf 87' lang='lat' dir='ltr'><strong><em>mundum</em></strong></span> <span class='ocrx_word' id='word_1_690' title='bbox 3423 3261 3738 3318; x_wconf 88' lang='lat' dir='ltr'><strong><em>voluntate</em></strong></span> 
     </span>
    </p>
   </div>
   <div class='ocr_carea' id='block_1_89' title="bbox 2075 3350 3738 3422">
    <p class='ocr_par' dir='ltr' id='par_1_89' title="bbox 2075 3350 3738 3422">
     <span class='ocr_line' id='line_1_89' title="bbox 2075 3350 3738 3422; baseline -0.003 -11"><span class='ocrx_word' id='word_1_691' title='bbox 2075 3355 2186 3411; x_wconf 88' lang='lat' dir='ltr'><strong><em>Dei</em></strong></span> <span class='ocrx_word' id='word_1_692' title='bbox 2216 3355 2370 3410; x_wconf 87' lang='lat' dir='ltr'><strong><em>citra</em></strong></span> <span class='ocrx_word' id='word_1_693' title='bbox 2402 3354 2593 3409; x_wconf 91' lang='lat' dir='ltr'><strong><em>ullam</em></strong></span> <span class='ocrx_word' id='word_1_694' title='bbox 2623 3353 2906 3422; x_wconf 90' lang='lat' dir='ltr'><strong><em>temporis</em></strong></span> <span class='ocrx_word' id='word_1_695' title='bbox 2938 3367 3171 3408; x_wconf 88' lang='lat' dir='ltr'><strong><em>moram</em></strong></span> <span class='ocrx_word' id='word_1_696' title='bbox 3200 3352 3383 3408; x_wconf 79' lang='lat' dir='ltr'><strong><em>simul</em></strong></span> <span class='ocrx_word' id='word_1_697' title='bbox 3409 3350 3738 3408; x_wconf 87' lang='lat' dir='ltr'><strong><em>substitisse</em></strong></span> 
     </span>
    </p>
   </div>
   <div class='ocr_carea' id='block_1_90' title="bbox 2076 3441 3734 3512">
    <p class='ocr_par' dir='ltr' id='par_1_90' title="bbox 2076 3441 3734 3512">
     <span class='ocr_line' id='line_1_90' title="bbox 2076 3441 3734 3512; baseline -0.004 -11"><span class='ocrx_word' id='word_1_698' title='bbox 2076 3445 2452 3511; x_wconf 86' lang='lat' dir='ltr'><strong><em>edoceamur,</em></strong></span> <span class='ocrx_word' id='word_1_699' title='bbox 2501 3444 2727 3499; x_wconf 81' lang='lat' dir='ltr'><strong><em>dictum</em></strong></span> <span class='ocrx_word' id='word_1_700' title='bbox 2777 3447 2907 3498; x_wconf 89' lang='lat' dir='ltr'><strong><em>est:</em></strong></span> <span class='ocrx_word' id='word_1_701' title='bbox 2970 3443 3097 3496; x_wconf 84' lang='lat' dir='ltr'><strong><em>«In</em></strong></span> <span class='ocrx_word' id='word_1_702' title='bbox 3151 3442 3455 3511; x_wconf 87' lang='lat' dir='ltr'><strong><em>principio</em></strong></span> <span class='ocrx_word' id='word_1_703' title='bbox 3503 3441 3670 3512; x_wconf 81' lang='lat' dir='ltr'><strong><em>fecit.</em></strong></span> <span class='ocrx_word' id='word_1_704' title='bbox 3706 3461 3734 3489; x_wconf 85' lang='lat'><strong><em>»</em></strong></span> 
     </span>
    </p>
   </div>
   <div class='ocr_carea' id='block_1_91' title="bbox 2080 3529 3736 3604">
    <p class='ocr_par' dir='ltr' id='par_1_91' title="bbox 2080 3529 3736 3604">
     <span class='ocr_line' id='line_1_91' title="bbox 2080 3529 3736 3604; baseline -0.004 -13"><span class='ocrx_word' id='word_1_705' title='bbox 2080 3535 2249 3602; x_wconf 85' lang='lat' dir='ltr'><strong><em>Quod</em></strong></span> <span class='ocrx_word' id='word_1_706' title='bbox 2275 3536 2469 3604; x_wconf 88' lang='lat' dir='ltr'><strong><em>ipsum</em></strong></span> <span class='ocrx_word' id='word_1_707' title='bbox 2490 3534 2848 3602; x_wconf 79' lang='lat' dir='ltr'><strong><em>interpretes</em></strong></span> <span class='ocrx_word' id='word_1_708' title='bbox 2864 3533 2998 3598; x_wconf 88' lang='lat' dir='ltr'><strong><em>alii,</em></strong></span> <span class='ocrx_word' id='word_1_709' title='bbox 3024 3533 3383 3588; x_wconf 87' lang='lat' dir='ltr'><strong><em>sententiam</em></strong></span> <span class='ocrx_word' id='word_1_710' title='bbox 3407 3529 3736 3586; x_wconf 86' lang='lat' dir='ltr'><strong><em>dilucidius</em></strong></span> 
     </span>
    </p>
   </div>
   <div class='ocr_carea' id='block_1_92' title="bbox 2077 3621 3734 3690">
    <p class='ocr_par' dir='ltr' id='par_1_92' title="bbox 2077 3621 3734 3690">
     <span class='ocr_line' id='line_1_92' title="bbox 2077 3621 3734 3690; baseline -0.004 -8"><span class='ocrx_word' id='word_1_711' title='bbox 2077 3625 2413 3689; x_wconf 87' lang='lat' dir='ltr'><strong><em>reddentes,</em></strong></span> <span class='ocrx_word' id='word_1_712' title='bbox 2443 3623 2759 3679; x_wconf 83' lang='lat' dir='ltr'><strong><em>dixerunt:</em></strong></span> <span class='ocrx_word' id='word_1_713' title='bbox 2806 3643 2834 3671; x_wconf 73' lang='grc' dir='ltr'><strong><em>κ</em></strong></span> <span class='ocrx_word' id='word_1_714' title='bbox 2883 3621 2956 3677; x_wconf 89' lang='lat' dir='ltr'><strong><em>In</em></strong></span> <span class='ocrx_word' id='word_1_715' title='bbox 2987 3621 3256 3690; x_wconf 86' lang='lat' dir='ltr'><strong><em>capitulo</em></strong></span> <span class='ocrx_word' id='word_1_716' title='bbox 3301 3621 3445 3690; x_wconf 86' lang='lat' dir='ltr'><strong><em>fecit</em></strong></span> <span class='ocrx_word' id='word_1_717' title='bbox 3495 3621 3673 3683; x_wconf 85' lang='lat' dir='ltr'><strong><em>Deus.</em></strong></span> <span class='ocrx_word' id='word_1_718' title='bbox 3705 3640 3734 3668; x_wconf 79' lang='grc' dir='ltr'>ι»</span> 
     </span>
    </p>
   </div>
   <div class='ocr_carea' id='block_1_93' title="bbox 2079 3704 3739 3775">
    <p class='ocr_par' dir='ltr' id='par_1_93' title="bbox 2079 3704 3739 3775">
     <span class='ocr_line' id='line_1_93' title="bbox 2079 3704 3739 3775; baseline -0.006 -4"><span class='ocrx_word' id='word_1_719' title='bbox 2079 3715 2188 3771; x_wconf 91' lang='lat' dir='ltr'><strong><em>hoc</em></strong></span> <span class='ocrx_word' id='word_1_720' title='bbox 2206 3712 2528 3775; x_wconf 44' lang='lat' dir='ltr'><strong><em>estsubito</em></strong></span> <span class='ocrx_word' id='word_1_721' title='bbox 2549 3717 2605 3767; x_wconf 92' lang='lat' dir='ltr'><strong><em>et</em></strong></span> <span class='ocrx_word' id='word_1_722' title='bbox 2652 3710 2834 3766; x_wconf 86' lang='lat' dir='ltr'><strong><em>brevi.</em></strong></span> <span class='ocrx_word' id='word_1_723' title='bbox 2897 3709 3014 3766; x_wconf 91' lang='lat' dir='ltr'><strong><em>Sed</em></strong></span> <span class='ocrx_word' id='word_1_724' title='bbox 3065 3724 3138 3763; x_wconf 81' lang='lat' dir='ltr'><strong><em>ex</em></strong></span> <span class='ocrx_word' id='word_1_725' title='bbox 3191 3707 3284 3763; x_wconf 88' lang='lat' dir='ltr'><strong><em>his</em></strong></span> <span class='ocrx_word' id='word_1_726' title='bbox 3332 3705 3536 3764; x_wconf 87' lang='lat' dir='ltr'><strong><em>verbis</em></strong></span> <span class='ocrx_word' id='word_1_727' title='bbox 3585 3704 3739 3762; x_wconf 83' lang='lat' dir='ltr'><strong><em>nihil</em></strong></span> 
     </span>
    </p>
   </div>
   <div class='ocr_carea' id='block_1_94' title="bbox 2078 3795 3736 3872">
    <p class='ocr_par' dir='ltr' id='par_1_94' title="bbox 2078 3795 3736 3872">
     <span class='ocr_line' id='line_1_94' title="bbox 2078 3795 3736 3872; baseline -0.005 -13"><span class='ocrx_word' id='word_1_728' title='bbox 2078 3803 2243 3860; x_wconf 90' lang='lat' dir='ltr'><strong><em>aliud</em></strong></span> <span class='ocrx_word' id='word_1_729' title='bbox 2273 3801 2467 3872; x_wconf 74' lang='lat' dir='ltr'><strong><em>colligi</em></strong></span> <span class='ocrx_word' id='word_1_730' title='bbox 2495 3804 2710 3872; x_wconf 90' lang='lat' dir='ltr'><strong><em>potest,</em></strong></span> <span class='ocrx_word' id='word_1_731' title='bbox 2739 3799 2856 3854; x_wconf 90' lang='lat' dir='ltr'><strong><em>nisi</em></strong></span> <span class='ocrx_word' id='word_1_732' title='bbox 2878 3797 2940 3854; x_wconf 91' lang='lat' dir='ltr'><strong><em>id</em></strong></span> <span class='ocrx_word' id='word_1_733' title='bbox 2979 3797 3146 3869; x_wconf 90' lang='lat' dir='ltr'><strong><em>quod</em></strong></span> <span class='ocrx_word' id='word_1_734' title='bbox 3177 3795 3495 3852; x_wconf 89' lang='lat' dir='ltr'><strong><em>Christiani</em></strong></span> <span class='ocrx_word' id='word_1_735' title='bbox 3520 3807 3736 3851; x_wconf 88' lang='lat' dir='ltr'><strong><em>omnes</em></strong></span> 
     </span>
    </p>
   </div>
   <div class='ocr_carea' id='block_1_95' title="bbox 2079 3887 3738 3965">
    <p class='ocr_par' dir='ltr' id='par_1_95' title="bbox 2079 3887 3738 3965">
     <span class='ocr_line' id='line_1_95' title="bbox 2079 3887 3738 3965; baseline -0.005 -15"><span class='ocrx_word' id='word_1_736' title='bbox 2079 3908 2322 3965; x_wconf 87' lang='lat' dir='ltr'><strong><em>semper</em></strong></span> <span class='ocrx_word' id='word_1_737' title='bbox 2369 3893 2708 3955; x_wconf 88' lang='lat' dir='ltr'><strong><em>tenuerunt,</em></strong></span> <span class='ocrx_word' id='word_1_738' title='bbox 2761 3887 2968 3944; x_wconf 88' lang='lat' dir='ltr'><strong><em>omnia</em></strong></span> <span class='ocrx_word' id='word_1_739' title='bbox 3013 3887 3304 3959; x_wconf 87' lang='lat' dir='ltr'><strong><em>temporis</em></strong></span> <span class='ocrx_word' id='word_1_740' title='bbox 3364 3888 3675 3942; x_wconf 87' lang='lat' dir='ltr'><strong><em>momento</em></strong></span> <span class='ocrx_word' id='word_1_741' title='bbox 3705 3900 3738 3941; x_wconf 90' lang='lat' dir='ltr'><strong><em>e</em></strong></span> 
     </span>
    </p>
   </div>
   <div class='ocr_carea' id='block_1_96' title="bbox 2076 3974 3738 4050">
    <p class='ocr_par' dir='ltr' id='par_1_96' title="bbox 2076 3974 3738 4050">
     <span class='ocr_line' id='line_1_96' title="bbox 2076 3974 3738 4050; baseline -0.005 -11"><span class='ocrx_word' id='word_1_742' title='bbox 2076 3982 2264 4039; x_wconf 89' lang='lat' dir='ltr'><strong><em>nihilo</em></strong></span> <span class='ocrx_word' id='word_1_743' title='bbox 2291 3981 2529 4046; x_wconf 87' lang='lat' dir='ltr'><strong><em>educta,</em></strong></span> <span class='ocrx_word' id='word_1_744' title='bbox 2553 3995 2664 4034; x_wconf 88' lang='lat' dir='ltr'><strong><em>nec</em></strong></span> <span class='ocrx_word' id='word_1_745' title='bbox 2694 3977 3036 4050; x_wconf 85' lang='lat' dir='ltr'><strong><em>quidquam</em></strong></span> <span class='ocrx_word' id='word_1_746' title='bbox 3064 3975 3167 4032; x_wconf 91' lang='lat' dir='ltr'><strong><em>Dei</em></strong></span> <span class='ocrx_word' id='word_1_747' title='bbox 3197 3975 3485 4031; x_wconf 89' lang='lat' dir='ltr'><strong><em>restitisse</em></strong></span> <span class='ocrx_word' id='word_1_748' title='bbox 3527 3974 3738 4030; x_wconf 46' lang='lat' dir='ltr'><strong><em>volun.</em></strong></span> 
     </span>
    </p>
   </div>
   <div class='ocr_carea' id='block_1_97' title="bbox 2077 4063 3738 4136">
    <p class='ocr_par' dir='ltr' id='par_1_97' title="bbox 2077 4063 3738 4136">
     <span class='ocr_line' id='line_1_97' title="bbox 2077 4063 3738 4136; baseline -0.005 -8"><span class='ocrx_word' id='word_1_749' title='bbox 2077 4073 2200 4129; x_wconf 89' lang='lat' dir='ltr'><strong><em>tati.</em></strong></span> <span class='ocrx_word' id='word_1_750' title='bbox 2233 4072 2381 4128; x_wconf 86' lang='lat' dir='ltr'><strong><em>Hinc</em></strong></span> <span class='ocrx_word' id='word_1_751' title='bbox 2421 4069 2583 4126; x_wconf 90' lang='lat' dir='ltr'><strong><em>idem</em></strong></span> <span class='ocrx_word' id='word_1_752' title='bbox 2611 4067 2786 4124; x_wconf 89' lang='lat' dir='ltr'><strong><em>docet</em></strong></span> <span class='ocrx_word' id='word_1_753' title='bbox 2841 4065 3092 4123; x_wconf 82' lang='lat' dir='ltr'><strong><em>Basilius</em></strong></span> <span class='ocrx_word' id='word_1_754' title='bbox 3139 4065 3215 4121; x_wconf 89' lang='lat' dir='ltr'><strong><em>de</em></strong></span> <span class='ocrx_word' id='word_1_755' title='bbox 3244 4064 3315 4120; x_wconf 89' lang='lat' dir='ltr'><strong><em>iis</em></strong></span> <span class='ocrx_word' id='word_1_756' title='bbox 3344 4080 3483 4136; x_wconf 79' lang='lat' dir='ltr'><strong><em>quae</em></strong></span> <span class='ocrx_word' id='word_1_757' title='bbox 3514 4063 3738 4133; x_wconf 59' lang='lat' dir='ltr'><strong><em>sigilla:</em></strong></span> 
     </span>
    </p>
   </div>
   <div class='ocr_carea' id='block_1_98' title="bbox 2076 4151 3740 4227">
    <p class='ocr_par' dir='ltr' id='par_1_98' title="bbox 2076 4151 3740 4227">
     <span class='ocr_line' id='line_1_98' title="bbox 2076 4151 3740 4227; baseline -0.007 -8"><span class='ocrx_word' id='word_1_758' title='bbox 2076 4162 2183 4219; x_wconf 89' lang='lat' dir='ltr'><strong><em>tim</em></strong></span> <span class='ocrx_word' id='word_1_759' title='bbox 2231 4160 2310 4218; x_wconf 85' lang='lat' dir='ltr'><strong><em>ad</em></strong></span> <span class='ocrx_word' id='word_1_760' title='bbox 2359 4157 2576 4216; x_wconf 89' lang='lat' dir='ltr'><strong><em>mundi</em></strong></span> <span class='ocrx_word' id='word_1_761' title='bbox 2605 4160 2889 4214; x_wconf 88' lang='lat' dir='ltr'><strong><em>ornatum</em></strong></span> <span class='ocrx_word' id='word_1_762' title='bbox 2939 4155 3237 4227; x_wconf 88' lang='lat' dir='ltr'><strong><em>prodiere.</em></strong></span> <span class='ocrx_word' id='word_1_763' title='bbox 3293 4154 3385 4211; x_wconf 89' lang='lat' dir='ltr'><strong><em>Sic</em></strong></span> <span class='ocrx_word' id='word_1_764' title='bbox 3443 4153 3606 4210; x_wconf 90' lang='lat' dir='ltr'><strong><em>enim</em></strong></span> <span class='ocrx_word' id='word_1_765' title='bbox 3663 4151 3740 4209; x_wconf 86' lang='lat' dir='ltr'><strong><em>de</em></strong></span> 
     </span>
    </p>
   </div>
   <div class='ocr_carea' id='block_1_99' title="bbox 2075 4243 3736 4321">
    <p class='ocr_par' dir='ltr' id='par_1_99' title="bbox 2075 4243 3736 4321">
     <span class='ocr_line' id='line_1_99' title="bbox 2075 4243 3736 4321; baseline -0.007 -13"><span class='ocrx_word' id='word_1_766' title='bbox 2075 4255 2245 4308; x_wconf 66' lang='lat' dir='ltr'><strong><em>terra:</em></strong></span> <span class='ocrx_word' id='word_1_767' title='bbox 2266 4247 2642 4321; x_wconf 83' lang='lat' dir='ltr'><strong><em>germinibus</em></strong></span> <span class='ocrx_word' id='word_1_768' title='bbox 2670 4245 2936 4318; x_wconf 89' lang='lat' dir='ltr'><strong><em>loquitur</em></strong></span> <span class='ocrx_word' id='word_1_769' title='bbox 2965 4243 3174 4302; x_wconf 91' lang='lat' dir='ltr'><strong><em>homil.</em></strong></span> <span class='ocrx_word' id='word_1_770' title='bbox 3207 4249 3256 4299; x_wconf 90' lang='lat'><strong><em>5.</em></strong></span> <span class='ocrx_word' id='word_1_771' title='bbox 3291 4258 3351 4299; x_wconf 93' lang='lat' dir='ltr'><strong><em>n.</em></strong></span> <span class='ocrx_word' id='word_1_772' title='bbox 3388 4247 3440 4311; x_wconf 87' lang='lat'><strong><em>5,</em></strong></span> <span class='ocrx_word' id='word_1_773' title='bbox 3463 4257 3605 4314; x_wconf 81' lang='lat' dir='ltr'><strong><em>pag.</em></strong></span> <span class='ocrx_word' id='word_1_774' title='bbox 3627 4244 3698 4297; x_wconf 73' lang='grc'><strong><em>41»</em></strong></span> <span class='ocrx_word' id='word_1_775' title='bbox 3722 4258 3736 4296; x_wconf 87' lang='lat'><strong>:</strong></span> 
     </span>
    </p>
   </div>
   <div class='ocr_carea' id='block_1_100' title="bbox 2076 4332 3740 4405">
    <p class='ocr_par' dir='ltr' id='par_1_100' title="bbox 2076 4332 3740 4405">
     <span class='ocr_line' id='line_1_100' title="bbox 2076 4332 3740 4405; baseline -0.007 -7"><span class='ocrx_word' id='word_1_776' title='bbox 2076 4342 2147 4398; x_wconf 88' lang='lat' dir='ltr'><strong><em>In</em></strong></span> <span class='ocrx_word' id='word_1_777' title='bbox 2183 4342 2430 4398; x_wconf 87' lang='lat' dir='ltr'><strong><em>minimo</em></strong></span> <span class='ocrx_word' id='word_1_778' title='bbox 2474 4340 2652 4395; x_wconf 86' lang='lat' dir='ltr'><strong><em>etiam</em></strong></span> <span class='ocrx_word' id='word_1_779' title='bbox 2687 4337 2972 4405; x_wconf 85' lang='lat' dir='ltr'><strong><em>temporis</em></strong></span> <span class='ocrx_word' id='word_1_780' title='bbox 3026 4339 3254 4404; x_wconf 88' lang='lat' dir='ltr'><strong><em>puncto</em></strong></span> <span class='ocrx_word' id='word_1_781' title='bbox 3301 4332 3740 4404; x_wconf 87' lang='lat' dir='ltr'><strong><em>germinatione</em></strong></span> 
     </span>
    </p>
   </div>
   <div class='ocr_carea' id='block_1_101' title="bbox 2075 4425 3741 4495">
    <p class='ocr_par' dir='ltr' id='par_1_101' title="bbox 2075 4425 3741 4495">
     <span class='ocr_line' id='line_1_101' title="bbox 2075 4425 3741 4495; baseline -0.01 -6"><span class='ocrx_word' id='word_1_782' title='bbox 2075 4447 2294 4489; x_wconf 86' lang='lat' dir='ltr'><strong><em>exorsa</em></strong></span> <span class='ocrx_word' id='word_1_783' title='bbox 2337 4437 2523 4495; x_wconf 88' lang='lat' dir='ltr'><strong><em>terra,</em></strong></span> <span class='ocrx_word' id='word_1_784' title='bbox 2558 4433 2624 4482; x_wconf 90' lang='lat' dir='ltr'><strong><em>ut</em></strong></span> <span class='ocrx_word' id='word_1_785' title='bbox 2672 4425 3018 4482; x_wconf 85' lang='lat' dir='ltr'><strong><em>Conditoris</em></strong></span> <span class='ocrx_word' id='word_1_786' title='bbox 3079 4426 3234 4494; x_wconf 86' lang='lat' dir='ltr'><strong><em>leges</em></strong></span> <span class='ocrx_word' id='word_1_787' title='bbox 3291 4426 3581 4485; x_wconf 82' lang='lat' dir='ltr'><strong><em>servaret,</em></strong></span> <span class='ocrx_word' id='word_1_788' title='bbox 3629 4433 3741 4488; x_wconf 90' lang='lat' dir='ltr'><strong><em>per</em></strong></span> 
     </span>
    </p>
   </div>
   <div class='ocr_carea' id='block_1_102' title="bbox 2077 4509 3738 4584">
    <p class='ocr_par' dir='ltr' id='par_1_102' title="bbox 2077 4509 3738 4584">
     <span class='ocr_line' id='line_1_102' title="bbox 2077 4509 3738 4584; baseline -0.009 -6"><span class='ocrx_word' id='word_1_789' title='bbox 2077 4537 2306 4578; x_wconf 89' lang='lat' dir='ltr'><strong><em>omnem</em></strong></span> <span class='ocrx_word' id='word_1_790' title='bbox 2335 4519 2691 4576; x_wconf 82' lang='lat' dir='ltr'><strong><em>accretionis</em></strong></span> <span class='ocrx_word' id='word_1_791' title='bbox 2707 4516 2959 4584; x_wconf 86' lang='lat' dir='ltr'><strong><em>speciem</em></strong></span> <span class='ocrx_word' id='word_1_792' title='bbox 2979 4512 3398 4583; x_wconf 83' lang='lat' dir='ltr'><strong><em>progrediens,</em></strong></span> <span class='ocrx_word' id='word_1_793' title='bbox 3425 4509 3738 4578; x_wconf 83' lang='lat' dir='ltr'><strong><em>confestim</em></strong></span> 
     </span>
    </p>
   </div>
   <div class='ocr_carea' id='block_1_103' title="bbox 2077 4605 3212 4684">
    <p class='ocr_par' dir='ltr' id='par_1_103' title="bbox 2077 4605 3212 4684">
     <span class='ocr_line' id='line_1_103' title="bbox 2077 4605 3212 4684; baseline -0.009 -16"><span class='ocrx_word' id='word_1_794' title='bbox 2077 4611 2353 4684; x_wconf 86' lang='lat' dir='ltr'><strong><em>germina</em></strong></span> <span class='ocrx_word' id='word_1_795' title='bbox 2381 4607 2631 4664; x_wconf 88' lang='lat' dir='ltr'><strong><em>deduxit</em></strong></span> <span class='ocrx_word' id='word_1_796' title='bbox 2661 4605 2742 4662; x_wconf 92' lang='lat' dir='ltr'><strong><em>ad</em></strong></span> <span class='ocrx_word' id='word_1_797' title='bbox 2761 4605 3212 4675; x_wconf 89' lang='lat' dir='ltr'><strong><em>perfectionem.</em></strong></span> 
     </span>
    </p>
   </div>
   <div class='ocr_carea' id='block_1_104' title="bbox 2828 4748 2984 4815">
    <p class='ocr_par' dir='ltr' id='par_1_104' title="bbox 2828 4748 2984 4815">
     <span class='ocr_line' id='line_1_104' title="bbox 2828 4748 2984 4815; baseline 0.006 -16"><span class='ocrx_word' id='word_1_798' title='bbox 2828 4749 2855 4815; x_wconf 66' lang='grc' dir='ltr'><strong>ξ</strong></span> <span class='ocrx_word' id='word_1_799' title='bbox 2895 4748 2984 4800; x_wconf 74' lang='lat' dir='ltr'><strong><em>vr.</em></strong></span> 
     </span>
    </p>
   </div>
   <div class='ocr_carea' id='block_1_105' title="bbox 2081 4848 3739 4924">
    <p class='ocr_par' dir='ltr' id='par_1_105' title="bbox 2081 4848 3739 4924">
     <span class='ocr_line' id='line_1_105' title="bbox 2081 4848 3739 4924; baseline -0.009 -5"><span class='ocrx_word' id='word_1_800' title='bbox 2081 4864 2123 4920; x_wconf 92' lang='grc' dir='ltr'><strong>Ι.</strong></span> <span class='ocrx_word' id='word_1_801' title='bbox 2174 4860 2543 4919; x_wconf 83' lang='lat' dir='ltr'><strong><em>Traditionis</em></strong></span> <span class='ocrx_word' id='word_1_802' title='bbox 2566 4857 2898 4914; x_wconf 89' lang='lat' dir='ltr'><strong><em>auctoritas</em></strong></span> <span class='ocrx_word' id='word_1_803' title='bbox 2927 4853 3175 4924; x_wconf 85' lang='lat' dir='ltr'><strong><em>defensa</em></strong></span> <span class='ocrx_word' id='word_1_804' title='bbox 3205 4867 3242 4907; x_wconf 93' lang='lat' dir='ltr'><strong><em>a</em></strong></span> <span class='ocrx_word' id='word_1_805' title='bbox 3270 4854 3478 4908; x_wconf 88' lang='lat' dir='ltr'><strong><em>sancto</em></strong></span> <span class='ocrx_word' id='word_1_806' title='bbox 3501 4848 3739 4924; x_wconf 71' lang='lat' dir='ltr'><strong><em>Basilio</em></strong></span> 
     </span>
    </p>
   </div>
   <div class='ocr_carea' id='block_1_106' title="bbox 2149 4920 3739 4992">
    <p class='ocr_par' dir='ltr' id='par_1_106' title="bbox 2149 4920 3739 4992">
     <span class='ocr_line' id='line_1_106' title="bbox 2149 4920 3739 4992; baseline -0.009 -1"><span class='ocrx_word' id='word_1_807' title='bbox 2149 4936 2436 4992; x_wconf 84' lang='lat' dir='ltr'><strong><em>adversus</em></strong></span> <span class='ocrx_word' id='word_1_808' title='bbox 2485 4929 2848 4986; x_wconf 88' lang='lat' dir='ltr'><strong><em>Eunomium</em></strong></span> <span class='ocrx_word' id='word_1_809' title='bbox 2899 4931 2950 4980; x_wconf 89' lang='lat' dir='ltr'><strong><em>et</em></strong></span> <span class='ocrx_word' id='word_1_810' title='bbox 2999 4920 3616 4980; x_wconf 65' lang='lat' dir='ltr'><strong><em>Pneumatomachos.</em></strong></span> <span class='ocrx_word' id='word_1_811' title='bbox 3670 4920 3739 4977; x_wconf 89' lang='lat' dir='ltr'><strong><em>ll.</em></strong></span> 
     </span>
    </p>
   </div>
   <div class='ocr_carea' id='block_1_107' title="bbox 2163 4993 3741 5063">
    <p class='ocr_par' dir='ltr' id='par_1_107' title="bbox 2163 4993 3741 5063">
     <span class='ocr_line' id='line_1_107' title="bbox 2163 4993 3741 5063; baseline -0.011 0"><span class='ocrx_word' id='word_1_812' title='bbox 2163 5006 2346 5063; x_wconf 85' lang='lat' dir='ltr'><strong><em>Valde</em></strong></span> <span class='ocrx_word' id='word_1_813' title='bbox 2367 5005 2546 5059; x_wconf 89' lang='lat' dir='ltr'><strong><em>etiam</em></strong></span> <span class='ocrx_word' id='word_1_814' title='bbox 2569 4999 2868 5056; x_wconf 87' lang='lat' dir='ltr'><strong><em>studiosus</em></strong></span> <span class='ocrx_word' id='word_1_815' title='bbox 2886 4997 3114 5053; x_wconf 87' lang='lat' dir='ltr'><strong><em>exstitit</em></strong></span> <span class='ocrx_word' id='word_1_816' title='bbox 3146 4995 3434 5052; x_wconf 82' lang='lat' dir='ltr'><strong><em>catholici</em></strong></span> <span class='ocrx_word' id='word_1_817' title='bbox 3454 4993 3741 5049; x_wconf 85' lang='lat' dir='ltr'><strong><em>sermonis</em></strong></span> 
     </span>
    </p>
   </div>
   <div class='ocr_carea' id='block_1_108' title="bbox 2153 5064 3744 5146">
    <p class='ocr_par' dir='ltr' id='par_1_108' title="bbox 2153 5064 3744 5146">
     <span class='ocr_line' id='line_1_108' title="bbox 2153 5064 3744 5146; baseline -0.01 -12"><span class='ocrx_word' id='word_1_818' title='bbox 2153 5074 2535 5146; x_wconf 86' lang='lat' dir='ltr'><strong><em>defendendi.</em></strong></span> <span class='ocrx_word' id='word_1_819' title='bbox 2585 5071 2747 5146; x_wconf 75' lang='lat' dir='ltr'><strong><em>Quid</em></strong></span> <span class='ocrx_word' id='word_1_820' title='bbox 2783 5071 2855 5146; x_wconf 82' lang='lat' dir='ltr'><strong><em>de</em></strong></span> <span class='ocrx_word' id='word_1_821' title='bbox 2900 5069 3162 5124; x_wconf 86' lang='lat' dir='ltr'><strong><em>conciliis</em></strong></span> <span class='ocrx_word' id='word_1_822' title='bbox 3211 5064 3572 5146; x_wconf 82' lang='lat' dir='ltr'><strong><em>sentiat.l_l_l_.</em></strong></span> <span class='ocrx_word' id='word_1_823' title='bbox 3615 5064 3744 5146; x_wconf 60' lang='grc' dir='ltr'><strong><em>ραν</em></strong></span> 
     </span>
    </p>
   </div>
   <div class='ocr_carea' id='block_1_109' title="bbox 2154 5134 3742 5217">
    <p class='ocr_par' dir='ltr' id='par_1_109' title="bbox 2154 5134 3742 5217">
     <span class='ocr_line' id='line_1_109' title="bbox 2154 5134 3742 5217; baseline -0.012 -11"><span class='ocrx_word' id='word_1_824' title='bbox 2154 5134 2534 5206; x_wconf 77' lang='lat' dir='ltr'><strong><em>adversarios</em></strong></span> <span class='ocrx_word' id='word_1_825' title='bbox 2580 5134 2660 5217; x_wconf 65' lang='lat' dir='ltr'><strong><em>(id</em></strong></span> <span class='ocrx_word' id='word_1_826' title='bbox 2704 5143 3097 5217; x_wconf 77' lang='lat' dir='ltr'><strong><em>Scripturam</em></strong></span> <span class='ocrx_word' id='word_1_827' title='bbox 3134 5138 3570 5217; x_wconf 36' lang='lat' dir='ltr'><strong><em>provocat-lii:</em></strong></span> <span class='ocrx_word' id='word_1_828' title='bbox 3601 5134 3742 5217; x_wconf 65' lang='lat' dir='ltr'><strong><em>Quo</em></strong></span> 
     </span>
    </p>
   </div>
   <div class='ocr_carea' id='block_1_110' title="bbox 2151 5206 3747 5284">
    <p class='ocr_par' dir='ltr' id='par_1_110' title="bbox 2151 5206 3747 5284">
     <span class='ocr_line' id='line_1_110' title="bbox 2151 5206 3747 5284; baseline -0.012 -6"><span class='ocrx_word' id='word_1_829' title='bbox 2151 5236 2327 5278; x_wconf 87' lang='lat' dir='ltr'><strong><em>sensu</em></strong></span> <span class='ocrx_word' id='word_1_830' title='bbox 2347 5220 2550 5274; x_wconf 86' lang='lat' dir='ltr'><strong><em>omnia</em></strong></span> <span class='ocrx_word' id='word_1_831' title='bbox 2579 5206 2912 5284; x_wconf 79' lang='lat' dir='ltr'><strong><em>Scripturis</em></strong></span> <span class='ocrx_word' id='word_1_832' title='bbox 2946 5206 3385 5284; x_wconf 71' lang='lat' dir='ltr'><strong><em>conﬁrmanda,</em></strong></span> <span class='ocrx_word' id='word_1_833' title='bbox 3407 5206 3747 5284; x_wconf 32' lang='lat' dir='ltr'><strong><em>ili/lié‘SCl&#39;i-</em></strong></span> 
     </span>
    </p>
   </div>
   <div class='ocr_carea' id='block_1_111' title="bbox 2148 5278 3745 5363">
    <p class='ocr_par' dir='ltr' id='par_1_111' title="bbox 2148 5278 3745 5363">
     <span class='ocr_line' id='line_1_111' title="bbox 2148 5278 3745 5363; baseline -0.011 -15"><span class='ocrx_word' id='word_1_834' title='bbox 2148 5293 2350 5363; x_wconf 85' lang='lat' dir='ltr'><strong><em>pluris</em></strong></span> <span class='ocrx_word' id='word_1_835' title='bbox 2379 5278 2728 5363; x_wconf 78' lang='lat' dir='ltr'><strong><em>addendum</em></strong></span> <span class='ocrx_word' id='word_1_836' title='bbox 2751 5285 2929 5341; x_wconf 86' lang='lat' dir='ltr'><strong><em>dixit.</em></strong></span> <span class='ocrx_word' id='word_1_837' title='bbox 2963 5285 3027 5337; x_wconf 84' lang='lat' dir='ltr'><strong><em>V.</em></strong></span> <span class='ocrx_word' id='word_1_838' title='bbox 3054 5283 3184 5363; x_wconf 72' lang='lat' dir='ltr'><strong><em>Quo</em></strong></span> <span class='ocrx_word' id='word_1_839' title='bbox 3210 5297 3385 5363; x_wconf 68' lang='lat' dir='ltr'><strong><em>sensu</em></strong></span> <span class='ocrx_word' id='word_1_840' title='bbox 3437 5278 3745 5363; x_wconf 85' lang='lat' dir='ltr'><strong><em>auditores</em></strong></span> 
     </span>
    </p>
   </div>
   <div class='ocr_carea' id='block_1_112' title="bbox 2150 5353 3552 5436">
    <p class='ocr_par' dir='ltr' id='par_1_112' title="bbox 2150 5353 3552 5436">
     <span class='ocr_line' id='line_1_112' title="bbox 2150 5353 3552 5436; baseline -0.011 -16"><span class='ocrx_word' id='word_1_841' title='bbox 2150 5353 2415 5436; x_wconf 71' lang='lat' dir='ltr'><strong><em>probare</em></strong></span> <span class='ocrx_word' id='word_1_842' title='bbox 2434 5360 2642 5417; x_wconf 88' lang='lat' dir='ltr'><strong><em>debere</em></strong></span> <span class='ocrx_word' id='word_1_843' title='bbox 2679 5373 2810 5428; x_wconf 73' lang='lat' dir='ltr'><strong><em>qua:</em></strong></span> <span class='ocrx_word' id='word_1_844' title='bbox 2840 5372 2877 5413; x_wconf 88' lang='lat' dir='ltr'><strong><em>a</em></strong></span> <span class='ocrx_word' id='word_1_845' title='bbox 2902 5354 3210 5426; x_wconf 84' lang='lat' dir='ltr'><strong><em>magistris</em></strong></span> <span class='ocrx_word' id='word_1_846' title='bbox 3239 5353 3552 5408; x_wconf 88' lang='lat' dir='ltr'><strong><em>dicuntur.</em></strong></span> 
     </span>
    </p>
   </div>
   <div class='ocr_carea' id='block_1_113' title="bbox 2162 5486 3746 5570">
    <p class='ocr_par' dir='ltr' id='par_1_113' title="bbox 2162 5486 3746 5570">
     <span class='ocr_line' id='line_1_113' title="bbox 2162 5486 3746 5570; baseline -0.011 -6"><span class='ocrx_word' id='word_1_847' title='bbox 2162 5511 2202 5564; x_wconf 88' lang='grc' dir='ltr'>ι.</span> <span class='ocrx_word' id='word_1_848' title='bbox 2244 5510 2374 5564; x_wconf 87' lang='lat' dir='ltr'><strong><em>Non</em></strong></span> <span class='ocrx_word' id='word_1_849' title='bbox 2406 5503 2653 5561; x_wconf 86' lang='lat' dir='ltr'><strong><em>interest</em></strong></span> <span class='ocrx_word' id='word_1_850' title='bbox 2680 5515 2912 5567; x_wconf 89' lang='lat' dir='ltr'><strong><em>eorum,</em></strong></span> <span class='ocrx_word' id='word_1_851' title='bbox 2953 5497 3058 5570; x_wconf 89' lang='lat' dir='ltr'><strong><em>qui</em></strong></span> <span class='ocrx_word' id='word_1_852' title='bbox 3111 5497 3306 5551; x_wconf 87' lang='lat' dir='ltr'><strong><em>sectas</em></strong></span> <span class='ocrx_word' id='word_1_853' title='bbox 3349 5493 3429 5550; x_wconf 89' lang='lat' dir='ltr'><strong><em>ab</em></strong></span> <span class='ocrx_word' id='word_1_854' title='bbox 3484 5486 3746 5548; x_wconf 78' lang='lat' dir='ltr'><strong><em>Ecclesia</em></strong></span> 
     </span>
    </p>
   </div>
   <div class='ocr_carea' id='block_1_114' title="bbox 3359 5657 3393 5709">
    <p class='ocr_par' dir='ltr' id='par_1_114' title="bbox 3359 5657 3393 5709">
     <span class='ocr_line' id='line_1_114' title="bbox 3359 5657 3393 5709; baseline 0 0"><span class='ocrx_word' id='word_1_855' title='bbox 3359 5657 3393 5709; x_wconf 80' lang='grc'><strong>2</strong></span> 
     </span>
    </p>
   </div>
  </div>
