4154 6414
547 264 615 316 43
2078 257 2447 318 ΡΒνιΕΡΑΤΙΟ
2458 302 2472 316 .
3875 267 3938 321 44

540 387 910 446 dissidentes
932 384 1288 450 defendunt,
1310 383 1372 442 in
1411 385 1505 440 his
1537 383 1934 455 argumentis,
1956 398 2093 455 qua:
2123 381 2202 438 ad
2233 387 2278 438 Α
2311 389 2542 454 tempus
2573 387 2737 456 apud
2765 391 2851 442 tot
2908 392 3146 443 sanctos
3194 387 3471 458 obtinuit,
3527 387 3700 457 impio
3759 394 3939 444 vestro

543 477 821 533 Ecclesia:
854 481 911 532 et
939 475 1280 532 traditionis
1306 475 1360 531 ei
1412 475 1752 532 commissae
1786 473 2200 529 auctoritatem

541 571 833 640 spectant,
867 581 997 622 sese
1026 565 1356 621 venditare.
1385 568 1534 622 Cum
1557 565 1717 621 enim
1749 562 1992 618 eventui
2022 561 2200 616 unius

539 673 761 730 pugnae
791 673 902 713 sua
930 656 1138 712 omnia
1155 655 1558 723 committunt,
1585 653 2024 726 semelquehac
2049 651 2108 706 in
2136 666 2198 706 re

538 746 710 803 victis
753 746 900 802 nihil
927 750 1202 818 superest
1231 745 1309 800 ad
1348 760 1547 800 causte
1579 743 2029 800 defensionem:
2070 746 2196 796 tum

537 852 683 893 vero
712 853 784 892 eo
814 835 1048 892 facilius
1072 836 1134 892 in
1164 837 1280 892 hoc
1301 836 1587 905 dogmate
1608 850 1796 907 quam
1830 834 1891 888 in
1914 831 2043 889 aliis
2071 831 2197 885 vin-

537 925 948 998 cuntur,quod
968 941 1042 981 ne
1065 925 1282 981 erroris
1301 923 1547 996 quidem
1574 923 1835 979 novitate
1855 920 2195 977 molestiam

533 1015 860 1087 facessunt,
884 1015 990 1071 sed
1013 1016 1287 1070 omnium
1329 1014 1769 1079 haereticorum,
1787 1013 1890 1085 qui
1920 1025 2194 1083 unquam

533 1104 797 1174 extitere,
845 1103 1112 1172 vestigiis
1181 1103 1488 1160 insistunt.
1541 1107 1738 1158 Ausus
1823 1105 1912 1156 est
1992 1106 2196 1155 tamen

535 1195 830 1251 Scultetus
858 1194 990 1265 (tO')
1021 1195 1101 1250 ad
1140 1193 1505 1250 acerrimum
1533 1191 1870 1249 traditionis
1917 1189 2197 1246 defenso-

530 1300 659 1341 rem
717 1283 1000 1340 Basilium
1057 1299 1412 1356 provocare.
1468 1299 1579 1338 nec
1639 1281 1846 1337 timide
1896 1285 2000 1336 aut
2031 1296 2194 1334 vere-

533 1375 729 1432 cunde
765 1381 1042 1431 versatur
1086 1375 1147 1430 in
1205 1374 1362 1430 illius
1412 1373 1772 1430 testimoniis
1819 1370 2190 1440 colligendis.

531 1465 646 1524 Sed
681 1470 746 1523 ut
771 1465 1012 1522 Sculteti
1039 1465 1346 1522 temeritas
1368 1465 1429 1520 iu
1459 1468 1747 1538 promptu
1779 1462 2064 1519 omnibus
2095 1463 2192 1524 sit,

527 1556 741 1629 paucis
790 1555 1157 1627 exponenda
1200 1556 1257 1611 S.
1291 1554 1555 1610 doctoris
1606 1553 1900 1609 sententia
1936 1569 1948 1607 :
2003 1567 2195 1624 quan-

528 1661 716 1718 quam
751 1644 1026 1716 Ecclesiaa
1078 1643 1464 1700 traditionem
1520 1660 1642 1699 non
1701 1642 1897 1712 magis
1944 1641 2193 1698 eruditis

527 1734 788 1807 scriptis,
821 1749 1013 1806 quam
1036 1733 1220 1788 rebus
1272 1731 1500 1789 fortiter
1529 1731 1712 1802 gestis
1743 1730 2031 1788 defendit.
2064 1733 2191 1787 Non

525 1823 727 1894 segnis
759 1839 904 1878 sane
931 1827 987 1878 et
1016 1821 1338 1891 indiligens
1364 1837 1552 1893 opera
1581 1820 1740 1876 illius
1768 1820 1830 1876 in
1879 1819 2191 1892 explican-

522 1914 616 1969 dis
645 1912 966 1986 Scripturis
999 1929 1012 1980 ;
1050 1913 1154 1967 sed
1186 1913 1348 1967 idem
1380 1912 1710 1967 acerrimus
1747 1911 1966 1967 exstitit
2012 1910 2192 1967 tradi-

522 2003 701 2059 tionis
732 2003 1032 2058 defensor.
1070 2001 1258 2057 Probe
1301 2001 1462 2057 enim
1513 2000 1739 2057 sciebat
1782 2001 2038 2057 verbum
2089 1999 2189 2056 Dei

520 2109 646 2149 non
687 2091 879 2148 solum
935 2091 1160 2163 scripto
1214 2091 1292 2146 ab
1344 2090 1653 2163 apostolis,
1689 2090 1797 2146 sed
1841 2091 2018 2146 etiam
2051 2089 2190 2146 viva

518 2199 667 2239 voce
698 2182 983 2240 traditum
1006 2180 1496 2237 Ecclesite'fuisse
1521 2197 1534 2247 ;
1565 2186 1621 2236 et
1644 2179 1813 2254 quod
1839 2179 2100 2236 Ecclesia
2125 2179 2187 2236 in

520 2272 807 2328 omnibus
830 2271 1068 2326 saeculis
1092 2275 1438 2326 constanter
1457 2270 1682 2335 docuit,
1707 2269 1766 2325 id
1789 2285 1912 2326 non
1944 2269 2185 2325 aliunde

521 2377 710 2435 quam
735 2361 813 2416 ab
836 2359 1126 2433 apostolis
1147 2365 1467 2432 acceptum
1491 2374 1640 2430 esse,
1661 2375 1770 2414 nec
1793 2359 1873 2414 ab
1903 2375 1996 2427 eo,
2019 2359 2182 2432 quod

520 2451 894 2524 scripserunt
967 2449 1248 2522 apostoli,
1309 2449 1511 2504 divelli
1573 2465 1773 2521 posse,
1831 2449 1947 2505 nisi
2017 2448 2184 2504 aliud

517 2541 740 2613 scripto
768 2539 1047 2613 apostoli,
1086 2539 1252 2594 aliud
1274 2538 1413 2594 viva
1434 2555 1581 2594 voce
1612 2538 1891 2594 docuisse
1939 2537 2184 2608 ﬁngan-

516 2637 634 2688 tur.
671 2631 858 2700 Hujus
890 2631 1202 2685 sententiaa
1235 2629 1594 2701 praeclarum
1634 2628 1875 2700 reliquit
1903 2628 2183 2690 testimo-

514 2721 686 2776 nium
744 2719 805 2775 in
852 2719 1006 2774 libro
1065 2719 1263 2791 primo
1315 2719 1606 2774 adversus
1658 2719 2045 2784 Eunomium,
2077 2718 2184 2791 qui

519 2826 657 2866 cum
680 2810 742 2865 in
771 2809 1048 2865 doctrina
1070 2808 1356 2864 divinitus
1383 2808 1646 2864 revelata
1675 2807 1957 2864 eamdem
2001 2825 2072 2864 ac
2120 2810 2180 2864 in

517 2900 700 2956 rebus
722 2898 1160 2972 pbilosophicis
1189 2898 1491 2954 licentiam
1515 2903 1759 2969 peteret,
1785 2914 1856 2953 ac
1876 2899 1934 2953 in
1969 2900 2182 2955 Catho-

512 2990 663 3045 licos
679 2989 1004 3060 jocaretur.
1026 2988 1201 3060 quasi
1223 3003 1298 3044 ea:
1316 2988 1707 3044 multitudine
1728 3003 1931 3044 verum
1960 3004 1996 3044 α
2017 2989 2180 3057 falso

2311 483 2639 533 commento
2689 483 3198 547 postponeremus.
3279 481 3357 533 Ex
3431 477 3520 532 bis
3563 476 3941 549 perspicimus

2311 566 2517 622 omnia
2547 566 2773 622 diaboli
2801 567 3052 624 artiﬁcia
3074 569 3133 624 in
3148 567 3510 624 suscitandis
3535 566 3852 623 hmresibus
3875 583 3940 622 eo

2310 660 2636 726 spectasse.
2667 663 2728 713 ut
2768 657 3162 730 apostolicam
3219 656 3723 730 prmdicationem,
3766 672 3940 729 quam

2310 743 2570 800 Ecclesia
2597 745 2771 802 veluti
2794 763 3034 802 sacrum
3054 747 3398 819 depositum
3420 745 3694 809 custodit,
3718 745 3944 818 penitus

2308 834 2705 902 convelleret;
2749 836 2854 892 sed
2885 837 3016 908 ejus
3055 841 3309 892 conatus
3356 836 3552 892 irritos
3582 835 3786 892 fuisse.
3841 833 3945 899 Qui

2306 938 2449 992 ergo
2493 926 2878 982 traditionem
2931 942 3040 994 per
3093 928 3476 996 praeteritum
3507 940 3678 981 omne
3730 931 3946 994 tempus

2305 1014 2473 1083 apud
2492 1020 2578 1070 tot
2593 1022 2830 1071 sanctos
2854 1017 3252 1086 pradicalam
3271 1016 3724 1088 impugnarunt,
3757 1013 3816 1069 hi
3837 1028 3950 1068 non

2309 1103 2594 1174 Spiritum
2619 1111 2898 1160 sanctum
2931 1106 2991 1160 in
3022 1105 3343 1178 Scripturis
3366 1102 3824 1177 interpretandis
3844 1100 3946 1156 du-

2306 1193 2436 1248 ce'm
2468 1193 2832 1257 habuerunt,
2869 1194 2973 1250 sed
3000 1193 3226 1250 diaboli
3279 1193 3357 1250 ad
3415 1193 3806 1249 evertandam
3854 1193 3950 1246 Ec-

2306 1279 2550 1336 clesiam
2595 1281 2888 1338 emissarii
2939 1281 3127 1340 fuere.
3151 1284 3293 1338 Hinc
3327 1282 3626 1338 haeresum
3669 1279 3950 1350 originem

2305 1385 2377 1424 ex
2409 1376 2759 1443 contemptu
2793 1377 3144 1428 sanctorum
3171 1375 3410 1428 Patrum
3457 1371 3671 1443 repetit
3715 1367 3953 1424 Basilius

2304 1459 2365 1515 in
2392 1462 2831 1518 commentario
2852 1463 2914 1517 in
2953 1463 3191 1519 Isaiam.
3224 1463 3529 1517 Nonnulli
3555 1465 3716 1529 sunt,
3748 1457 3950 1530 inquit,

2305 1551 2387 1622 (p.
2423 1553 2568 1620 555),
2603 1554 2864 1623 quicum
2893 1554 3105 1608 Patres
3126 1559 3179 1608 et
3204 1551 3434 1607 tradita
3460 1551 3536 1607 ab
3568 1552 3649 1607 eis
3679 1551 3954 1620 dogmata

2299 1639 2649 1708 fastidiant,
2681 1643 2799 1711 ipsi
2851 1643 3141 1698 haeresum
3197 1644 3448 1710 cupiunt
3504 1655 3628 1697 esse
3665 1644 3950 1696 auctores.

2233 1740 2272 1795 Β
2377 1729 2433 1786 Si
2486 1747 2610 1803 qua
2664 1748 2807 1787 sane
2847 1733 3135 1802 dogmata
3193 1733 3320 1787 sine
3369 1730 3690 1787 traditione
3721 1726 3954 1784 defendi

2302 1825 2552 1890 possent
2578 1827 2821 1893 propter
2845 1822 3226 1893 apertissima
3245 1821 3566 1892 Scripturaa
3598 1815 3952 1884 testimonia,

2300 1907 2363 1964 id
2392 1910 2774 1980 potissimum
2803 1909 2877 1965 de
2905 1911 3024 1966 Filii
3051 1927 3120 1966 ae
3149 1911 3399 1983 Spiritus
3431 1909 3626 1965 sancti
3653 1906 3954 1964 divinitate

2301 2000 2480 2055 statui
2501 1999 2767 2056 deberet.
2797 2001 2964 2056 Nullo
2996 2007 3194 2058 tamen
3223 2001 3282 2056 in
3324 2001 3612 2070 dogmate
3635 1998 3834 2055 acrius
3863 1995 3954 2052 de-

2299 2088 2472 2146 fensa
2501 2090 2757 2146 traditio.
2783 2092 2972 2154 Quam
3001 2091 3409 2146 necessarium
3444 2089 3656 2146 sithoc
3687 2085 3952 2144 Ecclesia:

2297 2180 2666 2252 praesidium,
2694 2180 2971 2253 pluribus
2999 2180 3148 2237 locis
3173 2179 3440 2236 declarat
3473 2179 3752 2236 Basilius.
3785 2179 3860 2233 At
3888 2190 3955 2231 ne

2296 2284 2554 2339 separes,
2605 2270 2802 2342 inquit
2847 2271 2907 2325 in
2960 2269 3168 2326 homil.
3220 2273 3289 2324 24
3341 2271 3422 2342 (p.
3461 2272 3673 2340 49$),a
3704 2269 3954 2324 Patreet

2294 2359 2452 2415 Filio
2508 2360 2803 2430 Spiritum
2844 2368 3141 2426 sanctum,
3187 2360 3523 2417 absterreat
3564 2365 3622 2416 te
3689 2357 3953 2415 traditio.

2293 2451 2396 2507 Sic
2435 2451 2712 2506 dominus
2745 2452 2968 2522 docuit,
3007 2451 3417 2520 prazdicavere
3437 2452 3729 2521 apostoli,
3761 2451 3957 2505 Patres

2294 2556 2744 2608 conservavere,
2779 2543 3164 2611 conﬁrmavei
3183 2557 3214 2598 e
3231 2548 3563 2611 martyres.

2366 2630 2480 2686 Sed
2513 2630 2815 2703 praecipue
2846 2633 2904 2686 in
2936 2631 3091 2686 libro
3121 2633 3207 2687 De
3230 2631 3465 2701 Spiritu
3493 2638 3708 2688 sancto
3748 2643 3956 2686 omnes

2292 2718 2517 2790 ingenii
2538 2720 2692 2775 vires
2719 2721 2778 2775 in
2811 2720 3193 2777 defendenda
3214 2720 3489 2776 catholici
3515 2719 3829 2791 dogmatis
3848 2723 3958 2775 tra-

2291 2808 2516 2864 ditione
2546 2809 2882 2882 profundit.
2915 2812 2990 2866 Id
3025 2811 3186 2882 quod
3233 2812 3636 2881 impugnatur
3671 2811 3820 2880 ﬁdes
3857 2813 3956 2871 est,

2289 2897 2485 2970 inquit
2513 2901 2670 2972 (cap.
2699 2904 2781 2972 10,
2814 2915 2952 2972 pag.
2990 2901 3102 2969 2t),
3127 2902 3292 2972 isque
3317 2915 3542 2969 scopas
3565 2906 3652 2957 est
3713 2912 3964 2956 commu-

2287 2990 2382 3042 nis
2414 2988 2686 3044 omnibus
2717 2991 3084 3046 adversariis
3113 2996 3167 3046 et
3219 3007 3384 3046 sanae
3409 2991 3725 3048 doctrinae
3771 2989 3964 3045 inimi—

511 3081 903 3147 secernerint,
935 3081 1160 3148 majori
1175 3079 1350 3147 parti
1381 3077 1613 3134 tributa
1638 3079 1868 3147 palma,
1901 3093 1972 3134 ac
2011 3081 2177 3147 prio-
2217 3098 2257 3153 ο
2289 3078 2394 3146 cis,
2437 3085 2500 3132 ut
2533 3080 2900 3135 soliditatem
2931 3081 3072 3150 ﬁdei
3097 3081 3160 3135 in
3220 3081 3541 3136 Christum
3593 3081 3964 3144 concutiant,

513 3185 648 3225 rum
673 3169 907 3239 agmini
932 3183 1210 3224 concessa
1239 3169 1516 3232 victoria,
1539 3183 1717 3223 aures
1740 3167 2176 3236 posterioribus

513 3261 893 3326 obturarent,
919 3257 1004 3313 sic
1025 3275 1060 3313 a
1077 3264 1286 3314 sancto
1317 3257 1563 3313 doctore
1584 3257 1872 3312 refellitur
1891 3259 1976 3329 (p.
2005 3260 2134 3329 210)
2159 3275 2172 3313 :

514 3349 670 3416 Quid
700 3349 849 3403 dicis
871 3347 898 3402 ?
927 3349 1277 3416 palmamne
1325 3349 1529 3403 demus
1579 3347 2073 3418 antiquioribus?
2103 3363 2178 3404 ne

510 3453 899 3494 revereamur
947 3438 1394 3492 multitudinem
1457 3438 2177 3508 Christianorummeque

508 3542 713 3583 eorum
739 3529 845 3597 qui
863 3542 1026 3582 nunc
1042 3532 1202 3592 sunt,
1229 3541 1416 3596 neque
1440 3541 1643 3582 eorum
1675 3528 1782 3596 qui
1803 3527 2082 3594 fuerunt,
2101 3542 2176 3582 ea:

508 3631 622 3686 quo
647 3615 1051 3684 praedicatum
1077 3622 1160 3671 est
1205 3616 1607 3683 Evangelium
1638 3618 1665 3668 ?
1708 3615 1796 3670 Ne
1835 3621 2174 3682 reputemus

505 3707 868 3774 dignitatem
910 3721 1135 3775 eorum,
1173 3707 1280 3776 qui
1305 3706 1476 3761 donis
1523 3706 1944 3774 spiritualibus
1975 3708 2174 3776 cujus-

505 3810 743 3865 cunque
780 3796 1019 3865 generis
1073 3796 1472 3860 claruerunt;
1506 3794 1719 3865 quibus
1747 3795 2020 3850 omnibus
2063 3796 2175 3850 ini-

504 3885 723 3939 micam
754 3891 810 3940 et
839 3885 1158 3940 adversam
1201 3885 1359 3939 hanc
1413 3885 1569 3939 viam
1610 3885 1935 3952 impietatis
1965 3900 2172 3940 recens

503 3974 861 4042 excogitasti
891 3987 911 4039 ,'
939 3973 1042 4029 sed
1073 3974 1292 4028 clausis
1337 3988 1590 4041 prorsus
1630 3975 1848 4028 animm
1879 3976 2090 4041 oculis,
2114 3979 2170 4029 et

502 4063 704 4117 sancti
745 4062 1067 4130 cujuslibet
1115 4063 1234 4117 viri
1270 4065 1620 4126 memoriae
1657 4069 1851 4118 mente
1890 4063 2164 4132 depulsa,

501 4153 910 4222 unusquisque
947 4167 1052 4206 cor
1100 4156 1375 4206 nostrum
1431 4152 1682 4207 otiosum
1709 4168 1782 4207 ac
1830 4159 2164 4222 purgatum

499 4240 880 4308 captionibus
934 4255 1004 4296 ac
1045 4240 1430 4309 sophismatis
1465 4242 1581 4295 tuis
1627 4241 1999 4296 subdamus?
2029 4249 2164 4297 Am-

493 4325 620 4396 bigi
651 4343 776 4382 non
807 4332 1008 4400 potest
1039 4333 1242 4383 utrum
1273 4327 1515 4383 imitate:
1547 4329 1664 4383 sint
1707 4334 1977 4384 recentes
2033 4345 2161 4385 sec-

2286 3169 2682 3235 apostolicam
2715 3170 3100 3226 traditionem
3141 3172 3268 3226 solo
3290 3178 3608 3243 aquatum
3650 3169 3964 3227 abolendo.

2284 3257 2377 3311 Ea
2405 3264 2673 3326 propter,
2707 3260 2860 3314 sicut
2908 3260 3014 3330 qui
3070 3259 3238 3316 bona:
3287 3261 3431 3328 fidei
3457 3260 3775 3318 debitores
3806 3265 3967 3328 sunt,

2283 3346 2666 3415 probationes
2687 3363 2717 3404 e
2752 3349 3068 3417 Scriptura
3099 3351 3362 3405 clamore
3389 3350 3677 3419 exigunt,
3724 3354 3969 3407 Patrum

2284 3438 2710 3505 testimonium,
2733 3438 2892 3508 quod
2915 3441 3206 3508 scriptum
3239 3455 3358 3494 non
3387 3445 3489 3508 est,
3535 3442 3707 3497 velut
3736 3441 3968 3497 nullius

2282 3528 2568 3581 momenti
2595 3528 2952 3596 rejicientes.
2989 3531 3052 3582 Et
3077 3543 3211 3600 cap.
3237 3533 3301 3583 27
3336 3531 3420 3600 (p.
3451 3531 3549 3590 54)
3588 3547 3603 3585 :
3638 3532 3744 3587 Ex
3781 3543 3970 3587 asser-

2287 3616 2437 3670 vatis
2468 3615 2530 3669 in
2559 3617 2823 3672 Ecclesia
2859 3616 3238 3686 dogmatibus
3285 3623 3339 3672 et
3381 3618 3960 3685 prwdicationibus,

2283 3705 2409 3760 alia
2441 3706 2676 3776 quidem
2702 3705 2985 3762 habemus
3016 3722 3046 3763 e
3073 3708 3352 3763 doctrina
3399 3708 3656 3779 Scripta
3682 3711 3963 3780 prodita,

2282 3795 2406 3851 alia
2444 3810 2582 3852 vero
2613 3796 2780 3852 nobis
2807 3797 2870 3851 in
2899 3798 3185 3867 mysterio
3231 3796 3458 3853 tradita
3511 3803 3862 3870 recepimus
3891 3813 3966 3855 ex

2281 3886 2605 3942 traditione
2619 3888 3063 3955 apostolorum:
3094 3903 3347 3959 quorum
3378 3894 3652 3962 utraque
3667 3893 3791 3948 vim
3809 3907 3968 3948 eam-

2279 3975 2410 4030 dem
2441 3974 2660 4031 habent
2687 3977 2768 4031 ad
2789 3980 3113 4047 pietatem;
3139 3993 3247 4032 nec
3265 3979 3334 4032 iis
3358 3980 3692 4051 quisquam
3715 3987 3965 4038 contra-

2277 4065 2433 4121 dicel
2468 4083 2482 4120 :
2509 4066 2720 4120 nullus
2751 4073 2928 4129 certe,
2960 4068 3068 4137 qui
3098 4069 3190 4123 vel
3220 4068 3388 4124 tenui
3429 4072 3834 4138 experientia
3865 4087 3968 4127 no-

2277 4157 2426 4210 verit
2449 4171 2582 4226 qua:
2611 4157 2834 4226 scripto
2850 4157 3110 4225 prodita
3131 4173 3252 4212 non
3279 4163 3439 4223 sunt,
3456 4165 3774 4231 tanquam
3795 4160 3969 4217 haud

2272 4245 2530 4299 multum
2567 4245 2847 4302 habentes
2894 4247 3652 4316 momentiaggrediamur
3681 4252 3968 4321 rejicere,

2271 4333 2683 4402 imprudentes
2707 4336 3111 4406 anngelium
3139 4337 3197 4392 in
3231 4337 3376 4405 ipsis
3405 4336 3590 4394 rebus
3614 4341 3972 4411 praecipuis

497 4421 592 4484 tae,
625 4417 912 4473 Basilium
943 4433 1023 4473 an
1063 4419 1429 4474 Eunomium
1459 4438 1480 4472 .·
1514 4423 1715 4474 utrum
1765 4436 1904 4474 cum
1945 4419 2160 4476 Basilio
2191 4447 2236 4502 ι)
2273 4423 2573 4489 lwdemus,
2621 4427 2735 4480 imo
2776 4428 2976 4494 potius
3031 4427 3516 4495 praedicationem
3575 4431 3666 4485 ad
3719 4431 3968 4487 nudum

495 4511 848 4563 sanctorum
880 4511 1116 4563 Patrum
1147 4507 1583 4576 auctoritatem,
1610 4524 1681 4564 ac
1708 4507 2157 4565 multitudinem

493 4595 972 4653 Christianorum
1031 4597 1332 4666 omnium,
1391 4601 1517 4653 tum
1570 4613 1782 4654 eorum
1833 4599 1937 4670 qui
1993 4615 2156 4655 nunc

491 4690 650 4750 sunt,
681 4690 808 4742 tum
827 4703 1038 4743 eorum
1068 4687 1173 4760 qui
1203 4686 1281 4742 ab
1310 4687 1583 4744 Ecclesiae
1612 4693 1746 4743 ortu
1777 4688 2150 4757 exstiterunt,

487 4777 757 4830 reverita:
781 4775 924 4842 sint;
955 4793 1032 4832 an
1055 4794 1194 4833 cum
1228 4778 1522 4833 Eunomio
1551 4784 1781 4834 tantam
1835 4780 2151 4836 auctorita-

486 4865 604 4916 tem
637 4862 799 4918 tricis
826 4869 881 4919 et
907 4866 1392 4922 cavillationibus
1419 4867 1878 4938 exagitaverint.

554 4953 683 5006 Non
723 4951 976 5008 minoris
1007 4958 1298 5011 momenti
1343 4958 1618 5014 videntur
1676 4974 1806 5013 esse
1857 4974 1992 5030 quae
2050 4976 2148 5014 se-

481 5048 774 5135 quuntur.
833 5043 1062 5135 Magna
1113 5047 1404 5114 pro/ecta,
1454 5048 1646 5120 inquit
1705 5048 1828 5118 (ib.,
1881 5065 1941 5120 p.
1992 5052 2183 5135 21t),_

473 5129 633 5196 foret
663 5136 767 5185 tua
801 5134 1084 5199 potentia,
1117 5136 1170 5188 si
1198 5151 1326 5205 qua
1354 5139 1685 5208 multiplici
1721 5155 1827 5194 suo
1877 5141 2139 5208 artificio

475 5215 752 5274 diabolus
785 5228 1130 5277 consecutus
1152 5239 1271 5280 non
1298 5231 1403 5290 est,
1432 5242 1502 5282 ea
1551 5228 1662 5282 tibi
1704 5231 1832 5284 solo
1885 5231 2136 5299 imperio

473 5310 711 5380 assequi
753 5313 1155 5383 contingeret;
1188 5317 1242 5370 si
1295 5317 1565 5374 videlicet
1591 5335 1888 5389 persuasu
1917 5336 1988 5376 ac
2045 5323 2132 5376 in-

469 5397 656 5453 ductu
684 5405 786 5456 tuo
819 5403 1224 5468 traditionem,
1253 5423 1385 5477 quae
1407 5422 1522 5477 per
1558 5411 1936 5479 praeteritum
1964 5426 2134 5468 omne

537 5574 651 5648 (10)
687 5577 915 5637 Medul.
955 5583 1154 5657 theol.,
1180 5590 1338 5658 part.
1364 5603 1445 5645 ιν.

2266 4528 2481 4569 nomen
2511 4515 2959 4571 contrahemus.
3020 4517 3133 4570 Cur
3160 4515 3239 4570 ad
3281 4513 3687 4574 traditionem
3753 4519 3971 4577 confu-

2265 4600 2557 4670 giendum
2607 4603 2702 4673 sit,
2763 4608 2826 4658 ut
2889 4603 3166 4660 doctrina
3213 4603 3488 4660 Ecclesiae
3540 4608 3971 4682 percipiatur,

2262 4689 2421 4748 hanc
2452 4693 2635 4750 etiam
2666 4693 2837 4750 affert
2887 4695 3184 4752 rationem
3217 4697 3430 4766 (p.55),
3461 4697 3645 4768 quod
3690 4715 3829 4757 non
3863 4717 3968 4756 so-

2259 4780 2388 4837 lum
2437 4784 2644 4840 omnia
2675 4785 2994 4856 Scripturis
3017 4785 3375 4854 consignata
3403 4801 3530 4840 non
3555 4786 3824 4860 fuerint,
3855 4791 3971 4847 sed

2258 4873 2439 4930 etiam
2480 4873 2612 4946 ipsa
2645 4874 2950 4946 Scriptura
3007 4873 3372 4930 obscuritate
3420 4877 3716 4948 quadam
3763 4881 3970 4938 invol-

2257 4969 2450 5019 vatur.
2484 4966 2591 5019 Est
2618 4971 2817 5020 autem
2849 4965 3080 5019 silentii
3103 4967 3323 5034 species
3345 4968 3524 5022 etiam
3557 4968 3964 5041 obscuritas,

2252 5069 2373 5124 qua
2424 5055 2620 5108 utitur
2661 5054 3007 5122 Scriptura,
3053 5055 3364 5110 intellectu
3413 5055 3760 5123 difﬁcilem
3829 5062 3968 5117 red-

2249 5143 2773 5223 dens'dogmatum
2834 5147 3193 5201 sententiam
3246 5144 3424 5214 idque
3453 5145 3537 5199 ad
3604 5148 3964 5218 legentium

2247 5232 2575 5286 utilitatem
2606 5232 2690 5302 (p.
2721 5235 2872 5300 206).

2319 5321 2594 5394 Speravit
2617 5321 2913 5377 Scultetus
2933 5322 3063 5378 haec
3089 5323 3252 5380 eludi
3282 5338 3484 5395 posse,
3517 5325 3575 5380 si
3603 5326 3790 5387 hanc
3813 5347 3966 5405 par-

2243 5415 2363 5469 tem
2387 5412 2523 5470 libri
2553 5414 2640 5468 De
2667 5413 2903 5483 Spiritu
2928 5420 3160 5485 sancto,
3187 5430 3260 5470 ex
3279 5429 3405 5486 qua
3428 5419 3853 5488 postremum
3878 5428 3965 5482 te-
