4154 6398
518 304 587 358 47
2029 268 2413 330 PREFATIO.
3859 261 3924 320 ιε

516 428 618 483 sise
649 440 773 480 sure
826 414 1325 477 consuetudinem
1381 405 1775 485 opponebant
1815 402 2176 460 Pneumato-
2210 401 2254 452 Α
2284 409 2454 451 omne
2491 399 2598 450 aut
2647 406 2740 450 res
2785 390 3119 448 testimonio
3149 388 3371 445 divina
3395 385 3723 455 Scriptura:
3751 383 3924 452 obﬁr-

515 515 716 573 machi
745 531 758 568 :
787 513 847 568 in
871 510 987 566 hac
1017 503 1525 564 consuetudinum
1555 498 1860 564 varietate,
1891 489 2038 564 quid
2070 487 2178 544 mi-

513 622 650 664 rum
676 603 726 660 si
755 601 834 660 ad
866 599 1236 671 Scripturam
1284 593 1578 666 provocat
1609 585 1859 642 Basilius
1880 583 1907 636 ‘t
1936 584 2002 636 At
2033 582 2176 633 Pro-

517 700 824 765 testantes,
858 707 996 748 cum
1045 701 1274 744 novum
1323 679 1633 752 religionis
1664 691 1854 747 genus
1888 667 2178 728 condide-

513 761 1100 859 runt,non7habuere
1120 772 1624 834 consuetudinem
1648 770 1749 824 aut
1774 761 2178 823 traditionem,

514 851 702 952 quam
758 869 1058 930 constanti
1101 863 1379 923 Ecclesiae
1431 855 1739 916 traditioni
1781 851 2178 925 opponerent.

517 935 608 1024 liti
629 982 773 1036 ergo
799 978 924 1019 non
953 961 1212 1033 possunt
1237 951 1589 1010 auctoritate
1623 943 1838 1014 Basilii,
1873 941 1977 1014 qui
2002 935 2181 994 tradi-

514 1058 742 1116 tionem
768 1068 891 1109 non
916 1049 1123 1121 rejicit,
1154 1044 1259 1101 sed
1304 1042 1447 1115 quia
1498 1040 1698 1095 inesse
1749 1030 2092 1102 ﬁngebatur
2120 1026 2182 1081 in

516 1145 915 1205 Ecclesiarum
946 1118 1489 1197 consuetudinibus
1516 1127 1800 1192 varietas,
1821 1121 1900 1179 ad
1919 1118 2182 1190 Scriptu-

512 1251 646 1294 ram
681 1233 969 1301 confugit.

584 1352 641 1403 2°
665 1345 809 1408 Haec
843 1337 1182 1399 traditionis
1211 1332 1474 1391 varietas
1499 1341 1733 1384 merum
1761 1327 1849 1379 est
1877 1330 2185 1377 common-

510 1443 639 1494 tum
664 1418 1681 1490 Pneumatomachorum.Solebant
1701 1414 1862 1470 enim
1877 1415 2181 1466 utnovum

510 1516 1097 1598 exagitare,quiquid
1118 1513 1360 1571 illorum
1392 1507 1700 1566 evertebat
1724 1499 2182 1560 hteresimﬂino

509 1588 1014 1674 consuetudinem
1072 1600 1451 1676 gloriﬁcandi
1513 1613 1652 1654 cum
1711 1597 1879 1651 Patre
1919 1597 1977 1648 et
2039 1588 2182 1646 Filio

511 1704 790 1781 Spiritus,
815 1715 1004 1776 quam
1060 1692 1309 1751 Basilius
1337 1691 1396 1747 in
1428 1687 1716 1746 omnibus
1776 1681 2050 1738 Ecclesiis
2095 1677 2182 1733 vi-

508 1773 647 1869 gere
679 1795 736 1850 et
763 1773 1004 1863 semper
1058 1783 1322 1856 viguisse
1380 1777 1776 1839 demonstrat,
1810 1773 1926 1840 (12)

507 1859 638 1944 csse
660 1888 718 1940 et
747 1881 824 1939 ab
856 1859 1120 1936 Ecclesia
1147 1872 1395 1930 minime
1427 1867 1750 1942 probatam
1799 1859 2178 1928 dictitabant.

509 1977 663 2046 Quin
694 1975 876 2030 etiam
900 1971 962 2026 in
989 1969 1106 2026 hac
1138 1966 1272 2038 ipsa
1303 1959 1562 2036 epistola
1596 1957 2046 2029 189,postquam
2071 1951 2180 2003 Eo-

504 2245 673 2301 sonis
714 2239 936 2298 divinis
975 2236 1262 2293 deitatem
1311 2246 1436 2288 non
1483 2225 1854 2299 improbant,
1883 2221 2069 2276 modo
2101 2215 2182 2274 ad

507 2333 792 2408 Spiritum
822 2333 1104 2386 sanctum
1124 2339 1250 2381 non
1281 2308 2180 2402 extendatur.Sedapertius,in:

504 2391 638 2498 quit
665 2420 918 2478 Basilius
940 2419 1022 2491 (ιι.
1071 2419 1148 2486 4),
1173 2411 1468 2471 orationis
1497 2421 1618 2464 sum
1643 2403 1880 2460 nudant
1912 2391 2182 2471 proposi'

507 2490 636 2571 t-um
669 2511 880 2569 :Patri
929 2490 1170 2582 quidem
1215 2500 1556 2566 convenire,
1587 2502 1652 2553 ut
1685 2498 1838 2552 Deus
1866 2494 1942 2548 sit
1984 2506 2055 2548 ac
2076 2490 2181 2546 Fi-

509 2606 654 2663 lium
686 2601 965 2659 similiter
992 2595 1332 2654 divinitatis
1379 2591 1618 2647 nomine
1668 2583 1963 2643 honorari
1991 2596 2185 2640 assen-

510 2697 768 2764 tientes;
809 2690 1104 2761 Spiritum
1158 2699 1318 2750 vero,
1352 2681 1457 2753 qui
1511 2693 1637 2736 una
1688 2690 1825 2732 cum
1882 2673 2071 2728 Patre
2127 2673 2182 2726 et

507 2787 670 2845 Filio
742 2762 1127 2845 numeratur,
1199 2771 1538 2832 divinitatis
1621 2768 1860 2824 notione
1941 2762 2186 2818 minime

510 2872 950 2946 comprehendi,
983 2869 1086 2926 sed
1105 2882 1141 2924 a
1170 2866 1359 2921 Patre
1380 2861 1462 2918 ad
1497 2859 1724 2917 Filium
1768 2867 1953 2925 usque
1983 2851 2183 2908 termi-

507 2941 662 3025 nata
703 2962 1040 3020 divinitatis
1082 2955 1374 3028 potentia,
1406 2955 1696 3008 naturam
1733 2946 1995 3016 Spiritus
2027 2957 2064 3000 a
2095 2941 2183 2998 di-

513 3060 659 3116 vina
686 3054 890 3128 gloria
918 3049 1168 3107 secerni.

586 3172 640 3222 3°
667 3124 796 3230 (luo
819 3166 1093 3233 tempore
1140 3152 1397 3211 Basilius
1425 3149 1506 3206 ad
1533 3137 1910 3202 Eustathium
1950 3141 2186 3198 archia-
2219 3124 2260 3180 Ο
2297 3131 2363 3181 αῖ

513 3263 674 3316 trum
703 3254 864 3311 hanc
894 3230 1134 3321 scripsit
1179 3240 1518 3317 epistolam,
1548 3235 1870 3294 consilium
1900 3230 2188 3304 suscepit,

513 3340 921 3418 Amphilochii
948 3342 1188 3409 rogatu,
1221 3329 1530 3389 scribendi
1579 3327 1870 3384 adversus
1901 3327 2191 3380 Penuma-

515 3412 834 3494 tomachos
863 3429 1003 3486 libri
1033 3430 1120 3486 De
1149 3425 1385 3497 Spiritu
1434 3425 1644 3478 sancto
1679 3433 1691 3472 :
1725 3421 1782 3473 et
1819 3431 1958 3473 cum
1989 3413 2050 3470 in
2076 3412 2192 3468 hoc

518 3541 704 3599 opere
745 3519 1134 3580 traditionem
1162 3523 1286 3573 tam
1327 3511 1540 3570 acriter
1579 3507 1882 3574 defendat,
1911 3520 2092 3562 nemo
2125 3503 2192 3559 il-

509 3596 637 3673 lam
664 3614 723 3670 in
751 3609 1018 3685 epistola
1039 3607 1326 3678 rejectam
1357 3598 1658 3674 suspicari
1683 3596 2195 3670 possit.Praeterea

513 3721 655 3762 cum
684 3703 981 3776 provocat
1010 3697 1090 3754 ad
1117 3695 1455 3767 Scripturas
1494 3687 1770 3758 Basilius,
1800 3701 1946 3754 non,
1970 3690 2030 3740 ut
2062 3687 2196 3740 Pro-

510 3773 1040 3859 testantes,earum
1061 3782 1619 3858 interpretationem
1634 3777 1929 3851 cujusque
1945 3773 2193 3830 arbitrio

509 3879 1037 3960 permittit.Neipsi
1061 3877 1312 3951 quidem
1345 3867 1881 3930 Pnenmatomachi
1896 3866 2052 3922 hanc
2077 3863 2193 3921 sibi

517 3974 812 4032 icentiam
843 3967 1242 4039 arrogabant.
1278 3961 1568 4031 Quamvis
1609 3957 1773 4015 enim
1805 3955 1918 4012 sub
1949 3954 2192 4012 Valente

514 4063 849 4139 plurimum
873 4063 1146 4133 possent,
1180 4053 1327 4128 quia
1365 4058 1574 4109 tamen
1605 4049 1668 4104 in
1700 4046 1962 4103 Ecclesia
1995 4043 2190 4101 domi-

515 4135 650 4212 nari
669 4157 726 4209 et
753 4150 997 4224 plebem
1029 4162 1206 4203 suam
1246 4144 1445 4200 facere
1476 4139 1784 4207 volebant,
1817 4135 2192 4208 cogebantur

514 4250 582 4302 ut
610 4243 942 4317 plurimum
973 4253 1109 4295 sese
1133 4236 1210 4293 ad
1233 4234 1485 4292 usitatas
1515 4247 1578 4286 in
1613 4227 1872 4286 Ecclesia
1893 4226 2186 4298 interpre-

512 4334 771 4392 tationes
825 4329 1143 4401 Scripturee
1196 4322 1689 4382 accommodare.
1719 4317 1865 4374 Hinc
1891 4331 2052 4372 anno
2083 4317 2181 4376 371

511 4442 656 4483 cum
688 4421 974 4480 Basiliam
998 4416 1160 4475 malo
1179 4414 1384 4472 animo
1411 4407 1910 4478 observarent,de
1933 4405 2187 4479 Spiritus

511 4513 704 4572 sancti
774 4509 1087 4568 divinitate
1144 4505 1546 4561 disserentem
1621 4496 1911 4572 patienter
1982 4485 2261 4550 audie-D

507 4608 651 4662 runt
679 4601 892 4671 (t3);et
919 4612 1061 4656 cum
1102 4593 1390 4666 Spiritum
1435 4587 1796 4646 nominatim
1827 4587 2017 4640 Deum
2061 4597 2184 4640 non

512 4691 896 4766 appellasset,
921 4686 1063 4744 belli
1093 4684 1147 4741 ei
1170 4679 1466 4740 inferendi
1491 4693 1740 4736 causam
1767 4674 2030 4746 arripere
2059 4687 2184 4729 non

510 4765 848 4837 valuerunt.
882 4780 1059 4831 Anno
1103 4777 1309 4829 autem
1353 4771 1458 4826 374
1484 4768 1600 4823 hoc
1627 4770 1859 4821 tantum
1889 4765 1950 4818 in
1981 4778 2052 4818 eo
2090 4777 2182 4817 re-

507 4866 984 4944 prehenderunt,
1015 4863 1186 4933 quod
1230 4859 1517 4933 Spiritum
1567 4873 1708 4912 cum
1756 4857 1922 4910 Patre
1950 4857 2006 4909 et
2037 4851 2182 4908 Filio

511 4940 877 5030 gloriﬁcaret
900 4955 1012 5026 (14)
1049 4967 1062 5006 :
1096 4956 1313 5009 caetera
1333 4964 1458 5006 non
1488 4946 1626 5004 ausi
1651 4948 1792 5000 sunt
1809 4940 2178 5015 improbare.

581 5067 670 5123 iV.
699 5063 895 5119 Utitur
941 5058 1122 5116 etiam
1156 5056 1454 5114 Scultetus
1484 5053 1696 5126 regula
1745 5049 1960 5108 morali
1989 5048 2182 5106 sancti

507 5153 715 5215 Basilii
741 5156 829 5225 26,
861 5167 996 5224 cap.
1029 5154 1080 5216 t,
1109 5147 1215 5205 ubi
1263 5147 1348 5203 sic
1390 5144 1686 5203 habetur:
1723 5142 1896 5212 Quod
1933 5139 2178 5198 verbum

581 5355 624 5399 ιι
656 5355 828 5410 Rom.
859 5365 972 5418 XIV,
994 5349 1084 5406 23.
1166 5346 1212 5382 ¹²
1243 5347 1419 5403 Rom.
1442 5357 1496 5410 χ,
1530 5347 1618 5399 17.

508 5564 539 5604 c
577 5480 686 5606 (ἐξ)
716 5477 867 5604 rising
884 5477 970 5533 De
1014 5473 1203 5546 Spir.,
1231 5487 1284 5529 c.
1314 5476 1364 5541 t,
1409 5485 1470 5526 n.
1515 5473 1568 5537 3,
1593 5469 1650 5524 et
1698 5481 1752 5524 c.
1778 5468 1868 5529 27,
1901 5479 1963 5523 n.
2001 5467 2092 5533 65,
2124 5466 2179 5521 et

578 5619 690 5691 (t3)
731 5618 895 5687 Naz.,
927 5634 1015 5675 or.
1047 5621 1137 5700 2Q,
1171 5631 1239 5690 p.
1281 5615 1412 5672 364.

2284 482 2510 538 manda
2536 488 2676 537 sunt
2726 481 2806 537 ad
2837 482 3135 550 integram
3179 477 3620 547 persuasionem
3653 473 3928 528 bonorum

2284 577 2340 627 et
2371 571 2451 626 ad
2497 572 2796 627 malorum
2849 567 3295 624 verecundiam.
3328 568 3392 621 Et
3421 579 3544 632 reg.
3572 564 3656 627 80,
3680 576 3810 633 cap.
3842 563 3927 629 22,

2284 660 2388 716 ubi
2421 661 2623 718 statuit
2654 659 2963 731 proprium
3011 673 3147 713 esse
3190 654 3383 710 iidelis
3414 652 3560 708 nihil
3588 667 3660 706 ex
3684 649 3773 704 his
3801 663 3930 720 quas

2286 751 2507 822 scripta
2538 756 2677 804 sunt
2702 749 2946 819 rejicere
2969 747 3192 802 audere
3222 748 3327 802 aut
3353 741 3690 815 quidquam
3711 739 3800 794 his
3831 736 3929 793 ad-

2286 840 2448 896 dere.
2470 839 2710 895 Etenim
2741 837 2935 910 inquit
2961 835 3234 901 Basilius,
3265 835 3318 890 si
3345 847 3516 888 omne
3536 829 3692 901 quod
3718 843 3833 883 non
3852 831 3930 882 est

2287 944 2363 985 ex
2381 929 2500 997 ﬁde
2517 933 2830 998 peccatum
2863 932 2966 990 est,
2998 931 3062 980 ut
3090 924 3172 979 ait
3201 920 3519 994 Apostolus
3543 922 3645 986 “,«
3670 916 3812 984 ﬁdes
3836 929 3934 970 au-

2289 1024 2401 1074 tem
2422 1033 2497 1074 ex
2514 1017 2730 1072 auditu
2751 1016 3109 1076 est.auditus
3126 1017 3325 1068 autem
3345 1025 3454 1079 per
3472 1007 3713 1064 verbum
3731 1004 3937 1069 Dei",»

2290 1122 2461 1164 omne
2480 1107 2640 1178 quod
2669 1112 2750 1161 est
2773 1111 2950 1161 extra
2980 1104 3248 1158 divinam
3279 1101 3684 1170 Scripturam,
3709 1108 3838 1149 cum
3861 1105 3940 1147 ex

2287 1197 2406 1266 ﬁde
2423 1212 2545 1252 non
2575 1198 2989 1266 sit,peccatum
3015 1199 3120 1249 est.
3140 1192 3305 1246 idem
3337 1187 3630 1244 Scultetus
3661 1179 3943 1239 nonnulla.

2292 1286 2412 1344 alia
2449 1285 2672 1354 colligit
2707 1285 2861 1355 loca,
2888 1285 2950 1340 in
2988 1281 3212 1356 quibus
3251 1278 3521 1335 similiter
3569 1272 3847 1335 sancitur,
3871 1284 3941 1324 ne

2293 1376 2439 1449 quid
2457 1375 2718 1432 addatur
2739 1381 2842 1430 aut
2868 1374 3221 1429 detrahatur
3252 1385 3438 1426 sacrae
3471 1362 3944 1437 Scripturmﬂuas

2292 1470 2495 1523 autem
2526 1481 2649 1521 non
2690 1471 2831 1520 sunt
2880 1463 3120 1535 scripta,
3157 1477 3228 1516 ea
3253 1475 3364 1532 pro
3411 1456 3615 1513 liberis
3672 1449 3949 1508 habenda

2293 1555 2599 1613 concludit
2616 1571 2686 1610 ex
2709 1555 2801 1610 his
2820 1553 3075 1619 verbis(i
3093 1556 3144 1621 3)
3167 1567 3179 1606 :
3209 1549 3500 1618 Quoniam
3521 1545 3644 1600 alia
3668 1543 3728 1598 in
3745 1541 3948 1596 sancta

2290 1647 2618 1715 Scriptura
2647 1660 2754 1714 per
2781 1643 3026 1698 Domini
3051 1639 3410 1696 mandatum
3447 1635 3762 1690 declarata
3793 1633 3944 1698 sunt,

1953 1719 2180 1825 ἔξηξῷ
2212 1757 2254 1814 Β
2291 1737 2420 1794 alia
2435 1736 2671 1793 silentio
2687 1733 3090 1804 praztermissa
3111 1743 3133 1801 ,°
3151 1730 3224 1786 ile
3244 1731 3314 1784 iis
3330 1725 3569 1799 quidem
3588 1736 3718 1794 qua
3734 1719 3949 1788 scripta

2291 1833 2454 1894 sunt,
2483 1826 2644 1880 nulli
2676 1825 2918 1879 omnino
2960 1822 3096 1877 licet
3126 1825 3232 1876 aut
3264 1815 3499 1888 aliquid
3522 1813 3732 1884 facere
3752 1823 3948 1866 eorum

2291 1932 2427 1989 quae
2456 1917 2638 1973 vetita
2670 1919 2832 1981 sunt,
2873 1918 2975 1967 aut
3007 1909 3245 1981 aliquid
3283 1908 3556 1963 omittere
3583 1916 3788 1960 eorum
3824 1911 3950 1971 qua:

2280 2015 2458 2080 jussa
2495 2012 2706 2063 sunt...
2737 2003 2810 2060 de
2840 2004 2909 2058 iis
2959 2016 3097 2058 vero
3123 2014 3257 2070 qua:
3287 1997 3526 2054 silentio
3552 1990 3951 2062 praetermissa

2290 2077 2450 2165 sunt,
2479 2095 2752 2165 regulam
2800 2091 2967 2148 nobis
3023 2089 3279 2146 tradidit
3337 2084 3650 2157 apostolus
3704 2077 3951 2139 Paulus,

2291 2203 2427 2247 cum
2457 2186 2606 2242 dixit
2638 2199 2661 2240 .·
2688 2205 2714 2233 ‹‹
2741 2182 2955 2238 Omnia
3010 2180 3163 2235 mihi
3217 2179 3421 2243 licent,
3453 2174 3558 2231 sed
3607 2186 3730 2228 non
3761 2168 3956 2225 omnia

2291 2276 2640 2348 expediunt.
2696 2274 2881 2330 Nemo
2931 2271 3092 2343 quod
3146 2284 3320 2324 suum
3380 2272 3464 2322 est
3517 2265 3757 2338 quaerat
3799 2273 3821 2316 .°
3868 2255 3957 2314 sed

2291 2367 2452 2441 quod
2493 2366 2744 2424 alterius
2798 2362 3228 2433 unusquisque.
3258 2381 3286 2408 υ
3317 2358 3512 2426 Quare
3563 2364 3800 2411 necesse
3847 2363 3958 2404 om-

2291 2440 2435 2515 nino
2466 2461 2553 2514 est
2608 2458 2717 2511 aut
2771 2454 2892 2508 Deo
2939 2466 3014 2508 ex
3058 2451 3184 2519 ejus
3232 2446 3521 2504 mandato
3572 2441 3817 2513 subjici,
3858 2440 3958 2495 aut

2292 2550 2431 2607 aliis
2453 2551 2707 2618 propter
2727 2544 3085 2601 mandatum
3111 2541 3300 2597 illius.

2367 2672 2597 2730 Inutilis
2621 2687 2768 2727 sane
2814 2667 3056 2726 Sculteti
3085 2665 3260 2723 labor
3279 2664 3340 2721 in
3365 2663 3675 2735 ejusmodi
3699 2662 3957 2720 testimo-

2290 2765 2406 2821 niis
2437 2759 2812 2832 colligendis.
2849 2763 2911 2814 In
2944 2757 3142 2832 primo
3174 2753 3423 2812 Basilius
3457 2759 3677 2810 auctor
3706 2753 3958 2820 est,utin

2293 2851 2677 2911 adhortando
2713 2854 2769 2907 et
2799 2847 3168 2921 increpando
3199 2843 3612 2902 adhibeantur
3643 2843 3959 2916 Scriptura

2293 2944 2678 3011 testimonia;
2711 2939 2929 2996 deinde
2951 2938 3032 2996 ait
3057 2940 3120 2993 in
3155 2935 3431 3008 sequenti
3461 2935 3768 3008 capite,iis
3790 2935 3962 2991 etiam

2293 3050 2427 3106 qux
2457 3035 2520 3090 in
2560 3037 2785 3089 natura
2831 3035 2940 3086 aut
2978 3026 3410 3084 consuetudine
3441 3027 3588 3082 vitae
3638 3031 3786 3081 nota
3811 3027 3968 3089 sunt,

2367 3122 2584 3180 endum
2614 3135 2736 3177 esse
2760 3119 2841 3175 ad
2869 3116 3383 3187 conﬁrmationem
3412 3129 3633 3171 eorum
3657 3128 3795 3187 quae
3822 3113 3973 3183 ﬁunt

2298 3219 2406 3272 aut
2431 3213 2740 3268 dicuntur.
2771 3208 2914 3275 Quis
2967 3206 3106 3263 inde
3155 3205 3326 3277 sequi
3384 3205 3763 3276 suspicetur,
3795 3217 3974 3276 penes

2300 3304 2674 3376 Scripturam
2701 3299 2896 3356 solam
2927 3296 3244 3355 arbitrium
3271 3311 3399 3351 esse
3427 3299 3483 3350 et
3515 3310 3816 3352 normam
3847 3291 3977 3349 diri-

2299 3392 2663 3450 mendarum
2731 3387 3295 3457 controversiarum,
3347 3399 3460 3440 nec
3533 3385 3708 3442 verbi
3771 3382 3969 3454 divini,

2300 3482 2468 3556 quod
2515 3480 2594 3538 ab
2643 3478 2936 3552 apostolis
2991 3476 3132 3534 viva
3185 3490 3333 3530 voce
3386 3473 3800 3546 praedicatum
3850 3476 3972 3530 tota

2304 3571 2566 3629 Ecclesia
2595 3569 2875 3638 custodit,
2908 3566 3255 3623 habendam
3276 3580 3410 3620 esse
3435 3564 3747 3621 rationem
3769 3565 3798 3621 ?

2374 3701 2523 3756 Cum
2569 3699 2731 3753 vetat
2779 3691 3028 3751 Basilius
3059 3706 3132 3747 ne
3159 3689 3307 3763 quid
3343 3688 3615 3746 addatur
3651 3689 3972 3763 Scriptura:

2302 3791 2408 3844 aut
2434 3786 2812 3855 detrahatur,
2836 3796 3229 3854 nequaquam
3262 3777 3529 3836 excludit
3561 3779 3971 3836 traditionem.

2303 3883 2485 3939 Docet
2514 3877 2674 3935 enim
2703 3875 2814 3947 (16)
2838 3871 3191 3930 adhibenda
3218 3886 3348 3926 esse
3376 3870 3436 3924 in
3468 3869 3826 3926 refellendis
3849 3867 3974 3925 haee

2299 3968 2498 4028 reticis
2521 3983 2592 4023 ea
2620 3964 2870 4021 nomina
2890 3967 2947 4019 et
2986 3960 3193 4027 verba,
3222 3959 3518 4031 quaeipsis
3540 3959 3794 4031 quidem
3827 3960 3977 4015 litte-

2298 4063 2380 4117 ris
2404 4066 2457 4116 et
2479 4056 2733 4129 syllabis
2750 4056 2812 4111 in
2832 4052 3151 4122 Scriptura
3173 4051 3381 4106 divina
3406 4064 3527 4104 non
3552 4051 3977 4118 reperiuntur,

2295 4149 2401 4206 sed
2427 4153 2627 4203 tamen
2647 4160 2777 4201 eam
2800 4157 2980 4214 quam
2997 4139 3252 4210 pra/“ert
3272 4138 3588 4208 Scriptura
3608 4138 3977 4195 sententiam

2295 4245 2561 4298 servant.
2593 4238 2734 4304 Quae
2765 4250 2902 4292 vero
2931 4236 3154 4302 praeter
3179 4229 3461 4286 dictionis
3506 4232 3852 4287 novitatem
3879 4243 3980 4284 no-

2295 4347 2431 4388 vum
2462 4329 2638 4384 etiam
2671 4339 2906 4381 sensum
2946 4327 3001 4379 et
3027 4321 3416 4391 peregrinum
3456 4319 3634 4375 nobis
3666 4319 3981 4382 exhibent,

2293 4433 2536 4491 quaeque
2567 4431 2687 4470 non
2710 4412 3103 4470 inveniuntur
3123 4414 3423 4470 usurpata
3446 4423 3481 4463 a
3502 4410 3766 4476 sanctis,
3791 4424 3862 4464 ea
3895 4405 3987 4462 uti

2293 4507 2620 4580 peregrina
2646 4511 2701 4562 et
2729 4519 2767 4561 a
2780 4504 2887 4574 pia
2913 4502 3034 4571 ﬁde
3060 4501 3266 4556 aliena
3292 4498 3560 4556 aversari
3594 4514 3662 4554 se
3684 4498 3982 4556 declarat.

2292 4597 2700 4656 Traditionem
2714 4609 2859 4664 ergo
2875 4590 3126 4649 Basilius
3140 4605 3264 4646 non
3276 4587 3624 4645 dissociata
3640 4588 3982 4661 Scriptura,

2293 4687 2402 4745 sed
2429 4702 2568 4760 quas
2594 4683 2919 4742 traditione
2947 4681 3240 4742 nituntur,
3271 4677 3396 4735 et'a
3425 4677 3662 4734 sanctis
3680 4681 3987 4749 usurpata

2293 4782 2435 4834 sunt
2463 4793 2535 4834 ea
2565 4778 2748 4844 negat
2795 4770 3118 4844 peregrina
3143 4773 3200 4826 et
3228 4784 3265 4824 a
3300 4766 3422 4824 ﬁde
3479 4765 3715 4836 aliena,
3741 4764 3987 4824 etiamsi

2290 4864 2658 4924 nominatim
2687 4878 2810 4918 non
2837 4860 3117 4932 legantur
3147 4859 3210 4914 in
3242 4855 3591 4929 Scripturis.
3619 4856 3782 4913 Hinc
3801 4856 3868 4914 in
3901 4861 3989 4913 te-

2291 4955 2594 5025 stimonio,
2621 4951 2790 5025 quod
2837 4950 3272 5023 depromptum
3303 4950 3396 5002 est
3429 4962 3500 5001 ex
3528 4961 3667 5018 reg.
3697 4961 3862 5003 mor.
3896 4948 3988 5014 80,

2288 5046 2546 5105 verbum
2575 5044 2875 5108 divinum,
2903 5040 3028 5096 sive
3052 5039 3347 5112 scriptum
3369 5035 3462 5104 sit,
3486 5034 3620 5092 sive
3650 5051 3812 5093 voce
3840 5051 3994 5108 prae-

2289 5133 2751 5206 dicatum,nullo
2777 5130 2961 5191 habet
2981 5123 3584 5188 discrimine.Probat
3605 5122 3991 5199 enim,quid-

2360 5460 2476 5531 (14)
2519 5456 2644 5516 Lib.
2677 5457 2765 5531 De
2787 5455 2979 5529 Spir.,
3003 5470 3150 5531 cap.
3177 5455 3227 5524 1,
3261 5468 3320 5510 n.
3347 5452 3406 5510 3.

2358 5531 2472 5602 (15)
2516 5534 2654 5600 Reg.
2691 5530 2861 5586 brev.
2893 5533 2945 5601 1,
2971 5545 3034 5602 p.
3058 5530 3185 5584 364.

2357 5601 2470 5678 (16)
2505 5605 2676 5660 Tom.
2714 5605 2782 5675 II,
2809 5616 2952 5675 pag.
2974 5601 3082 5657 224
3113 5605 3171 5656 et
3202 5601 3329 5655 225.
