4154 6418
250 364 295 419 ιθ
1862 380 2254 440 mmmo.
3705 384 3776 437 50

247 488 351 560 quid
377 494 562 549 extra
618 497 1119 572 Scripturam
1168 511 1257 563 est
1300 511 1615 581 peccattun
1661 523 1819 577 esse,
1864 505 2011 580 quia
2042 506 2090 563 Α
2122 504 2441 576 Gregorius
2470 505 2970 564 Neocaesariensis
3001 507 3139 563 ante
3178 509 3449 564 exortam
3495 504 3777 565 haeresim

257 586 519 653 peccatum
557 592 671 642 est
707 592 1117 668 quidquid
1154 612 1282 654 non
1325 612 1399 653 ex
1439 596 1579 664 tide,
1609 597 1764 653 ﬁdes
1805 600 2008 653 autem
2117 595 2405 653 Arianam
2456 599 2581 653 tota
2624 596 2882 655 Ecclesia
2928 596 3225 670 probante
3271 600 3328 654 et
3365 596 3777 671 applaudente

261 671 534 772 “auditu,
560 677 778 772 verbi
802 682 1161 743 videlicet
1188 686 1530 752 divini,sive
1548 685 2009 758 praedicati,sive
2118 684 2573 757 pradicaverat.

486 766 564 821 In
596 765 797 826 libro
846 775 1179 832 secundo
1209 776 1498 833 adversus
1529 777 1889 833 Eunomium
1920 776 1960 848 (ι

2188 794 2545 867 Suppeditat
2574 794 2753 850 nobis
2784 793 3043 851 Ecclesia
3072 793 3570 852 Neoctesariensis
3598 807 3779 864 argu-

592 867 1090 961 PV‘I-f‘fepmm
1121 865 1408 961 ίξιεξλξοδιίν
1439 880 1517 922 ne
1541 865 1702 961 Quid
1724 865 2008 961 fddatul‘
2115 852 2652 956 mentequaadam,
2679 899 2816 957 quae
2845 883 2942 940 hic
2971 883 3253 941 videntur
3272 899 3396 941 non
3414 852 3772 941 omittenda.

275 942 742 1046 eutdebabatur
764 949 858 1006 iis
884 968 1058 1025 quae
1084 970 1124 1011 a
1145 954 1364 1028 Spiritu
1382 959 1594 1013 sancto
1612 954 1828 1011 tradita
1844 970 1957 1011 sun

2114 973 2439 1040 Musonius,
2481 973 2589 1046 qui
2633 942 2795 1030 hanc
2845 972 3176 1030 Ecclesiam
3219 973 3371 1031 rexit
3406 972 3777 1030 difﬁcillimis

283 1048 335 1089 ac
371 1041 769 1094 nominatim
823 1041 1200 1116 Scriptura
1228 1048 1286 1100 et
1328 1043 1668 1121 traditionis
1709 1044 1957 1101 memini

2113 1063 2512 1136 temporibus,
2542 1064 2628 1119 sic
2656 1063 2891 1119 solebat
2910 1064 3264 1133 admonere,
3288 1079 3427 1119 cum
3450 1062 3772 1121 concione-

540 1133 838 1225 oportet,
864 1129 1118 1203 inquit,
1142 1147 1297 1203 eum,
1319 1133 1426 1203 qui
1456 1132 1686 1189 Christi
1698 1134 1960 1202 judicia:

2110 1124 2310 1209 retur:
2346 1124 2563 1210 Cavete
2591 1169 2767 1210 canes
2798 1156 2919 1225 (ep.
2947 1156 3036 1219 28,
3065 1168 3126 1225 p.
3160 1124 3303 1221 105),
3335 1158 3540 1211 cavete
3561 1168 3771 1224 opera-

290 1213 579 1316 oboculos
628 1216 864 1316 lia-bet,
903 1224 1214 1293 novitque
1242 1237 1420 1294 quam
1469 1224 1875 1292 periculosum
1925 1239 1960 1280 ς

2110 1245 2232 1299 rios
2261 1246 2482 1300 malos.
2523 1243 2842 1313 Quomodo
2871 1248 3072 1299 autem
3108 1243 3221 1299 hos
3248 1257 3433 1300 canes
3462 1240 3709 1299 arcebat
3734 1257 3773 1298 a

296 1304 1060 1407 ςξξίάιξίαπξξιιὸινανωνε,
1094 1317 1202 1369 aut
1242 1312 1465 1407 addere
1492 1313 1591 1407 iis,
1634 1328 1766 1384 qua
1806 1329 1844 1371 α
1867 1315 2000 1407 δρί-
2110 1347 2291 1402 grege
2316 1334 2344 1389 τ
2369 1304 2658 1390 Εναεῖιιε
2685 1335 2783 1390 vir
2810 1334 3096 1391 novitatis
3125 1333 3425 1401 inimicus,
3456 1332 3771 1389 ostendens

297 1397 401 1496 ritu
430 1397 677 1454 tradita
709 1406 904 1467 sunt,
939 1416 1076 1458 non
1115 1404 1330 1459 conari
1356 1404 1683 1475 quidquam
1730 1420 1769 1462 α
1810 1406 1960 1475 seips

2109 1397 2191 1493 (ρ.
2222 1397 2347 1494 106)
2379 1424 2443 1479 in
2469 1425 2660 1493 seipse
2678 1425 2942 1492 priscam
2961 1423 3250 1480 Ecclesiae
3271 1397 3544 1491 speciem,
3568 1422 3649 1478 ad
3673 1436 3767 1477 ve-

298 1488 592 1557 innavare,
625 1488 744 1544 sed
771 1491 851 1545 in
882 1490 969 1547 iis
999 1507 1139 1562 quae
1159 1492 1338 1561 prius
1367 1508 1407 1551 a
1431 1494 1659 1550 sanctis
1707 1497 1960 1552 nuntiati

2107 1488 2290 1568 terem
2315 1488 2566 1578 statum,
2596 1488 2791 1569 veluti
2804 1513 2886 1583 ad
2917 1527 3152 1569 sacram
3188 1488 3515 1583 quamdam
3549 1511 3766 1581 imagi-

292 1583 438 1672 ειιηζν
469 1579 918 1672 acquiescere
960 1581 1140 1650 Οτιοά
1157 1582 1348 1652 igitur
1370 1599 1482 1641 ηεε
1506 1586 1839 1641 communis
1862 1601 1998 1643 wn-
2102 1616 2260 1661 nem.
2282 1602 2566 1658 Ecclesia:
2584 1602 2698 1658 sibi
2717 1579 3043 1659 commissae
3058 1579 3323 1672 fonnem
3343 1601 3657 1670 efﬁngens,
3676 1579 3764 1655 ita

292 1667 557 1733 suetudo,
590 1684 711 1725 nec
756 1670 1253 1741 Scripturarum
1282 1689 1423 1729 usus
1453 1675 1699 1732 admisit
1730 1693 1744 1731 :
1793 1675 1857 1731 id
1885 1691 1960 1734 au

2102 1695 2169 1744 ut
2186 1692 2445 1762 quicum
2466 1707 2531 1748 eo
2546 1693 2853 1760 vixerunt,
2866 1706 2989 1749 una
3012 1707 3145 1747 cum
3167 1691 3239 1746 iis
3259 1690 3365 1761 qui
3382 1696 3522 1746 ante
3541 1688 3764 1745 ducen-

288 1755 440 1823 ἀπε.
466 1773 586 1813 non
596 1774 678 1815 ηε
721 1774 998 1817 summa?
1021 1761 1258 1820 dement
1266 1764 1335 1820 ι’ῑε
1354 1769 1438 1820 εει
1457 1767 1485 1820 ?
2100 1755 2394 1836 tos-annos
2414 1786 2471 1837 et
2490 1781 2755 1850 amplius
2771 1780 3164 1837 luminarium
3178 1777 3764 1848 instarresptenduc-
3806 1784 3811 1787 '

352 1866 585 1935 Magna:
618 1866 1049 1937 indiligentia;
1080 1870 1351 1940 arguitur
1379 1873 1674 1928 Scultetus
1718 1888 1794 1928 ex
1829 1872 1990 1931 testi-
2022 1875 2063 1930 B
2100 1877 2265 1938 rant,
2296 1871 2516 1927 vixisse
2533 1870 2643 1927 sibi
2665 1871 3011 1927 videantur.
3031 1870 3199 1926 Adeo
3222 1866 3376 1926 nihil
3402 1868 3476 1924 de
3498 1882 3626 1938 suo,
3653 1882 3762 1925 nec

286 1955 514 2021 monia,
548 1958 733 2029 quod
766 1973 801 2013 e
845 1973 982 2028 reg.
1023 1963 1040 2015 1
1088 1958 1253 2016 brev.
1303 1960 1661 2034 desumpsit.
1705 1962 1801 2018 [iis
1828 1962 1991 2019 enim
2098 1962 2296 2018 ullum
2319 1962 2677 2017 recentioris
2703 1961 2918 2018 mentis
2945 1960 3257 2017 inventum
3282 1960 3379 2015 vir
3397 1959 3503 2015 ille
3527 1972 3761 2028 prome-

286 2042 506 2114 verbis,
536 2061 683 2117 quae
725 2047 990 2105 silentio
1023 2051 1434 2117 praetermissa
1463 2057 1629 2114 sunt,
1651 2067 1776 2108 non
1799 2067 1871 2110 ea
1899 2052 1990 2109 in-
2100 2052 2220 2109 bat:
2247 2052 2351 2108 sed
2375 2052 2701 2109 secundum
2719 2052 2945 2121 Moysis
2986 2050 3448 2108 benedictionem
3484 2051 3761 2120 proferre

292 2132 492 2203 telligit
516 2135 822 2201 Basilius,
857 2137 940 2193 de
969 2137 1196 2211 quibus
1235 2140 1383 2196 nihil
1416 2140 1474 2195 in
1506 2141 1813 2212 Scriptura
1842 2141 1987 2214 legi-
2095 2150 2348 2199 noverat
2368 2158 2445 2199 ea:
2465 2142 2661 2199 cordis
2679 2142 2778 2198 sui
2793 2143 3058 2208 arcanis,
3084 2141 3249 2197 bonis
3272 2141 3498 2210 scilicet
3522 2140 3759 2196 thesau-

294 2226 402 2291 ιω,
432 2223 542 2281 sed
588 2224 676 2280 de
731 2226 974 2298 quibus
1004 2227 1155 2283 nihil
1182 2228 1542 2286 nominatim
1583 2230 1990 2303 prtescribitur
2095 2234 2201 2301 ris,
2224 2239 2426 2290 vetera
2448 2237 2801 2302 veterum,et
2821 2239 3023 2290 vetera
3039 2237 3180 2289 ante
3197 2232 3417 2301 faciem
3438 2245 3752 2287 novorum.

281 2316 386 2367 aut
416 2317 662 2370 vetatur
692 2331 709 2369 :
771 2314 999 2387 quales
1028 2322 1200 2373 erant
1229 2316 1343 2374 cibi
1391 2318 1728 2376 simulacris
1774 2320 1960 2383 immo

2167 2343 2402 2408 Quanta
2431 2341 2609 2397 fuerit
2638 2340 2774 2397 talis
2800 2339 3190 2397 institutionis
3213 2338 3462 2407 utilitas,
3489 2338 3630 2394 inde
3655 2337 3755 2394 de-

279 2400 792 2548 lBaatitlferspicua
818 2420 923 2460 res
955 2411 1048 2463 est
1078 2422 1152 2463 ex
1199 2407 1396 2465 verbis
1426 2408 1615 2475 Pauli,
1662 2426 1800 2482 quso
1846 2411 1960 2469 cita

396 2507 413 2545 ι
467 2508 561 2549 us.

2091 2436 2389 2488 monstrat
2417 2430 2666 2487 Basilius
2696 2432 2777 2503 (p.
2811 2434 2955 2503 107),
2986 2430 3153 2504 quod
3180 2429 3291 2487 soli
3318 2428 3756 2513 Neocaesarien-

2091 2538 2184 2549 -..η
2238 2521 2330 2549 ...ιι
2380 2525 2535 2549 ,ιω-,ιλ
2582 2536 2716 2549 κη...
2759 2520 2970 2549 ,πη-ης..
3008 2518 3340 2549 ηληυυιεην.
3369 2519 3426 2549 ἐν.
3461 2523 3623 2549 ισηιιη
3657 2535 3749 2549 ..-κ

352 2617 422 2672 Ν.
466 2620 600 2675 Non
633 2618 1064 2676 omittendum
1110 2624 1201 2678 est
1246 2621 1408 2679 aliud
1458 2623 1871 2681 testimonium
1902 2626 1983 2683 ab

288 2706 504 2764 eodem
524 2710 809 2766 Sculteto
828 2709 1159 2781 objectum,
1178 2729 1249 2767 ex
1270 2711 1479 2782 regula
1496 2714 1715 2771 morali
1736 2718 1825 2777 7'2.
1843 2731 1977 2789 cap.

299 2797 344 2847 t.
380 2794 485 2850 ubi
510 2797 648 2853 haec
680 2797 1018 2867 leguntur:
1071 2800 1242 2867 Quod
1269 2801 1516 2857 debeant
1543 2803 1852 2860 auditores
1876 2806 1983 2876 qui

280 2883 345 2939 in
374 2885 735 2957 Seripturis
752 2887 989 2943 eruditi
1008 2895 1172 2957 sunt,
1195 2891 1514 2959 explorare
1533 2906 1606 2948 ac
1626 2893 1890 2962 probare
1910 2910 1978 2951 ea

280 2988 417 3043 qua
443 2992 483 3032 a
503 2979 837 3047 magistris
863 2978 1194 3035 dicuntur:
1228 2988 1432 3052 etquae
1456 2983 1693 3054 quidem
1716 2998 1978 3042 consona

280 3071 422 3118 sunt
438 3065 803 3135 Scripturis
817 3068 1153 3139 suscipere;
1170 3085 1302 3141 qua:
1316 3085 1454 3126 vero
1470 3072 1690 3139 aliena,
1706 3075 1974 3143 reficere,

274 3165 496 3224 eosque
518 3156 636 3226 qui
656 3156 721 3210 in
756 3157 1060 3225 ejusmodi
1076 3157 1368 3214 doctrinis
1384 3168 1791 3229 perseverant,
1810 3162 1975 3221 vehe-

269 3243 543 3299 mentius
576 3246 889 3301 aversari.

344 3368 483 3423 Non
511 3368 893 3441 imprudens
912 3369 1213 3428 Scultetus
1231 3371 1359 3428 haec
1381 3373 1565 3430 verba
1586 3377 1976 3450 resceuit.qui

272 3456 335 3510 in
362 3458 729 3528 Scripturis
763 3459 993 3516 eruditi
1016 3467 1179 3528 sunt,
1228 3465 1348 3525 τοὺς
1395 3461 1841 3539 πεπαιδευμένους
1883 3470 1970 3529 τὰς

274 3549 514 3621 remeate.
550 3550 635 3604 Ex
659 3546 759 3603 his
791 3548 955 3605 enim
987 3550 1314 3608 manifesta
1345 3552 1653 3610 conclusio
1684 3563 1772 3611 est
1818 3558 1968 3613 Scri-

270 3641 525 3707 pturam
557 3652 692 3693 non
726 3638 1022 3695 omnibus
1055 3642 1339 3717 proponi,
1360 3647 1426 3698 ut
1450 3643 1691 3699 unicam
1718 3645 1860 3701 ﬁdei
1886 3663 1968 3702 re-

274 3724 506 3793 gulam,
535 3742 658 3783 nec
687 3727 984 3784 omnibus
1007 3728 1236 3786 claram
1263 3735 1320 3786 et
1339 3734 1726 3805 perspicuam
1758 3751 1888 3792 esse
1905 3736 1965 3792 in

2091 2538 2207 2589 ses,
2238 2521 2334 2576 vel
2378 2525 2535 2577 certe
2579 2536 2720 2577 cum
2759 2520 2973 2594 paucis
3006 2518 3343 2575 admodum
3369 2519 3431 2575 in
3461 2504 3630 2575 tanta
3657 2535 3751 2575 re-

2088 2627 2224 2667 rum
2254 2616 2605 2684 tempestate
2637 2627 2707 2667 ac
2727 2608 2992 2684 procella
3006 2602 3404 2683 tranquillam
3428 2609 3614 2666 vitam
3634 2611 3753 2666 Mu-

2089 2702 2262 2758 sonio
2307 2701 2684 2772 gubernante
2729 2702 2977 2771 egerint.
3031 2704 3161 2757 Non
3195 2700 3359 2756 enim
3407 2716 3513 2756 eos
3559 2699 3753 2769 attigit

2086 2796 2402 2847 ventorum
2434 2791 2854 2847 haereticorum
2900 2794 3106 2857 cestus,
3141 2788 3593 2846 submersiones
3635 2788 3751 2844 im-

2084 2884 2334 2952 portans
2351 2884 2408 2936 et
2434 2880 2754 2951 naufragia
2777 2879 3101 2936 animabus
3120 2879 3296 2936 facile
3324 2878 3747 2935 mutabilibus.

2158 2989 2409 3047 Musonii
2442 2987 2568 3045 sedi
2603 2987 2901 3059 Atarbius,
2933 3003 3059 3044 non
3096 2986 3240 3042 ﬁdei
3282 3002 3353 3043 ac
3379 2985 3578 3043 virtuti
3611 3001 3747 3042 suc-

2086 3080 2282 3148 cessit;
2324 3094 2586 3151 cumque
2632 3077 2910 3134 bmresim
2956 3076 3190 3133 Arianae
3234 3077 3601 3134 contrariam
3645 3091 3745 3133 co-

2085 3174 2329 3227 naretur
2353 3168 2662 3233 inducere,
2696 3166 2944 3223 Basilius
2976 3166 3038 3222 in
3060 3170 3229 3223 tanta
3250 3166 3593 3222 animarum
3615 3181 3746 3240 per-

2082 3260 2236 3317 nicie
2264 3258 2438 3316 silere
2467 3274 2591 3318 non
2621 3258 2831 3331 potuit,
2886 3273 2957 3313 ac
3006 3257 3516 3314 Neocaesarienses
3564 3257 3747 3330 pluri-

2079 3349 2196 3405 bus
2228 3348 2435 3407 litteris
2463 3348 2802 3418 admonuit,
2836 3352 2901 3403 ut
2924 3346 3002 3403 ab
3030 3346 3145 3403 hoc
3174 3345 3290 3402 sibi
3319 3349 3610 3417 magistro
3642 3363 3742 3403 ca-

2078 3444 2309 3495 verent.
2335 3438 2427 3495 Sic
2453 3453 2557 3494 eos
2588 3435 2913 3510 compellat
2940 3436 3002 3493 in
3033 3437 3207 3509 epist.
3234 3440 3339 3493 210
3360 3453 3373 3491 :
3396 3438 3566 3494 Fidei
3585 3452 3743 3494 ever-

2076 3530 2184 3593 sio,
2211 3528 2407 3601 inquit
2430 3536 2513 3594 (n.
2545 3531 2597 3595 3,
2632 3543 2692 3598 p.
2728 3528 2876 3596 314),
2898 3525 3067 3597 apud
3086 3542 3187 3582 vos
3211 3527 3598 3597 excogitatur
3625 3528 3741 3583 ini-

2076 3621 2232 3676 mica
2272 3618 2619 3689 apostolicis
2658 3624 2711 3674 et
2754 3617 3116 3687 evangelicis
3144 3617 3459 3680 doctrinis,
3492 3619 3741 3675 inimica

2075 3709 2399 3765 traditioni
2429 3707 2708 3779 Gregorii
2733 3722 2868 3764 vere
2913 3708 3138 3776 magni,
3172 3713 3227 3763 et
3265 3723 3490 3779 eorum,
3541 3708 3644 3779 qui
3685 3709 3741 3764 ei

271 3812 343 3867 iis
369 3831 512 3889 qua
539 3815 628 3872 ad
657 3815 852 3872 ﬁdem
885 3817 1205 3890 pertinent.
1231 3795 1377 3876 Hinc
1399 3795 1647 3877 Basilius
1676 3822 1736 3880 in
1769 3825 1962 3897 capite
2072 3803 2487 3898 δασίξθδδθνυῖπ
2531 3813 2719 3869 usque
2753 3796 3105 3898 ad,beamm
3147 3795 3511 3898 Pluma?“
3561 3800 3735 3898 α’

273 3887 553 3977 sequenti
576 3906 680 3976 iis,
712 3908 823 3978 qui
850 3887 971 3963 non
1000 3909 1260 3965 multum
1287 3910 1347 3966 in
1376 3910 1709 3982 Scripturis
1739 3887 1966 3972 versati
2067 3889 2342 3959 pro/“(0
2379 3887 2740 3982 ‘t‘iwmﬁmﬁ
2760 3889 3110 3982 _?_’?'“""_'”m
3140 3888 3222 3982 if}-
3245 3887 3457 3982 ves"?
3483 3889 3734 3944 auribus

272 4000 435 4062 sunt,
470 3995 760 4068 praecipit
788 4001 855 4052 ut
901 3995 1101 4053 bonos
1134 4014 1205 4054 ac
1235 3998 1430 4056 malos
1474 4007 1747 4074 pastores
1777 4020 1813 4059 a
1841 4004 1961 4060 fru-

270 4081 470 4137 ctibus
516 4098 745 4139 eorum
784 4083 1174 4154 dignoscant.
1203 4087 1355 4153 Quin
1396 4090 1573 4146 etiam
1623 4107 1699 4148 ne
1744 4093 1957 4165 primis

265 4172 520 4244 quidem
552 4172 864 4239 concedit,
877 4179 943 4229 ut
964 4176 1332 4249 Scripturam
1361 4178 1610 4236 arbitrio
1638 4196 1749 4238 suo
1772 4182 1955 4240 inter-

259 4267 608 4333 pretentur,
626 4267 684 4318 et
714 4270 896 4335 prout
923 4265 1184 4339 quisque
1215 4267 1331 4323 sibi
1359 4268 1654 4326 videbitur
1674 4286 1710 4328 a
1731 4273 1952 4346 Spiritu

255 4356 479 4408 sancto
509 4351 800 4407 edoctus.
837 4353 953 4409 Sed
981 4370 1119 4410 eam
1152 4356 1473 4429 Scriptura:
1515 4359 1953 4433 interpretatio-

255 4454 395 4496 nem
449 4441 765 4510 intelligit,
814 4458 954 4514 quae
1000 4444 1277 4501 Ecclesiae
1322 4450 1677 4506 auctoritate
1723 4456 1782 4507 et
1809 4468 1949 4509 con-

258 4532 441 4641 :‘ta'nti
476 4531 835 4641 triadtitionis
860 4549 1172 4641 consensu
1201 4537 1448 4640 nititur:
1474 4542 1605 4612 ipse
1631 4541 1792 4599 enim
1822 4544 1942 4618 (ep.
1979 4586 2023 4641 Β

260 4621 378 4686 204,
404 4637 468 4676 n.
505 4625 565 4691 6)
600 4620 723 4677 hac
771 4622 1155 4694 potissimum
1196 4627 1299 4683 via
1354 4629 1606 4687 Arianae
1651 4633 1945 4691 novitates

256 4709 620 4766 evitaverat.
651 4713 828 4776 Nam,
863 4728 1000 4768 cum
1034 4714 1289 4772 edoctus
1321 4714 1527 4774 fuisset
1555 4719 1634 4775 ab
1664 4721 1800 4777 avia
1830 4724 1945 4781 Ma-

250 4800 447 4870 crine,
477 4817 628 4874 quae
658 4802 713 4858 ei
747 4802 1028 4861 tradebat
1069 4804 1407 4863 beatissimi
1436 4811 1704 4880 Gregorii
1732 4812 1938 4879 verba,

248 4903 647 4964 quascunque
668 4891 750 4948 ad
770 4892 973 4964 ipsam
999 4895 1308 4953 memoriae
1328 4899 1785 4958 continuatione
1810 4918 1937 4959 ser-

244 4984 393 5035 vata
420 4986 877 5051 pervenerant;
930 4988 1261 5057 postquam
1291 5001 1325 5041 e
1357 4989 1552 5060 patria
1597 4991 1660 5045 in
1701 4997 1936 5049 exteras

246 5067 602 5138 provincias
628 5069 942 5141 profectus
970 5077 1081 5138 est,
1101 5072 1148 5128 si
1175 5089 1333 5145 quos
1353 5075 1698 5136 inveniebat
1717 5096 1931 5137 secun-

2069 3985 2377 4039 resonant.
2402 3978 2560 4033 Nam
2590 3977 2847 4035 Sabellii
2858 3977 3109 4042 malum,
3134 3976 3275 4032 olim
3298 3975 3532 4048 quidem
3556 3992 3731 4033 exor-

2069 4074 2216 4133 tum,
2240 4067 2345 4124 sed
2374 4067 2703 4124 traditione
2735 4068 2946 4138 magni
2984 4067 3153 4122 illius
3183 4066 3303 4123 viri
3342 4068 3727 4133 exstinctum,

2066 4163 2372 4214 conantur
2399 4171 2562 4213 nunc
2610 4157 2713 4212 isti
2751 4169 3067 4222 renovare,
3098 4157 3205 4229 qui
3233 4156 3375 4212 dum
3407 4157 3617 4214 timent
3654 4172 3730 4215 ne

2064 4252 2436 4317 arguantur,
2462 4246 2693 4302 somnia
2714 4247 2778 4301 in
2807 4260 2914 4301 nos
2931 4246 3197 4316 fingunt.

2798 4356 2825 4422 ἓ
2866 4355 2958 4409 VII

2059 4463 2099 4517 1.
2146 4460 2206 4517 S.
2258 4461 2530 4517 Basilius
2582 4462 2882 4527 conceptis
2931 4461 3124 4518 verbis
3180 4461 3350 4518 docet
3408 4460 3718 4521 Christum

2128 4533 2334 4589 adesse
2356 4540 2705 4602 pra'sentem
2728 4537 2792 4589 in
2823 4534 3215 4591 eucharistia.
3253 4535 3316 4590 ll.
3340 4534 3615 4605 Requirit
3650 4542 3718 4591 ut

2125 4605 2305 4673 illud,
2320 4606 2490 4661 «Hoc
2509 4612 2592 4662 est
2615 4621 2834 4673 corpus
2853 4620 3048 4662 meum
3068 4606 3171 4670 ‘3,»
3193 4621 3315 4662 non
3334 4607 3532 4663 minus
3553 4613 3715 4663 certo

2122 4678 2439 4734 credamus
2498 4692 2677 4748 quam
2722 4679 2902 4747 illud,
2948 4698 2975 4727 ιι
3015 4676 3265 4749 Verbum
3306 4692 3447 4734 caro
3471 4679 3712 4749 factum

2121 4754 2205 4803 est
2225 4749 2325 4802 1‘.»
2380 4750 2471 4804 111.
2506 4747 2767 4820 Insignis
2801 4749 2962 4805 locus
2992 4763 3028 4804 a
3058 4747 3323 4820 Sculteto
3344 4747 3710 4817 deprauatus

2119 4821 2486 4887 explicatur.
2522 4821 2609 4875 IV.
2636 4818 2859 4876 Basilii
2880 4819 3177 4876 sententia
3211 4818 3613 4889 conﬁrmatur
3635 4836 3710 4880 ex

2113 4892 2393 4960 precibus
2424 4893 2705 4962 liturgiw.
3744 4900 3749 4909 ’

2118 5000 2160 5053 1.
2196 4999 2329 5056 Sive
2352 4998 2566 5055 Basilio
2587 4997 2968 5057 ascribantur
2986 5000 3123 5058 libri
3143 5002 3230 5059 De
3248 5000 3562 5075 baptismo,
3580 5002 3703 5059 sive

2040 5101 2189 5156 non,
2218 5091 2374 5143 certe
2406 5088 2523 5143 sub
2553 5089 2685 5158 ejus
2717 5090 2964 5149 nomine
2995 5091 3166 5148 citari
3196 5107 3266 5148 ac
3291 5092 3531 5151 laudari
3560 5108 3701 5167 pos-

246 5154 396 5257 dum
424 5157 713 5257 traditam
746 5160 996 5257 pietatis
1023 5162 1295 5257 regulam
1322 5165 1727 5257 ambulantes,
1750 5185 1856 5226 eos
1876 5175 1933 5228 et
2040 5154 2196 5243 sunt,
2224 5192 2366 5233 cum
2396 5178 2502 5233 toti
2526 5154 2599 5233 es
2625 5180 2755 5251 ejus
2785 5180 3091 5238 sententiis
3116 5196 3190 5239 ac
3217 5182 3414 5239 verbis
3443 5154 3698 5257 compo-

245 5246 656 5344 patrum_loeo
679 5249 980 5344 habebat,
1012 5255 1073 5344 et
1096 5252 1318 5344 animus
1340 5270 1466 5311 suae
1494 5255 1682 5313 duces
1709 5275 1928 5332 seque-
2040 5264 2137 5320 siti
2155 5265 2292 5322 sint.
2328 5269 2391 5323 ln
2416 5266 2574 5324 libro
2602 5246 2873 5327 secundo
2900 5271 3209 5344 quaeritur,
3240 5287 3377 5344 cap.
3404 5276 3437 5328 2
3462 5292 3476 5330 :
3519 5246 3617 5332 An
3644 5277 3695 5331 is

246 5331 443 5434 batur.
485 5338 577 5395 Sic
605 5342 927 5398 veritatem
980 5338 1348 5434 abliaeresi,
1396 5352 1668 5417 pastores
1701 5364 1736 5404 a
1763 5331 1927 5423 lupis
2037 5355 2144 5426 qui
2160 5355 2502 5426 obpravam
2518 5331 3090 5431 conscientiammut
3105 5331 3695 5432 immunditiammut

250 5422 647 5525 dignoscebat,
693 5448 821 5493 non
870 5430 1151 5506 propriis
1190 5432 1314 5489 suis
1346 5435 1666 5525 scripturas
1715 5422 1928 5498 studiis
2035 5422 2558 5515 inquinamentum
2583 5466 2780 5520 purus
2799 5422 2978 5509 corde
3002 5469 3124 5508 non
3148 5461 3255 5523 est,
3282 5454 3442 5509 citra
3458 5422 3690 5522 pericu-

251 5520 555 5598 inniteado,
609 5525 721 5582 sed
770 5540 853 5581 ea
912 5525 1273 5578 constanter
1318 5524 1655 5593 retinendo,
1694 5544 1833 5602 quae
1866 5532 1922 5589 S.
2042 5533 2167 5591 tum
2202 5539 2390 5607 possit
2436 5541 2798 5610 sacriﬁcare.
2848 5542 3179 5608 Quaestioni
3222 5520 3552 5614 apponitur
3591 5559 3683 5602 re-

301 5702 343 5737 η
371 5705 570 5766 κειται,
603 5722 767 5775 ηπ,
805 5706 887 5760 26
918 5716 934 5769 ;
972 5698 1301 5770 Marc.x1v,
1323 5704 1428 5771 22;
1464 5704 1607 5763 Luc.
1635 5721 1770 5774 χχιι,
1808 5710 1903 5779 19;
1936 5713 1957 5766 Ι

2091 5726 2120 5769 δ.
2148 5729 2223 5783 x1,
2253 5718 2347 5775 2i.
2425 5718 2470 5757 ⁸³
2506 5718 2679 5775 toan.
2708 5722 2861 5791 1,14.
