4154 6384
536 365 599 420 51
2060 354 2440 412 PR.~EFATIO.
3879 369 3940 421 5,

534 503 852 562 sponsum,
887 487 1072 545 ducta
1103 487 1560 561 comparatione
1591 503 1664 542 ex
1707 485 1802 541 his
1843 500 1978 558 quae
2005 483 2066 539 in
2112 498 2203 537 sa-

2330 480 2812 557 τεπλὴροφορησθαι
2841 489 2941 535 πᾶν
2970 486 3118 557 ῥῆμα
3148 493 3281 537 Θεοῦ
3315 484 3494 546 ἀληθὲς
3524 488 3648 538 εἶναι
3681 493 3765 540 καὶ
3803 485 3946 541 δυνα-

536 578 882 636 cerdotibus
901 578 1120 634 veteris
1145 577 1297 648 legis
1322 576 1806 650 requirebantur.
1837 577 1983 630 Tum
2015 573 2089 629 de
2112 588 2203 628 sa-

536 669 884 727 cerdotibus
915 684 1085 725 novae
1115 667 1266 738 legis
1314 669 1398 723 sic
1442 667 1749 723 statuitur:
1805 665 1862 717 '0
1913 663 1972 717 δὲ
2013 666 2202 737 Κύριος

535 759 715 834 λέγων,
767 761 958 820 Μεῖζον
1005 767 1095 812 τοῦ
1148 761 1283 833 ἱεροῦ
1315 755 1438 826 ὧδε,
1469 755 1710 810 παιδεύει
1747 758 1886 829 ἡμᾶς
1913 755 1992 808 ὅτι
2020 761 2202 807 τοσοῦ-

537 867 624 902 τον
664 847 1005 924 ἀσεϐέστερος
1045 846 1184 900 ἔστιν
1227 849 1252 899 6
1290 847 1489 920 τολμῶν
1519 849 1792 922 ἱερατεύειν
1823 849 1881 898 τό
1930 852 2083 918 σῶμα
2111 851 2202 895 τοῦ

539 943 737 1013 Κυρίου
775 945 864 990 τοῦ
915 935 1096 1000 δόντος
1145 937 1324 990 ἑαυτὸν
1379 938 1503 1012 ὑπὲρ
1560 938 1706 1008 ἡμῶν
1758 936 2060 1010 προσφορὰν
2113 936 2203 985 καὶ

543 1030 729 1080 θυσιαν
758 1036 829 1098 τῷ
858 1036 972 1099 Θεῷ
1019 1028 1088 1090 εἰς
1134 1027 1303 1100 ὀσμὴν
1334 1023 1571 1096 εὐωδίας,
1629 1027 1750 1079 ὅσον
1792 1028 1851 1078 τὸ
1913 1032 2068 1097 σῶμα
2111 1029 2203 1076 τοῦ

540 1117 845 1192 μονογενοῦς
875 1120 999 1171 Υίοῡ
1046 1125 1138 1170 τοῦ
1189 1122 1314 1170 Θεοῦ
1365 1119 1610 1192 ὑπερέχει
1656 1124 1813 1191 κριῶν
1841 1120 1932 1168 καὶ
1977 1117 2203 1188 ταύρωνο

539 1207 634 1262 οὐκ
663 1208 718 1261 ἐκ
747 1211 1069 1280 συγκρίσεως
1101 1206 1419 1284 ἀσύγκριτος
1445 1210 1546 1282 γὰρ
1568 1209 1598 1265 ἡ
1629 1208 1891 1281 ὑπεροχή·
1918 1205 2205 1260 Dominus

539 1302 740 1356 autem
773 1313 905 1354 cum
936 1298 1115 1354 dicit:
1151 1319 1179 1348 ‹‹
1211 1298 1454 1368 Templa
1483 1299 1682 1367 majus
1714 1295 1812 1352 hic
1839 1300 1925 1353 est
1948 1295 2016 1362 ιδ,
2047 1317 2076 1346 ι)
2098 1309 2206 1350 nos

541 1388 710 1446 docet
752 1393 922 1446 tanto
971 1389 1164 1458 magis
1207 1389 1459 1458 impium
1505 1402 1625 1444 esse
1661 1402 1816 1454 eum,
1865 1387 1974 1459 qui
2023 1386 2206 1443 audet

543 1479 893 1548 sacriﬁcare
958 1494 1178 1549 corpus
1230 1477 1474 1534 Domini
1513 1478 1614 1549 qui
1659 1477 1823 1534 dedit
1879 1492 1990 1547 pro
2037 1475 2208 1532 nobis

544 1571 804 1639 seipsum
856 1568 977 1625 Deo
1026 1569 1387 1625 oblationem
1437 1573 1492 1624 et
1548 1566 1806 1624 hostiam
1853 1567 1919 1623 in
1966 1566 2207 1623 odorem

545 1659 867 1716 suavitatis
899 1661 964 1727 ¹⁶,
1021 1665 1251 1730 quanto
1295 1673 1514 1729 corpus
1571 1658 1873 1728 unigeniti
1916 1657 2068 1713 Filii
2102 1656 2213 1712 Dei

2311 573 2419 638 τὸν,
2475 570 2568 622 κᾶν
2613 574 2642 630 ἡ
2680 576 2831 644 φύσις
2883 577 3149 646 μάχηται·
3204 573 3426 628 ἐνταῦθα
3476 578 3571 651 γὰρ
3621 582 3707 629 καὶ
3752 578 3776 628 ὀ
3824 576 3946 649 ἀγὼν

2311 669 2407 724 τῆς
2444 679 2690 724 πίστεωςο
2725 663 2893 730 Quod
2922 680 3043 720 non
3083 671 3316 735 oportet
3362 666 3659 736 ambigere
3697 673 3746 722 et
3789 667 3946 722 dubi-

2313 757 2447 807 tare
2470 753 2543 808 de
2571 754 2642 808 iis
2661 769 2795 824 quae
2821 770 2859 809 a
2883 755 3128 811 Domino
3149 756 3478 812 dicuntur:
3500 756 3600 812 sed
3615 758 3950 825 persuaderi

2313 857 2485 898 omne
2504 842 2619 898 Dei
2640 843 2880 900 verbum
2918 859 3122 900 verum
3151 860 3273 901 esse
3301 860 3371 901 ac
3394 845 3693 915 possibile,
3725 848 3832 902 etsi
3854 862 3952 902 na-

2314 937 2455 989 tura
2478 939 2809 1004 repugnat;
2846 935 2943 990 hic
2972 936 3127 991 enim
3159 939 3337 992 situm
3369 942 3452 991 est
3479 936 3622 1003 ﬁdei
3647 942 3948 992 certamen.

2313 1021 2405 1076 Ad
2432 1021 2590 1077 hanc
2623 1023 2900 1092 regulam
2929 1025 3458 1097 comprobandam
3492 1026 3639 1080 inter
3659 1025 3772 1080 alia
3793 1024 3956 1081 refert

2315 1111 2494 1167 illud:
2514 1113 2866 1183 Litigabant
2894 1129 3033 1184 ergo
3058 1115 3255 1171 Judaei
3285 1115 3367 1172 ad
3393 1117 3661 1178 invicem,
3687 1115 3954 1171 dicentes:

2318 1201 2620 1270 Quomodo
2651 1203 2748 1259 hic
2772 1209 2961 1272 potest
2990 1205 3157 1260 nobis
3183 1206 3332 1262 dare
3357 1221 3597 1262 carnem
3620 1205 3699 1260 ad
3717 1203 3956 1260 mandu-

2316 1293 2578 1349 candum
2600 1292 2628 1348 ?
2675 1294 2843 1349 Dixit
2865 1309 3004 1366 ergo
3027 1296 3143 1350 eis:
3162 1296 3376 1363 Amen,
3408 1310 3581 1351 amen
3610 1295 3740 1350 dico
3769 1294 3955 1349 vobis:

2313 1382 2452 1438 Nisi
2477 1383 2988 1440 manducaveritis
3019 1399 3262 1441 carnem
3283 1385 3433 1441 Filii
3448 1381 3796 1451 hominis,'et
3823 1382 3962 1438 bibe-

2316 1470 2452 1527 ritis
2469 1474 2596 1544 ejus
2623 1475 3000 1543 sanguinem,
3025 1489 3145 1530 non
3168 1474 3398 1531 habetis
3419 1475 3608 1530 vitam
3628 1475 3690 1529 in
3709 1471 3863 1529 vobis
3885 1472 3952 1527 η.

2389 1586 2664 1643 Pluribus
2708 1587 2770 1644 in
2809 1588 2956 1645 locis
3005 1594 3327 1662 pertractat
3357 1590 3607 1647 Basilius
3647 1589 3720 1644 de
3750 1587 3964 1662 optima

2321 1678 2815 1733 communicandi
2843 1679 3097 1750 ratione,
3146 1696 3334 1753 quam
3363 1680 3425 1736 in
3458 1696 3528 1735 eo
3555 1679 3814 1752 positam
3845 1690 3963 1732 esse

546 1749 940 1842 εφοειιεηιίιιε
969 1753 1055 1805 ⁸³⁸
1075 1749 1362 1842 arietibus
1386 1764 1464 1842 Fc
1498 1751 1692 1805 ταανίε
1717 1765 1758 1842 ³-
1782 1746 1942 1842 ‘1}de
1982 1747 2213 1842 ᾂίσηιηι
2321 1766 2515 1840 docet,
2540 1773 2605 1825 ut
2625 1784 2766 1824 cum
2793 1775 2954 1826 certo
2979 1746 3305 1826 credamus
3333 1746 3632 1826 Christum
3663 1785 3771 1842 pro
3801 1766 3965 1824 nobis

545 1838 624 1894 sit
669 1841 799 1932 sine
845 1840 1326 1932 comparatione,
1373 1838 1872 1932 incomparabilis
1919 1838 2076 1893 εηὶῖη
2128 1841 2211 1932 ﬁt
2244 1849 2283 1904 Β
2321 1838 2682 1913 cruxiﬁxum
2705 1875 2854 1929 esse,
2884 1860 3136 1932 ejusque
3157 1875 3403 1915 carnem
3425 1838 3851 1930 etsanguinem
3869 1870 3966 1912 no-

547 1930 931 1988 excellentia.
969 1929 1061 1985 Sic
1099 1928 1281 1986 etiam
1312 1928 1373 1985 in
1404 1927 1598 2002 capite
1625 1928 1796 1986 tertio
1825 1945 1899 1984 ex
1927 1943 2113 2002 paena
2141 1927 2212 1984 iis

545 2020 609 2077 in
653 2019 786 2091 lege
829 2020 1136 2092 imposita,
1187 2020 1294 2093 qui
1353 2023 1566 2078 sancta
1610 2019 1910 2077 immundi
1963 2024 2211 2090 tangere

549 2109 894 2182 audebant,
942 2109 1456 2180 .demonstratur,
1509 2115 1808 2182 quantum
1866 2110 1942 2166 sit
2016 2108 2214 2166 scelus

548 2214 802 2273 corpore
851 2199 1090 2257 Domini
1146 2199 1396 2272 indigne
1435 2199 1644 2256 vesci:
1699 2199 1848 2272 Ὀσῳ
1885 2201 1988 2274 γὰρ
2041 2198 2212 2252 πλεῖον

548 2295 642 2344 τοῦ
692 2291 830 2364 ἱεροῦ
878 2286 1003 2362 ὧδε,
1053 2291 1192 2344 κατά
1236 2295 1329 2350 τὴν
1382 2297 1475 2345 τοῦ
1525 2293 1720 2364 Κυρὶου
1762 2293 1947 2364 φωνὴν,
1979 2291 2214 2362 τοσούτῳ

553 2375 838 2455 δεινότερον
904 2383 995 2432 καὶ
1062 2378 1406 2456 φοϐερώτερον
1462 2381 1520 2432 τὸ
1589 2379 1641 2432 ἐν
1712 2378 1966 2453 μολυσμῷ
2031 2378 2216 2452 ψυχῆς

552 2469 815 2543 τολμῆσαι
845 2469 1089 2541 ἅψασθαι
1114 2477 1206 2524 τοῦ
1239 2473 1478 2543 σώματος
1524 2475 1617 2522 τοῦ
1665 2475 1925 2543 Χριστοῦ,
1973 2471 2118 2544 παρὰ
2159 2471 2214 2524 τὸ

555 2558 798 2630 ἅψασθαι
837 2566 995 2634 κριῶν
1063 2559 1092 2619 ἦ
1147 2561 1372 2636 ταύρων,
1434 2565 1524 2613 τοῦ
1585 2558 1906 2613 Ἀποστόλου
1961 2558 2213 2622 εἰπόντος·

553 2647 717 2702 Ὠστε
747 2652 800 2712 ὅς
839 2647 900 2701 ἂν
945 2647 1118 2724 ἐσθίῃ,
1152 2653 1288 2708 etc.:
1332 2651 1568 2718 Quanto
1607 2649 1762 2706 enim
1810 2650 1956 2720 plus
1997 2649 2217 2719 templo

556 2739 688 2796 illic
717 2741 820 2806 est,
851 2741 1042 2810 juxta
1087 2739 1332 2796 Domini
1364 2755 1582 2806 vocem,
1631 2745 1798 2796 tanto
1842 2739 2088 2811 gravius
2132 2743 2217 2795 est

555 2833 611 2885 et
645 2829 1108 2897 formidabilius
1135 2830 1199 2884 in
1243 2830 1460 2885 animae
1497 2830 1951 2902 inquinamento
1999 2828 2218 2885 audere

559 2923 808 2990 tangere
854 2933 1071 2989 corpus
1111 2919 1344 2977 Christi
1383 2935 1564 2992 quam
1607 2921 1823 2977 arietes
1866 2925 1971 2976 aut
2011 2925 2218 2976 tauros

557 3014 855 3082 tangere;
898 3025 1034 3066 cum
1061 3009 1386 3080 Apostolus
1417 3010 1604 3080 dicat,
1651 3031 1679 3059 «
1709 3011 1926 3083 Itaque
1965 3010 2218 3081 quicun-

558 3113 673 3171 que
696 3098 1161 3157 mandueaverit
1181 3101 1245 3172 ιτ,
1275 3122 1302 3150 ››
1335 3104 1448 3157 etc.
1480 3097 1633 3155 Nihil
1663 3115 1809 3155 sane
1839 3099 1900 3155 in
1916 3099 2009 3155 his
2028 3101 2220 3156 exstat

557 3188 937 3257 testimoniis,
987 3189 1155 3262 quod
1181 3189 1342 3245 eludi
1371 3189 1467 3245 vel
1497 3188 1839 3263 detorqueri
1869 3188 2078 3262 possit.
2119 3190 2218 3245 Sa-
2249 3208 2289 3265 ρ

558 3277 861 3335 criﬁcatur
905 3281 962 3334 et
992 3282 1380 3335 consecratur
1409 3294 1632 3352 corpus
1661 3277 1908 3335 Christi:
1953 3278 2220 3336 Christus

558 3381 830 3440 praesens
860 3367 1033 3424 adest
1059 3367 1119 3423 in
1151 3367 1344 3435 altari,
1376 3391 1405 3420 ‹‹
1435 3370 1678 3439 Templa
1715 3372 1930 3442 major.
1945 3369 2042 3426 hic
2067 3373 2218 3425 est.»

559 3455 712 3512 Illud
757 3455 1090 3514 discrimen
1139 3457 1418 3515 statuitur
1462 3458 1614 3515 inter
1657 3459 1920 3532 antiquas
1959 3463 2015 3516 ct
2044 3474 2219 3515 novae

559 3543 710 3615 legis
741 3545 1060 3620 sacriﬁcia,
1093 3547 1259 3621 quod
1291 3547 1352 3604 in
1390 3547 1604 3620 primis
1633 3548 1805 3607 vituli
1832 3554 1892 3605 et
1921 3548 2075 3604 tauri
2118 3564 2220 3604 oc-

561 3634 667 3691 cisi
707 3634 948 3704 fuerint,
997 3637 1058 3693 in
1101 3637 1322 3694 nostris
1374 3653 1594 3711 corpus
1642 3637 1857 3695 Christi
1895 3637 2218 3695 offeratur:

559 3723 889 3782 discrimen
905 3741 1052 3784 sane
1072 3727 1572 3794 commentitium,
1594 3728 1641 3784 si
1664 3727 2025 3786 sacriﬁcium
2047 3743 2222 3785 novae

557 3814 708 3884 legis
735 3831 956 3889 corpus
986 3815 1257 3873 absentis
1285 3817 1496 3875 Christi
1523 3822 1948 3892 reprmsentet;
1994 3817 2223 3892 quippe

560 3918 702 3959 cum
727 3903 890 3960 idem
918 3905 1303 3977 praestiterint
1346 3906 1644 3964 sacriﬁcia
1685 3907 1899 3965 veteris
1927 3907 2112 3980 legis;
2141 3906 2226 3963 id-

560 4007 678 4064 que
703 4008 775 4049 eo
804 3993 1069 4066 amplius
1097 3998 1152 4051 et
1183 3995 1641 4064 signiﬁcantius,
1671 4012 1796 4069 quo
1821 3997 2016 4054 caedes
2046 3997 2226 4054 alicu-

554 4082 658 4152 jus
687 4081 969 4139 animalis
1004 4083 1200 4156 aptior
1223 4084 1303 4141 ad
1347 4091 1605 4142 mortem
1645 4085 1854 4144 Christi
1888 4102 2226 4160 repraesen-

559 4170 836 4240 tandam,
868 4188 1056 4243 quam
1086 4188 1182 4230 res
1213 4173 1521 4244 inanimae,
1553 4175 1733 4248 panis
1763 4179 1820 4233 et
1847 4176 2081 4235 vinum.

632 4298 858 4356 Eadem
880 4300 1176 4358 sententia
1203 4301 1594 4374 paucioribus
1624 4301 1826 4359 verbis
1861 4303 2139 4360 statuitur
2167 4303 2228 4360 in

556 4391 805 4462 Regulis
829 4391 1216 4448 brevioribus.
1252 4392 1321 4448 Si
1346 4393 1480 4464 quis
1510 4397 1735 4464 autem,
1758 4392 1954 4467 inquit
1976 4393 2227 4450 Basilius

558 4481 846 4550 interrog.
871 4483 996 4552 309,
1040 4495 1175 4536 cum
1204 4481 1269 4536 in
1304 4482 1688 4539 immunditia
1717 4483 1816 4553 sit,
1857 4483 2104 4540 accedat
2150 4483 2231 4540 ad

559 4577 798 4642 sancta;
829 4572 1009 4627 etiam
1037 4585 1113 4626 ex
1141 4571 1339 4626 Veteri
1368 4573 1740 4629 Testamento
1767 4573 2039 4630 terribile
2059 4574 2227 4629 illius
2261 4588 2304 4641 ι)

560 4662 840 4718 discimus
856 4662 1182 4732 judicium.
1206 4663 1376 4730 Quod
1398 4664 1451 4718 si
1469 4665 1731 4733 amplius
1755 4666 1975 4735 templo
1999 4661 2096 4721 hic
2119 4671 2224 4727 est,

560 4771 667 4812 nos
692 4757 897 4826 utique
917 4755 1088 4811 modo
1111 4755 1302 4826 magis
1315 4756 1710 4826 formidanda
1731 4757 1961 4814 docebit
1983 4758 2228 4827 Aposto-

565 4850 682 4916 lus,
705 4848 812 4920 qui
836 4847 994 4904 dixit
1021 4865 1033 4906 :
1060 4868 1088 4897 ‹‹
1110 4848 1225 4915 Qui
1246 4848 1578 4904 manducat
1603 4854 1659 4904 et
1687 4847 1831 4904 bibit
1853 4849 2228 4919 indigne,ju-

559 4937 786 4995 dicium
809 4936 925 4995 sibi
947 4937 1279 4993 manducat
1308 4942 1363 4994 et
1387 4936 1533 4994 bibit
1555 4938 1622 4992 ‘3.
1649 4960 1676 4987 »

632 5059 701 5113 ll.
731 5054 983 5111 Basilius
1015 5052 1168 5110 inter
1191 5069 1426 5126 ea,quae
1457 5061 1619 5113 certo
1641 5056 1884 5113 credere
1909 5055 2224 5128 debemus,

559 5145 801 5203 etiamsi
832 5145 1131 5216 repugnet
1172 5147 1411 5211 natura,
1451 5145 1882 5202 eucharistiam
1923 5152 2223 5204 numerat.

561 5239 726 5293 Hanc
755 5234 919 5292 enim
953 5233 1017 5290 in
1063 5233 1382 5290 Moralium
1409 5233 1566 5291 libro
1612 5235 1914 5292 habemus
1952 5236 2228 5306 regulam

560 5325 712 5396 (reg.
738 5328 790 5394 8,
817 5341 878 5399 p.
912 5323 1057 5395 26-0):
1097 5320 1220 5377 Ὀτι
1261 5322 1321 5376 οὐ
1366 5319 1450 5377 δεῖ
1481 5320 1866 5398 διακρίνεσθαι,
1900 5330 1990 5379 καὶ
2042 5322 2230 5380 διστά-

564 5416 672 5477 ζειν
748 5414 834 5470 ἐπὶ
907 5420 1019 5474 τοῖς
1085 5414 1187 5467 ὑπὸ
1249 5421 1341 5467 τοῦ
1420 5419 1616 5487 Κυρίου
1682 5414 2012 5488 λεγομένοις,
2103 5415 2230 5469 ἀλλὰ

636 5611 682 5647 ¹⁸
721 5610 922 5668 Matth.
954 5627 1043 5680 xu,
1083 5615 1134 5668 6.

567 5702 612 5737 ²¹
653 5703 790 5758 Luc.
819 5718 958 5772 xm,
991 5704 1077 5759 19.

1216 5611 1262 5656 1⁸
1302 5608 1522 5683 Ephes.
1555 5626 1611 5679 γ,
1640 5614 1694 5667 2.

1157 5704 1203 5739 ³³
1242 5705 1416 5760 Joan.
1447 5717 1485 5770 1,
1523 5705 1608 5758 14.
1687 5703 1736 5738 ’³
1775 5702 2029 5776 Philipp.
2063 5719 2118 5773 ιι,
2153 5708 2205 5760 6.

2319 1947 2414 2004 bis
2427 1948 2798 2021 apponi,hac
2813 1948 2970 2005 illius
2988 1949 3289 2021 passionis
3307 1949 3726 2005 recordatione
3743 1946 3817 2003 ad
3836 1961 3965 2002 eum

2322 2037 2658 2094 amandum
2681 2039 3110 2095 accendamur.
3144 2039 3237 2096 Sic
3266 2040 3327 2094 in
3350 2037 3560 2112 regula
3580 2035 3851 2094 breviore‘
3877 2036 3966 2090 172

2321 2129 2453 2184 haec
2481 2127 2811 2185 instituitur
2838 2130 3112 2202 qurestio,
3148 2137 3373 2202 Ποταπῷ
3404 2128 3546 2202 φόϐῳ
3576 2129 3606 2188 ἣ
3637 2133 3763 2200 ποίᾳ
3791 2125 3969 2200 πληρο·

2326 2221 2495 2292 φορίᾳ,
2530 2220 2559 2278 ἢ
2602 2222 2730 2292 ποίᾳ
2773 2215 3007 2272 διαθᾶσει
3045 2219 3411 2292 μεταλάϐωμεν
3462 2227 3554 2272 τοῦ
3612 2223 3850 2292 σώματος
3889 2219 3970 2267 καὶ

2322 2315 2416 2361 τοῦ
2443 2311 2665 2382 αἵματος
2694 2316 2786 2361 τοῦ
2807 2316 3074 2384 Χριστοῡ;
3106 2311 3289 2378 Quali
3311 2325 3445 2366 cum
3470 2313 3704 2376 timore,
3727 2313 3831 2363 aut
3862 2318 3970 2377 qua

2325 2400 2521 2456 animi
2537 2399 2950 2470 persuasione,
2994 2406 3102 2456 aut
3140 2415 3254 2472 quo
3285 2400 3509 2470 affectu
3553 2398 3882 2468 participes
3908 2394 3972 2449 si-

2324 2505 2457 2544 mus
2478 2491 2746 2560 corporis
2768 2495 2822 2545 et
2851 2490 3167 2560 sanguinis
3199 2488 3473 2546 Christi?
3506 2490 3872 2561 Argumenta
3893 2487 3974 2538 est

2324 2579 2627 2651 ejusmodi
2644 2580 3032 2650 interrogatio
3051 2595 3345 2649 magnum
3370 2578 3622 2652 aliquod
3646 2577 3743 2648 agi
3767 2577 3974 2648 myste-

2323 2670 2505 2737 rium,
2537 2669 2704 2742 quod
2749 2675 3067 2726 tremorem
3098 2670 3364 2725 incutere
3398 2668 3641 2732 debeat,
3675 2679 3973 2738 magnam-

2326 2775 2444 2833 que
2472 2759 2660 2819 ﬁdem
2681 2775 2752 2817 ac
2781 2760 3160 2816 sanctitatem
3183 2759 3465 2832 postulet.

2397 2867 2856 2937 Interrogationi
2884 2868 3013 2925 haec
3038 2867 3353 2939 subjicitur
3376 2866 3733 2940 responsio:
3775 2867 3870 2918 Τόν
3898 2857 3975 2934 μιν

2328 2955 2483 3029 φόϐον
2516 2954 2767 3011 διδάσκει
2791 2960 2927 3031 ἡμᾶς
2953 2959 2977 3010 ὁ
3006 2957 3341 3027 Ἀπόστολος,
3375 2956 3560 3029 λέγων·
3593 2956 3654 3008 Ὀ
3691 2955 3872 3008 ἐσθίων
3900 2955 3980 3003 καὶ

2326 3052 2481 3101 πίνων
2512 3047 2730 3112 ἀναξίως
2757 3056 2922 3123 κρῖμα
2946 3049 3107 3120 ἑαυτῷ
3135 3048 3296 3101 ἐσθίει
3327 3053 3416 3101 καὶ
3446 3053 3613 3100 πίνει·
3647 3051 3742 3106 τήν
3773 3042 3830 3098 δὲ
3858 3043 3983 3100 πλη-

2325 3143 2571 3214 ροφορίαν
2595 3137 2796 3212 ἐμποιεῖ
2814 3141 2844 3198 ἡ
2879 3144 3059 3201 πίστις
3082 3147 3178 3192 τῶν
3200 3141 3448 3214 ῥημάτων
3476 3147 3583 3192 τοῦ
3613 3143 3808 3213 Κυρίου
3837 3137 3987 3189 εἰπόν-

2327 3247 2434 3291 τοςο
2465 3234 2630 3282 Τοῦτο
2663 3227 2773 3281 ἐστι
2811 3231 2870 3282 τὸ
2911 3230 3064 3302 σῶμά
3101 3248 3220 3301 μου,
3251 3231 3306 3281 τὸ
3352 3231 3474 3302 ὑπὲρ
3528 3230 3674 3302 ὑμῶν
3706 3223 3987 3299 διδόμενον·

2325 3324 2478 3370 τοῦτο
2528 3325 2724 3371 ποιεῖτε
2772 3317 2844 3382 εἰς
2887 3322 2980 3378 τὴν
3013 3317 3138 3392 ἐμὴν
3172 3319 3483 3392 ἀνάμνησιν,
3512 3321 3662 3375 etc;
3713 3319 3990 3373 Timorem

2327 3408 2566 3480 quidem
2597 3408 2758 3465 docet
2785 3424 2891 3464 nos
2918 3409 3250 3478 Apostolus,
3283 3424 3415 3464 cum
3445 3408 3542 3464 ait
3565 3423 3587 3464 .·
3629 3429 3656 3458 ‹‹
3689 3407 3804 3475 Qui
3838 3419 3994 3459 man-

2327 3499 2512 3554 ducat
2545 3504 2598 3554 et
2624 3497 2766 3554 bibit
2796 3498 3064 3568 indigne,
3087 3499 3393 3570 judicium
3425 3495 3553 3554 sibi
3580 3497 3909 3554 manducat
3948 3498 3994 3548 et

2331 3588 2475 3644 bibit
2493 3589 2542 3624 ³ο
2567 3604 2580 3644 :
2603 3607 2628 3636 ι
2673 3589 3122 3658 persuasionem
3167 3593 3363 3644 autem
3393 3587 3587 3658 efﬁcit
3621 3589 3773 3657 ﬁdes
3800 3584 3990 3642 verbo-

2330 3693 2465 3734 rum
2499 3677 2760 3748 Domini,
2799 3679 2904 3749 qui
2933 3679 3131 3734 dixit:
3181 3678 3364 3733 «Hoc
3403 3684 3489 3733 est
3539 3693 3763 3747 corpus
3805 3688 3988 3732 meum

2332 3768 2493 3842 quod
2517 3783 2630 3838 pro
2662 3768 2822 3825 vobis
2849 3768 3147 3824 traditur:
3171 3767 3281 3824 hoc
3304 3767 3496 3837 facite
3523 3769 3590 3824 in
3622 3783 3818 3824 meam
3850 3777 3994 3821 com-

2332 3861 2819 3916 memorationem
2842 3859 2910 3914 ²¹.
2945 3879 2972 3908 ››
3016 3858 3163 3914 Item
3200 3873 3274 3914 ex
3305 3857 3424 3926 ﬁde
3465 3856 3796 3914 testimonii
3822 3856 3995 3910 Joan-

2334 3949 2447 4016 nis,
2497 3948 2603 4020 qui
2656 3957 2988 4006 memorata
3031 3947 3204 4017 prius
3261 3945 3438 4003 Verbi
3483 3947 3712 4016 gloria,
3750 3941 3994 4016 posthac

2333 4038 2785 4094 Incarnationis
2810 4038 3052 4094 modum
3081 4036 3349 4099 induxit,
3384 4035 3475 4091 his
3509 4037 3749 4093 verbis:
3793 4057 3822 4087 (ι
3868 4034 3997 4089 Ver-

2339 4127 2474 4184 bum
2520 4144 2662 4185 caro
2703 4128 2939 4199 factum
2990 4133 3072 4183 est
3104 4127 3227 4196 9’,»
3274 4127 3384 4181 etc.
3443 4125 3668 4182 Itidem
3719 4123 3995 4196 quoniam

2335 4220 2662 4290 Apostolus
2707 4218 2997 4288 scripsit:
3043 4237 3071 4267 «
3107 4216 3220 4283 Qui
3255 4232 3385 4272 cum
3419 4215 3483 4270 in
3528 4216 3742 4285 forma
3777 4213 3886 4269 Dei
3925 4225 4000 4267 es-

2337 4316 2420 4367 set
2439 4310 2506 4381 ”,
2537 4329 2564 4358 »
2593 4311 2707 4364 etc.

2408 4423 2597 4478 Nemo
2624 4421 2731 4488 est,
2765 4417 2869 4490 qui
2899 4417 3030 4474 haec
3058 4415 3265 4485 legens
3291 4429 3414 4470 non
3446 4413 3623 4470 facile
3656 4412 4000 4487 perspiciat,

2343 4516 2398 4566 l°
2424 4508 2638 4567 Christi
2667 4509 2876 4575 verba,
2907 4508 3036 4564 Hoc
3065 4511 3148 4563 est
3175 4520 3389 4574 corpus
3419 4519 3644 4566 meum,
3691 4509 3755 4560 ut
3787 4501 4000 4558 firmis-

2337 4600 2495 4657 sima
2518 4599 2634 4656 ﬁde
2665 4598 2987 4670 credenda,
3022 4613 3057 4654 a
3091 4595 3304 4652 Basilio
3332 4594 3597 4666 proponi
3623 4611 3636 4661 ;
3673 4599 3732 4649 2°
3759 4609 3882 4650 non
3906 4589 4007 4646 mi-

2335 4708 2452 4749 nus
2480 4693 2644 4747 certo
2665 4688 2969 4746 credenda
2987 4703 3142 4754 esse,
3165 4701 3350 4757 quam
3375 4684 3722 4755 sequentia,
3761 4682 4009 4739 Verbum

2336 4797 2480 4840 caro
2500 4781 2738 4850 factum
2769 4785 2874 4847 est,
2907 4781 3018 4833 etc.
3050 4776 3163 4843 Qui
3200 4789 3333 4830 cum
3362 4775 3423 4828 in
3453 4775 3666 4842 forma
3697 4773 3814 4830 Dei
3843 4774 4010 4838 esset,

2335 4876 2448 4929 etc.
2477 4873 2736 4942 Utraque
2767 4869 2929 4923 enim
2953 4863 3317 4931 testimonia,
3341 4867 3470 4918 tum
3500 4879 3645 4934 quae
3678 4863 3761 4918 ad
3791 4860 4011 4918 eucha-

2334 4963 2590 5028 ristiam,
2628 4964 2756 5017 tum
2783 4974 2920 5031 quae
2951 4955 3030 5012 ad
3059 4953 3544 5012 incarnationem
3578 4957 3886 5025 spectant,
3920 4966 4014 5006 eo-

2336 5053 2476 5109 dem
2494 5067 2740 5124 prorsus
2762 5047 2945 5104 modo
2967 5047 3409 5120 proponuntur,
3436 5047 3499 5099 ut
3526 5042 3740 5098 verbis
3763 5041 4014 5116 quidem

2337 5142 2500 5199 clara
2545 5145 2603 5197 et
2644 5143 2874 5212 aperta,
2919 5136 3026 5194 sed
3072 5135 3340 5208 mysterii
3385 5132 3822 5202 magnitudine
3865 5127 4014 5185 difﬁ-

2338 5232 2475 5288 cilia
2503 5250 2516 5287 :
2564 5231 2644 5286 ita
2677 5233 2739 5285 ut
2769 5226 3167 5300 explicatione
3199 5239 3322 5281 non
3351 5221 3675 5290 indigeant
3707 5221 3791 5278 ad
3816 5221 4016 5276 lucem

2337 5322 2538 5380 verbis
2585 5317 2982 5385 afferendam,
3033 5316 3140 5372 sed
3192 5315 3311 5370 ﬁde
3364 5313 3442 5368 ad
3489 5327 3587 5367 res
3652 5310 4016 5368 credendas.

2339 5419 2456 5472 Nec
2508 5414 2839 5486 quisquam
2897 5414 2985 5466 est
3031 5406 3318 5480 profecto,
3375 5404 3501 5476 qui,
3565 5404 3618 5460 si
3668 5403 3878 5476 prima
3927 5415 4019 5457 co-

1775 5611 1816 5646 "
1859 5614 1880 5667 1
1909 5612 2042 5669 Cor.
2077 5627 2157 5680 ιι,
2186 5615 2216 5668 2

2357 5611 2402 5648 ¹⁸
2442 5609 2596 5668 ibid.
2627 5613 2718 5666 29.
2799 5609 2842 5643 ιθ
2884 5606 3054 5664 loan.
3089 5619 3168 5674 γι,
3201 5606 3286 5670 53,
3321 5605 3409 5658 54.
3489 5601 3535 5636 ²⁰
3579 5601 3600 5654 Ι
3637 5601 3777 5657 Cor.
3812 5616 3886 5667 xx,
3921 5603 4013 5653 27.
