4154 6402
295 359 350 416 53
1427 345 1440 354 ”
1879 371 1969 427 PB

2089 369 2269 426 ΑΤΙΟ.
3726 383 3796 436 54

315 493 457 545 netur
485 488 768 560 eludere,
823 498 1156 555 secunda
1186 513 1302 554 non
1346 500 1555 556 eodem
1592 498 2025 572 modo.prodat
2056 497 2102 549 Α
2134 511 2277 552 caro
2305 500 2532 569 factum
2565 505 2649 558 est
2670 502 2746 562 ³ο.
2775 505 2831 556 et
2859 499 3183 568 Pauli,Qui
3201 517 3335 557 cum
3366 503 3429 558 in
3455 503 3660 572 forma
3688 505 3799 560 Dei

336 578 617 634 eludenda.
2134 591 2369 657 esset”,
2419 595 2554 653 etc.,
2606 590 2683 647 ad
2715 607 2854 646 eum
2909 591 3268 660 amandum,
3301 593 3406 664 qui
3449 609 3559 663 pro
3613 594 3793 650 nobis

393 669 707 741 Postquam
741 673 1040 730 Basilius
1098 678 1374 749 exposuit
1397 692 1518 751 quo
1542 679 1751 734 timore
1791 682 1847 735 et
1897 693 2022 750 qua
2133 687 2405 736 mortuus
2447 687 2557 749 est,
2593 680 3035 748 accendamur;
3069 681 3150 737 ita
3182 681 3241 736 in
3273 680 3436 736 libris
3462 683 3792 738 Moralium

333 758 488 812 animi
540 763 978 830 persuasione
1036 769 1621 824 communicandum
1681 769 1772 834 sit,
1835 767 2017 823 tertii?
2131 776 2187 827 et
2213 775 2299 828 De
2325 772 2618 842 baptismo
2668 771 2949 828 eamdem
3007 787 3254 844 prorsus
3297 772 3793 829 communicandi

324 847 804 919 interrogationis
845 856 1046 927 parti,
1082 873 1212 928 quo
1241 857 1451 914 affectu
1485 858 1899 914 accedendum
1943 856 2020 912 sit
2126 863 2278 918 ratio
2308 861 2368 918 in
2392 863 3033 918 commemorationem
3049 862 3355 934 passionis
3388 862 3620 917 Domini
3645 879 3795 935 pra:-

324 947 390 994 δα
416 938 526 994 hoc
548 943 969 1014 mysterium,
1007 948 1099 1003 sic
1134 948 1421 1004 satisfacit
1449 966 1461 1004 :
1497 951 1645 1004 Cum
1669 949 1858 1018 igitur
1887 947 2013 1003 ani-
2124 953 2366 1026 cipitur.

317 1043 434 1082 mus
463 1029 548 1086 his
580 1038 636 1086 et
683 1034 942 1090 talibus
1002 1038 1204 1093 verbis
1251 1040 1425 1107 fidem
1458 1039 1770 1105 adhibens,
1798 1038 2010 1134 gloria!
2192 1062 2725 1132 Pcrabsurdeergo
2742 1062 3392 1132 Scultetus(16')secum
3412 1062 3606 1117 facere
3621 1065 3791 1134 putat

313 1121 676 1187 maiestatem
711 1124 1045 1193 didicerit,
1072 1129 1550 1200 humilitatisque
1579 1136 1632 1184 εί
1663 1128 2008 1184 “edim”?
2117 1152 2262 1207 illud
2277 1121 2870 1221 BasiliizQuiduigitur
2884 1121 3170 1207 utilitatis
3191 1152 3410 1208 habent
3437 1153 3560 1208 haec
3579 1121 3792 1208 verba?

313 1211 797 1276 magnitudinem
824 1217 1187 1273 admiratus
1203 1219 1582 1290 fuerit,quod
1612 1220 1752 1274 talis
1781 1235 1854 1274 ac
1879 1224 2008 1273 tan-
2123 1245 2193 1300 Ui
2215 1245 2448 1300 edentes
2474 1211 2534 1300 εξ
2559 1211 3078 1312 θεοδεῆερεβενηρεν
3105 1258 3392 1298 memores
3423 1245 3552 1312 ej,“
3577 1243 3788 1298 simus,

315 1301 760 1360 tusadmortem
785 1322 992 1378 usque
1006 1310 1621 1380 Patriobtemperavit
1637 1311 1770 1366 vitae
1791 1317 2010 1365 nostra
2120 1335 2542 1406 q,,,-,eic.Nani,
2582 1338 2632 1387 ί..
2653 1333 2858 1389 Modus
2887 1332 2980 1386 iiie
3006 1332 3500 1388 communicandi
3521 1332 3582 1386 in
3614 1348 3783 1387 com-

315 1401 499 1455 causa,
532 1407 673 1448 eum
710 1396 1015 1452 arbitror
1058 1400 1144 1454 ita
1185 1401 1374 1468 afﬁci,
1407 1407 1470 1454 ut
1506 1401 1691 1455 simul
1727 1400 1915 1455 Deum
1956 1417 1969 1454 t

2121 1396 2624 1480 memorationem
2658 1424 2893 1478 Domini
2931 1423 3311 1496 repetitur,ut
3335 1423 3463 1494 jam
3495 1423 3780 1494 diximus,

310 1477 530 1536 Patrem
562 1483 837 1554 diligat,
870 1489 1255 1558 quiproprz‘o
1275 1491 1428 1546 Filio
1459 1507 1580 1546 non
1603 1489 2014 1559 pepercit,sed
2122 1531 2194 1569 ex
2242 1514 2361 1569 ﬁde
2401 1520 2456 1568 ei
2504 1514 2920 1585 persuasione,
2954 1477 3138 1585 qimm
3185 1513 3246 1568 in
3297 1512 3514 1568 animis
3563 1513 3780 1568 nostris

305 1584 408 1634 pro
436 1571 607 1628 nobis
641 1577 951 1633 omnibus
990 1581 1246 1636 tradidit
1277 1582 1473 1648 illum,
1528 1582 1710 1636 simul
1741 1582 2013 1649 unigeni'
2122 1602 2355 1659 efﬁcere
2412 1571 2636 1659 deﬂent
2688 1603 2876 1658 verba
2908 1571 3167 1670 ﬁnisti,
3237 1604 3364 1658 Ηοσ
3417 1608 3500 1658 ρετ
3565 1619 3782 1672 corpus

303 1665 418 1714 tum
449 1664 580 1730 eius
606 1664 1006 1739 Ρίίίιιηι›ί1υέ
1021 1669 1279 1726 οδεάίυίί
1309 1686 1486 1741 usque
1510 1671 1592 1726 ad
1619 1677 1867 1726 mortem
1896 1686 2008 1764 Ρ⁷ξ⁰
2119 1711 2334 1763 meum,
2361 1699 2418 1750 et
2439 1694 2556 1749 alia
2579 1693 2938 1761 testimonia,
2979 1693 3202 1764 quibus
3236 1694 3366 1764 ejus
3398 1692 3678 1748 divinitas
3724 1698 3781 1749 et

298 1756 500 1806 nostra
527 1755 980 1826 redemptione
1029 1765 1084 1814 et
1130 1762 1348 1816 salute.
1377 1761 1556 1816 Addit
1585 1777 1744 1827 eum,
1778 1760 1883 1832 qui
1923 1759 2006 1814 sic
2118 1755 2455 1840 incam'aiio
2503 1800 2574 1839 ac
2623 1783 2830 1856 passio
2879 1755 3286 1839 conﬁnem”.
3338 1787 3394 1836 2.
3446 1786 3574 1838 Non
3633 1782 3778 1838 dicit

293 1839 546 1896 affectus
571 1849 634 1898 et
657 1853 1064 1918 praeparatus
1097 1853 1206 1920 est,
1241 1849 1572 1922 adimplere
1611 1850 1761 1905 illud
1793 1849 1954 1905 Pauli
1988 1866 2000 1916 ;
2037 1852 2077 1904 Β
2117 1839 2651 1930 ωαηάυθᾶιίοηεηέι
2695 1874 2962 1945 corporis
3010 1873 3245 1928 Domini
3290 1877 3348 1926 et
3397 1877 3607 1944 potum
3642 1872 3774 1943 ejus

297 1928 589 1987 Charitas
633 1937 815 1991 enim
839 1937 1072 1994 Christi
1093 1945 1268 2009 urget
1306 1956 1410 1996 nos
1435 1943 1500 2010 ³⁸,
1536 1945 1648 1996 ϐία.
1675 1941 1766 1997 Sic
1801 1944 2002 1996 amem
2116 1965 2430 2033 sanguinis
2488 1964 2546 2018 in
2606 1928 3173 2018 commemoratione
3229 1962 3419 2035 ipsius
3475 1961 3773 2034 Passionis

297 2018 446 2075 aﬂlci
480 2027 538 2077 et
570 2027 942 2096 praeparari
972 2028 1193 2083 debere
1231 2029 1553 2092 concludit,
1588 2031 1865 2102 quisquis
1897 2047 1969 2103 pa

2113 2055 2378 2126 positam
2406 2069 2558 2121 esse;
2592 2053 2696 2108 sed
2727 2051 2875 2107 illud
2905 2067 3125 2123 corpus
3156 2051 3240 2106 sic
3282 2051 3658 2121 manducari,
3717 2056 3773 2107 et

299 2110 386 2163 “is
414 2116 468 2166 εί
499 2113 722 2183 1’03“li
751 2115 825 2170 ﬁt
848 2117 1183 2190 Particeps-
1883 2209 1896 2217 _
2114 2110 2475 2217 sanguinem
2507 2145 2590 2199 sic
2612 2143 2737 2198 bibi
2760 2142 2998 2210 debere,
3028 2145 3093 2197 ut
3129 2141 3772 2199 commemorationem

371 2198 596 2256 Eadem
630 2203 940 2260 doctrina
967 2208 1246 2263 statuitur
1284 2209 1340 2263 in
1375 2211 1620 2280 Regalis
1650 2209 2001 2282 moralibus,
2112 2198 2270 2294 him:
2309 2234 2608 2309 passionis
2633 2233 3026 2288 celebremus.
3074 2236 3131 2288 3..
3189 2234 3299 2287 Eos
3331 2233 3512 2288 etiam
3543 2233 3647 2302 qui
3685 2233 3781 2289 in-

295 2295 346 2343 ελ
389 2289 450 2345 in
505 2291 679 2347 “bro
741 2311 760 2349 ¹
796 2296 889 2350 De
939 2295 1252 2365 δαρίίδηῖο·
1302 2300 1357 2354 Si
1384 2301 1544 2356 enim
1575 2301 1633 2355 in
1661 2301 1870 2372 regum
1910 2305 2000 2360 Ἦν
2113 2289 2793 2398 ἇὶεηθὲοωωιιηίοεωῑ,
2825 2338 3046 2394 corpus
3075 2326 3128 2376 et
3151 2322 3508 2392 sanguinem
3536 2323 3775 2380 Domini

287 2397 419 2452 cap.
444 2386 479 2435 2
508 2388 693 2447 (tom.
729 2387 807 2451 ll,
842 2400 906 2456 p.
938 2391 1088 2455 253),
1109 2387 1366 2458 legimus
1401 2406 1412 2443 :
1449 2391 1619 2458 Quod
1639 2393 1744 2464 qui
1769 2392 1969 2448 accedi

2113 2386 2352 2472 suinere
2377 2416 2436 2470 in
2464 2413 3106 2470 commemorationem
3136 2411 3442 2484 passionis
3465 2411 3641 2480 illius,
3665 2413 3772 2470 sed

291 2470 369 2524 ad
407 2474 922 2531 communionem
953 2493 1074 2532 non
1104 2479 1485 2537 considerata
1519 2483 1634 2537 hac
1664 2484 1899 2540 ratione
1916 2500 2000 2543 se-
2113 2470 2321 2562 553m
2354 2503 2562 2576 seipsis
2593 2503 2753 2558 hanc
2783 2501 3144 2557 memoriam
3172 2501 3509 2573 exprimere
3545 2502 3721 2559 docet
3752 2520 3766 2558 :

296 2561 560 2617 cundum
583 2580 789 2634 quam
813 2567 1088 2633 εονρονίε
1105 2573 1491 2638 “(sanguinis
1513 2573 1998 2644 θίν’ίδίίρανείεί·
2113 2597 2228 2663 Qui
2244 2561 2401 2650 enim
2428 2561 2548 2650 edit
2587 2599 2641 2649 et
2661 2592 2824 2659 bibit,
2847 2591 3062 2664 inquit,
3090 2561 3361 2648 videlicet
3383 2592 3464 2647 ad
3488 2592 3770 2648 indelebi-

301 2653 461 2716 patio
492 2654 716 2719 datur,
755 2655 812 2709 is
835 2658 1077 2712 nullam
1101 2673 1176 2714 ex
1205 2675 1274 2714 ea
1307 2662 1633 2719 utilitatem
1661 2673 1863 2736 capiat
1899 2685 1911 2722 :
1941 2684 1969 2724 e

2111 2653 2222 2742 lem
2245 2685 2592 2741 memoriam
2617 2684 2759 2739 Jesu
2788 2683 3020 2737 Christi
3047 2682 3289 2736 Domini
3301 2683 3515 2745 nostri,
3536 2684 3642 2753 qui
3657 2699 3769 2753 pro

309 2741 461 2809 quod
479 2746 575 2812 qui
597 2744 875 2814 indigne
899 2749 1612 2816 assumit,condemnatus
1641 2757 1740 2812 sit.
1763 2759 1828 2810 Et
1857 2773 1969 2828 cap

2108 2777 2276 2831 nobis
2307 2779 2578 2831 mortuus
2605 2780 2688 2828 est
2718 2777 2772 2828 et
2795 2773 3455 2835 resurrexit,rationem
3485 2787 3621 2828 vero
3658 2788 3770 2830 me-

303 2832 353 2881 3.
382 2832 508 2898 Qua
529 2836 794 2890 ratione
811 2837 1309 2894 manducandum
1332 2843 1407 2895 sit
1439 2857 1654 2911 corpus
1680 2846 1916 2901 Domini
1938 2863 1969 2902 e

2105 2867 2312 2920 moriar
2334 2862 2680 2920 obedientia:
2711 2861 2948 2916 Domini
2970 2876 3154 2932 usque
3174 2861 3254 2916 ad
3279 2867 3546 2928 mortem,
3580 2864 3770 2932 juxta

297 2925 541 2990 sanguis
565 2924 874 2980 bibendus
903 2927 966 2980 in
999 2933 1616 2988 commemorationem
1650 2935 1995 2993 obedientiae
2105 2956 2444 3010 doctrinam
2472 2951 2748 3021 Apostoli
2775 2965 2894 3005 non
2939 2924 3251 3018 adimplet,
3283 2951 3407 3020 qui,
3449 2955 3516 3005 ut
3536 2924 3768 3008 dictum

304 3009 539 3067 Domini
569 3029 776 3084 usque
799 3015 883 3070 ad
912 3022 1188 3086 mortem,
1233 3026 1296 3074 ut
1330 3022 1436 3091 qui
1463 3023 1695 3093 vivunt,
1729 3030 1989 3097 nonjam
2105 3046 2348 3112 ρετναίι,
2383 3062 2412 3094 ι
2437 3009 2722 3098 οὴξινίίαε
2755 3038 2989 3096 Christi
3015 3045 3190 3108 urget
3218 3054 3344 3106 nos,
3377 3061 3403 3088 ››
3437 3043 3568 3104 etc.,
3604 3041 3654 3095 is
3675 3041 3767 3096 m‘-

300 3101 408 3152 sibi
434 3104 802 3168 vwant,sed
818 3107 874 3160 ei
893 3107 1004 3176 qui
1027 3123 1142 3175 pro
1161 3111 1304 3177 ipsis
1323 3117 1591 3166 mortuus
1613 3120 1696 3168 est
1720 3121 1774 3171 et
1800 3133 1993 3172 resur-
2105 3101 2374 3204 [ια’σαρέι
2401 3131 2706 3187 utilitatis.

299 3193 452 3246 rexit
479 3195 555 3246 ’⁵.
612 3193 913 3250 Similiter
941 3195 1005 3250 in
1042 3195 1202 3253 libro
1233 3215 1250 3254 1
1287 3202 1369 3256 De
1399 3201 1711 3272 baptismo,
1747 3221 1885 3278 cap.
1936 3214 1988 3277 3,
2025 3209 2065 3266 C

1049 3286 1059 3296 .
1350 3255 1357 3256 ’
1752 3255 1885 3306 "‘7'
1936 3255 1988 3277 "
2030 3255 2065 3266 “”
2352 3275 2414 3314 se
2466 3262 2688 3314 uuntur
2744 3271 2780 3312 a
2809 3255 3170 3312 Combetisio
3205 3259 3268 3311 ut
3297 3255 3544 3313 duriora
3582 3261 3640 3313 et
3678 3274 3767 3314 se-

294 3288 632 3352 postquam
680 3283 906 3339 eadem
937 3288 1633 3358 Scr1pturaetest1mon1a
1670 3295 1886 3364 retulit,
1922 3315 1992 3355 ac
2176 3263 2319 3359 Quae
2421 3275 2460 3331 (ί
2572 3347 2587 3364 ,
2631 3363 2634 3364 γ

292 3371 347 3424 in
399 3371 562 3428 libro
613 3374 985 3443 Moralium,
1037 3392 1259 3448 nempe
1307 3395 1380 3436 ex
1435 3398 1567 3455 cap.
1602 3401 1656 3438 τι
1687 3385 1864 3458 (vers.
1901 3390 1990 3459 54)

289 3459 540 3518 Joannis
570 3481 583 3517 :
623 3467 845 3531 Amen,
880 3482 1059 3522 amen
1092 3468 1225 3523 dico
1258 3471 1445 3538 vobis,
1477 3474 1614 3529 Nisi
1650 3478 1990 3536 manduca-

292 3553 496 3606 veritis
517 3569 779 3610 carnem
803 3555 954 3610 Filii
981 3555 1261 3624 hominis,
1281 3565 1415 3626 etc.,
1451 3567 1514 3633 et
1538 3579 1607 3619 ex
1643 3565 1990 3623 Matthaeo"

292 3645 343 3694 et
364 3641 552 3698 Paulo
576 3644 625 3676 ³⁷
655 3643 1113 3701 institutionem
1142 3649 1522 3707 eucharistite
1547 3652 1985 3724 referentibus;

293 3734 410 3785 tum
428 3748 572 3788 vero
596 3733 685 3787 sic
713 3734 1049 3790 concludit:
1087 3739 1240 3796 Ouid
1256 3740 1446 3810 igitur
1463 3743 1748 3800 utilitatis
1767 3746 1987 3808 habent

295 3819 410 3875 haec
436 3822 663 3877 verba?
694 3823 770 3878 Ut
793 3824 1034 3880 edentes
1063 3832 1117 3882 et
1143 3827 1664 3901 bibentes,semper
1695 3851 1986 3895 memores

290 3911 468 3965 simus
500 3915 660 3982 ejus,
693 3914 804 3984 qui
814 3930 929 3982 pro
947 3917 1117 3971 nobis
1136 3923 1406 3974 mortuus
1430 3926 1510 3976 est
1535 3928 1588 3977 et
1623 3929 1983 4001 resurrexit;

288 4001 484 4072 Sicque
522 4003 840 4058 discamus
872 4007 1209 4062 necessario
1265 4024 1508 4067 servare
1539 4028 1742 4069 coram
1777 4015 1892 4073 Deo
1924 4031 1980 4080 et

287 4088 525 4145 Christo
553 4093 759 4161 ipsius
790 4094 1087 4150 traditum
1117 4097 1193 4151 ab
1243 4099 1533 4166 Apostolo
1583 4102 1822 4173 dogma,
1875 4109 1982 4176 qui

284 4177 449 4233 dicit:
475 4205 502 4228 ‹‹
538 4181 844 4236 Charitas
870 4183 1105 4238 Christi
1132 4191 1299 4255 urget
1319 4202 1443 4255 nos,
1460 4190 1811 4258 jurlicantes
1843 4194 1972 4264 hoc,

277 4271 518 4338 quod,si
541 4288 710 4327 unus
734 4289 850 4342 pro
878 4275 1154 4330 omnibus
1183 4283 1458 4333 mortuus
1489 4287 1744 4350 cst,ergo
1774 4299 1975 4341 omnes

276 4361 504 4412 mortui
522 4365 699 4421 sunt,
736 4367 791 4416 et
819 4377 932 4430 pro
962 4365 1242 4420 omnibus
1274 4374 1541 4422 mortuus
1591 4377 1709 4438 est;
1754 4379 1819 4427 ut
1871 4381 1979 4445 qui

277 4451 644 4518 vivunt,non
680 4454 949 4521 amplius
981 4455 1096 4509 sibi
1119 4457 1457 4527 vivant,sed
1477 4474 1527 4513 ct
1549 4462 1654 4530 qui
1679 4478 1793 4529 pro
1826 4465 1970 4534 ipsis

284 4548 550 4596 mortuus
583 4547 1111 4600 estetresurrexit
1135 4547 1239 4599 ’8.»
1273 4547 1426 4602 Nihil
1444 4549 1642 4604 verbis
1677 4568 1831 4624 opus
1857 4561 1963 4617 est,

287 4632 420 4684 utin
454 4631 549 4686 his
584 4631 743 4686 locis
778 4633 1062 4689 eamdem
1096 4652 1349 4706 prorsus
1383 4639 1744 4696 sententiam
1793 4659 1864 4698 ac
1903 4645 1963 4701 in

279 4718 519 4788 [tegulis
569 4721 953 4778 brevioribus
1006 4725 1287 4781 constitui
1332 4733 1552 4798 pateat.
1597 4732 1708 4784 Res
1751 4747 1856 4803 per
1898 4751 1959 4790 se

279 4807 436 4864 clara
460 4817 519 4866 et
548 4811 1456 4878 manifesta.Quemadmodum
1487 4818 1646 4873 enim
1670 4819 1730 4876 in
1763 4823 1953 4892 Regu-

277 4897 346 4951 lis
376 4899 757 4958 brevioribus
770 4902 1071 4958 hicanimi
1089 4903 1341 4960 affectus
1365 4907 1440 4962 ad
1457 4910 1950 4969 communionem

275 4991 609 5062 requiritur,
646 4997 713 5047 ut
742 5008 816 5048 ex
877 4994 1306 5065 persuasione,
1339 5012 1527 5068 quam
1576 4999 1794 5054 animis
1838 5018 1946 5057 no-

277 5081 402 5135 stris
446 5082 630 5139 rerba
685 5084 927 5153 Christi,
975 5084 1109 5139 Hoc
1139 5090 1225 5140 est
1255 5101 1472 5154 corpus
1503 5103 1694 5143 meum
1723 5091 1790 5155 ’9,
1834 5089 1942 5147 im-

276 5171 515 5240 primere
557 5173 802 5244 debent,
831 5175 987 5230 item
1044 5188 1116 5228 ex
1148 5174 1341 5231 verbis
1367 5177 1642 5244 Joannis,
1693 5179 1942 5238 Verbum

2103 3350 2338 3406 veriora
2395 3346 2943 3419 reprehenduntur.
2992 3348 3299 3402 Praeterea
3351 3346 3465 3402 sibi
3509 3347 3628 3416 ipsi
3672 3364 3767 3405 ac-

2103 3440 2277 3494 cersit
2307 3439 2413 3510 qui
2442 3437 2736 3506 ejusmodi
2778 3441 2862 3492 est
2883 3435 3186 3505 judicium
3229 3451 3463 3507 quoque
3489 3437 3533 3491 Α
3546 3440 3767 3506 postoli

2101 3530 2373 3585 dicentis:
2400 3550 2426 3577 ‹‹
2463 3527 2577 3594 Qui
2601 3526 2930 3582 manducat
2949 3531 3002 3581 et
3027 3525 3170 3581 bidit
3200 3526 3761 3596 indignejudicium

2100 3619 2216 3674 sibi
2242 3618 2571 3673 manducat
2593 3623 2648 3672 et
2679 3615 2844 3684 bibit,
2877 3631 2996 3670 non
3023 3615 3369 3684 dijudicans
3400 3631 3618 3685 corpus
3651 3620 3762 3674 Do-

2100 3709 2362 3764 mini”.»
2381 3707 2614 3761 Etenim
2640 3705 3003 3762 horrendum
3027 3705 3319 3773 judicium
3348 3710 3431 3761 est
3452 3721 3572 3762 non
3589 3708 3760 3764 modo

2099 3800 2169 3865 ei,
2202 3799 2310 3869 qui
2327 3798 2387 3851 in
2415 3798 2615 3851 carnis
2645 3810 2718 3850 ac
2743 3795 2992 3864 spiritus
3030 3795 3484 3864 inquinamento
3514 3797 3761 3867 indigne

2095 3887 2326 3944 accedit
2357 3887 2440 3942 ad
2467 3889 2702 3953 sancta,
2732 3899 2865 3939 cum
2911 3884 3068 3939 enim
3091 3883 3340 3952 accedit,
3373 3899 3508 3940 reus
3535 3886 3603 3954 ﬁt
3631 3903 3758 3942 cor-

2087 3978 2256 4045 poris
2288 3981 2340 4032 et
2389 3976 2708 4044 snnguinis
2733 3973 3007 4040 Domini;
3037 3973 3142 4028 sed
3160 3975 3331 4030 etiam
3355 3975 3410 4031 ei
3442 3977 3547 4046 qui
3574 3978 3757 4034 otiose

2091 4067 2507 4136 inutiliterque
2532 4064 2655 4120 edit
2681 4077 2751 4118 ac
2789 4063 2954 4118 bibit.
2997 4063 3132 4118 Haec
3171 4078 3423 4135 prorsus
3451 4065 3753 4122 immerito

2087 4155 2529 4227 vituperantur.
2581 4157 2633 4208 ls
2678 4153 2839 4208 enim
2883 4153 3071 4208 otiose
3122 4153 3528 4227 inutiliterque
3576 4157 3751 4212 edere

2085 4245 2322 4314 dicitur,
2348 4243 2450 4316 qui
2485 4243 2610 4299 sine
2653 4242 2940 4298 charitate
2972 4242 3126 4312 edit;
3158 4242 3342 4316 idque
3389 4249 3554 4316 patet
3608 4263 3747 4303 cum

2085 4350 2152 4391 ex
2180 4333 2596 4406 superioribus
2624 4331 2974 4398 verbis,tum
2999 4348 3069 4388 ex
3100 4334 3544 4407 ratione,quam
3578 4337 3749 4394 addit

2083 4423 2359 4488 Basilius,
2393 4439 2500 4478 cur
2521 4422 2823 4493 ejusmodi
2853 4421 3162 4477 hominem
3189 4423 3559 4479 horrendum
3587 4425 3745 4496 judi-

2081 4514 2242 4569 cium
2273 4517 2516 4569 maneat
2559 4528 2570 4564 :
2615 4511 2801 4578 Quod,
2832 4511 3045 4583 inquit,
3079 4527 3200 4567 non
3246 4527 3355 4580 per
3396 4516 3738 4572 memoriam

2004 4609 2045 4662 D
2075 4605 2216 4660 Jesu
2250 4604 2478 4660 Christi
2503 4603 2746 4657 Domini
2763 4609 2968 4669 nostri,
3003 4604 3106 4672 qui
3125 4617 3240 4670 pro
3275 4603 3444 4658 nobis
3467 4610 3740 4662 mortuus

2074 4700 2159 4750 est
2200 4701 2254 4750 et
2299 4694 2655 4760 resurrexit,
2696 4701 2893 4748 servat
2922 4693 3084 4763 quod
3111 4693 3338 4748 dictum
3370 4700 3453 4750 est
3486 4712 3498 4751 :
3527 4718 3553 4744 «
3589 4696 3739 4754 Cha-

2072 4786 2226 4841 ritas
2259 4784 2471 4851 (Yhisti,
2497 4790 2668 4854 urget
2697 4798 2822 4845 nos,
2857 4804 2884 4830 ι)
2910 4789 3022 4836 etc.

2140 4913 2232 4966 IlI.
2268 4909 2395 4964 Atio
2422 4909 2607 4964 utitur
2640 4907 2833 4964 Basilii
2856 4908 3199 4965 testimonio
3230 4909 3546 4981 Scultetus,
3566 4915 3733 4987 quod

2064 5001 2150 5056 sic
2172 5000 2351 5056 refert
2394 5017 2406 5054 :
2451 5001 2700 5056 Carnem
2729 5006 2781 5055 et
2805 5001 3159 5070 sanguinem
3191 5007 3375 5059 totam
3407 5019 3577 5060 suam
3607 5022 3707 5076 my

2057 5091 2268 5147 sticam
2292 5091 2793 5146 conversationem
2817 5092 2879 5146 in
2907 5107 3090 5148 carne
3110 5098 3164 5148 et
3176 5092 3514 5152 doctrinam
3527 5099 3731 5156 Evan-

2063 5182 2210 5255 gelii
2259 5183 2491 5237 vocavit
2537 5180 2836 5238 Christus.
2884 5183 3050 5240 Unde
3081 5185 3387 5245 concludit
3429 5189 3726 5246 Scultetus

421 5385 466 5464 H_
497 5386 628 5442 Cor.
687 5401 742 5450 τ,
786 5385 900 5464 ⁸14.
931 5453 981 5464 υ
1012 5381 1080 5464 ’³⁵
1131 5379 1305 5464 ἱὺὶόη
1329 5387 1420 5464 l5.
1451 5457 1492 5464 __
1533 5387 1592 5464 ff
1622 5386 1820 5464 Matth.
1848 5403 1969 5464 xxv;

2089 5391 2109 5464 ξ
2146 5402 2280 5464 sqq.
2395 5388 2438 5464 ²7
2469 5388 2488 5440 Ι
2517 5390 2648 5446 Cor.
2682 5404 2760 5460 ιι,
2788 5394 2854 5447 23
2887 5407 3024 5464 sqq.
3137 5394 3233 5449 "1
3266 5395 3398 5451 Cor.
3428 5410 3484 5464 ν,
3516 5398 3601 5463 tt,
3634 5401 3719 5454 15.

929 5453 982 5486 ³⁰
1000 5451 1256 5517 Joan.1,
1289 5457 1373 5513 14.

269 5449 506 5516 "Matth.
538 5475 701 5529 xxvi,
732 5460 833 5515 26.
929 5453 982 5486 ³⁰
1000 5451 1183 5507 Joan.
1215 5468 1256 5517 1,
1289 5457 1373 5513 14.
1450 5457 1493 5491 ³¹
1530 5457 1789 5531 Philipp.
1817 5474 1856 5529 1,
1893 5463 1944 5515 6.

290 5687 419 5762 (16⁸)
439 5687 690 5748 Μειίαι.
734 5678 976 5746 ιΙιεοΖ.,
1017 5677 1182 5749 part.
1213 5690 1294 5746 1v,
1324 5693 1388 5750 p.
1414 5683 1539 5737 229.

2023 5459 2114 5512 3’1
2148 5462 2278 5516 Cor.
2311 5475 2392 5529 x1,
2418 5463 2508 5517 29.
