4154 6396
543 337 572 388 5
585 338 614 388 5
1623 360 1638 367 -
2064 315 2449 373 PREFATIO.
3881 324 3940 374 55

529 458 617 529 (p.
643 458 771 526 230)
801 455 1096 512 neminem
1127 453 1319 510 alium
1350 451 1509 510 hanc
1536 465 1776 509 carnem
1807 447 2000 515 edere,
2036 442 2194 498 hunc
2223 440 2276 498 Α
2305 441 2580 508 inanima
2611 443 2705 512 sit,
2743 447 2846 500 aut
2873 459 2911 500 a
2939 442 3251 499 divinitate
3284 445 3561 513 separata
3581 442 3607 496 ‘2
3656 442 3746 498 Sic
3775 442 3942 502 etiam

530 547 890 619 sanguinem
919 543 1132 611 bibere,
1156 557 1335 615 quam
1369 541 1475 614 qui
1517 539 1688 610 ﬁdeli
1735 537 1913 594 corde
1940 537 2057 591 ista
2079 548 2197 588 om-

534 638 643 694 nia
667 636 783 693 sibi
801 634 1159 705 applicarit.

611 743 728 800 Sed
783 741 1022 798 Sculteti
1049 741 1112 796 in
1158 739 1275 796 hoc
1321 737 1666 794 testimonio
1707 733 2024 792 referendo
2075 744 2200 787 non

537 831 908 892 laudabilior
950 829 1122 898 ﬁdes,
1145 844 1335 902 quam
1356 828 1419 884 in
1445 826 1806 900 explicando
1833 823 2064 901 peritia.
2109 820 2202 877 Sic

543 924 709 982 enim
782 923 944 978 hunc
1010 920 1215 977 locum
1258 919 1519 990 legimus
1561 919 1623 974 iu
1681 917 1854 990 epist.
1925 920 1977 984 8,
2027 930 2088 969 n.
2147 915 2204 987 4,

539 1012 647 1071 ubi
696 1011 951 1069 Basilius
980 1009 1202 1080 objecti
1235 1009 1314 1065 ab
1362 1008 1602 1064 Arianis
1645 1008 1826 1078 hujus
1859 1002 2204 1062 testimonii,

540 1104 672 1175 Ego
719 1103 852 1159 vivo
883 1107 1137 1172 propter
1190 1100 1441 1156 Patrem
1465 1099 1513 1132 ⁸³
1563 1097 1925 1155 solutionem
1976 1093 2147 1150 affert
2187 1107 2200 1146 :

545 1195 771 1248 Δύναται
824 1187 882 1244 δὲ
930 1193 1020 1242 xui
1077 1192 1214 1252 ζωὴν
1261 1187 1445 1260 λέγειν,
1507 1189 1568 1247 ἦν
1629 1191 1689 1260 ζῇ
1747 1188 1772 1238 ὁ
1824 1188 2074 1261 Χριστὸς,
2116 1185 2202 1234 τὸν

541 1283 693 1356 λόγον
748 1287 841 1334 τοῦ
889 1286 1023 1333 Θεοῦ
1063 1281 1198 1352 ἔχων
1255 1277 1301 1330 ἐν
1352 1277 1515 1349 ἑαυτῷ
1549 1295 1563 1308 ⁸
1619 1282 1710 1329 καὶ
1766 1278 1847 1329 ὅτι
1885 1278 2037 1328 τοῦτό
2091 1274 2203 1330 ἔστι

541 1376 600 1427 τὸ
668 1368 1005 1444 δηλούμενον,
1078 1367 1134 1421 ἐκ
1188 1375 1283 1422 τοῦ
1351 1367 1714 1443 ἐπιφερομένου
1789 1367 2052 1440 εἰσόμεθα.
2103 1371 2204 1420 Καὶ

542 1468 756 1539 τρώγων
819 1481 901 1534 με,
964 1463 1120 1533 φησὶ,
1187 1463 1406 1524 ζήσεται
1465 1456 1538 1511 δι’
1587 1458 1694 1532 ἐμέ.
1751 1463 2025 1533 Τρώγομεν
2102 1458 2204 1530 γὰρ

545 1553 706 1606 αὐτοῦ
758 1555 852 1610 τὴν
913 1553 1104 1626 σάρκα,
1159 1554 1251 1602 xui
1306 1555 1515 1623 πίνομεν
1573 1549 1733 1602 αὐτοῦ
1771 1553 1828 1602 τὸ
1887 1549 2040 1621 αἷμα,
2088 1567 2204 1600 κοι-

546 1648 696 1698 νωνοὶ
775 1647 1057 1716 γινόμενοι,
1124 1638 1220 1694 διὰ
1291 1651 1384 1704 τῆς
1465 1640 1897 1715 ἐνανθρωπήσιως
1954 1641 2044 1690 xui
2115 1645 2206 1698 τῆς

549 1735 813 1795 αἰσθητῆς
862 1735 1017 1796 ζωῆς,
1083 1739 1175 1784 τοῦ
1231 1731 1385 1804 λόγου
1442 1736 1533 1785 καὶ
1591 1739 1684 1794 τῆς
1743 1733 1930 1802 σοφίας
1966 1747 1979 1761 ⁶
2035 1731 2208 1803 σάρκα

545 1827 648 1898 γὰρ
706 1827 797 1875 καὶ
845 1821 978 1895 αἷμα
1018 1826 1192 1874 πᾶσαν
1247 1821 1408 1874 αύτοῦ
1454 1825 1546 1880 τὴν
1606 1825 1870 1894 μυστικὴν
1920 1816 2205 1892 ἐπιδημίαν
2236 1795 2278 1854 Β

549 1916 810 1987 ὠνόμασε,
887 1917 976 1966 καὶ
1050 1916 1144 1971 τὴν
1201 1910 1256 1965 ἐκ
1317 1921 1611 1987 πρακτικῆς
1679 1917 1769 1964 xui
1832 1920 2054 1984 φυσικῆς
2119 1914 2208 1963 καὶ

553 2004 854 2076 Θεολογικῆς
923 2009 1253 2057 συνεστῶσαν
1332 1999 1689 2056 διδασκαλίαν
1764 1999 1998 2062 ἐδήλωσε
2032 2045 2045 2071 ,
2135 1999 2206 2054 δι’

553 2096 618 2157 ἧς
682 2097 922 2168 τρέφεται
977 2092 1151 2165 ψυχὴ,
1216 2097 1306 2146 καὶ
1380 2096 1512 2168 πρὸς
1585 2097 1679 2153 τὴν
1727 2101 1826 2145 τῶν
1886 2097 2041 2146 ὄντων
2089 2096 2210 2153 τέως

553 2186 768 2260 Θεωρίαν
835 2183 1296 2256 παρασκευάζεται
1329 2199 1342 2213 ·
1404 2184 1605 2246 Potest
1658 2188 1857 2241 autem
1916 2189 1971 2240 et
2026 2184 2211 2239 vitam

549 2274 768 2341 dicere,
808 2289 990 2344 quam
1021 2274 1168 2330 vivit
1204 2273 1505 2340 Christus,
1540 2273 1795 2329 Verbum
1824 2273 1934 2329 Dei
1993 2272 2212 2330 habens

548 2365 613 2420 in
687 2364 900 2433 seipso.
967 2363 1168 2434 Atque
1221 2363 1285 2418 id
1349 2363 1545 2432 ipsum
1608 2378 1750 2432 esse,
1797 2363 1956 2434 quod
1993 2364 2216 2434 signiﬁ-

549 2458 746 2525 catur,
787 2468 861 2510 ex
881 2453 973 2511 his
999 2469 1129 2524 quae
1157 2458 1496 2525 sequuntur
1536 2453 1884 2510 videbimus.
1917 2480 1942 2504 ‹‹
1993 2455 2074 2509 Et
2113 2453 2218 2525 qui

549 2543 879 2600 manducat
909 2543 1246 2615 me,inquit,
1274 2544 1421 2600 vivit
1446 2549 1701 2612 propter
1730 2544 1932 2600 υιεδδ.»
1963 2543 2216 2600 Edimus

555 2636 713 2691 enim
734 2636 922 2704 ipsius
942 2649 1206 2697 carnem,
1241 2639 1294 2690 et
1332 2634 1583 2690 bibimus
1609 2634 1796 2703 ipsius
1835 2637 2220 2715 sanguinem,

552 2727 885 2798 participes
929 2726 1106 2796 facti,
1126 2741 1239 2796 per
1267 2726 1745 2783 incarnationem
1784 2732 1841 2782 et
1881 2727 2216 2784 sensibilem

554 2817 764 2883 vitam,
807 2816 984 2872 Verbi
1005 2822 1059 2872 et
1083 2817 1412 2886 sapientiae.
1445 2816 1693 2872 Carnem
1719 2818 1876 2873 enim
1903 2822 1958 2873 et
1978 2818 2220 2888 sangui-

553 2921 707 2978 nem,
718 2910 902 2962 totam
915 2920 1085 2962 suam
1097 2907 1414 2976 mysticam
1432 2906 1494 2962 in
1508 2921 1692 2962 carne
1709 2908 2218 2964 conversationem

555 2997 809 3064 vocavit,
855 3001 909 3052 et
967 2997 1308 3052 doctrinam
1339 3011 1410 3053 ex
1452 2997 1698 3066 pratica
1740 3003 1795 3052 et
1847 2998 2127 3054 naturali
2164 3003 2218 3052 et

556 3085 894 3157 theologica
959 3087 1203 3143 notione
1259 3091 1631 3144 constantem
1675 3087 2013 3144 declaravit
2053 3103 2072 3140 :
2109 3101 2221 3158 per

555 3191 735 3249 quam
778 3183 833 3233 et
877 3177 1154 3233 nutritur
1203 3178 1430 3248 anima,
1476 3183 1530 3233 et
1560 3178 1642 3233 ad
1670 3192 1873 3234 eorum
1904 3193 2036 3252 quae
2079 3182 2216 3236 sunt
2247 3152 2290 3214 C

556 3266 1118 3335 contemplationem
1149 3265 1389 3322 interim
1405 3273 1822 3338 praeparatur.

633 3373 960 3446 Comparat
987 3388 1131 3444 ergo
1160 3373 1408 3430 Basilius
1439 3375 1646 3444 vitam,
1680 3392 1868 3450 quam
1901 3391 2076 3434 sacra
2114 3375 2221 3432 hu-

561 3463 826 3519 manitas
872 3478 1014 3520 cum
1043 3463 1238 3520 Verbo
1270 3464 1656 3538 hypostatice
1701 3467 2028 3539 conjuncta
2051 3466 2219 3535 vivit,

564 3569 704 3609 cum
769 3553 915 3620 vita,
975 3569 1165 3628 quam
1214 3570 1287 3610 ex
1343 3555 1708 3613 eucharistia
1780 3556 2081 3612 ducimus.
2159 3559 2224 3611 In

563 3645 824 3715 utroque
853 3646 1059 3699 autem
1089 3643 1452 3701 catholicum
1490 3645 1720 3717 dogma
1758 3645 2008 3702 miriﬁce
2057 3661 2224 3702 com-

565 3733 834 3802 mendat,
870 3738 928 3791 et
983 3733 1133 3790 dum
1185 3750 1297 3792 nos
1329 3735 1540 3793 Christi
1573 3753 1819 3794 carnem
1851 3737 2025 3794 edere
2069 3742 2126 3794 et
2162 3737 2225 3794 il-

564 3823 682 3880 lius
711 3824 1074 3895 sanguinem
1103 3825 1312 3883 bibere
1342 3825 1505 3894 dicit,
1564 3831 1620 3883 et
1647 3827 1794 3883 dum
1839 3827 1975 3884 vitae
2006 3844 2220 3900 genus,

566 3929 756 3987 quam
799 3930 872 3970 ex
920 3915 1078 3971 illius
1117 3932 1298 3973 carne
1361 3922 1418 3974 et
1481 3917 1777 3990 sanguine
1826 3919 2220 3992 percipimus,

568 4003 836 4077 exponit.
863 4004 1014 4062 Illud
1044 4011 1200 4063 certe
1223 4007 1530 4081 conceptis
1564 4009 1763 4067 verbis
1817 4009 2086 4066 declarat
2114 4025 2225 4065 nos

568 4093 652 4150 ita
675 4109 921 4151 carnem
947 4095 1160 4153 Christi
1192 4097 1389 4166 edere,
1435 4099 1687 4172 ejusque
1720 4099 2080 4170 sanguinem
2128 4099 2224 4157 bi-

565 4182 732 4253 bere,
764 4188 832 4241 ut
863 4185 1042 4244 simul
1065 4187 1390 4260 participes
1419 4188 1641 4245 ﬁamus
1667 4190 1843 4246 Verbi
1882 4193 1939 4246 et
1985 4192 2225 4264 sapien-

567 4276 688 4342 tiae,
726 4275 874 4349 quia
891 4277 1094 4333 carnis
1127 4281 1185 4335 et
1205 4277 1520 4348 sanguinis
1542 4278 1893 4337 nominibus
1915 4283 2039 4337 tota
2066 4281 2226 4339 Chri-

568 4369 642 4426 sti
673 4383 955 4443 persona,
984 4371 1111 4424 tota
1141 4368 1300 4424 illius
1327 4369 1393 4426 in
1432 4385 1614 4426 carne
1666 4371 1924 4443 mystica
1976 4387 2225 4430 conver-

570 4459 746 4527 satio,
781 4458 907 4514 sive
941 4458 1236 4530 mysticus
1265 4458 1587 4530 adventus,
1616 4459 1990 4531 designatur.
2032 4463 2146 4519 Sed
2178 4463 2226 4518 si

566 4563 812 4606 carnem
832 4551 890 4604 et
913 4547 1278 4617 sanguinem
1309 4549 1523 4606 Christi
1551 4565 1674 4606 non
1703 4565 1786 4617 re,
1821 4551 1926 4607 sed
1955 4551 2084 4608 sola
2110 4551 2229 4607 ﬁde

569 4654 978 4701 sumeremus,
1023 4637 1364 4694 absurdum
1417 4638 1582 4696 dictu
1609 4645 1766 4697 esset
1791 4657 1905 4697 nos
1936 4657 2044 4713 per
2073 4642 2232 4698 hanc

568 4744 814 4786 carnem
846 4732 902 4785 et
927 4730 1289 4801 sanguinem
1324 4730 1650 4804 participes
1681 4730 1809 4788 ﬁeri
1840 4732 2015 4788 Verbi
2047 4737 2104 4790 et
2144 4743 2237 4794 sa'

566 4819 829 4892 pientiae.
873 4822 1035 4876 Tunc
1089 4820 1254 4876 enim
1307 4825 1363 4878 et
1413 4837 1555 4878 caro
1596 4826 1654 4877 et
1703 4822 1968 4879 Verbum
2021 4823 2238 4879 eodem

569 4908 754 4965 modo
786 4913 1186 4979 sumerentur,
1240 4927 1461 4986 nempe
1487 4911 1628 4967 ﬁdei
1657 4911 1972 4968 beneﬁcio.
2009 4913 2236 4969 Deinde

566 5014 710 5055 vero
750 5014 856 5055 cur
886 5003 1092 5054 monet
1123 5000 1336 5056 Christi
1389 5017 1568 5058 carne
1611 5005 1667 5058 et
1697 5002 1994 5072 sanguine
2046 5007 2237 5059 totum

570 5088 783 5148 Christi
816 5088 1143 5162 mysticum
1184 5090 1246 5146 in
1277 5106 1458 5148 carne
1489 5093 1844 5149 adventum:
1886 5093 2009 5148 sive
2049 5097 2235 5148 totam

566 5179 725 5237 illius
754 5195 1088 5253 personam
1118 5180 1446 5253 designari;
1480 5184 1891 5256 cur,inquam,
1913 5183 1974 5239 id
2007 5188 2231 5256 monet,

567 5273 689 5330 nisi
715 5277 783 5330 ut
824 5272 1003 5330 nobis
1024 5289 1149 5330 non
1200 5274 1543 5332 inanimam
1575 5291 1842 5338 carnem,
1870 5291 1995 5331 non
2024 5291 2059 5330 a
2089 5275 2238 5330 divi-

567 5364 756 5421 nitate
787 5368 1134 5437 separatam
1167 5365 1398 5438 apponi
1417 5365 1836 5422 demonstret?
1869 5365 1986 5420 Sed
2023 5365 2074 5420 si
2102 5365 2235 5420 haec

570 5467 711 5510 caro
737 5453 867 5512 sola
889 5454 1006 5511 ﬁde
1033 5455 1380 5528 percipitur,
1418 5455 1554 5528 quis
1604 5453 1914 5512 metuendi
1960 5453 2132 5511 locus
2157 5469 2234 5511 ne

646 5667 692 5703 ³³
716 5669 987 5729 Joan.v1.
1024 5675 1114 5730 58.
1191 5671 1238 5708 3‘
1265 5669 1417 5728 Ibid.

2307 532 2576 603 Basilius,
2614 537 2678 588 ut
2709 533 3170 589 similitudinem
3221 531 3591 600 demonstret
3627 531 3775 588 inter
3815 549 3942 590 eam

2304 622 2516 694 vitam,
2561 639 2751 696 quam
2800 640 2872 679 ex
2929 621 3293 680 eucharistia
3342 620 3640 688 ducimus,
3695 626 3751 677 et
3795 637 3939 691 eam,

2307 729 2495 786 quam
2539 728 2713 769 sacra
2759 711 3107 768 humanitas
3156 725 3296 766 cum
3347 708 3537 765 Verbo
3587 709 3942 784 bypostatice

2307 804 2634 875 conjuncta
2653 803 2818 868 vivit,
2850 803 3008 858 hanc
3033 801 3220 858 vitam
3251 799 3330 856 ad
3358 799 3626 856 animam
3666 800 3946 871 pertinere

2310 893 2618 950 admonet.
2647 893 2960 950 Atinutilis
2989 907 3239 965 prorsus
3269 889 3620 959 admonitio,
3637 889 3685 944 si
3714 905 3944 946 carnem

2311 988 2368 1041 et
2387 984 2749 1056 sanguinem
2778 998 2901 1040 non
2929 980 3171 1050 ore,sed
3193 979 3321 1037 sola
3348 984 3544 1036 mente
3567 979 3941 1052 percipimus;

2312 1073 2693 1150 perabsurda
2718 1075 2899 1130 etiam
2921 1077 3046 1129 tota
3076 1070 3472 1144 comparatio,
3500 1070 3547 1125 si
3577 1086 3713 1126 cum
3743 1068 3943 1124 huma-

2311 1166 2470 1224 nitas
2501 1164 2714 1220 Christi
2736 1179 2876 1220 cum
2905 1163 3097 1219 Verbo
3124 1161 3498 1234 bypostatice
3522 1160 3840 1232 conjuncta
3862 1157 3946 1223 sit,

2311 1271 2427 1312 nos
2459 1254 2592 1311 sola
2616 1258 2816 1310 mente
2844 1270 2984 1310 cum
3019 1253 3178 1310 illius
3211 1267 3390 1310 carne
3422 1256 3478 1308 et
3507 1246 3796 1321 sanguine
3822 1261 3950 1304 con-

2307 1344 2642 1417 jungimur.

2386 1489 2482 1544 ιν.
2519 1489 2620 1545 llis
2671 1487 2815 1544 addi
2859 1488 3084 1545 debent
3139 1503 3276 1560 quae
3308 1487 3369 1542 in
3415 1485 3569 1542 libro
3619 1484 3704 1539 De
3734 1479 3954 1550 Spiritu

2314 1585 2522 1636 sancto
2575 1578 2880 1649 leguntur,
2937 1595 3061 1635 non
3121 1576 3322 1632 Basilii
3364 1576 3584 1640 solum,
3637 1571 3742 1628 sed
3787 1568 3955 1625 etiam

2316 1669 2591 1726 omnium
2631 1668 3105 1725 Christianorum
3137 1667 3318 1722 ﬁdem
3353 1662 3732 1721 exhibentia:
3773 1662 3846 1712 Τὰ
3873 1664 3955 1716 τῆς

2317 1759 2636 1821 ἐπικλήσεως
2689 1760 2900 1833 ῥήματα
2957 1759 3038 1811 ἐπὶ
3095 1766 3156 1830 τῇ
3219 1753 3480 1819 ἀναδείξει
3523 1761 3615 1806 τοῦ
3655 1753 3811 1828 ἄρτου
3867 1755 3956 1808 τῆς

2319 1851 2668 1926 εὐχαριστίας
2697 1855 2787 1901 καὶ
2827 1856 2918 1900 τοῦ
2971 1853 3224 1923 ποτηρίου
3281 1855 3376 1909 τῆς
3424 1845 3682 1916 εὐλογίας,
3740 1845 3818 1901 τίς
3865 1844 3955 1890 τῶν

3565 1933 3640 1986 Ού
3719 1929 3816 2004 γὰρ
3893 1923 3953 1983 δῆ

2317 2032 2520 2091 τούτοις
2587 2028 2904 2102 ἀρκούμεθα,
2944 2030 3010 2079 ὧν
3065 2030 3090 2080 ὁ
3161 2026 3477 2088 Ἀπόστο).ος
3535 2025 3563 2084 ἣ
3625 2025 3684 2074 τὸ
3739 2019 3958 2088 Εὐαγγέ-

2319 1939 2479 2012 ἁγίων
2547 1940 2816 2014 ἐγγράφως
2893 1941 3016 2012 ἡμῖν
3083 1937 3488 2004 simulsimul-tv;

2319 2119 2426 2173 λιον
2495 2120 2817 2192 ἐπεμνήσθη,
2888 2117 3015 2171 ἀλλὰ
3070 2124 3160 2170 καὶ
3216 2117 3530 2193 προλέγομεν
3589 2117 3679 2166 xui
3743 2108 3958 2179 ἐπιλέγο-

2323 2229 2412 2282 μεν
2481 2210 2631 2282 ἔτερα
2685 2211 2754 2271 ὡς
2818 2208 3048 2281 μεγάλην
3122 2211 3317 2280 ἔχοντα
3372 2209 3500 2281 πρὸς
3567 2207 3624 2257 τὸ
3691 2203 3960 2275 μυστήριον

2323 2304 2417 2358 τὴν
2483 2298 2665 2371 ἰσχύν,
2742 2298 2798 2350 ἐκ
2871 2308 2966 2360 τῆς
3043 2298 3279 2372 ἀγράφου
3339 2294 3690 2354 διδασκαλίας
3738 2287 3962 2362 παραλα-

2327 2390 2500 2454 ϐόντες
2533 2413 2544 2424 ·
2571 2391 2978 2447 Invocationis
3004 2390 3206 2460 verba,
3230 2389 3426 2462 inquit
3453 2389 3618 2460 (cap.
3655 2389 3744 2451 27,
3768 2396 3827 2437 n.
3859 2382 3962 2447 66),

2328 2498 2462 2540 cum
2505 2482 2825 2550 conﬁcitur
2844 2482 3024 2550 panis
3063 2479 3442 2537 eucharistiie
3475 2483 3528 2534 et
3567 2474 3849 2546 poculum
3889 2468 3968 2524 be-

2329 2574 2700 2644 nedictionis,
2734 2575 2865 2645 quis
2895 2579 3244 2629 sanctorum
3302 2571 3365 2625 in
3394 2570 3619 2641 scripto
3649 2565 3814 2623 nobis
3844 2561 3969 2618 reli-

2330 2666 2490 2738 quit?
2505 2666 2627 2720 Nec
2651 2665 2806 2720 enim
2840 2663 2930 2720 his
2949 2664 3215 2720 contenti
3235 2677 3459 2726 sumus,
3483 2675 3620 2731 qua:
3648 2666 3974 2715 commemo-

2330 2761 2425 2811 rat
2455 2755 2776 2824 Apostolus
2807 2759 2912 2810 aut
2939 2753 3355 2824 Evangelium,
3379 2765 3589 2806 verum
3621 2749 3742 2804 alia
3763 2755 3973 2818 quoque

2331 2851 2473 2902 ante
2506 2849 2562 2900 et
2586 2851 2717 2915 post
2763 2844 3042 2914 dicimus,
3071 2850 3360 2914 tanquam
3409 2842 3674 2896 multum
3707 2833 3974 2892 habentia

2329 2936 2614 2991 momenti
2669 2934 2750 2989 ad
2804 2934 3177 3004 mysterium,
3219 2947 3349 3005 quae
3393 2946 3468 2986 ea:
3501 2931 3834 2986 traditione
3869 2936 3975 2979 non

2328 3026 2559 3094 scripta
2590 3024 2947 3092 accepimus.
2977 3025 3162 3078 Nemo
3189 3021 3496 3092 negaverit
3519 3018 3778 3076 indicari
3815 3032 3848 3070 a
3885 3016 3977 3069 Ba-

2331 3113 2460 3170 silio
2506 3114 2619 3170 has
2676 3128 2906 3186 preces,
2940 3129 3076 3186 quae
3133 3113 3193 3168 in
3244 3110 3487 3180 liturgia
3551 3110 3664 3183 ipsi
3713 3105 3980 3164 attributa

2327 3202 2804 3276 leguntur(tom.
2853 3205 2918 3270 II,
2968 3219 3029 3274 p.
3080 3206 3205 3264 6'79)
3243 3218 3256 3256 :
3301 3200 3492 3254 Ἐλθεῖν
3558 3204 3614 3253 τὸ
3661 3197 3865 3271 Πνιυμά
3897 3210 3980 3246 σου

2327 3297 2386 3353 τὸ
2438 3294 2586 3366 ἅγιον
2634 3293 2710 3366 ἐφ’
2755 3294 2896 3365 ἡμᾶς
2952 3294 3069 3353 τοὺς
3125 3288 3346 3353 δούλους
3405 3310 3499 3343 σου
3573 3291 3656 3344 ἐπὶ
3700 3291 3766 3342 τὰ
3795 3286 3982 3359 προκεί-

2331 3386 2458 3460 μενά
2512 3403 2606 3436 σου
2667 3379 2814 3458 δῶρα
2878 3403 3065 3450 ταυτα,
3134 3386 3226 3434 xui
3285 3381 3508 3452 ἁγιάσαι
3579 3385 3671 3432 καὶ
3732 3373 3985 3436 ἀναδεῖξαι

2332 3475 2461 3548 ἅγια
2524 3474 2685 3546 ἁγίων
2718 3490 2731 3502 ·
2789 3477 2873 3525 xui
2919 3476 3118 3546 ποιήσῃ
3180 3475 3268 3523 τὸν
3320 3474 3410 3544 μὲν
3465 3471 3650 3543 ἄρτον,
3679 3476 3857 3522 τοῦτον
3911 3466 3986 3534 γί-

2331 3566 2512 3618 νεσθαι
2562 3563 2632 3626 εἰς
2681 3566 2739 3615 τὸ
2797 3563 2946 3634 ἅγιον
2981 3571 3133 3634 σῶμα
3182 3561 3344 3613 αὐτοῦ
3384 3567 3475 3612 τοῦ
3544 3565 3740 3633 Κυρίου
3795 3554 3852 3610 δέ
3906 3554 3992 3606 καί

2335 3661 2468 3708 Θεοῦ
2517 3657 2605 3705 καὶ
2664 3659 2896 3726 Σωτῆρος
2951 3653 3097 3724 ἡμῶν
3151 3650 3329 3708 Ἰησοῦ
3375 3658 3646 3724 Χριστοῦ,
3701 3649 3766 3710 εἰς
3815 3648 3984 3718 ἄφεσιν

2334 3744 2623 3818 ἁμαρτιῶν,
2675 3747 2764 3795 καὶ
2820 3741 2892 3803 εἰς
2948 3741 3086 3802 ζωὴν
3143 3744 3236 3799 τὴν
3301 3740 3506 3792 αἰώνιον
3561 3746 3668 3800 τοῖς
3721 3737 3774 3801 ἐξ
3837 3736 3985 3787 αὑτοῦ

2333 3832 2839 3908 μεταλαμϐάνουσι·
2902 3836 2959 3884 τὸ
3028 3828 3088 3885 δὲ
3142 3837 3388 3904 ποτήριον
3465 3840 3646 3902 τοῦτο,
3710 3832 3767 3881 τὸ
3827 3831 3986 3910 τίμιον

2335 3925 2465 3997 αἷμα
2517 3926 2575 3976 τὸ
2622 3932 2718 3985 τῆς
2777 3930 2969 3983 Καινῆς
3006 3923 3271 3982 Διαθήκης
3333 3921 3492 3972 αὑτοῦ
3547 3929 3638 3974 τοῦ
3688 3922 3880 3992 Κυρίου
3935 3910 3990 3965 δε

2333 4021 2423 4068 καὶ
2490 4019 2616 4068 Θεοῦ
2665 4018 2755 4066 καὶ
2813 4021 3049 4087 Σωτῆρος
3106 4015 3252 4086 ἡμῶν
3313 4011 3488 4069 Ἰησοῦ
3551 4017 3810 4087 Χριστοῦ,
3861 4009 3984 4062 etc.:

2342 4106 2415 4163 Ut
2445 4107 2640 4160 veniat
2671 4104 2932 4174 Spiritus
2979 4108 3221 4158 sanctus
3256 4108 3392 4156 tuus
3415 4117 3600 4170 super
3630 4115 3758 4167 nos,
3802 4108 3990 4153 servos

2337 4201 2489 4264 tuos,
2531 4200 2585 4251 et
2612 4210 2795 4264 super
2822 4195 3131 4264 proposita
3163 4194 3285 4249 hazc
3321 4193 3480 4248 dona
3510 4188 3992 4260 tua,sanctiﬁcet-

2336 4301 2448 4356 que
2461 4289 2514 4341 et
2531 4284 2759 4354 efﬁciat
2777 4299 2845 4340 ea
2861 4289 3073 4338 sancta
3098 4281 3551 4339 sanctorum.Et
3575 4280 3776 4352 faciat
3785 4289 3994 4348 panem

2336 4376 2572 4448 quidem
2606 4376 2786 4430 istum
2809 4375 2944 4444 ﬁeri
2985 4390 3202 4443 corpus
3233 4378 3509 4430 sanctum
3561 4372 3750 4440 ipsius
3775 4363 3998 4425 Domini

2336 4466 2448 4522 Dei
2470 4471 2524 4521 et
2537 4465 2878 4521 Saluatoris
2899 4464 3095 4519 nostri
3107 4465 3246 4520 Jesu
3265 4462 3580 4525 Christi,in
3599 4460 3994 4517 remissionem

2337 4563 2721 4628 peccatorum
2763 4559 2814 4611 et
2843 4557 3027 4611 vitam
3059 4561 3364 4620 :eternam,
3400 4568 3461 4608 ea
3495 4552 3605 4607 illo
3633 4549 4000 4621 participan'

2346 4647 2541 4714 tibus;
2575 4651 2629 4701 et
2652 4645 2898 4702 calicem
2924 4645 3104 4710 hunc,
3125 4645 3453 4714 pretiosum
3479 4641 3837 4711 sanguinem
3870 4632 4003 4691 novi

2346 4737 2686 4794 testamenti
2712 4737 2898 4803 ipsius
2929 4735 3171 4790 Domini
3198 4734 3309 4788 Dei
3337 4739 3390 4788 et
3421 4732 3765 4788 Saluatoris
3815 4724 4003 4784 nostri

2345 4828 2488 4883 Jesu
2520 4826 2769 4894 Christi,
2806 4829 2917 4880 etc.
2949 4823 3115 4879 Unde
3144 4829 3346 4878 autem
3374 4821 3679 4892 ejusmodi
3705 4824 3917 4893 preces
3944 4814 4001 4870 in

2347 4917 2630 4974 omnibus
2680 4915 2974 4983 Ecclesiis,
3028 4914 3141 4969 nisi
3198 4930 3269 4968 ex
3309 4911 3645 4968 certissima
3687 4910 3832 4977 ﬁde,
3886 4920 4002 4980 qua

2347 5007 2664 5065 Christiani
2698 5021 2908 5062 omnes
2938 5020 3159 5076 panem
3193 5007 3248 5059 et
3278 5002 3487 5058 vinum
3521 5000 3744 5057 mutari
3790 4998 3854 5054 in
3886 5011 4005 5052 cor-

2345 5114 2460 5171 pus
2508 5102 2565 5153 et
2603 5096 2964 5166 sanguinem
2999 5095 3208 5150 Christi
3259 5093 3640 5149 credebant?
3680 5090 3788 5147 Cui
3848 5085 4003 5144 enim

2345 5188 2406 5244 id
2453 5187 2687 5260 precari
2732 5187 2792 5241 in
2833 5190 3095 5241 mentem
3128 5184 3432 5240 venisset?
3457 5181 3593 5254 quis
3633 5182 3748 5238 has
3778 5192 4004 5254 preces.

2347 5284 2637 5350 tanquam
2666 5276 2923 5332 multum
2949 5275 3231 5331 habentes
3261 5272 3642 5328 momentiad
3658 5269 4003 5342 mysterium

2345 5368 2683 5424 addidisset
2711 5364 2909 5422 verbis
2940 5363 3323 5434 evangelicis,
3354 5362 3404 5417 si
3426 5360 3706 5417 Ecclesiae
3736 5354 4008 5433 proposi-

2341 5463 2471 5516 tum
2503 5473 2627 5514 non
2661 5461 2787 5514 erat
2804 5457 3198 5515 mutationem
3219 5453 3586 5528 impetrare?
3619 5479 3628 5486 --
