4154 6402
234 371 280 386 ν-

237 387 281 422 δι

1021 484 1060 549 §
1106 479 1246 532 Vlll.

275 624 310 676 1.
337 619 386 673 S.
405 613 618 672 Basilii
637 609 1035 667 testimonia
1063 605 1146 660 de
1168 603 1542 676 peccatorum
1565 589 1952 676 confessione:

405 661 650 742 invidia
681 661 754 739 et
772 661 1266 748 alia'ejusmbdi
1293 672 1538 748 peccata
1562 661 1957 748 confessionris

956 727 1366 816 "bipenne
1413 734 1721 807 originali.
1756 730 1843 785 lV.
1874 727 1960 780 De

333 833 544 890 Christi
567 827 821 899 gratia.

328 962 364 1014 1.
397 955 690 1025 Longius,
727 965 949 1024 quam
978 945 1136 1003 mihi
1176 937 1551 1016 propositum
1580 935 1689 1025 est,
1721 933 1964 996 tempus

256 1048 650 1113 extraherem,
688 1023 854 1096 siiin
882 1036 1185 1095 omnibus
1209 1023 1962 1099 colligendisimmorarer,

256 1111 641 1213 quaecunque
659 1149 744 1187 ex
772 1132 839 1188 S.
870 1126 1080 1184 Basilii
1103 1121 1388 1195 operibus
1415 1115 1495 1172 ad
1518 1111 1810 1181 dogmata
1829 1117 1967 1159 con-

259 1199 542 1284 ﬁrmanda
556 1222 695 1279 erui
712 1217 1231 1294 possunt.Quare
1249 1212 1408 1266 hanc
1433 1205 1724 1261 ﬁniemus
1743 1199 1969 1270 pertra-

266 1318 572 1374 ctationem
606 1310 943 1386 appositis
964 1307 1043 1363 de
1069 1306 1460 1378 peccatorum
1484 1283 1968 1354 contessione,de

265 1413 492 1482 peccato
523 1377 741 1474 origin
753 1401 842 1457 ali
888 1404 953 1455 et
974 1398 1049 1452 de
1074 1377 1282 1452 Christi
1307 1387 1498 1460 gratia
1516 1377 1899 1441 testimoniis.

328 1514 793 1571 Confessionem
853 1508 1266 1580 peccatorum
1299 1491 1702 1554 necessariam
1735 1500 1863 1542 esse
1893 1481 1972 1537 ad

273 1606 503 1661 veniam
531 1619 570 1658 a
601 1602 738 1656 Deo
765 1591 1292 1666 consequendam
1317 1588 1490 1642 docet
1514 1578 1765 1637 Basilius
1786 1575 1845 1629 in
1866 1573 1972 1627 ho-

267 1696 382 1752 mil.
409 1696 472 1748 in
503 1692 679 1762 psal.
710 1703 888 1744 χχχιι
914 1702 928 1741 :
966 1684 1106 1738 Vult
1141 1681 1234 1736 tui
1254 1669 1752 1741 miscrerijudex,
1776 1660 1974 1734 inquit

259 1787 338 1856 {p.
361 1785 702 1851 13$),teque
722 1774 1199 1832 miserationum
1229 1780 1476 1823 suarum
1500 1763 1708 1828 facere
1725 1751 1970 1824 partici-

533 1843 728 1924 m-odo
746 1869 896 1935 post
918 1865 1234 1932 peccatum
1259 1851 1549 1924 repererit
1581 1854 1635 1904 te
1662 1843 1969 1902 humilem,

253 1941 614 2021 contritum,
632 1970 857 2027 prava
882 1966 1069 2020 opera
1091 1948 1346 2003 multum
1361 1941 1880 2010 deplorantem,ac
1901 1942 1972 1985 ea

260 2051 558 2124 quzclam
584 2026 783 2116 facta
802 2050 951 2098 sunt
979 2039 1363 2108 evulgantem
1383 2033 1539 2086 citra
1549 2026 1973 2097 pudorem,ro-

268 2110 494 2210 gentem
519 2110 783 2207 fratres
807 2132 924 2187 tibi
954 2135 1020 2184 ut
1052 2127 1172 2182 sint
1198 2124 1556 2193 adjumento
1577 2116 1659 2171 ad
1679 2110 1977 2208 accipien-

270 2196 399 2285 dam
431 2196 779 2283 medelam.
829 2224 899 2275 In
932 2217 1181 2287 Regalis
1233 2208 1606 2268 brevioribus
1645 2205 1780 2259 haec
1811 2196 1979 2254 insti'

265 2314 740 2390 tuiturquaastio
761 2313 1006 2384 (quaest.
1032 2305 1162 2373 2‘29)
1188 2322 1201 2358 ε
1230 2303 1441 2358 Utrum
1465 2297 1740 2366 oporteat
1763 2288 1980 2346 vetitas

266 2411 532 2464 actiones
561 2408 741 2462 citra
795 2395 1226 2457 verecundiam
1269 2388 1545 2446 omnibus
1576 2384 1869 2452 detegere,
1901 2391 1981 2432 an

271 2498 586 2570 aliquibus
609 2494 949 2549 duntaxat
971 2503 983 2540 :
1004 2491 1057 2541 et
1079 2485 1328 2554 quinam
1358 2479 1420 2534 hi
1449 2478 1570 2531 sint
1597 2473 1980 2538 :sicrespon-

274 2561 387 2643 det.
407 2589 464 2643 S.
495 2581 772 2642 Basilius
802 2596 814 2634 :
841 2574 1157 2634 Servanda
1179 2577 1262 2627 est
1288 2569 1446 2624 ratio
1470 2563 1678 2622 eadem
1700 2561 1762 2614 in
1771 2569 1983 2626 pecca-

298 2684 486 2731 torum
535 2669 960 2742 confessione,
1026 2677 1160 2735 qua
1211 2663 1276 2716 in
1323 2653 1665 2725 detegendis
1716 2643 1984 2715 corporis

303 2766 514 2821 morbis
540 2733 915 2819 adliibetur.
945 2733 1448 2823 Quemadmodum
1489 2743 1679 2813 igitur
1717 2733 1985 2805 corporis

298 2856 529 2912 morbos
558 2868 691 2908 non
730 2845 1019 2904 omnibus
1045 2840 1428 2912 patefaciunt
1471 2831 1756 2890 homines,
1797 2837 1988 2894 neque

300 2946 631 3018 quibusvis,
663 2940 777 2997 sed
823 2937 899 2991 iis
942 2935 1047 3006 qui
1100 2932 1314 2987 horum
1354 2923 1766 2981 curandorum
1803 2915 1990 2985 periti

299 3004 428 3091 iuni
455 3053 478 3091 :
504 3037 594 3089 ita
619 3004 778 3100 ’βρῖνί
809 3004 1047 3098 quoque
1074 3020 1243 3076 debet
1273 3019 1660 3087 peccatorum
1699 3004 1988 3073 confessio

299 3141 488 3182 caram
520 3125 601 3178 iis
624 3121 736 3192 qui
762 3097 988 3173 curare
1035 3112 1162 3168 haec
1202 3107 1450 3177 possint,
1485 3105 1666 3172 prout
1695 3097 1988 3164 scriptum

296 3222 374 3273 est
389 3234 401 3270 :
418 3238 446 3262 «ι
464 3216 583 3270 Vos
608 3189 724 3284 qui
742 3210 943 3280 fortes
962 3203 1122 3270 estis,
1145 3196 1531 3267 inﬁrmitates
1545 3189 1831 3246 debilium
1853 3198 1988 3253 por—

295 3307 496 3373 tate”,
526 3326 554 3350 μ
593 3274 714 3357 [ioc
742 3274 872 3366 Iest,
911 3307 1062 3350 cura
1093 3305 1167 3347 ac
1193 3284 1520 3355 diligentia
1545 3286 1747 3336 vestra
1773 3274 1986 3330 tollite-

300 3368 516 3452 Simili's
547 3396 645 3448 est
677 3385 942 3461 quaastio
968 3385 1076 3437 288
1104 3396 1117 3432 :
1144 3378 1259 3445 Qui
1288 3375 1420 3430 vult
1451 3369 1722 3438 conﬁteri
1737 3368 1992 3435 peccatu.

298 3501 420 3555 sua,
450 3455 717 3539 debetne
758 3473 1038 3544 conﬁteri
1086 3467 1362 3524 omnibus
1409 3469 1461 3519 et
1493 3455 1876 3532 quibuslibet,
1913 3467 1992 3507 an

301 3544 468 3630 certis
498 3565 922 3644 quibusdam?
964 3560 1056 3618 Sic
1086 3553 1419 3627 respondet
1456 3548 1707 3606 Basilius
1741 3562 1753 3600 :
1789 3544 1994 3599 Consi-

308 3665 446 3724 lium
480 3634 896 3728 benignitatis
939 3651 1052 3705 Dei
1078 3650 1141 3703 in
1177 3639 1568 3715 peccantibus
1607 3634 1993 3704 manifestum

309 3759 404 3820 est,
425 3727 639 3821 juxta,
660 3746 728 3802 id
753 3741 919 3814 quod
937 3738 1227 3809 scriptum
1248 3738 1331 3790 est
1358 3749 1371 3787 :
1393 3752 1420 3779 ‹‹
1445 3730 1577 3784 Νοη
1600 3727 1729 3782 volo
1747 3727 1996 3777 mortem

308 3840 670 3911 peccatoris,
699 3811 808 3890 sed
852 3838 919 3886 ut
967 3831 1363 3884 convertatur
1409 3821 1555 3889 ipse,
1590 3821 1643 3873 et
1680 3815 1840 3870 vivat
1864 3811 1934 3866 ³6.
1968 3830 1996 3858 ››

313 3905 604 3999 Ouoniam
643 3927 844 3997 igitur
869 3918 1247 3991 pamitentice
1297 3912 1510 3969 modus
1552 3907 1720 3963 debet
1754 3905 1999 3973 peccato

311 4035 664 4094 congruere,
681 4032 758 4074 ac
780 4016 962 4072 etiam
987 4025 1137 4080 opus
1155 4012 1241 4063 est
1260 4003 1568 4075 fructibus
1588 3997 1788 4065 dignis
1813 3991 1999 4063 p(eni_

316 4086 532 4176 tentia}.
545 4115 753 4182 juxta
786 4107 946 4162 hanc
972 4100 1354 4165 sententiam,
1374 4118 1400 4143 ‹‹
1424 4094 1630 4149 Facite
1647 4092 1888 4160 fruct-us
1904 4086 1998 4142 di-

313 4221 456 4274 gnos
483 4177 941 4272 paenitentiae“,
959 4213 987 4241 η
1013 4196 1078 4246 ut
1101 4204 1174 4245 ne
1195 4189 1501 4257 fructuum
1521 4180 1779 4251 penuria
1809 4177 2004 4231 locum

313 4265 574 4350 liabeant
608 4303 696 4346 ea?
721 4301 854 4357 quae
876 4281 1324 4350 subsequuntur
1346 4273 1579 4330 minam
1595 4265 2001 4336 Nam,inquit.

313 4385 498 4444 omnis
521 4379 719 4438 arbor
732 4355 870 4431 non
888 4373 1124 4442 faciens
1145 4368 1420 4438 fructum
1449 4362 1685 4430 bonum,
1710 4355 2006 4414 exscindi-

318 4482 430 4542 tur,
450 4480 507 4530 et
541 4473 611 4526 in
654 4469 860 4538 ignem
891 4458 1254 4525 mittitur”;
1291 4478 1317 4504 ››
1351 4458 1602 4523 peccata
1635 4450 1704 4504 iis
1737 4447 2011 4516 conﬁteri

322 4578 543 4621 necesse
564 4536 693 4626 est,
713 4555 932 4627 quibus
956 4549 1388 4620 mysteriorum
1415 4543 1524 4598 Dei
1551 4537 1893 4595 concredita
1921 4536 2010 4590 di-

321 4654 625 4724 spensatio
655 4647 827 4704 est”.
869 4645 974 4700 Sic
1005 4641 1160 4696 enim
1215 4643 1269 4691 et
1303 4635 1409 4705 qui
1429 4633 1569 4688 olim
1590 4627 2007 4699 pwnitentiam

324 4714 594 4816 egerunt,
624 4751 832 4794 coram
859 4730 1090 4788 sanctis
1119 4726 1338 4797 fecisse
1362 4714 2010 4790 comperiantur.Scri.

319 4808 485 4906 ptum
499 4837 587 4889 est
601 4828 787 4896 enim,
808 4826 872 4879 in
895 4819 1233 4888 Evangelia
1251 4813 1563 4886 quidem”,
1583 4808 1744 4881 quod
1760 4810 2011 4875 pec-sata

323 4896 426 4986 sua
445 4920 684 4980 Joanni
699 4914 1009 4985 Baptista?
1027 4905 1507 4975 conﬁtebantur;
1530 4903 1591 4955 in
1615 4899 1782 4955 Actis
1795 4896 2008 4955 vero”,

324 5012 610 5084 apostolis
662 5008 853 5078 ipsis,
917 5017 956 5058 a
1011 4998 1231 5070 quibus
1293 4994 1475 5049 etiam
1540 4988 2013 5057 baptizabantur

326 5080 541 5164 cuncti.
575 5100 718 5157 Vide
745 5087 1278 5155 commentarium
1311 5085 1372 5139 in
1411 5082 1647 5149 Isaiam,
1682 5093 1744 5149 p.
1778 5080 1900 5131 553.

391 5217 568 5284 Negat
612 5208 920 5267 Scultetus
947 5200 1071 5271 (t7)
1097 5211 1168 5250 ex
1209 5192 1304 5248 his
1334 5189 1483 5246 locis
1523 5185 1846 5260 specialem
1878 5198 2011 5255 pec-

327 5271 579 5360 catorum
613 5291 1175 5358 enumerationem
1207 5286 1309 5339 aut
1334 5276 1736 5337 confessionis
1759 5271 2012 5329 necessi-

378 5507 420 5542 ες
455 5509 624 5565 ηοω,
662 5517 763 5566 xv,
808 5500 828 5551 ί
866 5511 880 5557 ;
925 5483 1070 5566 691.
1102 5497 1178 5543 vI,
1212 5481 1267 5533 2.
1343 5477 1391 5513 ³⁸
1424 5474 1631 5531 Ezech.
1666 5487 1855 5534 xxxx",
1895 5475 1983 5526 ll.

309 5597 376 5654 IlI,
407 5561 591 5641 amt?
613 5561 759 5634 Act.
787 5581 918 5626 χιχ,
961 5561 1019 5614 8.

355 5715 458 5784 (l7)
498 5702 756 5767 Medul.
791 5684 1041 5754 theoL,
1082 5679 1242 5752 part.
1277 5691 1352 5742 1v,
1384 5688 1448 5747 p.
1472 5677 1597 5729 236.

1822 325 2204 392 PBEFATIO.

1987 453 2035 510 Α
2067 453 2251 506 tatem
2271 450 2400 506 erui
2416 466 2622 524 posse.
2642 448 2756 508 Sed
2769 446 3055 506 eludendi
3072 445 3275 501 locum
3299 459 3420 500 non
3443 442 3728 514 relinquit

3655 315 3724 370 58

2066 540 2324 612 petitum
2342 557 2414 595 ex
2435 539 2739 611 corporeis
2772 536 3000 593 morbis
3013 535 3384 606 exemplum,
3405 539 3529 588 tum
3544 531 3725 587 etiam

2067 630 2235 702 quod
2262 630 2344 686 ait
2372 629 2620 685 Basilius
2662 627 3025 700 poenitentiae
3051 623 3440 698 imponendae
3472 621 3726 678 modum

2067 725 2317 792 peccato
2343 734 2676 788 congruere
2697 717 2939 773 debere.
2956 715 3272 782 Quomodo
3290 714 3453 768 enim
3476 711 3728 767 morbus

2071 810 2258 867 animi
2280 809 2604 875 curabitur,
2623 807 2667 862 si
2694 811 3082 880 peccatorum
3119 819 3409 860 numerus
3437 807 3493 857 et
3518 815 3729 870 graves

2072 899 2536 958 circumstantiae
2557 897 2863 954 celentur?
2885 894 3732 968 autquomodopoenapeeca-

2072 999 2274 1049 torum
2300 1005 2554 1045 numero
2593 992 2650 1043 et
2676 985 3084 1057 magnitudini
3124 989 3437 1054 congruet,
3463 981 3580 1037 nisi
3610 980 3732 1034 sin-

2076 1081 2220 1153 gula
2249 1084 2497 1153 peccata
2544 1084 2600 1134 et
2647 1076 3113 1133 circumstantiae
3147 1072 3542 1146 aperiantur?
3582 1067 3734 1126 lllud

2078 1180 2301 1242 autem,
2336 1179 2425 1231 τῆς
2453 1170 2768 1242 ἐπιστροφῆς
2795 1170 2819 1218 ὁ
2846 1171 3058 1242 τρόπος,
3087 1165 3256 1220 reddi
3306 1163 3508 1228 debet,
3542 1161 3735 1231 poeni-

2080 1264 2282 1320 lentim
2310 1259 2681 1329 imponendae
2723 1257 2952 1321 modus,
2984 1257 3076 1312 vel
3114 1268 3309 1324 paena:
3339 1252 3547 1308 modus
3581 1267 3593 1304 :
3621 1249 3738 1304 mi—

2078 1354 2241 1410 nime
2268 1367 2434 1419 vero,
2458 1349 2862 1406 conversionis
2893 1346 3119 1402 modus.
3156 1348 3317 1400 Hanc
3339 1343 3498 1398 enim
3520 1341 3580 1397 in
3604 1353 3734 1395 sen-

2080 1443 2329 1500 tentiam
2362 1439 2647 1510 usurpari
2676 1437 2826 1494 solet
2852 1453 2924 1492 ea
2961 1452 3082 1490 vox
3110 1435 3170 1490 in
3211 1431 3512 1503 ejusmodi
3541 1430 3688 1485 locis
3720 1444 3734 1482 :

2080 1534 2253 1605 cujus
2269 1532 2353 1588 rei
2378 1530 2568 1586 multa
2590 1532 2924 1600 suppetunt
2942 1524 3108 1598 apud
3133 1523 3416 1579 Basilium
3438 1518 3736 1590 exempla,

2081 1630 2146 1680 ut
2171 1625 2231 1680 in
2259 1622 2436 1695 epist.
2470 1626 2558 1676 73.
2613 1622 2852 1675 Frustra
2881 1632 3026 1685 ergo
3077 1613 3372 1671 Scultetus
3412 1607 3742 1666 conﬁtendi

2083 1713 2522 1777 necessitatem,
2547 1710 2622 1766 de
2651 1724 2775 1782 qua
2826 1707 2889 1762 in
2940 1709 3153 1777 quiest.
3186 1706 3289 1759 288
3321 1702 3537 1771 agitur,
3576 1699 3638 1754 in
3671 1713 3741 1752 eo

1999 1801 2043 1862 Β
2082 1806 2343 1879 positam
2397 1817 2527 1856 esse
2577 1796 2905 1862 contendit,
2939 1793 3126 1867 quod,
3188 1793 3238 1847 si
3286 1791 3423 1863 quis
3474 1785 3745 1844 conﬁteri

2083 1895 2225 1951 velit
2251 1897 2520 1965 peccata,
2552 1886 2835 1961 quamvis
2866 1899 3114 1940 necesse
3143 1882 3205 1938 id
3235 1897 3358 1936 non
3391 1879 3487 1947 sit,
3537 1879 3588 1934 is
3621 1890 3744 1933 non

2086 1985 2214 2040 aliis
2237 1979 2504 2038 conﬁteri
2532 1978 2770 2043 debeat,
2802 1990 2988 2048 quam
3037 1973 3106 2026 iis
3137 1970 3360 2044 quibus
3408 1967 3630 2024 credita
3657 1968 3746 2024 est

2086 2071 2457 2146 dispensatio
2478 2065 2903 2140 mysteriorum
2925 2062 3043 2119 Dei.
3063 2062 3120 2118 Si
3142 2059 3438 2116 confessio
3451 2057 3746 2128 cujusque

2089 2162 2336 2219 arbitrio
2367 2158 2660 2232 permissa
2695 2159 2873 2221 esset,
2903 2169 3011 2208 nec
3051 2151 3174 2206 ulla
3218 2153 3377 2204 esset
3419 2141 3748 2202 conﬁtendi

2087 2249 2444 2314 necessitas;
2481 2247 2670 2302 satias
2709 2243 2897 2300 multo
2923 2258 2994 2298 ac
3023 2241 3205 2297 tutius
3235 2239 3387 2294 foret
3408 2234 3572 2309 apud
3601 2247 3745 2305 pru-

2090 2341 2299 2398 dentes
2329 2356 2399 2394 ac
2429 2338 2648 2410 pietate
2679 2333 2946 2404 insignes
2975 2331 3137 2386 viros
3175 2331 3426 2402 peccata
3453 2321 3747 2393 conﬁteri,

2091 2447 2275 2504 quam
2293 2409 2459 2502 apud
2480 2424 2887 2500 presbyteros,
2903 2420 3007 2493 qui
3026 2435 3148 2475 non
3170 2431 3412 2488 semper
3429 2409 3750 2487 prudentia

2093 2501 2162 2580 ac
2190 2521 2408 2592 pietate
2440 2515 2757 2572 excellunt.
2803 2514 2993 2577 Quare
3037 2507 3312 2572 Basilius,
3343 2520 3484 2560 cum
3525 2501 3604 2557 ait
3642 2513 3752 2556 ne-

2095 2627 2260 2667 cesse
2292 2624 2421 2665 csse
2445 2611 2696 2678 peccata
2726 2603 2797 2658 iis
2831 2600 3123 2661 conﬁteri,
3157 2597 3380 2670 quibus
3411 2591 3636 2650 credita
3662 2591 3754 2645 est

2094 2697 2467 2772 dispensatio
2497 2694 2924 2767 mysteriorum
2957 2690 3076 2753 Dei,
3113 2686 3293 2744 simul
3325 2691 3381 2740 et
3419 2677 3751 2740 confessio~

2093 2807 2235 2846 nem
2296 2785 2528 2860 peccati
2583 2780 2991 2838 necessariam
3030 2793 3180 2844 esse,
3233 2780 3290 2830 et
3335 2768 3753 2846 paenitentiam

2093 2881 2248 2936 inter
2279 2858 2662 2933 sacramenta
2707 2867 3154 2926 numerandam
3182 2880 3314 2920 esse
3345 2858 3744 2918 demonstrat.

2170 2987 2327 3043 Mitto
2353 2984 2532 3039 aliam
2558 2978 3000 3037 cavillationem
3031 2971 3285 3038 Sculteti,
3325 2969 3429 3042 qui
3459 2979 3756 3024 memora-

2101 3083 2189 3134 tas
2235 3092 2270 3132 a
2314 3077 2368 3131 S.
2420 3071 2634 3128 Basilio
2687 3072 3076 3142 peccatorum
3143 3060 3552 3118 confessiones
3619 3058 3756 3111 ante

2020 3151 2061 3208 Ο
2104 3167 2498 3240 baptismum,
2524 3177 2634 3217 nec
2659 3157 3042 3232 praescriptas
3075 3154 3280 3217 fuisse,
3323 3166 3432 3206 nec
3481 3144 3758 3216 singulo~

2099 3274 2236 3313 rum
2257 3258 2647 3327 peccatorum
2671 3245 3189 3304 enumerationem
3209 3239 3497 3297 habuisse
3529 3232 3757 3306 objicit.

2101 3352 2172 3403 At
2218 3323 2468 3400 minime
2510 3340 2734 3413 probat
2761 3337 2854 3394 his
2881 3333 3173 3407 exemplis
3205 3332 3289 3388 uti
3319 3345 3443 3386 non
3472 3323 3758 3383 debuisse

2101 3434 2408 3498 Basilium,
2453 3436 2519 3486 ut
2561 3429 2640 3485 ad
2691 3425 3107 3502 praescriptam
3145 3439 3182 3477 a
3221 3419 3453 3478 Christo
3483 3413 3760 3471 omnium

2101 3528 2490 3598 peccatorum
2522 3517 2970 3575 confessionem
3000 3515 3362 3577 hortaretur,
3390 3511 3446 3563 et
3481 3523 3514 3561 ει
3573 3516 3761 3576 pravo

2103 3613 2334 3686 pudore
2365 3612 2664 3667 avocaret.

2179 3722 2368 3777 Utitur
2411 3718 2589 3775 etiam
2637 3715 2932 3774 Scultetus
2983 3710 3195 3782 regula
3232 3707 3504 3764 breviore
3549 3705 3669 3769 llo,
3701 3698 3762 3754 in

2106 3827 2229 3883 qua
2259 3807 2622 3880 praecipitur,
2655 3809 2718 3859 ut
2760 3804 3016 3873 virgines
3075 3814 3180 3872 per
3225 3795 3595 3868 praefectam,
3637 3787 3763 3842 sive

2109 3901 2405 3957 seniorem
2439 3915 2614 3954 suam
2644 3896 2998 3968 presbytero
3031 3889 3450 3944 conﬁteantur.
3500 3879 3614 3937 Sed
3651 3878 3766 3933 hoc

2109 3992 2320 4048 vitium
2376 3967 2757 4060 superiorum
2811 3983 3145 4038 editionum
3195 3979 3256 4033 in
3286 3977 3399 4032 hac
3430 3967 3768 4030 novissima

2112 4056 2499 4138 emendatum
2513 4081 2619 4147 est,
2634 4091 2745 4131 nec
2771 4073 3103 4146 quidquam
3124 4068 3286 4124 aliud
3313 4061 3585 4138 praecipit
3607 4056 3768 4113 Basi~

2111 4169 2383 4233 lius,nisi
2405 4173 2468 4223 ut
2487 4165 2645 4222 adsit
2679 4163 2881 4220 decori
2913 4175 3100 4217 causa
3130 4156 3417 4230 praelecta
3448 4148 3765 4220 virginum,

2113 4261 2261 4316 dum
2291 4273 2527 4314 sorores
2570 4254 2932 4312 conﬁtentur
2974 4248 3352 4322 presbytero.
3397 4241 3560 4298 Idem
3595 4240 3770 4293 untea

2115 4349 2572 4422 prmscripserat
2601 4345 2661 4400 in
2691 4358 2816 4412 reg.
2853 4345 2974 4410 108,
3023 4343 3089 4394 ut
3136 4335 3477 4411 priefeetus,
3522 4326 3770 4422 absente

2117 4413 2419 4512 praelecta,
2452 4452 2590 4492 cum
2621 4432 2932 4489 sororibus
2963 4429 3036 4484 de
3060 4427 3244 4483 rebus
3288 4423 3365 4479 ad
3411 4418 3548 4475 ﬁdei
3580 4413 3770 4471 rediti—

2119 4510 2420 4586 cationem
2441 4523 2876 4599 pertinentibus
2903 4535 3024 4576 non
3051 4519 3352 4588 loquatur.
3387 4510 3500 4567 Sed
3539 4522 3613 4562 ne
3634 4519 3773 4577 pec-

2121 4624 2395 4675 catorum
2427 4615 2726 4674 confessio
2777 4610 2970 4684 excipi
3023 4607 3242 4663 debere
3277 4601 3600 4663 videretur,
3633 4592 3772 4652 huic

2119 4710 2200 4766 rei
2235 4706 2677 4765 occurrendum
2709 4719 2840 4760 esse
2869 4699 3056 4755 duxit.

2194 4821 2358 4873 Hanc
2415 4814 2614 4871 Basilii
2667 4809 3008 4868 doctrinam
3051 4802 3414 4861 conﬁrmant
3444 4802 3561 4852 tres
3618 4792 3776 4848 illius

2121 4907 2387 4981 epistolae
2415 4902 2742 4968 canonicis,
2777 4915 2914 4970 quae
2963 4896 3110 4950 dum
3152 4891 3350 4947 varias
3390 4889 3776 4960 peccatorum

2123 4999 2351 5070 species
2396 5001 2454 5050 et
2506 4992 2732 5063 gradus
2781 4989 3061 5045 accurate
3090 4982 3558 5056 persequuntur,
3589 4986 3777 5045 quam

2121 5083 2283 5143 arcte
2334 5087 2637 5139 servatum
2679 5077 2854 5134 fuerit
2903 5070 3228 5131 conﬁtendi
3272 5071 3643 5142 praeceptum
3673 5060 3778 5115 de-

2121 5179 2499 5240 monstrant;
2534 5175 2886 5244 quantaque
2933 5161 3218 5220 exstiterit
3255 5158 3679 5231 episcoporum
3717 5149 3779 5202 in

2121 5265 2384 5341 peccatis
2415 5277 2521 5334 pro
2554 5259 2768 5316 merito
2806 5253 3132 5330 puniendis
3163 5246 3491 5318 diligentia.
3525 5238 3778 5298 Mulieris
3855 5229 3871 5243 “

2073 5469 2118 5503 ³⁷
2155 5469 2292 5522 Luc.
2322 5480 2404 5533 ιιι,
2438 5465 2492 5518 8.
2571 5459 2617 5493 ³⁸
2647 5455 2798 5513 lbid.
2832 5458 2883 5509 9.
2961 5453 3008 5485 ⁸9
3041 5451 3060 5504 Ι
3093 5450 3222 5505 Cor.
3258 5459 3330 5508 tv,
3373 5445 3417 5495 l.
3499 5438 3544 5472 ⁸ο
3576 5433 3776 5493 Matth.
