4154 6434
544 330 610 385 59
2063 329 2200 384 ΡΗᾹ

2316 327 2445 383 ΤΙΟ.
3897 339 3963 392 60

541 451 829 509 adulterae
869 455 988 527 (ep.
1015 459 1140 526 200,
1173 472 1310 515 can.
1353 460 1466 524 34),
1505 457 1601 513 vel
1639 460 1851 530 sponte
1879 453 2192 525 confessae,

2316 450 2654 514 ἱξι).οὲσασθαι
2685 455 2869 517 πάθος·
2906 453 3023 521 Qui
3049 460 3248 511 autem
3283 455 3499 512 latenti
3529 435 3838 514 ablatione
3860 460 3964 516 sibi

539 541 633 597 vel
658 542 968 615 convictas,
1002 561 1125 600 non
1155 547 1584 617 percurrebant
1609 546 1805 602 varios
1836 544 2197 618 paenitentia;

541 631 792 701 gradus,
822 633 927 688 sed
957 633 1109 690 inter
1157 637 1554 692 consistentes
1584 641 1820 709 tempus
1855 635 2196 708 explebant.

544 721 754 777 Cautio
782 725 944 779 enim
976 730 1101 782 erat
1129 742 1203 782 ne
1242 728 1301 782 in
1334 728 1668 800 periculum
1709 732 1918 783 mortis
1949 725 2200 796 conjice-

541 815 768 883 rentur,
805 812 852 868 si
904 820 1223 885 peccatum
1277 816 1646 886 vulgaretur.
1697 817 1834 885 Sed,
1868 817 1918 871 si
1965 815 2200 871 nullum

543 905 673 956 erat
721 902 1042 959 confitendi
1083 910 1140 961 et
1190 906 1482 978 puniendi
1529 907 1762 978 peccati
1805 910 2199 979 praeceptum,

542 1004 650 1045 cur
677 1007 802 1047 non
830 993 934 1050 illa
970 996 1149 1051 etiam
1190 996 1605 1052 remittebatur
1626 997 1779 1051 inter
1808 996 2204 1051 consistentes

541 1082 914 1153 pmnitentia,
957 1102 1093 1156 quae
1141 1086 1407 1158 periculo
1454 1103 1704 1159 prorsus
1741 1101 1864 1141 non
1913 1084 2204 1141 carebat?

544 1187 652 1225 cur
699 1172 838 1228 furti
886 1183 1004 1246 (ep.
1051 1181 1174 1243 217,
1207 1192 1340 1231 can.
1377 1181 1471 1242 61)
1509 1176 1819 1232 convictus
1852 1175 2040 1248 duplo
2068 1191 2203 1245 gra-

542 1260 770 1316 viorem
805 1278 1051 1334 poenam
1093 1265 1448 1336 sustinebat,
1481 1281 1669 1338 quam
1714 1270 1929 1336 sponte
1970 1263 2204 1320 confes-

545 1351 686 1406 sus?
730 1355 916 1409 Nemo
960 1370 1212 1426 prorsus
1266 1356 1344 1412 ab
1384 1357 1500 1411 hac
1538 1356 1670 1425 lege
1717 1356 2202 1411 conﬁtendorum

541 1445 930 1510 peccatorum
964 1443 1273 1500 immunis.
1315 1446 1644 1518 Presbyteri
1674 1451 1732 1501 et
1759 1446 2000 1501 diaconi
2040 1454 2198 1509 (can.

542 1531 657 1601 ¹70),
689 1531 794 1602 qui
843 1548 906 1587 se
946 1533 1124 1589 labiis
1181 1532 1352 1590 tenus
1405 1552 1694 1607 peccasse
1733 1535 2198 1604 conﬁtebantur,

542 1621 1116 1692 excidebantgradu
1139 1641 1250 1680 suo
1283 1644 1294 1680 :
1325 1641 1395 1680 ac
1427 1641 1502 1681 ne
1532 1625 1646 1682 illis
1662 1627 1904 1699 quidem
1923 1642 2199 1681 commu-

540 1710 643 1765 nio
682 1727 820 1767 cum
860 1714 1227 1785 presbyteris
1269 1723 1372 1771 aut
1413 1717 1686 1772 diaconis
1725 1716 2198 1790 relinquebatur,

542 1799 593 1853 si
621 1800 771 1871 quid
796 1802 1058 1873 amplius
1089 1819 1374 1875 peccasse
1403 1805 2018 1877 deprehenderentur.

613 1908 678 1962 ΙΙ,
711 1911 770 1963 In
825 1908 918 1963 his
959 1911 1299 1966 canonibus
1358 1911 1644 1974 avaritiie,
1679 1913 1919 1968 invidize
1964 1918 2022 1969 et
2068 1914 2199 1970 aliis

455 1995 467 2010 ‘
539 1997 841 2067 ejusmodi
895 1999 1048 2055 vitiis
1101 2000 1281 2056 nulla),
1334 2003 1696 2058 nominatim
1753 2004 2202 2060 constituuntur

538 2101 756 2158 pmnee.
783 2088 894 2144 Sed
920 2105 1041 2144 non
1064 2089 1290 2146 idcirco
1320 2092 1663 2164 putandum
1695 2094 2199 2150 estconfessionis

536 2174 652 2244 legi
681 2176 952 2248 subjecta
992 2195 1116 2234 non
1149 2179 1350 2236 fuisse.
1397 2185 1542 2237 Nam
1588 2183 1836 2238 Basilius
1869 2184 1927 2239 in
1958 2186 2203 2253 Regalis

541 2264 930 2334 brevioribus,
971 2273 1295 2342 postquam
1337 2273 1484 2341 (reg.
1535 2273 1660 2343 288)
1712 2274 1918 2330 statuit
1957 2279 2206 2346 peccata

536 2354 606 2408 iis
631 2355 774 2410 solis
800 2358 1150 2414 confitenda
1172 2375 1323 2425 esse,
1349 2362 1574 2432 quibus
1599 2362 1824 2417 credita
1855 2368 1943 2418 est
1964 2363 2206 2436 dispen-

539 2444 692 2500 satio
714 2448 1137 2519 mysteriorum
1162 2450 1282 2516 Dei,
1311 2450 1470 2506 lianc
1492 2453 1886 2524 quaestionem
1913 2452 2167 2508 instituit
2191 2479 2204 2516 ε

536 2532 594 2586 Ὀ
623 2541 948 2606 μετανοήσας
1002 2535 1086 2590 ἐπὶ
1146 2540 1508 2615 ἁμαρτήματι,
1541 2548 1630 2594 καὶ
1683 2542 1834 2594 πάλιν
1877 2543 1946 2604 εἰς
1991 2545 2049 2594 τὸ
2082 2543 2208 2595 αὐτὸ

540 2621 776 2696 ἕμπεσὼν
813 2625 1119 2700 ἁμάρτημα,
1151 2635 1201 2681 τί
1239 2635 1451 2689 ποιήσει
1484 2636 1630 2700 (reg.
1679 2635 1829 2700 289);
1874 2632 1986 2699 Qui
2022 2635 2208 2701 paeni-

538 2715 791 2771 tentiam
823 2718 939 2786 egit
977 2722 1230 2786 peccati,
1274 2736 1344 2776 ac
1387 2738 1602 2777 rursus
1651 2723 1712 2776 in
1773 2723 1926 2777 idem
1981 2723 2211 2778 labitur

534 2812 875 2874 peccatum,
905 2808 1052 2877 quid
1068 2809 1252 2877 faciet
1271 2815 1295 2864 .9
1327 2812 1598 2867 Declarat
1629 2811 1876 2868 Ba~ilius
1903 2812 2206 2882 ejusmodi

537 2891 816 2948 homines
846 2894 1071 2953 idcirco
1100 2898 1310 2966 relabi,
1339 2901 1484 2972 quia
1514 2900 1780 2956 radicem
1816 2902 2043 2972 peccati
2082 2917 2204 2957 non

535 2981 758 3038 tollunt
790 3001 803 3039 :
839 3001 910 3041 ac
941 2987 1169 3058 profert
1199 2991 1462 3062 exempli
1505 2991 1641 3046 loco
1683 2990 1974 3046 invidiam
2004 2997 2060 3046 et
2085 2991 2205 3061 jur-

536 3071 725 3140 gium,
757 3089 894 3146 quas
952 3092 1023 3131 ex
1077 3078 1282 3134 radice
1331 3081 1557 3136 amoris
1615 3080 1822 3150 gloria
1881 3080 2202 3152 pullulant,

535 3161 704 3218 bnde
748 3165 832 3218 sic
881 3165 1234 3223 concludit:
1279 3169 1516 3240 Siquis,
1574 3171 1782 3240 igitur,
1838 3171 1940 3225 ubi
1983 3185 2043 3225 se
2083 3172 2206 3240 ipse
2237 3162 2276 3216 (Σ

532 3252 716 3307 semel
742 3255 1231 3311 condemnaverit
1264 3257 1519 3313 invidia;
1541 3264 1644 3312 aut
1657 3259 1886 3329 jurgii,
1916 3261 1980 3314 in
2002 3259 2204 3314 eadem

535 3357 749 3397 rursus
771 3344 1044 3414 incidat;
1076 3349 1307 3401 noverit
1332 3363 1393 3403 se
1413 3364 1488 3403 ea:
1507 3349 1806 3417 primaria
1835 3350 2076 3404 invidia:
2099 3357 2204 3406 aut

481 3419 494 3430 ’
528 3431 733 3501 jurgii
760 3448 966 3502 causa,
996 3435 1214 3503 gloria;-
1243 3438 1442 3492 studio
1475 3439 1535 3492 in
1569 3439 1796 3494 intimis
1829 3439 2128 3495 laborare.

609 3537 917 3608 Ejusmodi
959 3557 1102 3611 ergo
1155 3549 1403 3614 peccata
1450 3546 1832 3603 sacerdotum
1867 3547 2202 3619 prudentia:

537 3628 809 3684 curanda
841 3631 1346 3701 permittebantur
1374 3652 1385 3689 :
1422 3635 1527 3690 sed
1563 3652 1685 3690 non
1716 3636 1938 3692 idcirco
1970 3637 2204 3692 confes-

539 3716 724 3772 sionis
771 3718 889 3790 legi
936 3722 1470 3781 subtrahebantur.
1515 3732 1705 3798 Atque
1745 3726 1806 3781 id
1838 3727 2202 3782 confirmare

535 3821 865 3878 possumus
899 3811 1243 3869 testimonio
1285 3815 1549 3883 Gregorii
1590 3815 1865 3886 Nysseni.
1908 3816 2013 3888 qui
2060 3833 2200 3871 cum

535 3894 598 3951 in
630 3898 882 3969 epistola
914 3902 1209 3957 canonica
1239 3910 1549 3974 queratur,
1576 3905 1741 3976 quod
1771 3904 1844 3959 de
1889 3905 2199 3960 nonnullis

537 3988 823 4058 peccatis,
869 3989 1074 4060 qualia
1117 3997 1258 4048 sunt
1285 3994 1554 4049 convicia
1583 3998 1666 4066 (p.
1706 3993 1846 4063 119),
1881 3994 2204 4052 maledicta

539 4077 623 4148 (p.
663 4079 804 4146 121),
835 4095 1022 4135 usura
1053 4087 1109 4136 et
1157 4081 1494 4138 alienarum
1549 4099 1751 4138 rerum
1807 4084 1921 4138 sub
1980 4084 2202 4155 negotii

538 4171 833 4237 praetextu
859 4173 1095 4241 raptus,
1128 4172 1352 4227 conditi
1387 4189 1422 4228 a
1466 4173 1746 4229 Patribus
1780 4189 2046 4230 canones
2079 4189 2203 4230 non

536 4253 780 4324 fuerint,
815 4273 925 4313 nec
956 4264 1191 4316 tantum
1241 4262 1354 4318 sibi
1403 4264 1776 4320 auctoritatis
1818 4271 2104 4326 assumat,
2143 4270 2205 4321 ut

538 4345 843 4416 ejusmodi
870 4351 1200 4408 constituat
1229 4369 1528 4421 canones;
1562 4354 1690 4409 haec
1721 4360 1922 4409 tamen
1954 4359 2205 4426 peccata

538 4437 903 4494 confessioni
953 4440 1228 4512 subjecta
1291 4460 1423 4498 esse
1475 4444 1793 4500 manifeste
1831 4445 2077 4502 indicat.
2135 4462 2204 4501 ac

2307 557 2428 598 rem
2462 544 2727 600 alienam
2761 551 3040 614 usurpat,
3071 560 3143 601 ac
3164 545 3382 601 deinde
3401 561 3512 614 per
3538 548 3960 616 confessionem

2306 636 2618 700 peccatum
2651 649 2825 688 suum
2869 635 3170 690 sacerdoti
3207 635 3422 702 aperit,
3452 649 3566 703 per
3595 639 3962 693 contrarium

2312 721 2454 775 vitio
2483 722 2750 778 studium
2801 724 3213 794 aegritudinem
3256 724 3548 780 curabit:
3577 725 3712 780 dico
3753 729 3963 794 autem,

2313 810 2652 879 largiendo,
2686 828 2822 883 qum
2873 813 3072 877 habet,
3121 814 3518 882 pauperibus,
3547 820 3613 868 ut
3661 813 3801 869 dum
3843 831 3965 885 qua

2315 899 2491 956 habet
2527 903 2875 971 profundit,
2925 918 2984 958 se
3021 902 3096 958 ab
3141 904 3422 960 avaritice
3479 903 3688 959 morbo
3722 905 3964 960 liberum

2313 995 2521 1058 aperte
2548 992 2825 1047 ostendat
2876 1009 2888 1045 :
2929 993 3023 1047 sin
3072 999 3271 1049 autem
3322 993 3480 1049 nihil
3519 994 3698 1049 aliud
3721 999 3963 1062 prater-

2315 1095 2495 1152 quam
2525 1082 2716 1136 solum
2767 1097 2984 1138 corpus
3037 1081 3274 1150 habeat,
3297 1083 3470 1152 jubet
3500 1084 3826 1152 Apostolus
3861 1097 3968 1153 per

2319 1171 2581 1226 laborem
2626 1173 3000 1240 corporalem
3047 1173 3102 1228 ei
3147 1173 3352 1229 morbo
3389 1174 3702 1229 mederi".
3750 1173 3967 1230 Similia

2313 1259 2499 1316 habet
2530 1261 2782 1316 Basilius
2822 1261 2897 1316 de
2949 1263 3148 1317 usuris
3180 1265 3338 1320 (can.
3378 1265 3462 1330 14,
3504 1279 3601 1334 ep.
3661 1263 3797 1333 188),
3823 1279 3968 1335 quas

2314 1350 2416 1421 qui
2445 1350 2697 1422 accepit,
2730 1366 2868 1406 eum
2897 1367 2932 1406 a
2958 1351 3294 1407 sacerdotio
3323 1367 3448 1407 non
3475 1351 3758 1422 excludit,
3794 1352 3968 1408 modo

2313 1440 2614 1510 injustum
2640 1440 2877 1496 lucrum
2908 1441 2968 1496 in
3008 1457 3311 1513 pauperes
3346 1442 3626 1499 insumat
3652 1446 3708 1498 et
3735 1442 3812 1520 ab
3839 1458 3969 1498 ava-

2312 1530 2458 1586 ritia:
2489 1529 2705 1586 morbo
2738 1530 2992 1586 liberum
3023 1547 3087 1586 se
3110 1531 3410 1588 exhibeat.

2387 1643 2474 1694 III.
2520 1643 2853 1710 Peccatum,
2898 1640 3066 1713 quod
3119 1657 3190 1696 ex
3244 1642 3444 1713 primo
3483 1655 3699 1696 omnes
3731 1645 3983 1712 parente

2311 1730 2623 1799 traximus,
2661 1729 2744 1784 sic
2769 1730 3058 1801 praedicat
3089 1729 3365 1798 Basilius,
3390 1735 3454 1786 ut
3473 1729 3649 1786 facile
3678 1729 3967 1802 pateatni-

2232 1807 2272 1860 Β
2309 1818 2394 1875 hil
2416 1818 2581 1874 aliud
2624 1821 2678 1875 S.
2717 1819 3122 1888 Augustinum
3155 1825 3365 1875 contra
3391 1820 3748 1890 Pelagianos
3778 1817 3967 1874 defen-

2309 1909 2491 1978 disse,
2519 1909 2634 1963 nisi
2680 1908 2848 1981 quod
2891 1914 3185 1982 perpetua
3231 1909 3508 1966 Ecclesiae
3549 1909 3966 1982 praedicatione

2311 1999 2656 2055 constabat.
2681 1999 2966 2065 Exsolve,
2998 1999 3196 2071 inquit
3228 1999 3474 2055 Basilius
3515 1997 3728 2054 homil.
3779 2000 3839 2054 in
3877 1999 3964 2067 fa-

2311 2103 2462 2144 mem
2509 2103 2567 2159 p.
2615 2092 2704 2153 70,
2748 2095 3060 2156 peccatum
3103 2090 3557 2159 primigenium,
3610 2089 3964 2145 cibariorum

2317 2177 3176 2245 largitione.Quemadmodum
3199 2179 3562 2234 enimAdam
3588 2177 3857 2247 improbo
3873 2191 3965 2232 esu

2313 2272 2626 2335 peccatum
2659 2267 2996 2322 transmisit
3032 2283 3044 2321 :
3079 2267 3164 2322 sic
3192 2284 3299 2322 nos
3347 2269 3740 2324 insidiantem
3789 2281 3964 2322 escam

2316 2355 2640 2423 abolemus,
2669 2359 2720 2411 si
2739 2358 2962 2426 fratris
2987 2358 3395 2414 necessitatem
3431 2359 3778 2428 famemque
3807 2369 3966 2412 cura-

2317 2463 2473 2502 mus.
2505 2447 2571 2502 Et
2599 2448 2658 2502 in
2707 2448 2866 2515 psal.
2913 2464 3038 2503 xx1x
3078 2449 3164 2519 (p.
3217 2451 3337 2519 129)
3372 2465 3384 2503 :
3424 2449 3693 2504 Pulcher
3743 2445 3965 2519 quidem

2319 2550 2508 2603 eram,
2541 2536 2756 2608 inquit,
2795 2537 3120 2592 secundum
3169 2544 3478 2608 naturam,
3502 2538 3607 2594 sed
3633 2535 3962 2608 languidus,

2316 2633 2641 2695 propterea
2672 2627 2833 2696 quod
2862 2643 2939 2682 ex
2967 2629 3260 2696 serpentis
3292 2628 3531 2682 insidiis
3557 2632 3803 2697 peccato
3827 2639 3969 2680 mor-

2320 2721 2458 2770 tuus
2487 2731 2674 2772 eram.
2707 2715 2860 2771 Alibi
2887 2717 2974 2787 (in
2996 2718 3153 2785 psal.
3185 2733 3367 2785 xxx",
3401 2733 3461 2790 p.
3495 2721 3623 2784 132)
3666 2719 3840 2772 vocat
3863 2727 3968 2767 ser-

2318 2810 2560 2878 pentem
2591 2806 2822 2878 peccati
2843 2811 3172 2862 auctorem.
3195 2807 3421 2862 Ibidem
3441 2808 3527 2879 (p.
3552 2811 3702 2869 135):
3730 2807 3969 2873 Propter

2318 2896 2874 2952 condemnationem
2912 2897 2977 2951 in
3022 2913 3130 2952 nos
3185 2897 3257 2952 ob
3313 2905 3631 2967 peccatum
3679 2897 3966 2965 prolatam

2319 2989 2486 3042 terra
2516 2986 2799 3050 dicimur,
2830 3001 2935 3042 nos
2963 2987 3069 3056 qui
3097 3003 3133 3042 a
3155 2988 3276 3043 Deo
3301 2988 3652 3043 audivimus
3685 3004 3699 3042 :
3732 3004 3760 3039 ‹
3798 2986 3968 3040 Terra

2317 3088 2397 3136 es,
2436 3080 2489 3128 et
2533 3076 2593 3129 in
2623 3080 2847 3130 terram
2878 3074 3010 3130 ibis.
3046 3098 3075 3124 ››
3118 3078 3184 3130 Et
3223 3078 3285 3132 in
3310 3077 3465 3146 psal.
3500 3093 3684 3133 χχχιιι
3713 3076 3966 3148 (p.158):

2319 3164 2813 3236 Quandoquidem
2845 3165 2909 3233 ii,
2928 3168 3034 3236 qui
3062 3165 3194 3222 ideo
3221 3167 3413 3222 creati
3432 3174 3613 3223 erant
3641 3172 3705 3222 ut
3730 3162 3966 3221 Domino

2314 3255 2632 3322 servirent,
2661 3255 2770 3308 sub
2803 3255 3028 3310 inimici
3053 3257 3342 3312 servitute
3367 3256 3815 3324 detinebantur,
3845 3251 3966 3307 illo-

2315 3358 2449 3398 rum
2482 3345 2716 3399 animas
2748 3347 3006 3412 pretioso
3036 3360 3142 3400 suo
3170 3347 3470 3415 sanguine
3495 3346 3762 3402 redimet.

2390 3455 2559 3524 Saepe
2580 3451 2729 3508 alias
2758 3453 3004 3509 Basilius
3026 3453 3100 3509 de
3132 3459 3382 3526 peccato
3405 3455 3744 3526 primorum
3764 3463 3964 3524 paren-

2313 3548 2442 3600 tum
2473 3543 2757 3616 loquitur,
2792 3549 2858 3598 ut
2910 3543 2985 3599 de
3029 3544 3207 3616 culpa
3249 3560 3646 3617 nequaquam
3671 3539 3878 3600 Adami
3915 3540 3965 3592 et

2314 3636 2448 3689 Erae
2491 3633 2758 3705 propria,
2796 3633 2906 3688 sed
2948 3633 3026 3689 ad
3058 3649 3268 3689 eorum
3310 3639 3589 3706 posteros
3621 3631 3960 3706 pertinente.

2311 3725 2600 3793 Adamus,
2649 3723 2845 3796 inquit
2883 3723 2944 3779 in
2983 3723 3192 3781 homil.
3223 3723 3298 3779 de
3329 3740 3421 3792 eo,
3471 3724 3643 3791 Quod
3671 3725 3824 3779 Deus
3851 3730 3960 3774 non

2311 3819 2396 3870 est
2427 3820 2641 3869 auctor
2670 3814 2972 3868 malorum
3002 3813 3168 3884 (tom.
3205 3815 3269 3884 ll,
3306 3829 3364 3885 p.
3405 3815 3546 3885 179),
3588 3809 3902 3870 secedendo
3929 3819 3962 3860 a

2311 3907 2431 3962 Deo
2462 3909 2710 3960 mortem
2749 3905 3038 3960 conscivit
3061 3905 3176 3959 sibi
3197 3906 3330 3974 ipsi,
3349 3907 3538 3975 juxta
3559 3905 3624 3961 id
3647 3902 3804 3976 quod
3829 3897 3963 3955 scri-

2304 4003 2479 4066 ptum
2507 4000 2589 4051 est
2617 4011 2630 4050 :
2661 3996 2859 4051 «Ecce
2877 3996 2983 4065 qui
3001 3996 3290 4066 elongant
3315 4010 3376 4052 se
3405 4011 3441 4051 a
3470 4003 3547 4063 te,
3572 3989 3960 4065 peribunt”.»

2311 4087 2412 4142 Sic
2436 4101 2550 4140 non
2574 4085 2800 4140 creauit
2825 4085 2976 4139 Deus
2997 4089 3268 4151 mortem,
3288 4085 3392 4141 sed
3412 4101 3518 4139 nos
3538 4084 3707 4140 nobis
3739 4079 3876 4150 ipsis
3896 4089 3962 4132 ea:

2308 4189 2505 4245 prava
2518 4181 2714 4230 mente
2731 4189 2858 4229 eam
2878 4175 3225 4230 accersivim
3237 4190 3323 4229 us.
3336 4177 3460 4229 Non
3475 4171 3872 4230 omittendum
3886 4167 3965 4220 est

2312 4265 2548 4333 insigne
2571 4263 2986 4319 testimonium
3013 4279 3084 4318 ex
3112 4263 3286 4335 epist.
3319 4267 3444 4331 261,
3475 4279 3537 4320 n.
3570 4268 3622 4328 2,
3653 4261 3754 4316 ubi
3785 4258 3866 4312 sic
3889 4254 3963 4309 lo-

2313 4355 2516 4428 quitur
2539 4354 2710 4410 Basili
2723 4372 2790 4408 us
2808 4371 2820 4408 :
2836 4355 3066 4424 Itaque,
3083 4355 3134 4409 si
3145 4355 3386 4409 Domini
3409 4355 3471 4408 in
3488 4367 3673 4410 carne
3685 4350 3962 4408 adventus

2315 4462 2434 4502 non
2451 4446 2598 4513 fuit,
2630 4461 2750 4499 non
2783 4443 2947 4500 dedit
2981 4443 3338 4514 Redemptor
3359 4458 3477 4512 pro
3517 4443 3685 4499 nobis
3711 4439 3961 4509 pretium

538 4544 780 4584 summo
813 4531 1014 4586 studio
1046 4549 1081 4587 a
1126 4535 1546 4591 sacerdotibus
1579 4537 1870 4590 curanda.
1924 4537 2016 4592 Sic
2043 4536 2205 4591 enim
2241 4519 2282 4571 θ
2316 4537 2519 4596 morti,
2545 4550 2655 4591 nec
2677 4550 2786 4602 per
2814 4535 3065 4603 seipsum
3096 4535 3304 4589 mortis
3332 4549 3587 4604 regnum
3611 4528 3876 4587 resecuit.
3904 4523 3966 4580 Si

535 4616 806 4691 loquitur
863 4621 937 4677 de
1001 4622 1101 4678 illo
1153 4624 1307 4679 inter
1364 4625 1804 4695 negotiandum
1867 4626 2076 4682 alienae
2127 4629 2206 4684 rei

536 4713 717 4780 raptu
749 4729 760 4765 :
793 4717 804 4730 '
838 4719 878 4762 Ο
913 4709 972 4764 δὲ
1004 4710 1079 4766 δι’
1101 4717 1413 4789 ὑφαιρέσεως
1447 4715 1808 4777 λανθανούσης
1847 4718 2205 4789 σφετεριζόμε-

537 4819 621 4861 νος
652 4804 709 4852 τὸ
745 4800 1030 4875 ἀλλότριον,
1065 4807 1176 4858 εἶτα
1227 4803 1296 4858 δι’
1345 4805 1719 4880 ἐξαγορεύσεως
1752 4810 1808 4858 τὸ
1848 4805 2205 4879 πλημμέλημα

540 4888 701 4942 αὐτοῦ
758 4900 828 4962 τῷ
881 4895 1004 4965 ἱερεῖ
1049 4903 1364 4970 φανερώσας,
1414 4906 1508 4958 τῆς
1566 4902 1685 4970 περὶ
1731 4899 1788 4948 τὸ
1838 4895 2062 4948 ἐναντίον
2112 4905 2202 4948 τοῦ

538 4982 736 5041 πάθους
766 4979 974 5055 σπουδῇ
1014 4985 1318 5058 θεραπεύσει
1365 4991 1456 5044 τὴν
1500 4985 1813 5062 ἁῤῥωστίαν·
1847 4985 1977 5057 λέγω
2011 4983 2068 5038 δὲ
2110 4984 2204 5038 διὰ

539 5078 630 5123 τοῦ
662 5074 727 5124 τὰ
747 5078 1012 5147 προσόντα
1041 5077 1292 5148 παρέχειν
1323 5084 1432 5137 τοῖς
1465 5081 1700 5145 πένησιν,
1733 5077 1815 5128 ἵνα
1845 5074 1916 5148 τῷ
1948 5079 2202 5150 προέσθαι

539 5160 574 5213 ἁ
613 5165 746 5235 ἔχει,
785 5166 998 5236 φανερὸς
1026 5168 1242 5235 ’γένηται
1279 5166 1578 5241 καθαρεύων
1627 5176 1718 5228 τῆς
1748 5169 1882 5219 κατὰ
1912 5166 2202 5228 πλεονεξίαν

539 5255 715 5305 νόσου·
770 5251 812 5304 εἰ
839 5249 895 5306 δὲ
925 5249 1090 5325 μηδὲν
1117 5256 1257 5324 ἔχοι,
1285 5258 1437 5326 μόνον
1470 5251 1527 5307 δὲ
1552 5259 1608 5308 τὸ
1641 5265 1793 5328 σῶμα
1835 5259 1974 5327 ἔχοι,
2002 5254 2194 5308 πού-εὕει

541 5342 566 5394 ὁ
610 5343 941 5410 Ἀπόο-το).ος,
1002 5340 1096 5398 διὰ
1147 5341 1236 5396 τοῦ
1291 5352 1593 5418 σωματικοῦ
1646 5350 1810 5398 κόπου
1867 5349 1922 5398 τὸ
1971 5365 2200 5398 τοιουτον

619 5649 664 5684 η
698 5647 920 5718 Ephes.
956 5666 1036 5716 iv,
1077 5653 1166 5706 28.
1253 5650 1298 5685 ⁸³
1329 5649 1483 5705 Psal.
1518 5665 1690 5720 Lxxn,
1715 5652 1806 5703 27.

2316 4627 2470 4682 enim
2503 4625 2678 4680 aliud
2710 4631 2878 4693 esset,
2912 4625 3073 4696 quod
3117 4625 3326 4680 mortis
3359 4625 3606 4693 imperio
3644 4620 3959 4688 subjectum

2314 4721 2469 4781 erat,
2488 4714 2661 4770 aliud
2680 4714 2840 4785 quod
2861 4722 3233 4783 assumptum
3257 4729 3294 4769 a
3321 4714 3606 4778 Domino;
3639 4725 3758 4766 non
3774 4703 3962 4762 desiis-

2313 4812 2396 4863 set
2419 4822 2577 4861 mors
2601 4820 2667 4860 ea
2696 4820 2831 4875 qua?
2851 4820 2962 4860 sua
2989 4811 3150 4874 sunt,
3176 4805 3440 4873 operari,
3472 4818 3580 4860 nec
3609 4803 3838 4857 lucrum
3869 4808 3962 4848 no-

2311 4903 2502 4950 strum
2520 4895 2702 4964 facta?
2716 4894 2975 4963 fuissent
2997 4894 3240 4962 dei/“era:
3261 4894 3463 4949 carnis
3472 4893 3777 4963 passiones
3808 4901 3820 4940 :
3848 4893 3960 4939 non

2310 4985 2704 5040 interemisset
2727 4987 3038 5051 peccatum
3067 4984 3129 5036 in
3159 4997 3375 5038 carne:
3410 4999 3530 5038 non
3562 4979 3802 5035 Christo
3828 4967 3960 5029 vivi-

2311 5075 2485 5144 ﬁcali
2496 5075 2844 5144 fuissemus,
2859 5073 2966 5142 qui
2983 5087 3224 5128 eramus
3246 5073 3310 5126 in
3325 5073 3562 5129 Adamo
3588 5065 3834 5135 mortui;
3854 5072 3963 5114 ηοη

2313 5171 2608 5222 resartum
2631 5169 2699 5234 fu
2710 5166 2858 5232 isset,
2877 5163 3036 5232 quod
3053 5163 3391 5232 collapsum
3413 5168 3580 5231 erat;
3605 5173 3724 5214 non
3753 5154 3964 5210 instau-

2313 5261 2534 5323 ratum,
2571 5253 2730 5324 quod
2759 5253 3191 5323 confractum;
3244 5267 3365 5306 non
3418 5251 3801 5320 coniunctum
3831 5240 3960 5302 Deo,

2312 5346 2471 5418 quod
2491 5349 2728 5414 serpent
2738 5344 2784 5397 is
2794 5343 3068 5414 fraudef
3067 5347 3237 5398 uerat
3252 5342 3687 5398 abalienatum.
3707 5339 3768 5389 ιιι
3788 5327 3964 5384 librOI
