4154 6384
256 341 304 392 δι
1815 337 2198 395 primum.
3645 354 3713 407 δε

277 467 335 522 De
369 464 651 535 baptismo
687 468 842 524 haec
890 470 1222 540 leguntur
1265 471 1410 542 (cap.
1445 475 1497 538 2,
1529 484 1586 524 n.
1626 473 1680 539 7)
1717 483 1730 521 :
1780 463 1946 520 Illud
1984 467 2029 519 A
2058 463 2243 519 riaris
2271 466 2448 536 quasi
2473 483 2590 524 non
2635 473 2997 540 acceperis50
3020 473 3047 528 ‘t
3091 496 3117 521 ››
3150 473 3287 529 Νοη
3329 479 3392 529 tu
3418 476 3588 532 deum
3618 493 3712 534 co-

288 559 479 627 igitum
498 557 770 625 denuo,»
797 560 1127 616 arbitror
1147 561 1360 629 prioris
1375 557 1799 628 generationis,
1817 568 1948 625 qua

294 650 336 702 in
356 654 724 716 peccatorum
769 651 1100 705 sordibus
1138 652 1302 720 facta
1336 655 1438 718 est,
1480 647 1948 704 emendationem

289 736 566 794 ostendere.
599 753 749 792 cum
789 739 920 794 Job
950 739 1167 796 dicat:
1204 762 1228 788 «
1255 740 1434 795 Nemo
1450 753 1642 807 purus
1674 741 1810 793 esta
1832 748 1950 788 sor-

281 825 436 894 dibus,
453 841 526 881 ne
544 828 601 880 si
621 843 797 882 unus
827 829 1094 899 quidem
1115 829 1235 884 dies
1253 831 1327 884 sit
1349 829 1470 884 vita
1493 827 1704 896 ejus“;
1730 830 1822 880 net
1840 826 1949 878 Da-

277 916 683 986 vidlugeat,ac
728 919 961 973 dicat:
998 941 1028 968 ‹‹
1069 922 1143 975 In
1170 919 1586 990 iniquitatibus
1631 919 1948 982 conceptus

271 1021 401 1074 sum,
443 1012 497 1062 et
527 1007 590 1061 in
623 1012 920 1076 peccatis
969 1011 1241 1078 concepit
1278 1024 1369 1064 me
1397 1013 1590 1063 mater
1631 1020 1761 1060 mea
1782 1005 1864 1071 ⁴⁵;
1893 1007 1948 1058 et

268 1096 567 1164 Apostolus
598 1098 692 1153 ita
729 1106 1129 1155 contestetur
1155 1117 1167 1153 :
1196 1121 1222 1148 «
1256 1099 1466 1154 Omnes
1491 1098 1646 1154 enim
1668 1107 1946 1164 peccave-

269 1193 409 1255 runt,
437 1193 490 1242 et
515 1194 705 1256 egent
731 1189 957 1258 gloria
981 1189 1108 1254 Dei,
1124 1189 1451 1259 justiﬁcati
1470 1187 1662 1257 gratis
1679 1200 1790 1254 per
1809 1197 1947 1253 9ῖά-

279 1277 395 1330 tiam
423 1277 615 1346 ipsius
645 1293 766 1345 per
813 1279 1293 1346 redemptionem
1322 1292 1456 1350 quae
1499 1283 1582 1332 est
1607 1277 1668 1329 in
1704 1273 1945 1330 Christo

270 1366 584 1436 Jesu.quem
604 1369 957 1436 proposuit
978 1369 1137 1424 Deus
1147 1369 1349 1437 propit
1359 1368 1544 1422 iation
1553 1381 1639 1422 em
1650 1379 1759 1433 per
1767 1363 1943 1431 ﬁdem

269 1455 323 1508 in
346 1458 641 1524 sanguine
660 1457 960 1524 ipsius“.
999 1479 1025 1505 n
1060 1457 1442 1526 Quapropter
1469 1456 1646 1511 etiam
1675 1457 1945 1523 peccato-

265 1561 383 1600 rum
402 1547 578 1601 venia
597 1547 814 1601 datur
835 1548 1247 1616 credentibus,
1263 1549 1514 1602 Domino
1536 1547 1663 1614 ipso
1680 1545 1939 1600 dicente:

263 1656 288 1681 ι
309 1635 511 1690 Hicest
531 1638 812 1706 sanguis
837 1653 1009 1693 meus
1026 1637 1540 1704 novitestamenti,
1558 1635 1661 1706 qui
1673 1648 1781 1702 pro
1795 1633 1946 1687 mul-

257 1726 324 1777 Ῑίδ
338 1725 598 1792 effundit
610 1742 694 1779 ur
709 1727 782 1780 in
811 1726 1223 1782 remissionem
1239 1725 1693 1796 peccatorum":
1715 1737 1945 1792 nquem-

251 1813 572 1870 admodum
597 1817 955 1884 Apostolus
987 1831 1200 1871 rursus
1231 1822 1503 1884 testatur,
1529 1815 1760 1869 dicens:
1787 1833 1814 1861 «
1841 1809 1942 1866 Se-
1973 1823 2013 1876 Β

249 1905 996 1975 cundumbeneplacitum
1011 1906 1335 1963 voluntatis
1349 1907 1558 1969 sux,in
1573 1902 1947 1972 laudemglo-

254 1995 352 2048 rise
369 1997 600 2064 gratia:
622 2011 788 2063 suae,
823 1998 892 2051 in
921 2013 1040 2068 qua
1068 1998 1438 2067 gratiﬁcavit
1467 2011 1572 2051 nos
1604 1997 1664 2049 in
1702 1993 1938 2060 dilecto,

259 2085 318 2137 in
346 2101 456 2155 quo
479 2085 798 2142 habemus
818 2087 1285 2156 redemptionem
1303 2086 1771 2157 persanguinem
1791 2085 1940 2153 ejus,

262 2177 665 2231 remissionem
686 2182 1110 2245 peccatorum.
1128 2177 1448 2232 secundum
1471 2176 1717 2230 divitias
1733 2174 1944 2241 gratim

252 2266 375 2332 ejus
393 2265 470 2320 de
493 2279 629 2335 qua
658 2264 848 2320 nobis
874 2266 1202 2335 impertivit
1223 2267 1473 2322 ubertim
1499 2266 1573 2329 ";
1601 2291 1624 2313 »ι
1653 2271 1718 2318 ut
1740 2278 1942 2334 quem-

247 2353 578 2409 admodum
638 2361 864 2411 statua
908 2357 1172 2411 contrita
1220 2371 1292 2412 ac
1338 2357 1676 2425 confracta,
1723 2353 1943 2408 amissa

249 2445 404 2511 regis
418 2443 639 2512 forma
665 2445 926 2509 eximia,
957 2445 1152 2500 denuo
1174 2445 1594 2514 conformatur
1617 2459 1652 2498 a
1675 2443 1945 2512 sapiente

251 2533 488 2601 artiﬁce
517 2548 596 2589 ac
632 2533 798 2588 bono
830 2535 1062 2602 opi'ﬁce,
1104 2535 1361 2602 gloriam
1394 2534 1590 2601 Operis
1621 2534 1718 2586 sui
1753 2545 1941 2586 resar-

257 2621 462 2688 ciente,
515 2629 718 2694 atque
763 2625 1029 2692 pristino
1080 2623 1394 2692 splendori
1437 2622 1816 2678 restituitur:
1859 2620 1942 2673 sic

265 2710 434 2766 etiam
452 2727 556 2767 nos
571 2712 652 2768 ob
671 2713 978 2782 praecepti
993 2714 1523 2782 transgressionem
1543 2711 1699 2766 male
1717 2709 1938 2778 affecti,

264 2801 425 2856 velut
449 2804 769 2871 scriptum
808 2809 919 2871 est,
949 2824 978 2851 «
1022 2805 1214 2860 Homo
1245 2819 1377 2860 cum
1409 2804 1472 2858 in
1517 2801 1742 2857 honore
1769 2805 1938 2867 esset,

257 2905 375 2944 non
406 2893 756 2959 intellexit,
781 2899 1170 2960 comparatus
1195 2900 1277 2950 est
1297 2893 1589 2963 jumentis
1610 2889 1942 2959 insipienti-

265 2978 388 3043 bus,
411 2989 468 3037 et
511 2983 747 3037 similis
789 2983 1002 3052 factus
1034 2989 1117 3039 est
1149 2984 1271 3038 illis
1295 2985 1364 3049 ‘9,
1415 3005 1442 3031 »
1492 2982 1572 3037 ad
1613 2980 1936 3050 pristinam

263 3070 540 3141 imaginis
585 3073 706 3128 Dei
734 3074 1002 3142 gloriam
1034 3089 1401 3131 revocemur.

328 3163 417 3216 IV.
459 3162 559 3218 Sic
596 3161 892 3218 affectum
915 3163 1224 3218 hominem
1258 3163 1548 3232 indigere,
1581 3166 1646 3218 ut
1670 3177 1808 3216 eum
1840 3159 1938 3216 Dei
1969 3177 2007 3232 ρ

257 3251 454 3319 gratia
480 3251 858 3323 praeveniat,
894 3257 952 3307 et
981 3268 1206 3307 novam
1238 3253 1290 3307 ei
1321 3252 1686 3307 creationem
1715 3251 1937 3322 imper-

255 3339 320 3395 tit
345 3340 611 3397 miriﬁce
642 3340 928 3413 pluribus
953 3340 1100 3396 locis
1127 3341 1506 3398 demonstrat
1538 3341 1806 3408 Basilius,
1830 3355 1940 3394 cu-

253 3430 351 3499 jus
367 3431 736 3487 testimonia
760 3431 1057 3488 nonnulla
1075 3432 1169 3487 hic
1191 3447 1596 3503 apponemus.
1619 3431 1787 3488 Unde
1805 3445 1940 3486 vero

255 3520 533 3587 facultas
559 3521 739 3589 mihi,
760 3520 960 3593 inquit
982 3523 1045 3577 in
1070 3524 1229 3591 psal.
1263 3525 1496 3594 xx1x(p.
1527 3523 1672 3591 125),
1696 3527 1752 3577 te
1772 3521 1940 3576 exal-

261 3611 436 3666 tandi
452 3627 476 3666 :
499 3611 811 3678 Quoniam
837 3616 900 3664 tu
923 3626 1016 3667 me
1030 3613 1409 3679 praeveniens
1423 3612 1759 3679 suscepisti.
1777 3612 1944 3666 Pers'

257 3701 430 3768 picue
449 3701 641 3766 dixit,
668 3721 699 3749 «
737 3701 1072 3769 Suscepisti
1092 3716 1200 3766 me,
1232 3721 1259 3750 »
1286 3717 1398 3769 pro
1418 3700 1746 3756 sublevasti
1771 3715 1881 3768 me,
1912 3722 1939 3747 »

261 3797 312 3844 et
337 3791 726 3859 superiorem
758 3790 1212 3859 insurgentibus
1249 3791 1312 3845 in
1344 3806 1434 3846 me
1463 3791 1730 3860 effecisti.
1750 3791 1946 3844 Veluti

261 3885 307 3933 si
323 3881 458 3950 quis
466 3896 743 3950 puerum
761 3881 1103 3950 quempiam
1120 3881 1380 3936 natandi
1393 3882 1736 3948 imperitum
1758 3895 1940 3935 manu

262 3971 621 4039 suscipiens,
648 3985 782 4025 eum
807 3974 983 4040 aquis
1013 3970 1292 4026 altiorem
1324 3971 1639 4025 sustineat.
1677 3969 1791 4035 Qui
1832 3971 1940 4040 igi-

268 4065 384 4126 tur,
416 4061 774 4129 opitulante
802 4059 946 4128 Deo,
985 4075 1023 4115 a
1052 4074 1191 4114 casu
1221 4061 1516 4129 exsurgit,
1551 4062 1596 4114 is
1622 4060 1788 4128 grati
1811 4061 1938 4115 ani-

266 4152 348 4204 mi
361 4150 819 4220 signiﬁcatione
841 4165 950 4218 per
981 4149 1135 4205 bona
1159 4165 1339 4218 opera
1371 4150 1794 4205 exaltationcm
1818 4151 1937 4205 Deo

259 4239 668 4306 pollicetur.A
686 4244 753 4292 ut
783 4239 946 4294 velut
976 4239 1028 4292 si
1054 4255 1190 4310 quis
1214 4238 1463 4295 debilem
1488 4239 1826 4310 quempiam
1851 4239 1938 4293 lu-

258 4335 553 4385 ctatorem
587 4329 969 4397 sit/fulciens,
1012 4329 1086 4384 ab
1120 4329 1460 4384 imminente
1492 4331 1666 4399 lapsu
1707 4327 1936 4393 liberet,

259 4433 326 4473 ac
356 4421 748 4475 colluctante
767 4417 982 4473 reddat
1010 4419 1374 4486 superiorem
1403 4437 1412 4472 :
1441 4419 1538 4473 illi
1558 4418 1796 4488 quidem
1821 4419 1935 4472 vic-

2057 555 2318 622 gnovisti
2341 571 2450 624 per
2479 563 2644 614 tuam
2660 562 2965 629 justitiam
2990 578 3012 631 ,·
3034 564 3137 618 sed
3169 566 3322 619 Deus
3353 568 3624 634 cognovit
3657 578 3712 623 te

2057 650 2486 714 proptersuam
2507 648 2848 707 bonitatem.
2871 675 2898 700 «
2921 654 3068 708 Cum
3085 657 3482 724 cognoveritis
3502 659 3685 712 Deum
3699 699 3712 722 ,

2058 733 2276 804 inquit,
2319 739 2425 806 qui
2449 741 2647 806 potius
2693 744 2921 811 cogniti
2945 745 3074 798 sitis
3120 760 3156 799 a
3206 747 3390 800 Deo“
3418 767 3445 794 ι)
3476 746 3612 800 Non
3647 751 3711 801 tu

2056 825 2515 892 apprehendisti
2538 829 2841 888 Christum
2857 849 2966 902 per
2987 836 3291 902 virtutem,
3309 836 3412 890 sed
3434 835 3711 891 Christus

2058 918 2114 967 te
2135 928 2248 982 per
2296 931 2467 972 suum
2500 919 2822 976 adventum
2855 921 3276 992 apprehendit.
3324 947 3351 974 «
3397 927 3708 996 Insequar.

2055 1002 2333 1074 inquit,si
2347 1009 2523 1062 etiam
2543 1011 3082 1081 apprehendam,in
3099 1030 3214 1085 quo
3233 1022 3286 1070 et
3304 1015 3710 1084 apprehensus

2055 1107 2185 1147 sum
2212 1109 2248 1148 a
2269 1094 2583 1155 Christo“.
2602 1099 2735 1154 Non
2755 1116 2855 1156 vos
2883 1118 2973 1158 me
2993 1103 3270 1173 elegistis,
3297 1106 3491 1175 inquit
3514 1105 3710 1160 Domi-

2055 1197 2169 1236 nus
2191 1182 2258 1248 ⁵³,
2282 1184 2384 1239 sed
2414 1201 2519 1255 ego
2545 1189 2700 1258 elegi
2730 1205 2885 1245 vos.»
2920 1192 3014 1246 An
3048 1195 3332 1263 quoniam
3364 1192 3588 1249 honore
3619 1194 3708 1264 af-

2050 1269 2248 1338 fectus
2295 1289 2370 1344 es,
2406 1276 2692 1344 gloriaris
2731 1284 2783 1334 et
2823 1281 3294 1336 misericordiam
3343 1284 3708 1339 occasionem

2055 1361 2275 1430 arripis
2303 1365 2734 1423 sunerbiendi?
2779 1369 2854 1424 Et
2884 1375 3024 1424 tunc
3080 1386 3398 1441 cognoscas
3435 1372 3706 1439 teipsum,

2053 1451 2185 1520 quis
2213 1453 2311 1522 sis,
2340 1455 2501 1508 velut
2527 1457 2724 1513 Adam
2756 1461 2977 1528 ejectus
3000 1476 3029 1516 e
3049 1461 3360 1529 paradiso,
3384 1461 3537 1516 velut
3558 1461 3708 1516 Saul

2053 1539 2321 1596 desertus
2351 1558 2386 1598 a
2409 1543 2643 1613 Spiritu
2669 1548 2793 1616 Dei,
2818 1551 2977 1605 velut
3002 1551 3190 1608 Israel
3207 1567 3243 1604 (ι
3271 1551 3476 1606 radice
3496 1554 3707 1606 sancta

2053 1636 2332 1688 resectus.
2355 1654 2382 1682 ‹‹
2402 1634 2801 1707 Fide,‘inquit,
2823 1644 2970 1695 stas:
3001 1641 3130 1695 noli
3148 1641 3339 1695 altum
3359 1655 3590 1709 sapere,
3605 1639 3708 1695 sed

2054 1719 2284 1775 time“.
2323 1722 2628 1780 Judicium
2668 1728 2939 1798 sequitur
2987 1730 3292 1798 gratiam;
3324 1735 3378 1785 et
3413 1728 3706 1800 quomodo

2053 1807 2210 1862 datis
2236 1825 2375 1865 usus
2399 1813 2616 1880 fueris,
2659 1817 2944 1883 expendit
2972 1817 3189 1888 judex.
3223 1824 3285 1874 1n
3316 1817 3408 1872 his
3439 1834 3575 1892 qua:
3621 1832 3706 1873 se-

2053 1903 2387 1969 sequuntur
2427 1905 2888 1972 perseverantiae
2933 1906 3166 1962 donum
3205 1906 3700 1964 commendatur:

2054 1987 2224 2055 Quod
2246 1990 2300 2043 si
2317 2005 2392 2046 ne
2411 1991 2520 2047 hoc
2545 1993 2779 2062 quidem
2808 1997 3120 2066 intelligis,
3139 1999 3328 2067 fuisse
3355 2004 3410 2054 te
3437 1997 3700 2067 gratiam

2052 2085 2452 2147 consecutum,
2485 2087 2591 2137 aut
2618 2084 2671 2137 si
2692 2100 2822 2152 prae
2848 2087 3410 2157 nimiastupiditate
3434 2093 3599 2142 tuam
3622 2087 3706 2156 ip-

2051 2166 2172 2221 sius
2207 2171 2482 2226 virtutem
2513 2172 2821 2229 existimas
2845 2177 3108 2244 gratiam
3137 2191 3275 2246 esse,
3299 2192 3418 2232 non
3447 2191 3504 2232 es
3537 2176 3704 2232 beato

2051 2255 2232 2312 Petro
2271 2259 2538 2327 apostolo
2576 2266 2988 2330 prxstantior.
3025 2265 3149 2321 Nec
3195 2267 3350 2322 enim
3392 2265 3704 2320 Dominum

2053 2360 2255 2401 amore
2276 2350 2495 2417 majori
2511 2355 2797 2424 prosequi
2810 2357 3048 2422 poteris,
3081 2371 3260 2427 quam
3293 2355 3396 2427 qui
3420 2355 3505 2411 ita
3532 2353 3704 2410 vehe-

2051 2442 2284 2491 menter
2297 2437 2511 2494 dilexit
2533 2446 2596 2494 ut
2619 2442 2796 2496 etiam
2818 2444 3071 2500 voluerit
3085 2460 3201 2513 pro
3221 2445 3348 2514 ipso
3374 2445 3545 2500 mori.
3567 2442 3702 2507 Sed,

2051 2527 2336 2597 quoniam
2355 2529 2551 2584 animo
2569 2531 2820 2587 elatiore
2840 2533 3074 2590 locutus
3096 2541 3178 2591 est
3201 2550 3332 2591 cum
3355 2535 3537 2590 dixit:
3559 2556 3585 2583 ‹‹
3601 2534 3705 2589 Et-

2049 2616 2102 2671 si
2148 2631 2348 2672 omnes
2389 2619 2798 2677 scandalizati
2852 2624 3087 2692 fuerint
3135 2626 3197 2679 in
3237 2629 3309 2693 te,
3363 2639 3470 2694 ego
3506 2630 3704 2680 tamen

2051 2719 2362 2776 nunquam
2404 2710 2944 2784 scandalzrabor“,
2984 2736 3010 2762 »
3063 2715 3378 2771 timiditati
3421 2713 3704 2769 humanx

2051 2795 2316 2852 traditus
2337 2803 2441 2862 est,
2461 2801 2789 2872 ceciditque
2809 2803 2868 2857 in
2897 2803 3347 2872 inﬁciationem,
3374 2805 3549 2872 lapsu
3572 2818 3706 2859 eru-

2050 2884 2305 2941 diendus
2335 2889 2417 2944 ad
2462 2895 2680 2947 metum
2712 2892 2890 2963 atque
2931 2893 3012 2948 ad
3063 2894 3422 2960 cautionem,
3462 2894 3704 2949 edocen-

2050 2973 2276 3045 dusque
2298 2977 2554 3046 inﬁrmis
2577 2996 2832 3050 parcere
2850 2992 2904 3037 et
2929 2982 3241 3045 debilibus,
3269 2983 3428 3054 quod
3449 2987 3502 3038 et
3532 2997 3700 3038 suam

2050 3067 2326 3134 cognovit
2343 3068 2778 3138 inﬁrmitatem,
2810 3077 2863 3127 et
2883 3073 3202 3141 perspicue
3221 3072 3519 3128 intellexit
3545 3071 3707 3142 quod

2053 3157 2549 3226 quemadmodum
2599 3175 2732 3216 cum
2780 3163 2841 3216 in
2891 3163 3108 3231 pelago
3152 3167 3546 3232 mergeretur,
3591 3175 3706 3231 per

2054 3245 2280 3301 Christi
2303 3247 2614 3306 dexteram
2645 3255 2851 3307 erutus
2889 3258 2993 3318 est,
3041 3253 3129 3308 ita
3156 3252 3219 3307 in
3249 3250 3530 3308 scandali
3563 3266 3704 3321 pro-

2051 3337 2206 3391 cella
2237 3337 2309 3391 ob
2339 3339 2826 3397 incredulitatem
2857 3343 2918 3396 in
2946 3341 3238 3414 pereundi
3253 3342 3590 3412 periculum
3614 3355 3705 3397 ve-

2050 3427 2240 3496 niens,
2276 3427 2498 3484 Christi
2527 3431 2748 3485 virtute
2778 3437 3050 3487 servatus
3090 3433 3182 3486 sit.
3230 3433 3301 3487 In
3325 3430 3477 3500 psal.
3508 3444 3700 3500 χχχιιι,

2051 3531 2112 3570 n.
2147 3522 2222 3572 2:
2251 3519 2456 3588 Neque
2493 3521 2647 3576 enim
2678 3521 2740 3574 in
2784 3523 3054 3590 potentia
3101 3521 3380 3589 hominis,
3428 3535 3618 3591 neque
3642 3520 3705 3575 in

2052 3607 2371 3677 sapientia,
2404 3609 2508 3663 sed
2535 3611 2598 3664 in
2630 3611 2740 3665 Dei
2764 3612 2970 3680 gratia
3007 3612 3174 3666 salus
3200 3616 3306 3670 est.
3337 3609 3478 3665 Vide
3509 3609 3705 3666 homi-

2048 3693 2191 3750 liam
2217 3698 2278 3751 in
2298 3700 2579 3766 p80L'V1l,
2603 3700 2682 3753 ad
2695 3699 2824 3754 haec
2849 3699 3034 3755 verba
3059 3719 3072 3754 :
3103 3701 3179 3755 Et
3209 3701 3699 3769 dirigesjustum.

2052 3786 2144 3840 Sic
2174 3785 2438 3858 loquitur
2467 3789 2524 3842 in
2558 3787 2804 3844 homilia
2819 3791 2881 3844 in
2901 3790 3057 3858 psal.
3089 3805 3252 3857 xxxu,
3276 3805 3338 3845 n.
3369 3793 3398 3843 5
3422 3792 3504 3860 (p.
3540 3791 3699 3852 £37):

2050 3878 2248 3946 Atque
2275 3879 2455 3932 etiam
2481 3878 2737 3932 multum
2769 3883 2852 3934 est
2874 3878 3240 3934 discriminis
3274 3879 3340 3934 in
3359 3880 3706 3947 peccatich

2049 3973 2207 4022 recte
2233 3969 2452 4036 factis:
2485 3968 2609 4022 hac
2639 3969 2796 4022 enim
2825 3970 2972 4024 lenae
2993 3969 3256 4033 vendita,
3281 3969 3340 4023 vi
3359 3985 3426 4038 3n
3455 3972 3701 4037 peccato

2049 4060 2282 4127 est,illa
2316 4073 2451 4114 vero
2483 4060 2555 4114 ab
2579 4059 2749 4114 initio
2777 4059 2983 4115 heram
3015 4059 3228 4115 bonam
3260 4064 3465 4125 nacta,
3499 4060 3559 4114 in
3585 4059 3702 4113 vir-

2046 4151 2306 4220 ginitate
2335 4150 2587 4206 e-‘lucata
2619 4154 2723 4205 est.
2755 4149 2881 4205 Cur
2907 4151 3034 4206 haec
3055 4151 3274 4220 affecta
3298 4150 3576 4218 beneﬁcio
3600 4149 3700 4216 sit,

2048 4241 2160 4295 illa
2192 4256 2327 4296 vero
2376 4241 2807 4295 condemnata:
2856 4246 2909 4295 et
2940 4240 3087 4311 quid
3126 4241 3205 4296 sis
3235 4241 3561 4310 unicuique
3603 4238 3702 4294 ho-

2047 4346 2181 4385 rum
2209 4345 2243 4386 a
2260 4331 2470 4398 judice
2499 4330 2950 4386 retribuendum
2976 4341 2996 4397 ,°
3033 4329 3246 4401 quibus
3290 4329 3562 4384 omnibus
3593 4327 3704 4382 tibi

2046 4422 2106 4476 in
2139 4426 2391 4476 ments-7n
2417 4419 2806 4484 venientibus,
2840 4421 3040 4493 cogita
3069 4420 3177 4476 Dei
3193 4419 3431 4488 judicia
3453 4419 3698 4486 abyssos

264 4511 422 4564 toria:
445 4509 687 4577 praebet
718 4509 1109 4575 occasionem,
1146 4506 1285 4561 huic
1311 4511 1463 4574 ",vero
1491 4515 1830 4576 conceptam
1865 4507 1936 4561 de
1972 4537 2012 4589 υ
2046 4525 2186 4577 esse,
2214 4525 2322 4565 nec
2348 4525 2383 4565 a
2413 4509 2673 4580 quolibet
2696 4510 2884 4576 facile
2902 4507 3329 4577 comprehendi
3341 4507 3700 4578 posse,quod

264 4599 435 4666 lapsu
468 4597 735 4653 alterius
770 4597 1042 4652 lxtitiam
1082 4596 1324 4652 adimit.
1356 4596 1498 4651 Vide
1531 4596 1800 4667 ejusdem
1833 4598 1936 4652 ho-

263 4689 436 4744 miliae
465 4673 534 4745 si.
576 4692 631 4756 3,
666 4705 727 4760 p.
762 4691 861 4743 126
887 4703 900 4751 ;
931 4691 988 4742 et
1017 4703 1076 4742 n.
1112 4691 1164 4751 ὅ,
1198 4704 1255 4759 p.
1293 4689 1412 4757 129,
1445 4692 1502 4742 et
1528 4687 1706 4743 aliam
1739 4688 1932 4742 homi-

255 4777 398 4834 liam
431 4780 494 4834 in
517 4779 833 4847 psalmum
863 4793 1008 4844 mv,
1041 4793 1099 4832 n.
1124 4781 1178 4843 4,
1211 4781 1266 4832 et
1292 4792 1417 4846 reg.
1442 4776 1654 4831 moral.
1683 4781 1768 4838 55,
1794 4782 1850 4832 et
1871 4779 1932 4832 in

261 4870 506 4939 Isaiam,
531 4884 592 4940 p.
610 4871 736 4924 610.
758 4870 822 4921 Et
844 4867 905 4922 in
931 4866 1183 4921 homilia
1204 4872 1283 4922 De
1305 4866 1649 4922 humilitate
1665 4871 1746 4938 (p.
1777 4871 1927 4937 159):

256 4961 428 5015 Nihil
459 4959 624 5015 unde
648 4957 923 5028 gloriari
961 4971 1168 5027 queas,
1200 4958 1480 5012 relictum
1511 4963 1593 5011 est
1618 4957 1742 5025 tibi,
1777 4974 1808 5012 ο
1833 4958 1930 5013 hn-

257 5066 416 5105 mo...
445 5050 605 5116 Quid
633 5050 849 5119 igitur,
876 5046 1000 5107 dic,
1025 5061 1246 5117 quteso,
1283 5053 1336 5102 te
1365 5047 1490 5112 ipse
1517 5049 1692 5116 quasi
1715 5048 1788 5102 de
1815 5048 1930 5102 tuis

260 5141 444 5208 ipsius
477 5140 646 5195 bonis
673 5138 884 5208 effers,
919 5150 1055 5190 cum
1078 5134 1316 5190 deberes
1335 5150 1451 5204 pro
1479 5139 1733 5205 acceptis
1759 5137 1930 5192 donis

253 5231 507 5298 gratiam
541 5228 844 5300 largitori
864 5223 1171 5280 habere?»
1204 5224 1357 5290 Quid
1377 5226 1531 5280 enim
1567 5226 1746 5282 habes
1771 5226 1933 5296 quod

251 5337 357 5378 non
398 5323 691 5394 accepisti
727 5320 758 5376 ‘I
789 5315 975 5390 quod
1001 5329 1051 5369 ει
1090 5316 1268 5370 etiam
1303 5317 1602 5386 accepisti,
1637 5317 1785 5387 quid
1807 5319 1933 5388 glo-

2043 4604 2107 4657 in
2133 4602 2352 4655 divinis
2381 4598 2680 4679 thesauris
2706 4600 2989 4653 conclusa
3018 4603 3177 4652 sunt.
3207 4596 3312 4652 Sed
3332 4602 3385 4652 et
3415 4595 3703 4652 credendi

2044 4691 2191 4746 data
2226 4687 2545 4759 promissio
2589 4694 2673 4744 est
2722 4703 2758 4742 ιι
2789 4690 2930 4754 Deo,
2978 4687 3272 4742 videlicet.
3307 4708 3335 4734 α
3377 4686 3545 4742 Dabo
3589 4685 3700 4740 tibi

2045 4780 2353 4837 thesauros
2379 4779 2756 4834 absconditos
2785 4783 2838 4832 et
2878 4775 3200 4832 invisibiles
3223 4776 3292 4830 5°.
3319 4797 3346 4825 ››
3369 4777 3696 4846 Postquam

2043 4872 2229 4939 igitur
2248 4885 2316 4926 ea
2345 4870 2696 4937 cognitione,
2728 4881 2858 4935 quas
2878 4871 2960 4921 est
2982 4865 3145 4929 facie
3165 4865 3245 4920 ad
3267 4865 3502 4934 faciem,
3527 4865 3700 4935 digni

2043 4959 2231 5015 habiti
2255 4959 2576 5028 fuerimus,
2628 4957 2807 5011 etiam
2847 4971 2944 5011 eos
2975 4970 3109 5025 qua:
3148 4957 3208 5011 in
3249 4957 3356 5011 Dei
3399 4955 3695 5012 thesauris

2041 5055 2181 5104 sunt
2208 5050 2449 5117 abyssos
2479 5047 2866 5102 intuebimur.
2903 5045 3072 5112 Quod
3092 5045 3145 5100 si
3167 5060 3237 5102 ea
3258 5061 3389 5116 quae
3411 5046 3469 5099 in
3494 5045 3696 5114 Scrip-

2043 5147 2182 5196 tura
2208 5141 2280 5194 de
2308 5139 2542 5192 utribus
2571 5137 2735 5192 dicta
2765 5143 2925 5201 sunt,
2960 5137 3292 5207 collegeris,
3329 5135 3696 5204 prophetica:

2017 5229 2350 5286 sententia
2376 5227 2841 5296 intelligentiam
2860 5227 3051 5294 magis
3079 5226 3430 5296 assequeris.
3455 5227 3516 5280 Et
3539 5241 3599 5280 n.
3621 5231 3696 5280 7.·

2041 5319 2427 5389 thuoniam
2456 5317 2638 5372 multi
2661 5321 2799 5371 sunt
2834 5316 3047 5381 vocati,
3077 5315 3262 5384 pauci
3281 5330 3418 5370 vero
3440 5315 3693 5384 electi",

291 5527 332 5560 “
364 5525 479 5584 Job
508 5539 640 5590 xxv,
688 5523 751 5581 4,
804 5515 1019 5590 jux_ta_
1051 5510 1195 5590 EXX.
1276 5511 1339 5590 “A
1367 5511 1523 5590 Psal:
1559 5529 1609 5590 I_.,
1653 5518 1703 5567 7.
1753 5515 1831 5590 ﬁ“
1880 5515 1938 5590 [ξς

2066 5529 2182 5590 Δλιι,
2229 5518 2421 5590 23-25.
2494 5510 2786 5590 "__Matth.
2828 5513 3152 5590 xxv1_,_28._n
3186 5510 3232 5590 ς
3260 5507 3478 5580 Ephes.
3499 5523 3548 5590 _I,
3581 5511 3690 5590 ὂςξ.

217 5601 258 5632 ις
279 5581 429 5658 ρςέίο
466 5581 677 5658 χινιίι,
712 5581 823 5646 i3:
909 5583 1020 5658 5‘11
1045 5581 1182 5658 Cor.
1213 5598 1289 5650 IV,
1320 5587 1375 5658 7ἐ
1402 5584 1443 5618 ⁵¹
1477 5583 1600 5658 Gal.
1635 5601 1709 5658 IV,
1743 5589 1797 5642 9.

205 5673 250 5708 ⁵⁵
277 5673 480 5732 Matth.
527 5684 696 5736 XXVI,
731 5666 844 5719 33-

1903 5586 1948 5620 ⁵³
1979 5585 2229 5659 Philipp.
2260 5602 2340 5655 ιιι,
2371 5589 2454 5640 12.
2533 5585 2601 5638 ⁵³.
2632 5586 2804 5640 Joan.
2825 5598 2921 5650 xv,
2951 5585 3035 5637 16.
3112 5582 3160 5616 ⁵⁸
3191 5582 3360 5636 Rom.
3383 5596 3462 5650 χι,
3488 5585 3691 5650 20,17.

935 5655 1016 5709 ⁵⁵.
1048 5656 1160 5710 lsa.
1192 5670 1316 5722 XLV,
1349 5655 1400 5708 3.
1481 5656 1524 5690 ⁵⁷
1559 5657 1756 5712 Matth.
1791 5671 1922 5727 χχιι,
1953 5660 2036 5713 14.
