4154 6422
217 288 260 339 65
1436 288 1796 345 ELENCHUS
1833 285 2160 342 VETERUM
2197 285 2579 344 LIBRORUM.
3649 285 3716 343 66

207 412 373 481 potenti
398 416 927 480 comparentur.
978 413 1363 485 Propterea
1401 436 1428 463 «
1460 415 1707 482 Inﬁrma
1738 410 1953 467 mundi
1982 414 2029 464 Α
2132 412 2365 479 Agmen
2399 410 2639 467 claudet
2665 410 2899 481 insigne
2928 411 3363 481 testimonium,
3395 412 3562 485 quod
3590 428 3620 467 e
3656 414 3712 469 S-

213 502 339 570 eleqit
362 502 613 568 Deus,ut
642 501 1077 570 confundat
1094 505 1613 571 fortia“.nEt,ex
1629 517 1732 559 ore
1750 502 1952 569 infan-
2063 499 2259 555 Basilii
2288 501 2547 570 Liturgia
2581 501 3011 573 depromptum
3044 504 3249 557 Petrus
3275 502 3572 557 Diaconus
3604 502 3718 571 (18)

222 594 329 647 tium
348 597 392 647 et
414 592 811 646 lactentium
838 592 1160 660 perfecit
1192 594 1527 659 laudem,ut
1550 594 1822 647 destruat
1844 589 1952 643 ini-
2064 590 2202 646 citat
2224 591 2283 645 in
2313 589 2467 645 libro
2481 592 2567 647 De
2591 594 3014 648 incarnatione
3033 600 3087 648 et
3109 594 3312 662 gratia
3333 596 3525 664 cap.8:
3558 593 3720 647 Hinc

228 698 391 737 meum
415 688 465 736 et
498 681 949 747 uttorem‘3p»
980 697 1153 738 nam
1178 683 1388 739 divina
1419 683 1621 752 gratia
1651 682 1715 737 in
1746 681 1955 750 infan-
2067 682 2265 741 etiam,
2302 681 2514 753 inquit,
2544 683 2749 739 beatus
2796 685 3053 739 Basilius
3077 684 3463 739 Caesariensis
3493 684 3721 751 episco-

229 772 415 826 tibusae
437 771 717 825 rudibus
754 774 1389 840 operans,ma.rime
1409 771 1958 840 resplenduitPrm-
2060 785 2178 838 pus
2200 772 2261 825 in
2292 773 2565 827 oratione
2583 774 2748 827 sacri
2775 775 3201 844 altaris,quam
3224 789 3377 842 pene
3406 774 3721 828 universus

226 862 592 918 clarissimum
649 866 757 915 est
805 860 1107 917 initium
1158 862 1334 933 epist.
1377 865 1496 923 161,
1531 860 1608 916 ad
1650 857 1956 930 Amphilo-
2064 859 2415 931 frequentat
2444 862 2674 930 Oriens,
2698 863 2859 918 inter
2886 869 3098 919 czetera
3129 881 3140 918 :
3174 866 3358 932 Dona,
3390 862 3723 934 inquit,Do-

227 953 428 1008 chium:
462 951 875 1007 Benedictus
911 953 1129 1021 Deus,
1165 954 1273 1023 qui
1289 952 1402 1007 sibi
1420 952 1725 1020 placentes
1745 952 1807 1005 in
1838 948 1958 1004 sin-
2067 949 2549 1017 mine,virtutem
2576 956 2633 1006 et
2656 957 3081 1021 tutamentum,
3107 953 3320 1021 malos,
3347 967 3720 1024 quaesumus,

225 1044 355 1112 gulis
383 1043 670 1097 statibus
705 1043 945 1112 eligit,
978 1042 1419 1112 electionisque
1442 1042 1698 1097 secernit
1724 1042 1961 1105 vasa,et
2068 1039 2265 1093 bonos
2297 1037 2497 1107 facito,
2543 1038 2737 1095 bonos
2758 1041 2818 1095 in
2850 1041 3115 1096 bonitate
3143 1057 3474 1106 conserva;
3517 1040 3725 1096 omnia

226 1133 295 1187 his
324 1134 514 1188 utitur
546 1132 633 1187 ad
664 1133 1149 1187 ministerium
1190 1136 1533 1188 sanctorum
1575 1146 1596 1185 :
1647 1130 1750 1202 qui
1796 1142 1960 1183 nunc
2069 1127 2229 1182 enim
2260 1133 2450 1199 potes,
2482 1136 2540 1185 et
2566 1145 2689 1185 non
2716 1135 2803 1186 est
2831 1131 2936 1202 qui
2975 1130 3347 1188 contradicat
3376 1130 3485 1185 tibi
3519 1146 3532 1184 :
3585 1144 3724 1184 cum

228 1228 379 1278 etiam
412 1230 487 1285 te,
519 1238 668 1277 cum
702 1226 1031 1292 fugeres,
1062 1227 1139 1275 ut
1184 1226 1368 1276 tumet
1392 1219 1627 1288 dixisti,
1661 1234 1782 1273 non
1830 1232 1959 1285 nos,
2069 1217 2231 1272 enim
2255 1217 2536 1282 volueris,
2566 1219 2787 1277 salvas.
2833 1225 2893 1275 et
2937 1219 3139 1275 nullus
3167 1219 3385 1275 resistit
3430 1216 3727 1274 voluntati

232 1314 311 1369 sed
360 1314 750 1368 vocationem
780 1327 1009 1384 quam
1044 1327 1161 1381 per
1182 1327 1289 1367 nos
1312 1313 1593 1381 futuram
1619 1308 1961 1377 suspicaba-
2069 1311 2207 1362 tuae.
2238 1307 2392 1363 Ecce
2435 1323 2613 1379 quam
2664 1310 2941 1377 breviter,
2990 1325 3283 1381 quamque
3312 1309 3481 1363 docte
3520 1307 3728 1362 doctor

233 1405 325 1471 ris,
370 1402 865 1458 inevitabilibus
896 1402 1150 1471 gratia:
1180 1401 1405 1457 retibus
1442 1401 1734 1470 illigavit,
1773 1413 1843 1455 ac
1897 1399 1961 1454 in
2072 1397 2345 1466 egregius
2371 1398 2513 1453 olim
2545 1398 2686 1454 huic
2716 1399 3137 1456 controversiae
3155 1400 3334 1467 ﬁnem
3359 1398 3587 1466 posuit,
3626 1394 3729 1451 do-

232 1492 463 1547 mediam
492 1494 821 1548 Pisidiam
860 1491 1153 1547 deduxit
1176 1497 1243 1545 ut
1283 1490 1544 1546 homines
1576 1490 1830 1544 Domino
1861 1504 1961 1544 ca-
2072 1502 2207 1542 cens
2225 1502 2336 1555 per
2361 1487 2520 1542 hanc
2540 1502 2777 1555 precem
2802 1504 2922 1543 non
2955 1504 2991 1544 a
3018 1490 3244 1558 seipsis,
3268 1488 3371 1544 sed
3391 1503 3424 1542 a
3457 1487 3576 1540 Deo
3606 1500 3729 1541 ma-

221 1582 367 1650 μίας,
397 1588 446 1637 et
477 1597 557 1637 ea:
586 1583 758 1651 prof
756 1581 959 1636 unda
994 1580 1332 1649 pet-trahas
1360 1580 1443 1635 ad
1465 1580 1677 1646 lucem,
1706 1594 1851 1651 quos
1877 1592 1963 1634 ce-
2076 1578 2161 1633 los
2188 1577 2453 1633 homines
2485 1578 2663 1633 bonos
2688 1579 2843 1647 ﬁeri,
2864 1594 2972 1635 nec
2995 1595 3107 1635 sua
3127 1580 3479 1651 virtute,sed
3509 1577 3730 1634 divina

218 1671 304 1740 pit
324 1670 623 1739 diabolus,
653 1676 730 1727 ut
758 1685 971 1727 suam
1006 1670 1204 1738 ipsius
1229 1670 1469 1739 faciant
1498 1668 1889 1755 voluntatem.
2072 1669 2289 1739 gratiae
2318 1669 2627 1739 adjutorio
2657 1670 2720 1725 in
2753 1671 2884 1740 ipsa
2916 1672 3182 1729 bonitate
3206 1685 3608 1741 perseverare.

293 1852 339 1886 η
372 1854 392 1906 l
422 1854 555 1908 Cor.
583 1866 628 1919 ι,
658 1855 765 1907 27.
864 1850 923 1886 ⁸³
949 1848 1127 1905 Psal.
1152 1864 1274 1919 vni,
1299 1852 1329 1906 3
1356 1867 1369 1919 ;
1400 1849 1599 1906 Matth.
1624 1866 1735 1916 XXI,
1770 1853 1854 1905 16.

308 2032 419 2102 ue)
450 2032 771 2088 Biblioth.
810 2031 1050 2099 Patr.,
1087 2032 1240 2085 tom.
1274 2030 1361 2101 XI,
1396 2034 1606 2102 p.198.

1568 2473 2449 2598 ELENCHUS

300 2776 575 2838 Veterum
631 2778 985 2839 librorum
1039 2775 1120 2837 ad
1177 2793 1346 2853 quos
1406 2779 1628 2835 exacta
1686 2780 1749 2835 et
1805 2775 2148 2835 emendata
2206 2780 2357 2836 sunt
2412 2774 2634 2836 Basilii
2688 2793 2905 2853 opera,
2966 2791 3110 2853 quae
3162 2776 3227 2835 in
3260 2776 3380 2837 hoc
3409 2776 3735 2839 volumine

1817 2874 2244 2937 continentur.

360 3282 524 3337 Liber
554 3282 645 3337 De
673 3284 913 3350 spiritu
942 3282 1153 3334 sancto
1176 3291 1316 3332 cum
1346 3273 1618 3347 quinque
1641 3273 1841 3344 Regiis
1864 3273 2179 3330 codicibus
2209 3278 2267 3331 et
2299 3289 2424 3331 uno
2456 3273 2815 3331 Colbertino.

361 3389 444 3444 Ad
482 3389 804 3459 Epistolas
833 3388 897 3441 S.
937 3384 1142 3441 Basilii
1166 3398 1390 3453 magno
1423 3382 1698 3439 exstitere
1725 3381 2006 3454 praesidio
2028 3385 2148 3438 tres
2176 3381 2563 3456 potissimum
2596 3382 2834 3437 codices
2882 3380 3305 3454 antiquissimi,
3342 3382 3745 3439 Coislinianus

296 3494 353 3535 n.
381 3484 503 3549 237,
535 3478 772 3535 seculo
806 3476 1045 3533 circiter
1068 3474 1392 3529 undecimo
1420 3472 1680 3544 scriptus
1704 3488 1717 3540 ;
1750 3470 2124 3537 Harlteanus,
2148 3471 2387 3529 decimo
2418 3476 2521 3527 aut
2542 3471 2887 3541 undecimo,
2914 3475 2971 3527 et
2991 3471 3328 3537 Medicreus,
3352 3487 3534 3545 quem
3557 3487 3747 3529 manu

300 3585 401 3625 sua
429 3566 909 3625 accuratissime
954 3581 1094 3620 cum
1128 3562 1301 3619 editis
1332 3561 1581 3618 contulit
1610 3562 1701 3617 vir
1744 3562 1896 3617 inter
1924 3560 2215 3617 litteratos
2268 3560 2695 3617 celeberrimus
2734 3560 3029 3617 Antonius
3056 3561 3235 3618 Maria
3285 3563 3610 3618 Salvinius.
3644 3561 3744 3617 His

300 3659 482 3714 tribus
512 3657 869 3727 codicibus,
904 3654 1120 3710 saltem
1144 3669 1282 3708 cum
1306 3652 1479 3709 editis
1509 3650 1761 3707 contulit
1783 3651 1873 3705 vir
1899 3651 2052 3707 inter
2080 3651 2371 3707 litteratos
2413 3650 2835 3706 celeberrimus
2867 3651 3163 3706 Antonius
3193 3652 3375 3707 Maria
3407 3650 3735 3707 Salvinius.

304 3750 393 3804 His
418 3750 616 3804 tribus
648 3745 1002 3814 codicibus,
1028 3743 1242 3800 saltem
1296 3757 1436 3799 cum
1480 3742 1633 3797 inter
1664 3757 1727 3796 se
1759 3742 2161 3807 consentiunt,
2196 3740 2333 3813 plus
2364 3740 2568 3796 visum
2606 3745 2698 3797 est
2728 3739 3141 3810 tribuendum,
3175 3757 3365 3814 quam
3390 3740 3524 3798 aliis
3551 3739 3746 3798 omni-

302 3837 430 3893 bus.
454 3837 709 3893 Primus
736 3833 1166 3906 complectitur
1195 3831 1478 3904 epistolas
1501 3835 1625 3899 351,
1655 3830 2005 3887 Harlasanus
2036 3834 2160 3898 249,
2187 3830 2502 3886 Medicmus
2531 3834 2653 3886 323.

368 3947 492 4001 Huc
522 3958 854 4001 accessere
879 3940 1070 3997 codex
1092 3943 1236 4011 Reg.
1262 3943 1424 4007 2293,
1466 3938 1610 3994 olim
1642 3938 1966 3994 cardinalis
1998 3938 2297 4006 Mazarini,
2320 3938 2729 4011 complectens
2761 3937 3048 4010 epistolas
3070 3942 3193 3994 272.
3230 3938 3330 3993 Hic
3347 3937 3537 3995 codex
3561 3952 3747 3996 anno~

297 4051 432 4091 rum
458 4040 553 4091 est
579 4038 716 4095 500,
751 4037 812 4088 et
832 4031 1066 4104 primus
1098 4030 1315 4100 Regius
1347 4045 1382 4085 a
1413 4028 1589 4084 nobis
1617 4032 1883 4084 vocatur.
1920 4027 2121 4084 Codex
2149 4031 2288 4098 Reg.
2324 4033 2484 4095 2897,
2510 4043 2694 4100 quem
2717 4027 3056 4084 secundum
3086 4043 3401 4095 vocamus,
3449 4027 3748 4100 complec-

302 4128 445 4181 titur
462 4122 762 4199 epistolas
796 4125 923 4178 334.
960 4120 1159 4177 Codex
1212 4120 1357 4189 Reg.
1391 4122 1555 4187 2896,
1589 4117 1906 4174 continens
1939 4116 2224 4189 epistolas
2256 4123 2345 4175 33.
2374 4118 2575 4174 Codex
2620 4121 2759 4188 Reg.
2802 4118 2964 4188 2502,
2993 4119 3306 4174 continens
3334 4118 3617 4190 epistolas
3654 4121 3748 4175 29.

306 4214 505 4270 Codex
539 4217 691 4283 Reg.
731 4216 892 4278 1824,
937 4212 1001 4266 in
1040 4226 1163 4283 quo
1196 4214 1315 4265 tres
1343 4207 1636 4280 epistolae,
1665 4224 1885 4280 nempe
1917 4210 2003 4278 45,
2038 4210 2139 4264 243
2170 4212 2227 4263 et
2252 4212 2374 4263 260.
2410 4207 2610 4263 Codex
2642 4210 2783 4278 Reg.
2837 4211 2994 4277 l906,
3026 4207 3089 4263 in
3116 4224 3238 4280 quo
3264 4207 3531 4280 epistola:
3584 4206 3741 4273 duas,

298 4321 521 4380 nempe
542 4310 576 4361 2
603 4311 666 4361 et
688 4307 779 4360 46.
807 4302 1013 4359 Codex
1047 4305 1183 4373 Reg.
1223 4303 1381 4363 1908,
1405 4299 1468 4354 in
1497 4315 1621 4371 quo
1643 4299 1937 4372 reperitur
1959 4298 2213 4371 epistola
2243 4297 2322 4355 ad
2358 4296 2693 4353 Chilonem.

370 4414 718 4471 Habuimus
743 4412 932 4471 etiam
950 4410 1154 4465 varias
1194 4405 1482 4465 lectiones
1510 4423 1580 4463 ex
1622 4406 1936 4464 codicibus
1963 4405 2444 4470 Combeﬁsianis,
2483 4404 2809 4476 Bigotianis
2840 4403 3108 4472 duobus,
3134 4405 3607 4461 Claromontano
3638 4405 3753 4460 An-

314 4506 564 4575 glicano,
619 4506 687 4562 in
734 4519 863 4577 quo
911 4500 1189 4575 epistolas
1234 4503 1323 4568 28,
1377 4498 1687 4568 Vaticano,
1718 4498 1781 4553 in
1811 4514 1935 4570 quo
1984 4494 2254 4568 epistolae
2302 4500 2425 4566 327,
2460 4511 2571 4551 nec
2618 4510 2743 4550 non
2790 4494 3044 4564 insignis
3085 4494 3363 4551 Ecclesiae
3403 4493 3753 4549 Parisiensis

322 4595 536 4665 codice,
586 4595 697 4669 qui
748 4594 917 4651 idem
948 4590 1191 4647 videtur
1222 4604 1357 4645 esse
1408 4604 1478 4644 ac
1509 4588 1964 4659 Bigotianorum
1997 4584 2165 4641 alter.
2202 4584 2621 4656 Suppeditavit
2666 4583 3032 4639 bibliotheca
3082 4583 3449 4641 Coisliniana
3479 4582 3751 4638 codicem

320 4688 435 4751 288,
465 4686 523 4742 in
551 4703 682 4760 quo
713 4684 987 4760 epistola;
1024 4685 1153 4749 3'28,
1185 4695 1373 4751 quem
1402 4678 1840 4734 Coislinianum
1899 4674 2240 4731 secundum
2271 4689 2597 4741 vocamus;
2641 4678 2698 4728 et
2729 4672 2879 4729 alios
2908 4672 3260 4734 nonnullos,
3291 4671 3352 4727 in
3383 4671 3607 4743 quibus
3640 4670 3753 4727 ali-

317 4782 453 4847 quot
505 4777 709 4833 Basilii
740 4774 1040 4849 epistolaa.
1078 4773 1362 4828 Canones
1417 4766 1607 4822 Basilii
1660 4766 1862 4822 collati
1914 4764 2156 4820 fuerunt
2197 4780 2335 4819 curn
2366 4763 2644 4836 pluribus
2675 4762 2988 4819 codicibus
3029 4761 3303 4832 ejusdem
3342 4760 3750 4831 bibliothecas,

311 4881 378 4921 ex
420 4866 644 4940 quibus
689 4869 881 4925 codex
936 4867 1050 4922 209
1103 4858 1260 4916 noni
1291 4872 1428 4915 esse
1457 4856 1662 4915 saeculi
1690 4855 2092 4926 existimatur,
2125 4857 2352 4911 etcum
2401 4853 2596 4924 Regiis
2648 4850 2961 4908 codicibus
2994 4855 3155 4917 2038,
3189 4854 3351 4919 2039,
3391 4852 3554 4919 2043,
3584 4852 3748 4920 2044,

314 4956 468 5020 2502,
491 4960 650 5033 2505,
680 4964 841 5029 2508,
876 4959 1057 5026 2509,
1099 4952 1277 5008 3027.
