4154 6404
634 271 699 322 67
2011 268 2070 326 S.
2111 268 2292 326 BASII

2402 268 2641 326 MAG-Nl.
3551 325 3554 327 .
3903 275 3964 330 68

649 444 3955 475 m

1412 644 1651 733 ΤΟΥ
1709 647 1855 733 ΕΝ
1917 647 2303 734 ΑΓΙΟΙΣ
2363 646 2822 736 ΠΑΤΡΟΣ
2879 645 3208 734 ΗΜΩΝ

1673 861 2942 1037 ΒΑΣΙΛΕΙΟΥ

983 1162 1965 1251 ΑΡΧΙΕΠΙΣΚΟΠΟΥ
2050 1163 2706 1251 ΚΑΙΣΑΡΕΙΑΣ
2794 1162 3646 1253 ΚΑΠΠΑΔΟΚΙΑΣ

1136 1382 1501 1496 ΠΕΡΙ
1579 1381 1886 1498 ΤΟΥ
1962 1380 2430 1499 ΑΓΙΟΥ
2510 1382 3478 1501 ΠΝΕΥΜΑΤΟΣ

1235 1624 1403 1671 ΠΡΟΣ
1450 1625 1587 1671 TON
1631 1624 1716 1671 ΕΝ
1757 1623 1976 1673 ΑΙἸΟΙΣ
2021 1623 2288 1673 ΑΜΦΙΛΟ

2380 1625 2463 1672 DN
2501 1621 2617 1690 (19)
2661 1626 3052 1676 ΕΠΙΣΚΟΠΟΝ
3104 1626 3387 1675 ΙΚΟΝΙΟΥ

1540 1925 1685 2063 S.
1797 1926 1962 2064 P.
2072 1926 2250 2064 N.
2361 1925 3078 2066 BASILII

1157 2205 1724 2286 ΟλἘΞΑΡιΕλΕ
1801 2203 2531 2288 CAPPADOCI/E
2608 2206 3463 2290 ARCHIEPISCOPI

1313 2424 1748 2532 LIBER
1822 2423 2006 2530 DE
2087 2422 2658 2533 SPIRITU
2738 2425 3290 2534 SANCTO

1483 2675 1569 2718 AD
1615 2673 1670 2719 s.
1717 2672 2242 2719 AMPHILOCHIUM
2289 2672 2491 2718 ICONII
2535 2674 2914 2721 EPISCOPUM
2960 2657 3114 2737 (20).

1247 2954 1289 3023 1
1338 2954 1562 3008 CAPUT
1601 2954 1639 3007 ι.

617 3062 970 3118 Prooemium
1018 3062 1082 3116 in
1114 3076 1230 3118 auo
1256 3061 1595 3117 ostenditur
1623 3061 1992 3116 necessarias
2032 3073 2154 3116 esse
2199 3058 2272 3115 de

649 3134 1066 3190 minutissimis
1089 3131 1398 3202 theologia:
1435 3131 1718 3201 partibus
1733 3131 2266 3200 perscrutationes.

691 3247 738 3298 i.
773 3241 1123 3299 Collaudavi
1145 3242 1207 3297 in
1253 3240 1525 3296 moribus
1565 3241 1683 3295 tuis
1712 3239 1986 3296 discendi
2012 3242 2070 3294 et
2097 3237 2269 3294 labo-

611 3331 787 3386 randi
814 3331 1083 3386 studium
1111 3348 1123 3398 ;
1158 3347 1228 3386 ac
1260 3345 1447 3403 supra
1486 3329 1738 3385 modum
1771 3329 2101 3384 delectatus
2133 3342 2268 3382 sum

613 3420 1148 3493 attentione,atque
1165 3419 1472 3489 vigilantia
1490 3419 1761 3475 elucente
1791 3419 1853 3473 in
1883 3423 1987 3473 tua
2013 3416 2114 3472 illa
2142 3432 2270 3472 sen-

609 3509 817 3577 tentia,
850 3525 973 3583 qua
999 3526 1211 3565 vocem
1241 3509 1474 3565 nullam
1507 3526 1580 3564 ex
1607 3509 1677 3564 iis
1706 3523 1841 3580 quze
1871 3509 1933 3562 in
1962 3505 2130 3563 omni
2152 3521 2270 3562 sero

611 3599 810 3654 monis
840 3616 952 3655 usu
979 3599 1054 3655 de
1079 3601 1196 3655 Deo
1223 3599 1786 3672 proferuntur,citra
1810 3611 2064 3652 examen
2094 3595 2267 3652 relin-

605 3690 915 3761 quendam
971 3691 1022 3760 2
1077 3694 1280 3763 putas,
1337 3706 1373 3746 ο
1425 3692 1609 3761 caput
1654 3687 1930 3754 charum,
1989 3686 2263 3758 mihique

605 3779 871 3835 maxime
925 3779 1202 3835 omnium
1246 3778 1600 3852 pretiosum,
1633 3775 1815 3832 frater
1858 3774 2260 3847 Amphilochi.

606 3870 936 3940 Postquam
953 3869 1113 3924 enim
1131 3873 1290 3925 recte
1312 3867 1594 3924 audivisti
1615 3867 1772 3921 hanc
1796 3865 2031 3921 Domini
2059 3865 2267 3920 admo-

606 3957 935 4014 nitionem:
973 3958 1246 4030 Quisquis
1266 3959 1438 4027 petit,
1461 3958 1700 4026 accipit,
1720 3961 1772 4012 et
1793 3960 1901 4027 qui
1918 3957 2156 4026 quaerit,
2179 3957 2268 4010 in-

605 4048 1086 4120 venit°‘,petendi
1109 4047 1535 4118 diligentia,vel
1552 4045 2096 4102 desidiosissimum
2121 4045 2269 4100 mihi

605 4137 829 4194 videris
865 4137 944 4194 ad
974 4138 1450 4211 impartiendum
1491 4137 1749 4193 excitare
1797 4151 1996 4208 posse.
2033 4135 2187 4202 Quin
2212 4139 2268 4191 et

604 4226 754 4284 illud
784 4227 846 4284 in
889 4234 944 4285 te
1002 4231 1300 4301 majorem
1351 4230 1410 4285 in
1462 4228 1718 4284 modum
1767 4227 2054 4297 admiror,
2099 4225 2266 4299 quod

2299 2953 2347 3006 Α

2923 2959 3317 3008 ΚΕΦΑΛΑΙΟΝ
3376 2952 3448 3008 Α’.

2382 3062 2680 3133 Προοίμιον,
2716 3058 2765 3111 ἕν
2865 3061 2946 3113 ὅτι
2973 3059 3481 3135 ἀναγκαῖαι-(21)ἀὶ
3528 3066 3653 3135 περὶ
3694 3070 3795 3114 τῶν
3827 3080 3996 3135 μικρο-

2665 3133 2831 3183 τάτων
2858 3140 3025 3207 μερῶν
3054 3142 3146 3194 τῆς
3179 3131 3438 3204 θεολογίας
3478 3131 3714 3206 ἔρευναι.

2455 3244 2504 3295 1.
2553 3239 2812 3314 Ἐπῄνεσα
2861 3243 2918 3292 τὸ
2969 3241 3248 3314 φιλομαθές
3283 3261 3376 3294 σου
3416 3246 3510 3293 καὶ
3577 3242 3858 3314 φιλόπονον
3911 3247 3995 3292 τοῦ

2379 3334 2595 3402 τρόπου,
2644 3336 2732 3384 καὶ
2787 3331 2957 3389 ἣσθην
2995 3351 3055 3402 γε
3103 3334 3375 3406 ὑπερφυῶς
3409 3339 3482 3402 τῷ
3530 3330 3864 3402 ἐπιστατικῷ
3920 3334 4000 3383 καὶ

2379 3419 2610 3492 νηφαλίῳ
2638 3429 2732 3482 τῆς
2773 3417 3028 3487 διανοίας,
3079 3417 3154 3473 δι’
3211 3423 3272 3484 ἧς
3322 3417 3579 3494 οὐδεμίαν
3636 3419 3998 3484 ἀδιερεύνητον

2379 3513 2474 3563 οἴει
2526 3518 2728 3585 χρῆναι
2807 3511 3214 3584 καταλιμπάνειν
3269 3515 3460 3584 φωνὴν,
3541 3521 3648 3564 τῶν
3715 3514 3840 3564 ὅσαι
3891 3513 4001 3582 περὶ

2379 3608 2511 3654 Θεοῦ
2543 3605 2678 3654 κατά
2729 3607 2905 3654 πᾶσαν
2953 3607 3140 3676 χρείαν
3197 3609 3290 3654 τοῦ
3328 3600 3484 3673 λόγου
3546 3608 3924 3678 προφέρονται,
3965 3597 4000 3650 ὦ

2378 3689 2495 3762 φιλη
2524 3690 2717 3764 κεφαλὴ
2774 3696 2864 3743 καὶ
2917 3693 3207 3764 τιμιωτάτη
3260 3711 3350 3764 μοι
3379 3700 3592 3760 πασῶν,
3645 3689 3842 3764 ἀδελφὴ
3879 3689 3999 3764 Ἀμ-

2378 3781 2604 3853 φιλὸχιε.
2658 3781 2834 3842 Καλῶς
2887 3784 2988 3858 γὰρ
3057 3781 3296 3843 ἀκούσας
3346 3791 3438 3842 τῆς
3497 3788 3872 3858 παραινέσεως
3915 3787 4000 3835 τοῦ

2378 3877 2595 3944 Κυρίου,
2649 3873 2727 3924 ὅτι
2805 3877 2912 3933 Πᾶς
2969 3873 2993 3922 ὁ
3053 3870 3209 3924 αἰτῶν
3267 3869 3545 3943 λαμϐάνει,
3599 3876 3694 3924 καὶ
3754 3873 3780 3925 ὁ
3837 3873 4003 3932 ζιτῶν

2375 3963 2626 4034 εὑρίσκει,
2683 3969 2744 4034 τῇ
2790 3965 2908 4034 περὶ
2934 3963 2993 4012 τὸ
3046 3961 3205 4013 αἰτεῖν
3238 3959 3498 4034 ἐμμελείᾳ,
3557 3966 3654 4014 καὶ
3709 3965 3801 4014 τὸν
3853 3960 4004 4017 ὀκνη-

2373 4055 2592 4126 ρότατὸν
2623 4070 2713 4123 μοι
2741 4047 2914 4112 δοκεῖς
2962 4049 3021 4102 ἃν
3052 4047 3411 4109 ὃιαναστῆσαι
3435 4055 3575 4122 πρὸς
3636 4055 3734 4111 τὴν
3786 4045 4006 4125 μετάδο-

2379 4160 2481 4195 σιν.
2517 4141 2708 4194 Ἐκεῖνο
2765 4137 2824 4193 δέ
2852 4160 2946 4193 σου
2977 4145 3066 4193 καὶ
3099 4141 3247 4194 πλέον
3298 4142 3527 4213 ἄγαμαι,
3595 4143 3682 4194 ὅτι
3709 4142 3772 4194 οὗ
3828 4145 4008 4215 πείρας

2376 4231 2535 4283 ἕνεκεν
2589 4233 2725 4283 κατὰ
2776 4234 2899 4294 τοὺς
2973 4231 3189 4292 πολλοὺς
3263 4240 3364 4283 τῶν
3418 4238 3509 4282 νῦν
3569 4235 3671 4295 τὰς
3729 4231 4010 4306 ἐρωτῆσεις

606 4333 731 4374 non
759 4317 1026 4375 tentandi
1053 4319 1269 4390 gratia,
1300 4324 1366 4374 ut
1399 4334 1561 4373 nunc
1585 4317 1878 4390 plerique,
1901 4319 2267 4389 quaestiones

2380 4325 2638 4396 προτείνῃ,
2680 4319 2809 4373 ἀλλᾶ
2846 4328 2937 4373 τοῦ
2992 4323 3114 4394 ὅπερ
3147 4321 3286 4374 ἐστὶν
3335 4321 3461 4373 αὐτό
3510 4326 3574 4374 τὸ
3626 4321 3829 4385 ἀληθὲς
3880 4321 4012 4384 ἔξευ-

604 4409 919 4481 proponis,
955 4409 1063 4464 sed
1107 4413 1173 4464 ut
1203 4407 1350 4481 quid
1379 4408 1453 4464 sit
1494 4423 1704 4464 verum
1731 4407 2082 4476 investiges.
2117 4407 2267 4461 Nam

603 4499 709 4571 qui
739 4499 992 4556 curiosis
1016 4498 1266 4556 auribus
1295 4504 1506 4556 nostra
1529 4499 1718 4555 verba
1743 4500 2007 4571 captent,
2042 4496 2266 4570 quique

674 4684 724 4719 δ”
754 4683 892 4738 Luc.
923 4697 998 4751 xx,
1028 4685 1114 4739 l0.

674 4866 787 4938 (19)
830 4867 966 4938 Πρὸς
997 4863 1362 4938 ’ᾼμφιλόχιον.
1397 4865 1524 4938 Duo
1555 4861 1718 4932 Regii
1746 4861 1997 4938 codices
2046 4867 2104 4938 ct
2129 4863 2261 4920 Col-

601 4933 984 5009 bertinus'sic
1020 4933 1268 5000 habent,
1295 4942 1397 4986 Του
1425 4935 1577 5006 ἁγίου
1611 4933 1882 4986 Βασιλείου
1915 4939 2043 5009 πρὸς
2078 4937 2262 5009 Ἀμφι-

601 5009 782 5081 λὸχιον
828 5007 1115 5059 ἐπίσκοπον
1141 5009 1358 5059 Ἰκονίου
1389 5016 1484 5068 τῆς
1511 5011 1789 5060 Λυκαόνων
1836 5007 1961 5078 περὶ.
1984 5027 2075 5058 του
2106 5007 2258 5078 ἁγίου

603 5079 896 5152 Πνεύματος
1018 5079 1291 5150 κεφαλαίος
1344 5081 1645 5152 τριάκοντα.
1686 5082 1899 5135 Sancti
1928 5080 2151 5134 Basilii
2180 5080 2262 5135 ad

601 5151 1094 5221 Amphilochium
1145 5154 1485 5219 episcopum
1533 5152 1726 5207 Iconii
1779 5152 2129 5220 Lycaonum
2186 5152 2261 5206 de

600 5225 832 5294 Spiritu
879 5230 1088 5278 sancto
1145 5224 1206 5277 in
1247 5223 1543 5291 capitibus
1595 5225 1872 5292 triginta.
1921 5223 2147 5278 Titulus
2196 5223 2258 5277 in

603 5293 743 5366 Reg.
777 5297 945 5350 tertio
976 5293 1218 5350 etColb.
1253 5310 1377 5349 non
1424 5294 1624 5348 solum
1670 5297 1784 5349 hoc
1815 5294 1948 5348 loco
1975 5295 2253 5360 occurrit,

601 5369 708 5422 sed
731 5367 909 5422 etiam
955 5373 1136 5421 antea
1177 5366 1528 5420 summariis
1557 5367 1736 5420 totius
1777 5366 1975 5422 oneris
2005 5367 2066 5421 in
2093 5366 2255 5421 ordi-

599 5455 739 5496 nem
799 5439 1048 5508 digestis
1088 5438 1487 5509 prasmittitur,
1545 5437 1636 5492 his
1692 5437 1944 5492 vocibus
1985 5437 2252 5493 additis:

599 5518 1044 5581 προσφωνητικῶς
1077 5515 1605 5581 -προσερωτήσαντος,
1648 5509 1752 5564 ubi
1809 5515 1966 5564 recte
1999 5509 2254 5566 Combe-

599 5563 770 5636 ﬁ‘sius
817 5563 1043 5654 monet
1076 5563 1406 5648 legendum
1433 5563 2063 5654 esse;’npimm_ai;¢
2099 5581 2256 5654 Desi-

600 5656 789 5722 gnaut
814 5652 974 5708 enim
1003 5653 1096 5708 has
1128 5667 1301 5709 voces
1321 5652 1704 5724 praemissam
1733 5652 1772 5710 a
1791 5652 2006 5710 Basilio
2043 5652 2256 5725 perho-

2376 4418 2501 4485 ρείν.
2561 4418 2673 4463 Τῶν
2721 4413 2813 4483 μεν
2869 4413 2972 4484 γὰρ
3021 4411 3492 4464 ὠτακουστούντων
3549 4420 3646 4464 νῦν
3689 4419 3786 4465 καὶ
3821 4409 4012 4485 διερω-

2377 4507 2580 4554 τώντων
2634 4503 2775 4573 ἡμᾶς
2833 4500 3047 4559 εὐθηνία
3097 4500 3258 4559 πολλή
3295 4517 3309 4532 ⁸
3360 4499 3650 4573 φιλομαθεῐ
3713 4499 3778 4557 δὲ
3830 4502 4011 4574 ψυχῇ,

2370 4861 2689 4934 noriﬁcam
2720 4857 3153 4914 salutationem
3171 4857 3612 4934 Amphilochii,
3642 4878 3682 4918 a
3716 4879 3848 4934 quo
3877 4877 4020 4920 con~

2375 4935 2567 5008 sultus
2594 4932 2812 4987 fuerat.
2843 4934 3060 5008 R_egius
3079 4929 3326 5003 quintus
3354 4929 3690 5008 additﬂxar'
3724 4929 4016 5008 Εὐνομίαν.

2374 5006 2489 5062 Sed
2521 5011 2808 5061 nontam
2864 5006 3226 5058 Eunomium
3275 5019 3462 5074 quam
3525 5006 4021 5064 Pneumatdma-

2371 5080 2516 5152 chos
2544 5079 2877 5152 oppugnat_
2894 5075 3146 5130 Basilius
3173 5092 3185 5141 ;
3209 5075 3491 5152 quamvis
3521 5075 3729 5152 istius
3764 5093 4022 5152 quoque

2368 5145 2745 5228 impietatem
2767 5147 2984 5228 eadem
3014 5162 3201 5228 opera
3223 5145 3558 5228 subvertat.

2442 5216 2673 5345 ('20)dEtx
2701 5216 3193 5291 interpretatione
3222 5216 3454 5273 Erasmi
3507 5218 3817 5289 pluribus
3867 5220 4021 5279 locis

2442 5308 2544 5345 aen
2596 5308 2630 5345 a
2661 5307 2714 5345 a.

2369 5298 2714 5348 emendata.

2438 5361 3114 5438 (21-γφτιψάναγκαῖαιὲίίο
3139 5366 3369 5416 veteres
3391 5359 3804 5438 libri,melius
3827 5381 4025 5438 quam

2367 5433 2638 5490 in'editis
2680 5437 2760 5486 ὅτι
2790 5440 2899 5486 καί.
2926 5434 3108 5489 Paulo
3136 5441 3274 5504 post
3295 5433 3587 5504 nonnulli
3625 5433 3889 5494 codice—5
3935 5443 4026 5489 καὶ

2366 5500 3349 5579 angulias.Ibidemiutraqueeditio
3383 5500 3454 5579 δι’
3483 5501 3584 5579 ὧν,
3624 5509 3747 5564 sed
3772 5509 4025 5564 codices

2365 5575 2584 5636 omnes
2629 5595 2799 5646 mss.,
2835 5577 2899 5633 id
2945 5575 3065 5647 est,—
3105 5575 3375 5649 quinque
3405 5576 3586 5645 Regii
3629 5585 3693 5638 et
3726 5580 4027 5640 Colberti-

2367 5667 2504 5720 nus,
2540 5655 2605 5709 ut
2624 5651 2687 5707 in
2708 5654 3011 5708 contextu.
