4154 6416
167 278 212 330 σο
1451 285 1657 341 LIBER
1696 285 1787 340 DE
1827 285 2092 342 SPIRITU
2135 287 2426 344 SANCTO.
3195 272 3198 274 ⁷
3554 293 3625 348 7o

162 407 225 456 ui
255 403 358 474 πρὸς
413 399 663 473 ἀγνοίας
697 406 892 457 ἴασιν
930 412 1052 467 τὴν
1118 410 1367 470 ἀλήθειαν
1397 410 1690 483 ἐκζητοῦση
1744 429 1855 480 χα-

1982 411 2333 483 ιιιεεειὶοιιοε
2381 411 2557 468 nobis
2582 411 2889 483 objiciant,
2921 412 3142 469 horum
3188 414 3303 470 hoc
3353 419 3622 489 tempore

163 491 392 545 λιπώτατον
429 491 739 565 ἐντυχεῖν.
766 494 879 557 'Sk
911 502 1040 574 γὰρ
1079 506 1252 572 παγις
1286 503 1539 574 θηρατῶν,
1567 504 1656 552 καὶ
1698 498 1854 551 πολε-

174 586 345 656 μούνων
370 579 599 658 ἰνέόδρα,
646 591 1046 660 κεκρυμένον
1089 594 1182 642 τὸν
1217 587 1365 643 δόλον
1405 591 1518 661 ('22)
1558 593 1648 641 καὶ
1700 588 1854 660 ἐγκα-

177 676 368 726 τάσκευον
394 676 522 746 ἔχει
565 677 649 726 τὰ
715 685 843 727 τῶν
894 677 1130 731 πολλῶν
1177 679 1501 754 ἐρωτήματα,
1535 679 1584 732 οἱ
1621 677 1853 752 προϐάλ-

175 764 521 836 λονσιλόγονς,
557 764 688 837 οὐχ
737 767 848 818 ἶνα
884 787 951 819 τι
983 774 1268 841 χρήσιμον
1313 768 1543 821 λάϐωσιν
1580 767 1632 829 ἐξ
1661 767 1851 835 αὐτῶν,

170 853 251 907 ἀλλ’
277 857 430 923 ὅπως,
473 854 566 908 ἐὰν
633 861 719 929 μή
778 856 1229 929 σνμϐαινούσας
1277 867 1338 932 τῇ
1372 859 1561 912 ἑαυτῶν
1602 857 1854 929 ἐπιθυμίᾳ

165 946 244 1007 τὰς
276 944 592 1020 ἀποκρίσεις
626 947 897 1020 εὕρωσι,
947 951 1162 1007 ταύτην
1196 948 1431 1024 ἀφορμὴν
1459 945 1674 1001 δικαίαν
1711 949 1853 1018 ἔχειν

165 1031 343 1098 δόξωσι
371 1043 463 1088 τοῦ
486 1035 780 1109 πολέμου.

1963 517 2190 571 magna
2215 507 2306 557 est
2327 501 2520 573 copia.
2557 506 2625 558 At
2649 503 2710 556 in
2735 501 3006 558 animum
3049 503 3319 559 discendi
3349 505 3619 573 avidum,

1963 590 2191 662 quique
2222 591 2300 646 ad
2334 591 2731 661 ignorationis
2766 591 3068 647 medelam
3099 609 3309 649 verum
3339 594 3619 667 inquirat,

1962 678 2390 736 difficillimum
2439 685 2528 737 est
2578 681 2861 737 incidere.
2914 682 3142 738 Etenim
3169 688 3234 739 ut
3272 689 3625 742 venatorum

1959 766 2213 841 laqueus
2245 775 2300 825 et
2336 770 2602 826 hostium
2625 771 2879 840 insidiae,
2909 771 2988 826 ita
3018 771 3296 828 fraudem
3327 774 3625 832 occultam

1961 862 2019 913 et
2049 864 2174 914 arte
2203 860 2560 916 instructam
2585 861 2812 916 habent
2838 861 3166 918 multorum
3213 862 3627 934 interrogatio-

1965 961 2097 1016 nes,
2121 948 2226 1019 qui
2270 949 2582 1021 proferunt
2602 949 2662 1004 in
2695 949 2962 1005 medium
2989 951 3375 1023 quaestiones,
3409 969 3532 1010 non
3563 961 3629 1012 ut

1882 1057 1884 1060 ν
1959 1050 2031 1090 ex
2062 1036 2156 1091 his
2193 1037 2422 1110 aliquid
2447 1039 2691 1110 capiant
2741 1038 3024 1109 utilitatis,
3055 1040 3160 1096 sed
3203 1045 3286 1110 ut,
3329 1042 3378 1098 si
3425 1044 3628 1100 minus

157 1125 669 1182 accommodatas
709 1143 871 1182 suae
907 1128 1242 1200 cupiditati
1262 1128 1688 1200 responsiones
1718 1123 2046 1195 inveniant,
2072 1124 2231 1181 hanc
2256 1126 2392 1182 belli
2421 1144 2672 1184 causam
2703 1128 2927 1184 habere
2949 1129 3178 1199 justam
3208 1131 3553 1190 videantur.

220 1220 271 1271 2.
328 1217 389 1270 Εἰ
436 1213 500 1270 τῖε
561 1225 644 1288 τῷ
707 1217 990 1290 Ἀνοήτῳ
1066 1217 1457 1293 ἐπερωτήσαντι
1525 1219 1637 1288 (23)
1699 1220 1856 1288 σοφία

161 1305 572 1378 ληισθήσεταιο
657 1311 764 1359 τὸν
826 1310 1074 1360 συνετὸν
1129 1306 1410 1380 ἀκροατὴν,
1475 1310 1562 1359 τὸν
1606 1308 1706 1358 ὑπὸ
1763 1312 1855 1357 τοῦ

163 1401 421 1470 προφήτου
483 1403 567 1468 τῷ
641 1398 998 1468 Θαυμαστῷ
1063 1395 1341 1470 συμϐούλῳ
1398 1397 1852 1472 παραζευχθέντα,

161 1491 327 1539 πόσου
366 1487 517 1550 ἄξιον
547 1486 987 1560 λογισόμεθας
1024 1486 1092 1539 Ἦ
1141 1506 1240 1539 που
1274 1483 1482 1539 δίκαιον
1538 1489 1717 1547 πάσης
1768 1487 1857 1557 μεν

159 1572 442 1649 ἀποδοχῆς
492 1575 727 1644 ἀξιοῦν,
775 1577 1064 1649 προάγειν
1114 1573 1173 1628 δι
1225 1576 1291 1636 εἰς
1319 1580 1377 1628 τὸ
1407 1580 1611 1649 πρόσω,
1672 1593 1856 1646 συνεφ-

162 1670 484 1738 απτομνους
513 1665 676 1738 αὐτῷ
713 1673 835 1726 τῆς
897 1663 1178 1735 σπουδῆς,
1233 1670 1323 1718 καὶ
1378 1669 1549 1718 πάντα
1607 1683 1858 1717 συνεκπο-

2035 1218 2089 1268 2.
2109 1215 2282 1280 Quod
2308 1216 2355 1272 si
2380 1217 2578 1273 Stulto
2608 1218 3020 1289 interroganti
3038 1221 3340 1288 sapientia
3371 1223 3629 1292 imputa-

1966 1302 2130 1358 bitur
2159 1305 2206 1339 ⁸⁵
2243 1322 2254 1359 :
2307 1307 2782 1363 auscultatorem
2813 1309 3198 1380 prudentem,
3249 1326 3433 1382 quem
3491 1327 3630 1384 pro-

1963 1392 2147 1464 pheta
2169 1409 2308 1450 cum
2321 1395 2663 1452 admirabili
2677 1397 3020 1453 consiliario
3034 1399 3630 1474 copulavit“,quanti

1965 1482 2404 1540 aestimabimus
2427 1485 2454 1540 ?
2484 1486 2750 1558 IEquum
2778 1491 2865 1542 est
2894 1486 3182 1560 profecto,
3237 1493 3302 1544 ut
3349 1505 3489 1545 eum
3529 1506 3631 1564 ap-

1968 1571 2327 1644 probatione
2347 1575 2515 1630 omni
2541 1575 3116 1647 complectamur,ac
3147 1576 3388 1648 longius
3417 1593 3629 1651 prove—

1967 1662 2208 1730 hamus,
2233 1679 2487 1720 manum
2508 1664 2664 1720 illius
2695 1665 2897 1722 studio
2929 1666 3113 1722 simul
3138 1668 3553 1740 admoventes,
3577 1674 3636 1727 et

158 1763 401 1824 νοῦντας,
456 1756 825 1828 ἐπειγομένῳ
859 1758 1012 1831 πρὸς
1046 1759 1141 1814 τὴν
1189 1754 1466 1810 τελείωσιν.
1507 1759 1578 1808 T6
1617 1757 1728 1828 γάμ
1784 1758 1854 1826 μὴ

1982 1767 2029 1807 .n
2055 1753 2341 1808 omnibus
2381 1771 2520 1810 cum
2560 1771 2629 1811 eo
2660 1755 2739 1812 ad
2777 1756 3210 1828 perfectionem
3233 1759 3634 1817 contendente

1732 1842 1862 1896 ἀλλὰ

162 1937 457 2008 πειρᾶσθαι
511 1939 605 1990 τὸν
653 1934 710 1988 ἰν
791 1935 1016 2008 ἑκάστη
1072 1934 1206 1998 λέξει
1262 1939 1352 1987 καὶ
1409 1933 1456 1986 ἕν
1509 1934 1700 2008 ἑκάστη
1745 1935 1859 2004 (24)

158 1850 439 1920 παρέργως
516 1844 754 1900 ἀκούειν
847 1854 965 1896 τῶν
1050 1843 1358 1915 θεολογικῶν
1434 1853 1652 1916 φωνῶν,

173 2024 406 2098 συλλαϐῇ
454 2029 855 2101 κεκρυμμένον
917 2031 1047 2077 νοῦν
1078 2022 1379 2096 ἐξιχνεύειν,
1440 2025 1534 2076 οὐχ
1579 2023 1750 2097 ἀργῶν
1791 2027 1861 2084 εὶς

188 2113 461 2184 εὗσέςειαν,
521 2115 666 2169 ἀλλὰ
722 2115 1128 2189 γνωριζόντων
1188 2117 1277 2165 τὸν
1339 2117 1530 2166 σκοπὸν
1583 2119 1679 2175 τὴς
1737 2113 1860 2171 κλή-

206 2221 330 2266 σεως
383 2207 526 2270 ἡμῶν
561 2221 577 2235 ·
647 2206 741 2259 ὅτι
785 2208 1090 2280 πρόκειται
1157 2205 1286 2276 ἡμῖν
1345 2205 1664 2275 ὁμοιωθῆναι
1728 2212 1862 2275 Θεῷ,

207 2297 331 2346 κατά
354 2297 409 2347 τὸ
437 2293 674 2348 δυνατὸν
735 2294 1047 2370 ἀνθρώπου
1105 2295 1282 2364 φύσει.
1314 2292 1593 2366 Ὀμοίωσις
1652 2291 1729 2360 δὲ,
1772 2294 1867 2346 οὐκ

206 2383 320 2435 ἄνευ
346 2391 579 2455 γνώσεως
616 2402 630 2414 ·
679 2387 714 2443 ἡ
767 2381 837 2437 δὲ
870 2393 1104 2456 γνῶσις,
1134 2382 1233 2435 οὐκ
1273 2381 1417 2446 ἐκτὸς
1447 2384 1559 2454 (25)
1603 2380 1869 2456 διδαγμα-

209 2490 324 2530 των,
349 2479 509 2545 Λόγος
540 2472 601 2529 δὲ
657 2471 1056 2535 διδασκαλίας
1089 2472 1236 2549 ἀρχή
1263 2495 1275 2506 ·
1308 2473 1466 2545 λόγου
1495 2471 1553 2526 δὲ
1584 2478 1712 2548 μέρη
1746 2473 1868 2526 συλ-

213 2559 362 2614 λαϐαί
414 2569 500 2616 καὶ
544 2564 737 2628 λέξεις.
772 2563 956 2617 Ὥστε
1011 2563 1108 2615 οὐκ
1149 2562 1248 2625 ἔξω
1296 2571 1494 2615 σκοποῦ
1527 2569 1718 2635 γέγονε
1771 2570 1868 2616 τῶν

225 2649 474 2704 συλλαϐῶν
525 2655 557 2711 ἠ
617 2654 908 2717 ἐξέτασις.
956 2653 1033 2705 Οὐ
1074 2657 1180 2725 μὴν
1211 2654 1294 2705 ὅτι
1344 2655 1526 2726 μικρὰ,
1581 2655 1650 2714 ὡς
1689 2655 1749 2705 ἄν
1797 2673 1870 2724 τῳ

238 2734 404 2807 δόξαι,
456 2746 519 2794 τὰ
570 2742 946 2816 ἐρωτήματα,
1003 2739 1098 2795 διὰ
1175 2749 1331 2795 τοῦτο
1397 2748 1486 2794 καὶ
1540 2745 1872 2817 παροφθῆναι

235 2828 350 2890 ἄξια
383 2852 396 2863 ·
434 2829 528 2883 ἀλλ’
560 2829 761 2892 ἐπειδὴ
803 2829 1161 2905 δυσθήρατος
1188 2834 1218 2890 ἡ
1256 2830 1492 2898 ἀλήθεια,
1542 2834 1873 2904 πανταχόθεν

230 2917 349 2989 ἡμῖν
384 2919 716 2993 ὶξιχνευτέα.
771 2922 842 2976 Εἰ
871 2924 978 2996 γὰρ
1011 2923 1186 2996 ὥσπερ
1245 2923 1299 2973 αἱ
1342 2923 1550 2994 τέχναι,
1607 2922 1743 2975 οὕτω
1783 2922 1874 2974 καὶ

231 3007 264 3063 ἠ
317 3015 406 3071 τῆς
464 3010 745 3072 εὐσεϐείας
803 3010 929 3082 (26)
997 3009 1255 3082 ἀνάληψις
1321 3018 1439 3072 ταῖς
1503 3013 1638 3064 κατά
1684 3013 1872 3084 μικρὸν

1969 1841 2339 1899 laborantes.
2391 1847 2541 1900 Nam
2595 1844 2765 1900 haud
2802 1844 3206 1918 perfunctorie
3236 1863 3417 1905 voces
3473 1849 3636 1906 theo-

1970 1931 2200 2000 logicas
2218 1933 2562 2000 audire,sed
2583 1934 2810 2004 conari,
2834 1935 2982 2007 quid
2999 1935 3058 1992 in
3085 1952 3328 2009 quaque
3353 1937 3633 2006 dictione,

1973 2021 2122 2093 quid
2164 2022 2226 2077 in
2283 2039 2528 2095 quaque
2578 2023 2814 2095 syllaba
2861 2026 3154 2082 reconditi
3209 2043 3423 2084 sensus
3453 2028 3638 2085 lateat

1974 2111 2486 2182 perscrutari,non
2513 2116 2602 2168 est
2629 2128 2840 2169 eorum
2865 2115 2971 2186 qui
2994 2129 3209 2184 segnes
3239 2120 3380 2172 sunt
3407 2117 3486 2172 ad
3518 2115 3640 2189 pie-

1977 2202 2180 2268 tatem,
2212 2200 2317 2256 sed
2345 2201 2449 2272 qui
2491 2202 2825 2258 vocationis
2872 2206 3086 2258 nostrae
3136 2219 3390 2276 scopum
3428 2204 3639 2262 intelli-

1977 2293 2171 2358 gunt:
2223 2289 2726 2364 quandoquidem
2769 2291 2945 2348 nobis
2995 2293 3376 2364 propositum
3425 2297 3532 2362 est,
3575 2298 3640 2352 ut

1978 2378 2204 2435 similes
2235 2378 2570 2436 efﬁciamur
2597 2383 2738 2446 Deo,
2765 2387 3066 2454 quatenus
3091 2382 3377 2439 humanae
3407 2386 3640 2440 natura)

1976 2467 2069 2524 fas
2113 2473 2221 2525 est.
2256 2471 2437 2525 Porro
2468 2469 2799 2526 similitudo
2855 2487 2980 2527 non
3030 2476 3118 2528 est
3159 2471 3392 2544 absque
3437 2472 3643 2542 cogni-

1976 2556 2160 2613 tione:
2190 2557 2453 2627 cognitio
2482 2574 2627 2615 vero
2654 2559 2783 2616 sine
2809 2559 3189 2616 documentis
3218 2577 3342 2618 non
3368 2566 3637 2634 paratur.

1981 2647 2271 2702 Doctrinee
2338 2653 2541 2705 autem
2605 2649 2863 2719 initium,
2918 2654 3006 2706 est
3069 2651 3282 2718 oratio,
3351 2651 3640 2710 orationis

1979 2740 2182 2808 partes
2210 2735 2461 2808 syllabae
2482 2754 2553 2793 ac
2577 2738 3148 2795 dictiones.Proinde
3170 2739 3440 2812 syllabas
3463 2757 3639 2798 excu-

1981 2830 2125 2894 tere,
2148 2841 2271 2881 non
2293 2831 2384 2882 est
2414 2826 2694 2884 aberrare
2723 2846 2755 2883 a
2783 2844 2991 2901 scopo.
3023 2832 3140 2885 Nec
3169 2845 3314 2886 vero
3344 2832 3639 2902 quoniam

1982 2915 2248 2982 minutae,
2280 2919 2347 2971 ut
2374 2915 2553 2972 alicui
2606 2917 2755 2973 forte
2807 2917 3194 2988 videbuntur,
3227 2919 3635 2991 quaestiones;

1981 3003 2204 3060 idcirco
2234 3008 2293 3059 et
2341 3004 2717 3078 negligenda
2751 3012 2934 3062 sunt:
2967 3007 3090 3062 imo
3133 3008 3429 3078 quoniam
3487 3008 3640 3065 difﬁ-

238 3100 559 3170 προσθήκαις
619 3100 878 3169 αὔξεται,
940 3097 1155 3162 οὐδενὸς
1230 3103 1544 3174 ὑπεροπτέον
1617 3109 1730 3163 τοῖς
1804 3101 1867 3162 εἰς

1982 3093 2109 3150 cilis
2159 3099 2248 3150 est
2273 3095 2520 3152 inventu
2549 3096 2788 3163 veritas,
2823 3096 3091 3170 undique
3121 3097 3301 3153 nobis
3354 3101 3441 3153 est
3465 3099 3641 3155 vesti-

232 3189 321 3243 τήν
388 3197 587 3260 γνῶσιν
671 3190 1045 3262 εἰσαγομένοις
1081 3211 1093 3224 ·
1155 3193 1224 3251 ὡς
1265 3193 1309 3242 εἴ
1361 3211 1440 3253 τις
1496 3199 1596 3243 τῶν
1654 3195 1868 3266 πρώτων

233 3285 507 3348 στοιχείων
574 3281 646 3340 ὧς
713 3288 964 3352 σμικρῶν
1028 3276 1290 3355 ὑπερίδοι,
1332 3277 1583 3332 οὐδεποτε
1624 3288 1724 3332 τῶν
1786 3300 1871 3333 τε-

233 3363 374 3416 λείων
419 3375 518 3430 τῆς
557 3372 760 3441 σοφίας
787 3367 1074 3440 ἐφάψεται.
1128 3372 1197 3421 Τὸ
1241 3373 1327 3420 ναὶ
1366 3373 1456 3421 καὶ
1488 3372 1546 3421 τὸ
1577 3369 1636 3422 οὗ
1679 3369 1871 3422 συλλα-

236 3451 317 3505 ϐαὶ
377 3453 476 3508 δύο
502 3474 516 3486 ”

239 3541 466 3611 ἀλήθεια,
507 3551 608 3598 καὶ
647 3547 676 3597 6
716 3548 950 3617 ἔσχατος
981 3548 1099 3620 ὄρος
1129 3557 1221 3608 τῆς
1249 3552 1519 3620 πονηρίας,
1551 3552 1610 3600 τὸ
1651 3545 1868 3620 ψεῦδος,

239 3640 338 3696 τοῖς
377 3643 600 3709 μικροῖς
659 3638 871 3696 τούτοις
921 3637 1131 3710 ῥήμασι
1178 3637 1428 3699 πολλάκις
1468 3636 1864 3712 ἐμπεριέχεται.

595 3455 710 3508 ἀλλ’
756 3459 901 3529 ὅμως
939 3462 998 3508 τὸ
1065 3460 1346 3529 κράτιστον
1391 3466 1488 3510 τῶν
1557 3456 1788 3531 ἀγαθῶν,
1838 3461 1868 3517 ἡ

244 3728 336 3776 Καὶ
371 3729 426 3776 τί
464 3733 648 3778 ταῦτα
671 3725 855 3797 λέγω;
904 3723 1048 3784 ’Ἡὸη
1104 3747 1180 3787 τις
1229 3733 1320 3779 καὶ
1360 3732 1515 3800 μόνον
1555 3732 1876 3789 κατανεύσας

242 3821 298 3884 τῇ
329 3816 527 3887 κεφαλῇ
593 3814 645 3866 ἐν
698 3822 813 3877 τοῖς
872 3817 1000 3890 ὑπερ
1043 3825 1281 3890 Χριστοῦ
1314 3823 1643 3893 μαρτυρίοις,
1698 3821 1877 3880 πάσης

244 3901 523 3977 πληρωτὴς
571 3903 848 3966 εὐσεϐείας
889 3904 1067 3978 ἐκρίθη
1125 3910 1261 3976 (27).
1313 3907 1373 3959 Εἰ
1414 3904 1471 3960 δὲ
1509 3916 1675 3960 ταῦτα
1718 3909 1877 3969 οὕτως

240 3995 370 4063 ἔχει,
426 3999 481 4046 τί
539 4002 651 4046 τῶν
694 3994 1005 4066 θεολογικῶν
1061 3997 1310 4070 ῥημάτων
1378 3997 1512 4048 οὕτω
1563 4001 1772 4070 μικρὸν,
1814 4001 1878 4058 ὡς

241 4083 271 4141 ἦ
323 4083 496 4145 καλῶς
538 4085 569 4142 ἦ
621 4081 870 4145 ἐναντίως
919 4086 1062 4155 ἔχον,
1097 4090 1168 4158 μὴ
1215 4086 1445 4158 μεγάλην
1476 4091 1742 4160 παρέχειν-
1782 4092 1876 4145 τὴν

241 4172 406 4244 pomi-1
438 4173 512 4245 ἐφ’
549 4174 822 4246 indaga;
887 4175 947 4227 Εἰ
995 4177 1096 4248 γὰρ
1145 4174 1198 4226 ἐκ
1248 4183 1340 4227 τοῦ
1379 4181 1537 4248 νόμου
1597 4177 1726 4228 ἰῶτα
1764 4177 1812 4228 ἓν
1844 4177 1874 4235 ἡ

241 4269 338 4333 μία
393 4269 588 4338 κεραία
656 4264 719 4315 οὗ
781 4262 1176 4338 παρελεύσεται,
1219 4274 1327 4327 πῶς
1367 4264 1427 4316 ἀν
1472 4268 1597 4338 ἡμῖν
1657 4265 1878 4338 ἀσφαλὲς

240 4353 571 4429 ὑπερϐαίνειν
635 4358 728 4405 καὶ
795 4355 864 4404 τὰ
923 4359 1293 4428 σμικρότατα;
1349 4353 1410 4406 ’Λ
1451 4375 1511 4426 γε
1566 4360 1669 4428 μὴν
1721 4356 1876 4418 αὐτὸς

246 4438 686 4518 διενκρινηθῆναι
727 4445 858 4519 παρ’
911 4444 1059 4515 ἡμῶν
1100 4442 1454 4513 ἐπεζήτησας,
1523 4450 1612 4497 καὶ
1664 4444 1878 4519 βραχέα

325 4676 368 4712 ⁸⁸
395 4677 572 4734 Prov.
604 4692 740 4746 xvii,
778 4680 869 4733 28.
954 4676 1002 4710 ⁸⁸
1028 4677 1146 4733 Isa.
1183 4691 1267 4742 ιιι,
1300 4679 1354 4734 3.

318 4913 429 4977 (‘22)
458 4915 554 4986 Τὸν
579 4908 745 4967 ϐολον.
776 4910 980 4969 Editio
997 4906 1386 4986 ﬁasileensis
1416 4910 1506 4986 τὸν
1531 4907 1707 4986 λόγον.

317 4986 424 5048 (23}
452 4985 889 5058 Ἐπερωτήσαντι.
918 4979 1191 5058 Addunt
1216 4978 1365 5058 editi
1387 4978 1877 5058 σορίαν,ξῐηεςν)νο-

253 5058 415 5120 ganti
431 5051 772 5128 sapientiam
806 5051 1144 5128 sapientia
1190 5051 1599 5128 reputatn'tur,
1650 5051 1759 5128 sed
1806 5068 1878 5108 ea

258 5139 357 5179 vox
370 5121 561 5187 addita
578 5133 812 5190 videtur
828 5149 864 5188 a
878 5121 1357 5188 recentioribus
1379 5121 1720 5186 librariis,et
1738 5139 1876 5179 cum

262 5210 376 5272 eam
397 5199 695 5263 deleverim
724 5206 905 5262 initio
944 5191 1262 5272 Epistglee
1293 5195 1501 5272 prima
1533 5196 1873 5272 Canopica.

263 5269 380 5352 quia
406 5273 556 5334 deest
589 5280 649 5335 in
697 5263 1200 5352 antiquissimis
1245 5263 1575 5334 codicibus,
1617 5266 1879 5322 delenda

260 5345 408 5401 etiam
434 5348 537 5407 hoc
562 5351 694 5409 loco
713 5345 871 5410 fuit:

311 5418 400 5490 iii;
427 5421 492 5475 ἐν
535 5425 748 5490 ἑκάστη.
777 5418 1047 5481 Addita
1091 5411 1568 5490 Ρτξξεροεζῑὶορι
1615 5413 1880 5490 quatuor

254 5476 507 5554 codicibus
531 5476 679 5557 mss;
697 5476 918 5558 ito—in
930 5502 1032 5546 uo
1060 5476 1326 5565 abdices
1349 5479 1529 5548 Regii,
1553 5476 1788 5565 primus
1820 5485 1879 5537 et

245 5564 416 5640 tertius,
450 5577 640 5627 σκοπὸν
670 5581 768 5632 τῆς
798 5570 1136 5640 γνώσεσι-ξίν.
1159 5559 1661 5640 ξξρριιξιιιηοειτῳ
1686 5559 1876 5640 scien-

231 5614 1318 5720 iéfiiéc'ﬁamreamm
1342 5626 1429 5680 est
1479 5629 1764 5694 erratum,
1805 5640 1878 5682 ac

1981 3183 2444 3254 ganda.Etenim
2475 3185 2543 3254 si,
2573 3191 2638 3242 ut
2662 3191 2839 3253 artes,
2870 3187 2954 3242 ita
2983 3191 3040 3242 et
3069 3187 3303 3258 pietatis
3325 3188 3641 3260 acquisitio

1983 3273 2273 3347 paulatim
2305 3275 2551 3332 minutis
2576 3277 3026 3333 accessionibus
3049 3277 3340 3346 augescit;
3373 3277 3520 3334 nihil
3550 3281 3644 3335 est

1982 3364 2498 3420 contemnendum
2524 3365 2595 3420 iis
2623 3365 2728 3438 qui
2758 3367 2836 3422 ad
2867 3367 3277 3436 cognitionem
3326 3367 3644 3424 instituun-

1983 3458 2077 3509 tur
2110 3472 2122 3509 :
2173 3455 2700 3525 quemadmodum
2739 3456 2788 3511 si
2836 3456 2972 3528 quis
3031 3458 3227 3528 prima
3255 3456 3553 3513 elementa
3582 3460 3647 3513 ut

1983 3543 2219 3599 minuta
2247 3549 2612 3611 contemnat,
2644 3561 2962 3618 nunquam
2983 3546 3385 3617 perfectorum
3408 3547 3648 3620 sapien-

1983 3633 2130 3689 tiam
2164 3640 2538 3706 assequetur.
2574 3639 2670 3691 Nae
2702 3639 2761 3690 et
2789 3639 2934 3705 Non,
2972 3635 3218 3706 syllabae
3276 3635 3412 3691 dua:
3453 3640 3597 3691 sunt
3629 3652 3641 3690 :

1986 3727 2250 3779 attamen
2303 3724 2607 3780 bonorum
2652 3725 2950 3796 optimum
2981 3723 3223 3793 veritas,
3256 3729 3313 3780 et
3340 3729 3644 3780 extremus

1985 3813 2294 3884 pravitatis
2342 3813 2632 3869 terminus
2690 3813 3099 3879 mendacium,
3151 3813 3496 3885 frequenter
3553 3814 3646 3868 his

1989 3902 2236 3958 minutis
2257 3902 2460 3958 verbis
2495 3903 3113 3974 comprehenduntur.
3151 3903 3266 3959 Sed
3322 3903 3465 3975 quid
3520 3903 3646 3960 haac

1987 4007 2422 4060 commemoro,
2455 4009 2595 4048 cum
2622 3993 2752 4063 jam
2801 3994 2849 4047 si
2871 3992 3007 4066 quis
3038 3993 3130 4049 vel
3171 3994 3363 4065 capite
3395 3998 3645 4059 annuat,

1987 4083 2115 4135 tum
2146 4096 2284 4135 cum
2313 4081 2603 4152 martyrio
2629 4097 2738 4153 pro
2757 4083 2988 4138 Christo
3014 4082 3504 4154 perfungendum
3536 4084 3646 4146 est,

1987 4174 2174 4225 totam
2200 4171 2481 4242 pietatem
2512 4170 2845 4242 explevisse
2875 4171 3170 4240 iudicetur
3190 4172 3217 4227 ?
3249 4171 3421 4236 Quod
3448 4171 3498 4226 si
3519 4171 3649 4226 hac

1987 4258 2066 4314 ad
2095 4259 2257 4315 hunc
2287 4260 2514 4315 habent
2544 4259 2819 4328 modum,
2860 4260 3010 4333 quid
3040 4277 3171 4316 esse
3211 4261 3402 4332 possit
3430 4260 3491 4316 in
3520 4275 3648 4316 ver-

1984 4349 2101 4415 bis,
2149 4365 2288 4421 quae
2321 4349 2396 4404 de
2438 4351 2557 4405 Deo
2606 4350 2907 4418 dicuntur,
2944 4351 2996 4422 3
3031 4350 3184 4406 adeo
3221 4349 3532 4422 pusillum,
3586 4353 3652 4404 ut

1986 4439 2082 4495 vel
2118 4445 2276 4496 recte
2317 4440 2409 4496 vel
2449 4457 2620 4496 secus
2642 4440 2894 4511 dictum,
2925 4456 3049 4498 non
3080 4455 3377 4511 magnum
3425 4437 3651 4496 habeat

1990 4908 2299 4964 sententiae
2353 4907 2566 4962 seriem
2622 4906 2861 4978 penitus
2902 4905 3260 4974 denormat;
3304 4904 3412 4961 sed
3453 4907 3654 4961 tamen

1989 4979 2695 5058 Comibetisioprobatur:
2843 5051 2877 5058 _‘
2970 5049 3001 5058 η
3076 5051 3167 5058 ,Α
3215 5048 3251 5058 η
3392 5051 3472 5058 __
3564 5047 3574 5058 ,

2059 5055 2168 5130 (25.)
2203 5051 2314 5130 Οιξκ
2345 5048 2506 5109 ἐπιτός.
2540 5050 2631 5130 Sic
2661 5049 3005 5130 duqliegii
3035 5053 3094 5105 et
3116 5048 3299 5130 _Co“lb“.
3352 5048 3654 5130 etReg‘ius

1988 5117 2236 5194 quintus
2269 5122 2326 5176 in
2375 5122 2671 5190 margine.
2707 5119 2857 5175 Editi
2886 5117 3076 5191 γνῶσις
3107 5122 3160 5174 ἐκ
3192 5117 3490 5192 δίδαγμῶν.
3526 5120 3655 5174 Duo

1989 5194 2228 5249 codices
2273 5208 2422 5247 mss.
2449 5200 2644 5249 ’γνῶσις
2674 5192 2730 5244 ἐκ
2791 5188 3162 5249 διδαονμάτων,
3197 5194 3460 5249 cognitio
3501 5206 3530 5246 e
3553 5190 3655 5245 do-

1989 5209 2228 5249 coalces
2273 5209 2422 5247 mss.
2449 5209 2644 5264 γνωσις
2674 5212 2730 5244 εκ
2791 5209 3162 5264 σιοαγματων,
3197 5209 3302 5262 cog

1988 5268 2190 5321 ctrina
2217 5269 2502 5332 paratur.
2570 5308 2585 5320 .

2061 5335 2488 5405 (26)Εὑσεϐείας.
2539 5339 2678 5407 Heg.
2718 5340 2972 5408 quartus
3004 5335 3269 5408 ἀληθείας.
3295 5333 3484 5390 Paulo
3515 5335 3657 5406 post

1989 5407 2143 5485 editi
2152 5411 2296 5485 ποτέ,
2321 5412 2439 5485 tres
2457 5404 2898 5485 Begii'codices
2912 5404 3200 5485 pﬁd‘g'nots.
3271 5477 3288 5485 _
3498 5475 3508 5485 _

2001 5551 2012 5564 '
2059 5480 2164 5603 (21;!)
2198 5479 2428 5554 Ἐχρίθη.
2455 5477 2594 5552 Reg.
2618 5481 2850 5553 primus
2873 5477 3182 5552 ἐδείχθη,οι
3213 5477 3291 5537 ad
3319 5477 3657 5546 marginem

1990 5570 2100 5626 εκρι
2140 5571 2193 5608 η.
