4154 6386
611 257 672 308 71
2003 251 2060 306 S.
2103 249 2348 306 BASILII
2387 251 2610 308 MAGNI
3903 251 3965 302 72

613 378 992 432 momentum
1021 375 1082 430 in
1105 379 1428 447 utramque
1457 378 1692 448 partem
1719 377 1745 432 ?
1769 377 1915 431 Nam
1949 373 2001 428 si
2051 390 2124 429 ex
2153 373 2274 443 lege

2395 394 2505 427 εστι
2555 378 2621 428 τὰ
2659 375 2794 428 αὐτὰ
2817 377 2906 426 καὶ
2933 371 3134 446 μεγάλα
3167 392 3178 404 ·
3221 376 3293 440 τῷ
3343 371 3432 443 μὶν
3475 372 3705 442 συντόμῳ
3743 377 3833 432 τῆς
3856 390 3969 444 προς

607 481 720 521 nec
753 482 946 521 unum
978 465 1099 522 iota
1126 481 1236 520 nec
1268 481 1424 537 apex
1455 482 1614 522 unus
1656 464 1984 538 praeteribit
2005 466 2075 533 ⁸⁷,
2129 480 2287 535 quo-

611 554 798 610 modo
820 554 999 610 nobis
1033 559 1229 610 tutum
1273 554 1451 610 fuerit
1481 554 1575 610 vel
1627 553 2036 610 minutissima
2067 553 2286 608 transi-

616 643 774 700 lire?
823 648 894 699 At
941 660 1080 715 quae
1135 648 1259 699 tute
1313 660 1348 700 a
1387 644 1563 700 nobis
1610 642 1914 699 enucleari
1945 642 2284 714 postulasti,

621 732 835 788 cadem
858 733 1078 801 exigua
1110 737 1248 787 sunt
1269 737 1327 788 et
1354 748 1583 802 magna
1617 749 1629 787 :
1657 731 2010 804 prolationis
2035 730 2285 803 quidem

616 821 980 893 compendio
999 821 1430 894 exigua,atque
1457 822 1537 877 ob
1553 821 1613 877 id
1635 821 1888 877 fortasse
1910 818 2288 891 contemptui

609 910 895 978 obnoxia,
929 911 1037 967 sed
1068 927 1267 967 rerum
1303 911 1781 981 signiﬁcatarum
1810 911 1865 966 vi
1897 927 2125 982 magna
2160 926 2172 964 :
2205 909 2286 966 ad

611 1000 1070 1056 similitudinem
1095 1000 1520 1072 sinapis,quod
1541 1017 1681 1056 cum
1706 1001 1784 1057 sit
1806 999 2282 1056 minutissimum

606 1089 762 1145 inter
788 1088 958 1145 arida
1001 1091 1254 1160 semina,
1285 1090 1334 1144 si
1374 1105 1522 1146 cura
1551 1089 1759 1146 debita
1787 1089 2172 1156 adhibeatur,
2220 1087 2282 1143 in

610 1179 986 1238 altitudinem
1013 1181 1161 1236 satis
1203 1197 1497 1250 magnam
1525 1181 1812 1250 exsurgit,
1842 1181 1949 1236 ubi
1980 1180 2069 1235 vis
2116 1179 2179 1235 in
2211 1195 2282 1233 eo

606 1269 797 1326 latens
823 1284 956 1324 sese
985 1268 1337 1342 explicuerit
1361 1271 1429 1325 ⁸³.
1465 1269 1640 1336 Quod
1683 1269 1732 1325 si
1781 1269 1920 1340 quis
1951 1268 2125 1337 ridet,
2178 1282 2284 1323 no-

609 1363 800 1414 strum
829 1357 1039 1413 videns
1063 1358 1222 1414 circa
1243 1357 1535 1430 syllabas,
1559 1363 1622 1415 ut
1654 1357 1870 1430 psalmi
1900 1357 2096 1413 verbis
2125 1359 2280 1422 utar,

607 1447 1049 1504 fabulationem
1076 1450 1122 1483 ⁶⁹
1160 1464 1172 1513 ;
1234 1448 1365 1520 ipse
1405 1448 1653 1520 quidem
1685 1447 1956 1504 futurum
2011 1446 2178 1512 sciat,
2220 1449 2286 1501 ut

606 1536 1031 1607 infrugiferum
1066 1537 1158 1592 sui
1221 1538 1376 1592 risus
1411 1537 1670 1594 fructum
1711 1542 1896 1594 metat
1929 1555 1941 1592 :
1997 1551 2111 1592 nos
2140 1550 2284 1591 vero

607 1625 1097 1698 haudquaquam
1130 1625 1411 1682 cedentes
1441 1626 1760 1682 hominum
1801 1625 2110 1693 conviciis,
2170 1639 2282 1680 nec

2394 471 2554 539 φορᾶς
2584 463 2815 539 βραχέα,
2860 469 2947 515 καὶ
2997 459 3091 515 διὰ
3136 468 3290 513 τοῦτο
3341 463 3470 521 ἴσως
3525 458 3927 531 εὐκαταφρόνητα
3956 483 3967 494 ·

2393 561 2455 624 τῇ
2499 551 2558 606 δε
2589 550 2808 626 δυνάμει
2866 562 2964 604 τῶν
3003 554 3394 623 σημαινομένων
3445 548 3661 620 μεγάλα,
3721 551 3846 600 κατά
3887 554 3970 606 τὴν

2394 642 2566 694 εἰκονα
2612 651 2704 694 τοῦ
2745 644 3022 709 σινάπεως,
3083 642 3108 692 ὃ
3157 644 3468 712 μικρότατον
3507 638 3560 690 ὃν
3608 645 3704 689 τῶν
3747 657 3973 710 γρυγανιυ

2393 740 2494 782 κῶν
2546 735 2876 805 σπερμάτων,
2928 739 3024 791 τῆς
3075 731 3450 802 προσηκούσης
3502 725 3780 798 ἐπιμελείας
3819 725 3970 788 ἀξιω-

2396 821 2496 887 θεν,
2553 821 2623 882 εἰς
2663 821 2796 891 ὕψος
2843 822 3096 892 αὔταρκες
3149 816 3509 885 διανίσταται,
3553 824 3641 875 τῆς
3699 834 3976 890 συνεσπαρ-

2392 913 2550 981 μένης
2581 909 2629 961 ἐν
2658 910 2798 980 αύτῴ
2845 906 3115 981 δυνάμεως
3147 907 3500 967 ἀπλωοείσης.
3530 906 3589 958 Εἰ
3635 901 3693 956 δέ
3720 924 3797 966 τις
3844 904 3974 976 γελᾷ,

2394 997 2595 1070 βλέπων
2641 1003 2734 1057 τὴν
2786 1005 2903 1072 περὶ
2953 1001 3042 1058 τὰς
3097 995 3357 1058 συλλαϐὰς
3403 997 3568 1067 ἡμῶν,
3620 993 3886 1066 ψαλμικῶς
3920 994 3979 1046 εἰ·

2391 1094 2526 1156 πεῖν,
2595 1085 2940 1160 ἀδολεσχίαν,
3006 1087 3162 1148 αὐτὸς
3221 1089 3312 1158 μὲν
3386 1088 3502 1152 (28)
3579 1087 3708 1136 ἴστω
3765 1081 3974 1155 ἀνωφελῆ

2391 1180 2588 1251 καρπὸν
2647 1186 2737 1230 τοῦ
2785 1177 3005 1249 γέλωτος
3067 1173 3383 1249 ὃρεπόμενος
3415 1195 3427 1208 ο
3475 1175 3624 1245 ἡμεῖς
3669 1169 3725 1225 δὲ
3763 1177 3830 1244 μή
3883 1179 3981 1232 τοῖς

2394 1263 2619 1318 ὀνείδεσι
2658 1273 2756 1317 τών
2806 1265 3088 1341 ἀνθρώπων
3121 1261 3372 1329 ἐνδόντες,
3425 1268 3556 1335 μήτε
3601 1270 3673 1332 τῷ
3724 1261 3982 1334 φαυλισμῷ

2393 1355 2562 1408 αὐτῶν
2626 1358 2957 1424 ἡττηθέντες,
3018 1360 3112 1414 τὴν
3171 1357 3378 1428 ἔρευναν
3451 1351 3827 1424 καταλίπωμεν.
3899 1357 3982 1403 To—

2394 1452 2579 1497 σοῦτον
2617 1448 2718 1518 γὰρ
2753 1443 2938 1516 ἀπέχω
2966 1464 3167 1505 τούτοις
3210 1447 3274 1504 ὡς
3303 1451 3508 1516 μικροῖς
3561 1441 3979 1513 ἐπαισχύνεσθαι,

2391 1536 2546 1602 ὥστε,
2581 1534 2623 1586 εἰ
2661 1540 2749 1587 καὶ
2787 1534 3075 1588 πολλοστοῦ
3132 1539 3316 1607 μέρους
3361 1542 3452 1594 τῆς
3498 1531 3645 1594 ἀξίας
3697 1531 3856 1583 αὐτῶν
3899 1529 3981 1601 ἐγ-

2393 1628 2622 1696 ικοίμην,
2678 1622 2884 1697 ἐμαυτῷ
2933 1643 2986 1677 τε
3043 1622 3102 1675 ἂν
3155 1624 3476 1681 συνησθείην
3514 1624 3582 1683 ὡς
3612 1620 3840 1693 μεγάλων
3881 1617 3981 1680 ἀξι-

608 1714 852 1774 illorum
883 1714 1328 1787 vituperatione
1376 1716 1519 1772 victi
1565 1715 1834 1772 studium
1874 1712 2274 1784 investigandi

2392 1714 2592 1779 ωθίντι,
2647 1722 2719 1784 τῷ
2762 1733 2816 1766 τε
2879 1710 3305 1788 συνδιερευνῶντι
3350 1713 3467 1769 (29)
3516 1713 3639 1782 ἡμῖν
3689 1705 3882 1780 ἀδελφῷ
3927 1708 3981 1760 ού

613 1805 994 1863 deseramus.
1035 1807 1294 1861 Tantum
1319 1812 1481 1860 enim
1513 1805 1704 1871 abest,
1738 1810 1802 1862 ut
1831 1822 1929 1861 me
1949 1805 2170 1861 harum
2197 1818 2286 1860 re-

611 1912 750 1952 rum
781 1899 1075 1967 tanquam
1103 1894 1479 1951 minutarum
1519 1895 1768 1968 pudeat.
1801 1899 1867 1952 ut
1904 1895 1955 1950 si
1982 1894 2078 1951 vel
2107 1893 2284 1949 mini-

611 2003 780 2042 mam
809 1985 1117 2055 dignitatis
1145 2001 1358 2041 earum
1387 1991 1621 2058 partem
1648 1986 2103 2059 attingam,tum
2134 1983 2286 2042 mihi

608 2075 1021 2146 gratulaturus
1075 2075 1212 2140 sim,
1269 2080 1332 2131 ut
1386 2091 1612 2146 magna
1657 2077 1944 2148 quaedam
1975 2078 2282 2140 assecuta,

607 2170 736 2221 tum
749 2164 912 2221 fratri
925 2163 1249 2221 nobiscum
1271 2165 1400 2220 haec
1424 2166 1828 2236 perscrutanti
1841 2182 1964 2222 non
1979 2165 2284 2223 mediocre

605 2253 845 2310 lucrum
873 2253 1014 2310 hinc
1045 2253 1318 2310 dicturus
1348 2253 1691 2310 obvenisse.
1727 2257 1959 2327 Itaque,
2019 2271 2162 2310 cum
2221 2254 2285 2310 in

607 2342 874 2400 minimis
917 2341 1116 2398 verbis
1148 2341 1523 2414 conspiciam
1573 2348 1879 2400 certamen
1929 2344 2282 2410 maximum,

609 2447 718 2505 spe
746 2431 984 2506 praemii
1012 2447 1136 2488 non
1175 2432 1442 2488 detrecto
1483 2431 1755 2490 laborem
1789 2451 1802 2488 :
1856 2437 2024 2490 ratus
2057 2448 2285 2489 sermo-

606 2537 748 2578 nem
783 2526 909 2577 tum
939 2521 1088 2576 mihi
1135 2520 1264 2577 fore
1295 2521 1526 2592 utilem,
1559 2526 1687 2578 tum
1714 2522 2104 2580 audientibus
2139 2523 2284 2579 satis

2392 1807 2577 1878 μικρὸν
2609 1803 2668 1855 ἂν
2700 1809 2857 1876 φαίην
2889 1803 3113 1856 ἐντεῦθεν
3147 1802 3502 1862 ἀπηντηκέναι
3531 1805 3590 1854 τό
3645 1795 3847 1872 κέρδος.
3883 1801 3982 1851 Μί-

2391 1913 2574 1965 γιστον
2623 1890 2711 1946 οὖν
2763 1895 2893 1968 ὁρῶν
2925 1893 2973 1946 ἐν
3003 1901 3213 1967 μικροῖς
3249 1894 3458 1967 ῥήμασι
3495 1894 3555 1944 τὸ
3590 1894 3878 1962 ἀγώνισμα,
3910 1887 3978 1939 il-

2392 1980 2491 2036 πίδ
2499 2005 2516 2034 ι
2543 1993 2641 2035 τῶν
2667 1985 2869 2056 μισθῶν
2909 1987 2995 2036 τὸν
3027 1987 3179 2036 πόνον
3234 1983 3328 2036 ούκ
3360 1979 3680 2054 ἀναδύομαι,
3711 1978 3910 2052 ἐμαυτῷ
3935 1996 3984 2034 τε

2393 2074 2674 2146 ἡγούμενος
2701 2076 2956 2146 ἔγκαρπον
3005 2076 3090 2126 τόν
3147 2073 3298 2144 λόγον
3330 2074 3568 2138 ἔσεσθαι,
3601 2077 3704 2130 τοῖς
3743 2088 3794 2123 τε
3849 2066 3985 2120 ἀκού·

2392 2181 2515 2215 ουσι
2555 2159 2747 2237 διαρκῆ
2786 2168 2879 2221 τὴν
2931 2161 3174 2234 ὠφέλειαν
3206 2161 3475 2235 ὑπάρξειν.
3529 2165 3725 2232 Διόπερ.
3759 2153 3860 2217 ἤδη
3902 2160 3982 2210 σὺν

2394 2251 2533 2322 αύτῷ
2590 2271 2669 2323 γε,
2705 2254 2860 2324 φάναί
2891 2253 3026 2320 (30),
3075 2260 3148 2322 τῷ
3203 2251 3334 2322 ἁγίῳ
3393 2253 3656 2323 Πνεύματι
3710 2243 3983 2321 βαδιοῦμαι

2392 2345 2518 2416 πρὸς
2548 2346 2642 2399 τὴν
2673 2340 2942 2412 ἐξήγησιν.
2995 2345 3094 2393 Καὶ
3124 2339 3168 2393 εὶ
3197 2337 3376 2412 βούλει
3405 2341 3537 2392 ὥστε
3563 2358 3625 2412 με
3655 2339 3720 2399 εἰς
3750 2335 3868 2390 όδόν
3907 2351 3983 2388 και

2392 2438 2652 2488 ταστῆναι
2688 2438 2779 2482 τοῦ
2832 2430 3008 2501 λόγου,
3058 2432 3245 2502 μικρὸν
3277 2427 3364 2481 ἐπὶ
3394 2433 3492 2489 τὴν
3523 2428 3697 2504 ἀρχὴν
3751 2434 3839 2481 τοῦ
3875 2443 3981 2498 προ·

2395 2519 2484 2578 6λὴ
2493 2539 2652 2592 ματος
2678 2519 2990 2592 ὑποστρέφω
3025 2520 3075 2590 (3
3089 2524 3106 2575 1

605 2627 902 2685 magnum
927 2609 1192 2667 fructum
1223 2609 1568 2668 allaturum.
1601 2613 1982 2684 Quapropter
2006 2629 2146 2669 cum
2174 2610 2452 2685 ipsojam
2475 2608 2828 2674 (dicendum
2860 2608 3021 2664 enim
3047 2611 3157 2668 est)
3181 2613 3391 2666 sancto
3425 2608 3646 2681 Spiritu
3696 2607 3775 2664 ad
3801 2603 3981 2678 expla-

605 2701 915 2758 nationem
949 2699 1260 2756 accedam.
1290 2703 1358 2756 Et
1383 2699 1432 2756 si
1455 2700 1544 2756 vis
1575 2705 1638 2758 ut
1658 2717 1756 2758 me
1780 2701 1844 2757 in
1865 2701 2297 2775 disputationis
2326 2701 2492 2759 viam
2517 2699 2916 2768 inducam,ad
2945 2699 3129 2770 hujus
3153 2699 3510 2770 quaestionis
3539 2698 3835 2771 originem
3854 2709 3979 2769 pau-

602 2790 790 2863 lisper
827 2789 1142 2847 divertam.

675 2883 733 2934 3.
769 2882 968 2952 Nuper
993 2880 1267 2952 precanti
1297 2881 1447 2938 mihi
1475 2898 1616 2940 cum
1647 2883 1898 2956 populo,
1931 2888 1988 2940 et
2018 2888 2275 2957 utroque

603 2968 790 3067 modo
817 2968 1319 3040 gloriﬁcationem
1351 2971 1693 3029 absolventi
1722 2975 1842 3030 Deo
1869 2989 1939 3030 ac
1972 2975 2145 3041 Patri,
2190 2975 2276 3030 in-
2310 3013 2350 3067 ο

604 3057 844 3116 terdum
878 3075 1017 3114 cum
1051 3059 1197 3115 Filio
1229 3075 1354 3116 una
1385 3077 1524 3117 cum
1583 3067 1792 3119 sancto
1826 3063 2068 3135 Spiritu,
2095 3064 2274 3121 inter-

603 3146 754 3204 dum
794 3163 901 3220 per
927 3147 1141 3204 Filium
1173 3148 1234 3203 in
1267 3155 1479 3206 sancto
1509 3151 1735 3223 Spiritu
1764 3168 1778 3219 ;
1811 3152 2064 3224 quidam
2103 3168 2176 3209 ex
2203 3153 2276 3210 iis

602 3237 710 3309 qui
740 3237 1251 3300 aderant.crimen
1281 3238 1692 3309 intenderunt,
1717 3241 1985 3298 dicentes
2013 3259 2126 3300 nos
2151 3259 2277 3300 non

604 3326 792 3384 modo
818 3328 1150 3399 peregrinis
1178 3345 1247 3384 ac
1273 3330 1449 3386 novis
1477 3331 1559 3386 uti
1589 3331 2076 3401 vocibus,verum
2093 3335 2276 3390 etiam

605 3416 761 3472 inter
813 3432 878 3472 se
939 3418 1378 3490 pugnantibus.
1406 3422 1488 3477 Tu
1519 3436 1699 3493 porro
1739 3422 2004 3479 maxime
2033 3424 2278 3482 illorum

604 3504 856 3562 utilitate
896 3507 1242 3570 consulens,
1271 3514 1376 3565 aut
1405 3510 1453 3565 si
1485 3526 1735 3582 prorsus
1764 3512 1879 3585 ipsi
1904 3513 2277 3571 insanabiles

607 3593 748 3664 sint,
783 3599 988 3654 tamen
1019 3602 1267 3669 propter
1298 3601 1724 3673 eorum,quiin
1754 3601 2056 3673 ejusmodi
2080 3604 2278 3660 homi-

603 3699 714 3742 nes
769 3685 1061 3757 incidunt,
1092 3689 1499 3760 securitatem,
1533 3691 1859 3762 postulasti
1915 3694 2278 3766 quampiam

603 3774 936 3832 dilucidam
993 3776 1336 3835 doctrinam
1389 3780 1465 3836 de
1520 3781 1576 3836 vi
1620 3781 1837 3839 harum
1901 3783 2278 3855 syllabarum

603 3864 895 3935 evulgari.
925 3869 1060 3924 Jam
1084 3869 1266 3938 igitur
1312 3869 1492 3926 nobis
1512 3870 1774 3928 breviter
1812 3872 2141 3931 dicendum
2166 3879 2277 3939 est,

601 3961 904 4026 quantum
936 3957 1194 4013 orationi
1226 3964 1426 4016 ratum
1455 3961 1775 4032 quoddam
1805 3967 1862 4020 et
1893 3963 2278 4037 exploratum

601 4044 971 4116 principium
1001 4049 1373 4119 ponentibus
1398 4049 1526 4107 ﬁeri
1551 4055 1769 4123 potest.

673 4169 722 4205 ⁸⁷
753 4171 950 4226 Matth.
983 4187 1038 4238 v,
1070 4177 1154 4229 i8.
1233 4175 1281 4209 ⁸⁸
1303 4175 1504 4242 Matth,
1539 4193 1656 4243 xui,
1687 4181 1777 4246 3i,
1804 4181 1892 4235 32.

671 4294 788 4366 (28)
811 4295 994 4383 ,Αὐτός
1018 4302 1128 4383 μέν.
1153 4301 1302 4383 P83:
1328 4301 1721 4383 ῐρΐιίξξξριύτὸς
1741 4307 1831 4383 θέεν
1863 4303 2090 4383 ἀνωφελῆ
2137 4327 2265 4383 καρ-

600 4369 696 4448 πρν
739 4374 831 4419 τοῦ
855 4439 864 4448 _
887 4367 1090 4448 γελοίου
1133 4367 1433 4448 ,δρεπέσθω
1466 4373 1707 4448 Videtur
1741 4367 2037 4433 'Erasmus
2069 4381 2150 4435 ita
2181 4367 2264 4435 le-

600 4442 794 4520 gisse;
821 4442 906 4494 sic
930 4442 1091 4520 enim
1128 4442 1551 4520 interpretatur
1583 4463 1595 4500 :
1629 4447 1764 4517 Ipse
1791 4449 2031 4519 quidem
2066 4451 2269 4520 infru-

599 4510 859 4584 ngerum
889 4513 1048 4584 rg‘sus
1077 4516 1172 4568 sui
1197 4510 1472 4584 fructum
1496 4510 1704 4574 metat.

672 4582 784 4648 (29)
817 4580 1264 4664 Συνὸιςρευνῶνξι.
1292 4589 1409 4642 Hac
1440 4605 1588 4664 voce
1620 4590 1872 4664 Basilius
1905 4608 2029 4648 non
2078 4593 2260 4664 adju-

599 4655 1121 4737 torem'et‘soci'um.
1141 4657 1405 4737 aliquem
1427 4661 1624 4732 operis
1645 4661 1946 4737 designat,
1983 4669 2044 4719 ut
2069 4655 2262 4737 suspi-

599 4727 769 4808 catur
795 4726 1224 4808 Tille‘mpntius,
1241 4726 1363 4785 _sed
1391 4726 1678 4808 lectorem
1705 4726 2261 4808 stu'diosum,idq‘ue

598 4794 782 4873 paulo
813 4803 948 4873 post
976 4794 1243 4873 declarat
1275 4804 1561 4873 apertius.

612 4936 620 4945 ι
667 4867 783 4937 (30)
807 4871 1068 4950 ipsaet?
1096 4892 1173 4943 γε,
1227 4867 1525 4950 φξὲῐαιηδὶο
1564 4875 1762 4950 reddit
1792 4879 2094 4939 Erasmus.
2123 4895 2258 4935 cum

597 4943 747 5020 gpso,
779 4945 845 4992 ut
888 4943 1484 5020 ita_dicam.'._3piritu
1515 4964 1549 5020 ς,
1570 4948 1746 5020 quasi
1778 4955 2072 5006 metueret
2101 4951 2261 5006 Basi-

600 5006 718 5092 lius
752 5024 828 5092 ge
850 5013 1034 5092 paulo
1057 5006 1826 5092 audaciprhsec'lo‘quendi
1852 5022 2004 5077 ratio
2034 5023 2263 5078 videre-

602 5082 889 5164 tur,“Visa
917 5089 1004 5164 est
1047 5082 1639 5164 (.lombeﬁsiojjudfis'
1659 5093 1906 5149 Erasmi
1935 5095 2259 5164 expressio,

599 5165 671 5236 ac
691 5149 852 5236 illud
867 5157 1034 5236 φάναι.
1055 5157 1115 5212 in
1137 5158 1440 5236 ejusmodi
1457 5161 1604 5236 lpcis
1641 5179 1858 5236 vacare
1889 5149 2258 5236 pronuntiat:

597 5220 714 5310 §ed
731 5220 920 5281 multo
953 5220 1328 5310 minus'mihi
1367 5234 1663 5310 probatur
1693 5220 2038 5310 Combeﬁsii
2067 5220 2268 5293 obser-

594 5298 779 5380 vatio,
809 5311 997 5380 quam
1018 5300 1208 5372 ipsius
1226 5298 1632 5376 interpretatio
1665 5308 1910 5364 Erasmi.
1946 5312 2076 5364 Non
2097 5311 2257 5366 enim

596 5369 788 5451 ptiose
810 5369 1075 5451 positum
1097 5389 1252 5451 esse,
1293 5381 1350 5432 et
1377 5369 1502 5448 quo
1525 5393 1707 5451 sensu
1729 5380 2155 5451 accipiendum
2183 5383 2258 5438 sit

595 5434 743 5525 illud
745 5434 928 5525 Γδινὲίνςθιι
948 5445 1207 5525 perspici
1229 5434 1710 5525 pctestexlibro
1745 5434 2255 5525 seciindoi'ddper;

595 5519 1197 5596 Ξυεέάῃοιῃῑιιηεκρ.
1231 5523 1352 5596 ἓὸῥ,
1384 5519 1488 5596 ubi
1537 5521 1785 5576 Basilius
1811 5521 2069 5596 ditﬁcilis
2105 5525 2251 5582 Scri-

595 5580 787 5648 ptura:
833 5580 1159 5643 testimonii
1197 5580 1663 5662 explicationem
1701 5593 2082 5666 promittens,
2117 5580 2252 5653 haec

2458 2881 2510 2938 3.
2561 2883 2979 2953 Προσευχομένῳ
3036 2898 3128 2951 μοι
3184 2883 3364 2953 πρώην
3413 2881 3544 2950 μετὰ
3591 2885 3686 2931 τοῦ
3727 2877 3867 2942 λαοῦ,
3903 2877 3981 2926 καὶ

2386 2968 2688 3043 ἀμφοτέρως
2761 2973 2856 3027 τὴν
2926 2965 3234 3040 δοξολογίαν
3298 2967 3693 3044 ἀποπληροῦντι
3753 2975 3824 3038 τῷ
3879 2970 3980 3033 Θεῷ

2385 3063 2474 3110 καὶ
2508 3063 2696 3132 Ιῐατρὶ,
2739 3065 2827 3109 νῦν
2859 3061 2948 3130 μὲν
2989 3059 3121 3130 μετὰ
3159 3065 3259 3130 μοῦ
3312 3059 3436 3111 Υἱοῦ
3487 3062 3589 3111 σὺν
3619 3056 3692 3129 τῷ
3745 3057 3986 3126 ῐινεύματι

2385 3154 2456 3216 τῲ
2502 3147 2654 3218 ἁγιῳ,
2684 3155 2771 3199 νῦν
2803 3143 2862 3199 δὲ
2902 3142 2996 3198 die}.
3042 3153 3132 3199 τοῦ
3172 3149 3295 3200 Υἱοῦ
3327 3145 3374 3198 ἐν
3423 3155 3494 3218 τῷ
3534 3149 3648 3218 (32)
3688 3146 3818 3217 ἁγίῳ
3851 3144 3986 3196 Πνεύ·

2384 3253 2534 3307 ματι,
2566 3233 2866 3305 ἐπέσκηψάν
2900 3253 3032 3295 τινες
3061 3244 3161 3287 τῶν
3184 3240 3472 3308 παρόντων,
3521 3235 3842 3298 ξενιζούσαις
3869 3234 3987 3304 ἡμᾶς

2386 3332 2572 3396 φωναῖς
2601 3325 2904 3398 κεχρῆσθαι
2933 3324 3182 3396 λέγοντες,
3207 3330 3300 3377 καὶ
3338 3325 3449 3397 ἅμα
3475 3329 3616 3399 πρὸς
3644 3323 3859 3383 ἀλλήλας
3883 3323 3988 3372 ύπεο

2384 3419 2602 3474 ναντίως
2627 3413 2905 3486 ἐχούσαις.
2942 3419 3008 3467 Σύ
3035 3411 3092 3466 δε
3115 3413 3348 3486 μάλιστα
3371 3417 3461 3487 μὲν
3491 3423 3594 3476 ’τῆς
3617 3413 3783 3467 αὐτῶν
3805 3411 3986 3464 ἐκείνων

2385 3503 2546 3555 ἕνεκεν
2586 3503 2842 3576 ὠφελείας,
2877 3505 2921 3557 εἰ
2951 3501 3010 3557 δὲ
3042 3502 3258 3564 ἀνιάτως
3284 3507 3472 3575 ἔχουσι
3517 3511 3796 3570 παντελῷς,
3825 3497 3912 3554 διά
3937 3497 3986 3548 τό

2385 3600 2484 3643 τῶν
2515 3591 2936 3664 ἐντυγχανόντων
2984 3593 3162 3656 αὐτοῖς
3203 3592 3426 3666 ἀσφαλες
3480 3594 3718 3658 ὸξίωσάς
3749 3610 3858 3644 τινα
3885 3585 3984 3639 εύκο

2384 3690 2498 3755 ρινῆ
2551 3686 2672 3757 περὶ
2718 3690 2814 3744 τῆς
2839 3682 2888 3735 ἐν
2911 3690 3024 3744 ταῖς
3051 3681 3331 3743 συλλαϐαῖς
3357 3684 3579 3744 ταύταις
3611 3680 3874 3755 δυνάμεως
3910 3672 3982 3729 δι·

2388 3767 2683 3824 δασκαλίαν
2747 3772 3126 3844 ἑκφωνηθῆναι.
3181 3776 3398 3827 Λεκτέον
3454 3770 3523 3832 δὴ
3585 3769 3673 3826 οὖν
3731 3773 3854 3844 ἡμῖν
3899 3763 3981 3819 διὰ

2389 3859 2660 3936 βραχέων,
2692 3865 2760 3924 ὡς
2800 3863 2907 3916 οἶόν
2945 3881 3008 3916 -τε
3062 3861 3240 3936 ἀρχὴν
3289 3881 3406 3916 τινα
3459 3863 3878 3936 ὁμολογουμένην
3911 3859 3976 3920 τῷ

2386 3951 2524 4024 λόγῳ
2558 3948 2809 4013 διδόντας
2848 3952 2984 4020 (33).

1971 4181 2020 4215 σθ
2053 4179 2213 4239 Psal.
2248 4199 2441 4252 cxvm,
2474 4187 2568 4240 85.

2375 4307 2723 4382 interponit,
2761 4313 2854 4362 σύν
2887 4316 3001 4382 Θεῷ
3035 4305 3084 4362 δ’
3114 4309 3373 4382 εἰρήσθω,
3397 4309 3562 4382 quod
3595 4309 3833 4382 quidem
3864 4318 3982 4382 cunt

2373 4382 2495 4437 Deo
2519 4377 2747 4437 dictum
2762 4383 2858 4436 sit.
2870 4382 2912 4446 Q
2924 4377 3101 4436 uibus
3116 4377 3315 4453 verbis
3331 4377 3780 4453 signiﬁcantius
3793 4377 3985 4453 monet

2375 4468 2438 4506 se
2463 4468 2592 4528 non
2623 4453 2747 4507 suis
2777 4453 3030 4528 viribus,
3061 4452 3290 4528 sed_Dei
3331 4447 3557 4528 auxilio
3582 4447 3984 4528 conﬁdAere.._Si

2373 4523 2509 4595 quis
2538 4529 2742 4579 autem
2773 4523 3055 4595 observet
3080 4524 3220 4578 inde
3252 4529 3460 4578 natam
3489 4524 3628 4579 libri
3650 4525 3737 4579 De
3760 4522 3982 4595 Spiritu

2370 4594 2580 4651 sancto
2613 4594 2915 4670 scribendi
2953 4595 3336 4670 occasionem
3368 4595 3576 4667 fuisse,
3612 4594 3983 4670 quod_Pneu:

2371 4667 2745 4722 matomachi
2760 4667 2930 4722 furiis
2943 4667 3474 4735 exarsissent,cum
3499 4663 3756 4723 Basilius
3776 4663 3984 4735 Patriet

2372 4737 2512 4793 Filio
2533 4755 2672 4794 cum
2698 4739 2919 4810 Spiritu
2935 4743 3142 4794 sancto
3158 4729 3411 4810 gloriam
3430 4738 3729 4805 redderet;
3747 4737 3798 4792 is
3822 4729 3982 4810 facile

2369 4810 2691 4882 perspiciet
2716 4801 2839 4866 non
2861 4810 2991 4882 sine
3015 4801 3203 4882 causa
3225 4809 3508 4882 Basilium
3528 4810 3677 4865 illud
3704 4801 3984 4882 eamad-

2369 4878 2534 4947 dere,
2568 4881 2677 4937 sed
2725 4887 2789 4937 ut
2845 4881 3068 4936 indicet
3124 4881 3238 4936 sibi
3270 4878 3764 4937 adversariorum
3797 4878 3983 4933 minas

2371 4953 2517 5008 tanti
2539 4968 2661 5008 non
2689 4968 2840 5020 esse,
2885 4958 2950 5008 ut
2982 4953 3143 5026 hanc
3168 4952 3463 5026 loquendi
3493 4954 3815 5026 rationem,
3860 4961 3984 5026 cum

2373 4995 2874 5105 sactbvgpirilt’c,
2902 5024 3179 5105 quamin
3211 4995 3334 5080 ιόιο
3360 4995 3477 5080 hoc
3505 5025 3664 5105 libro
3707 4995 3987 5105 defendit,

2373 5112 2668 5168 usurpare
2694 5097 2952 5151 desinat.
2976 5096 3296 5168 Basilianis
3329 5112 3473 5166 ergo
3525 5096 3838 5168 sententiae
3866 5103 3990 5145 ner-

2369 5184 2480 5224 vos
2509 5167 2674 5222 elidit
2723 5167 3147 5234 Combeﬁsius,
3177 5184 3317 5224 cum
3350 5169 3431 5224 ita
3460 5167 3806 5224 redendum
3859 5173 3988 5218 esse

2371 5255 2522 5317 pron
2532 5240 2880 5317 nntiat,ipso_
2889 5241 3128 5317 Spiritu
3152 5241 3402 5317 favente
3419 5235 3986 5317 beneque_propz'tio.

2441 5313 2555 5386 (3i)
2601 5311 2958 5386 εξτιρστρέψιιι).
3021 5312 3114 5368 Sic
3177 5311 3312 5366 libri
3361 5309 3612 5368 veteres.
3677 5309 3828 5365 Editi
3887 5309 3987 5386 ἐπι-

2368 5381 2594 5456 στρέψω.
2629 5381 2858 5438 Ibidem
2887 5385 3027 5452 Reg.
3054 5388 3309 5456 quartus
3330 5387 3748 5458 προσευχομίνῳ
3780 5397 3869 5453 μοι
3895 5381 3986 5430 πα-

2362 5453 2468 5510 λαι.
2494 5471 2585 5510 me
2609 5455 2909 5510 auondam
2939 5463 3246 5510 precante.

2383 5474 2468 5521 ian,
2494 5471 2585 5510 me
2609 5470 2909 5524 quonaam
2935 5470 3246 5524 precante.

2433 5474 2468 5521 ι,
2494 5471 2585 5510 me
2609 5471 2909 5536 quonaang
2935 5471 3250 5536 precante.
3782 5524 3792 5535 ⁸
3837 5521 3847 5532 ⁸

2433 5527 2544 5597 (32)
2571 5527 2770 5597 ’Evfrqb.
2791 5527 3088 5584 Articulus
3110 5526 3360 5585 additus
3384 5543 3458 5585 ex
3483 5542 3632 5597 mss.
3661 5519 3982 5597 COdICIbUS:

2434 5587 2852 5672 (33)‘Az6‘6~$ra;.
2896 5602 3024 5656 Duo
3078 5597 3326 5656 codices
3375 5599 3540 5671 Regii
3590 5596 3774 5663 δοῦσι,
3825 5587 3987 5666 quod
