4154 6386
600 299 670 351 75

1257 423 1484 480 CAPUT
1520 427 1611 481 IlI.

669 513 724 568 E
753 513 1067 569 mundana
1087 513 1473 583 philosophia
1504 521 1711 571 natam
1745 530 1862 572 esse
1891 515 1964 572 de
2001 516 2254 586 syllabis

989 586 1375 654 sophisticam
1403 588 1872 656 disputationem

669 679 720 729 5.
760 674 999 730 Induxit
1028 691 1210 746 porro
1236 675 1406 747 ipsos
1444 676 1505 732 in
1536 676 1698 732 hunc
1747 693 2011 734 errorem
2063 681 2255 732 exter-

598 780 820 820 norum
853 780 1098 838 quoque
1130 765 1491 838 scriptorum
1523 766 1885 835 observatio,
1915 768 2020 840 qui
2050 783 2252 830 voces,

599 870 674 911 ex
711 871 828 926 quo
859 861 914 910 et
941 871 1053 924 per
1085 871 1280 926 quem,
1315 856 1496 912 rebus
1527 861 1743 913 natura
1773 857 2071 929 separatis
2099 857 2257 913 attri-

595 944 876 1000 buerunt.
911 943 1223 1016 Siquidem
1254 945 1336 1000 illi
1372 950 1586 1017 putant
1612 945 1706 1000 his
1735 945 2006 1013 vocibus,
2041 961 2116 1002 ex
2139 960 2255 1015 quo

598 1035 926 1107 signiﬁcari
956 1036 1310 1091 materiam:
1361 1035 1455 1091 his
1487 1052 1650 1102 vero,
1679 1052 1790 1106 per
1811 1053 2006 1108 quem,
2038 1037 2253 1092 instru-

597 1129 873 1179 mentum
917 1124 1241 1193 designari,
1277 1125 1326 1197 5
1378 1130 1482 1182 aut
1520 1141 1769 1198 prorsus
1827 1125 2251 1181 ministerium.

595 1212 696 1269 Vel
719 1213 919 1285 potius
947 1213 1115 1285 (quid
1146 1215 1307 1270 enim
1338 1218 1515 1277 vetat,
1545 1219 1672 1271 tota
1710 1214 1948 1270 illorum
1980 1215 2255 1270 doctrina

594 1305 864 1375 repetita,
895 1303 1107 1376 paucis
1140 1319 1414 1372 arguere,
1447 1309 1504 1360 et
1532 1321 1716 1377 quam
1749 1305 1843 1360 isti
1867 1305 2146 1360 homines
2164 1303 2254 1359 di-

595 1397 795 1449 canta
829 1409 973 1449 vero
1015 1393 1370 1449 dissidentia
1392 1397 1655 1466 etquam
1682 1394 1942 1466 ipsinon
1979 1399 2256 1450 constent

594 1484 772 1543 sibi?)
816 1483 923 1556 qui
972 1483 1140 1538 inani
1183 1481 1586 1556 philosophiae
1635 1483 1932 1539 dederunt
1981 1499 2250 1556 operam,

592 1573 742 1630 dum
767 1571 1160 1629 multifariam
1190 1563 1503 1645 exponunt
1535 1589 1732 1628 causae
1759 1577 2060 1638 naturam,
2091 1589 2254 1628 eam-

590 1681 709 1737 que
732 1665 792 1720 in
809 1662 1054 1736 propria
1078 1662 1418 1732 signiﬁcata
1435 1661 1732 1729 dividunt,
1765 1661 1914 1718 alias
1934 1663 2102 1717 aiunt
2123 1679 2253 1718 esse

591 1770 809 1810 causas
832 1751 1220 1826 principales,
1245 1750 1395 1807 alias
1428 1756 1840 1823 cooperantes,
1872 1756 1976 1807 aut
1995 1767 2252 1807 concau-

592 1843 774 1913 sales,
807 1841 958 1898 alias
989 1847 1183 1897 autem
1219 1840 1377 1896 hanc
1411 1840 1708 1896 rationem
1753 1840 1978 1896 habere
2013 1845 2076 1895 ut
2121 1840 2249 1897 sine

587 1933 660 1989 iis
697 1932 846 1988 nihil
872 1930 1183 1987 efﬁciatur.
1221 1933 1412 2002 Atque
1459 1929 1677 1985 harum
1727 1931 1944 2002 cuique
1988 1929 2250 2002 peculia-

589 2039 717 2079 rem
748 2023 930 2078 etiam
963 2019 1296 2076 attribuunt
1333 2019 1826 2092 appellationem,
1850 2019 1930 2075 ita
1965 2025 2024 2076 ut
2081 2019 2249 2075 aliter

586 2112 807 2186 opifex,
867 2111 1036 2167 aliter
1106 2111 1574 2166 instrumentum
1656 2109 2049 2180 signiﬁcetur.
2097 2112 2246 2166 Nam

586 2203 790 2276 opiﬁci
836 2216 1168 2272 congruere
1217 2199 1563 2255 existimant
1605 2199 1832 2266 illud,a
1865 2216 2025 2272 quo;
2078 2202 2247 2258 aiunt

585 2293 748 2348 enim
765 2291 1008 2364 proprie
1028 2289 1211 2352 dici,a
1231 2287 1407 2343 fabro
1427 2287 1652 2344 factum
1677 2288 1862 2344 fuisse
1891 2305 2241 2345 scamnum:

586 2387 648 2439 at
671 2381 1072 2437 instrumento
1100 2378 1419 2434 convenire
1451 2377 1616 2443 illud,
1643 2394 1757 2448 per
1796 2394 1965 2450 quem
1994 2393 2017 2449 ,°
2037 2379 2248 2434 dicunt

583 2473 768 2538 enim,
801 2486 907 2542 per
946 2467 1203 2524 securim
1235 2472 1291 2523 et
1331 2467 1682 2523 terebellum
1721 2467 2053 2540 etreliqua.
2079 2468 2247 2525 Simi-

581 2562 714 2619 liter
733 2561 894 2617 hanc
915 2557 1298 2634 particulam,
1313 2574 1387 2615 ex
1401 2574 1539 2630 quo,
1563 2557 1645 2614 illi
1674 2557 1904 2614 faciunt
1933 2559 2244 2631 propriam

586 2652 852 2709 materiae
881 2670 893 2720 ;
924 2649 1225 2722 siquidem
1253 2665 1284 2704 e
1315 2649 1566 2704 materia
1610 2648 1676 2704 ﬁt
1700 2649 2033 2722 opiﬁcium.
2067 2653 2244 2706 Porro

583 2741 968 2817 particulam,
991 2741 1180 2810 juxta
1207 2740 1387 2810 quod,
1417 2743 1632 2810 putant
1662 2739 1998 2809 signiﬁcare
2025 2756 2245 2796 conce-

584 2839 757 2907 ptum
811 2832 1039 2897 animo,
1091 2829 1188 2885 vel
1237 2830 1598 2885 extrinsecus
1663 2828 1965 2901 objectum
2034 2830 2246 2886 artiﬁci

585 2921 914 2995 exemplar.
939 2919 1039 2975 Vel
1059 2920 1219 2974 enim
1252 2919 1420 2991 prius
1448 2917 1810 2989 cogitatione
1838 2919 1951 2974 sibi
1979 2919 2248 2992 depingit

585 3013 646 3069 id
685 3010 853 3085 quod
884 3011 1079 3066 facere
1109 3009 1389 3070 destinat,
1419 3011 1475 3062 et
1499 3008 1583 3084 sic
1614 3007 1783 3080 quod
1813 3009 2016 3065 animo
2040 3025 2248 3066 conce-

587 3104 694 3177 pit,
727 3101 804 3158 ad
832 3117 986 3173 opus
1015 3098 1291 3172 perducit
1323 3115 1334 3152 :
1382 3097 1474 3153 vel
1506 3098 1584 3152 ad
1620 3098 1930 3169 exemplar
1964 3099 2092 3170 jam
2127 3100 2248 3155 edi-

584 3198 710 3252 tum
726 3189 1160 3265 respiciens,ad
1180 3189 1337 3244 illius
1357 3188 1808 3244 similitudinem
1831 3192 2248 3262 Operationem

587 3282 809 3352 dirigit.
844 3283 1006 3336 Hanc
1035 3285 1238 3334 autem
1257 3276 1639 3350 particulam,
1671 3286 1921 3348 propter
1940 3281 2121 3350 quod,
2150 3297 2250 3337 vo-

586 3372 719 3430 lunt
743 3375 1085 3443 competere
1116 3368 1217 3423 ﬁni
1246 3381 1258 3432 ;
1288 3383 1606 3424 scamnum
1639 3369 1794 3424 enim
1843 3386 1973 3426 esse
2021 3371 2248 3428 factum

588 3464 668 3522 ad
699 3479 878 3520 usum
907 3459 1248 3516 hominum.
1285 3459 1552 3530 Denique
1601 3458 1694 3513 his
1746 3459 1960 3532 verbis,
1999 3463 2059 3518 in
2112 3479 2245 3534 quo,

592 3561 832 3626 tempus
857 3556 961 3608 aut
990 3550 1193 3606 locum
1223 3548 1500 3605 indicari.
1545 3549 1800 3614 Quando
1831 3551 1991 3607 enim
2024 3552 2250 3610 factum

498 3691 501 3702 ,.
589 3647 724 3701 est?
758 3643 819 3699 in
842 3642 940 3698 tali
976 3646 1266 3712 tempore.
1305 3638 1413 3694 Ubi
1445 3638 1674 3694 factum
1703 3639 1924 3695 est?in
1953 3641 2054 3696 tali
2092 3642 2250 3715 loco,

585 3739 723 3797 Haec
745 3739 950 3791 autem
977 3730 1216 3786 tametsi
1245 3727 1393 3785 nihil
1426 3728 1742 3784 conferunt
1764 3729 1843 3784 ad
1874 3730 1935 3785 id
1958 3733 2125 3803 quod
2163 3735 2247 3804 ﬁt,

587 3834 792 3885 tamen
825 3824 1060 3895 absque
1085 3819 1178 3876 his
1227 3817 1374 3874 nihil
1408 3823 1605 3890 potest
1653 3818 1804 3873 ﬁeri.
1849 3819 2250 3892 Op'erantibus

587 3917 748 3973 enim
781 3919 838 3969 et
881 3911 1015 3967 loco
1047 3915 1103 3965 et
1142 3913 1412 3979 tempore
1447 3924 1603 3979 opus
1653 3913 1760 3962 est.
1808 3910 1924 3964 llas
1963 3909 2247 3968 observa-

586 4007 780 4064 tiones
807 4020 878 4059 ex
910 3999 1194 4057 inanibus
1225 3997 1558 4069 disciplinis
1599 4014 1669 4053 ac
1700 4014 1860 4054 vana
1891 4000 2245 4074 deceptione

587 4097 945 4167 desumptas
968 4107 1104 4146 cum
1129 4088 1224 4144 isti
1251 4087 1568 4144 didicerint
1592 4094 1772 4160 atque
1800 4090 2080 4147 admirati
2102 4093 2240 4162 sint,

586 4203 690 4243 eas
714 4185 895 4241 etiam
919 4182 998 4238 ad
1026 4177 1360 4250 simplicem
1382 4189 1438 4232 et
1458 4183 1582 4232 arte
1605 4178 1771 4233 omni
1794 4186 2096 4236 carentem
2120 4182 2244 4254 Spi-

583 4277 732 4334 ritus
762 4272 1103 4330 doctrinam
1135 4267 1520 4335 transferuut,
1552 4273 1616 4324 ut
1647 4275 1703 4322 et
1742 4271 1927 4324 Deum
1979 4271 2241 4328 Verbum

581 4366 946 4430 diminuant,
976 4365 1034 4418 et
1084 4359 1366 4432 Spiritum
1419 4364 1697 4413 sanctum
1760 4360 2075 4430 rejiciant:
2134 4364 2240 4434 qui

579 4455 828 4530 quidem
861 4468 1074 4508 vocem
1123 4449 1534 4505 instrumentis
1579 4448 1862 4503 inanimis
1903 4456 2008 4506 aut
2037 4451 2238 4508 servili

578 4560 650 4602 ac
673 4558 921 4617 prorsus
947 4538 1159 4596 humili
1192 4537 1525 4594 ministerio
1553 4552 1588 4592 a
1635 4535 1904 4607 profanis
1929 4539 2234 4611 scriptori-

575 4632 692 4687 bus
714 4628 1346 4702 assignatam,loquor
1375 4626 1450 4682 de
1492 4626 1773 4696 dictione,
1802 4643 2122 4701 perquem,
2155 4630 2234 4686 ad

577 4723 903 4778 Dominum
925 4721 1347 4776 universorum
1369 4733 1492 4773 non
1519 4717 1688 4773 veriti
1711 4723 1852 4774 sunt
1879 4719 2228 4786 transferre;

574 4827 686 4867 nec
720 4811 909 4883 pudet
955 4809 1327 4867 Christianos
1379 4823 1555 4864 serrae
1585 4811 1689 4863 aut
1730 4806 1931 4863 mallei
1970 4809 2232 4867 vocabu-

573 4902 705 4959 lum
744 4901 1040 4958 universae
1072 4905 1360 4957 creaturae
1393 4897 1698 4955 Conditori
1731 4897 2074 4956 attribuere.

643 5081 760 5150 (39;
797 5079 919 5132 ‘On
961 5077 1016 5130 ἐκ
1068 5085 1159 5139 τῆς
1204 5078 1437 5150 ἔξωθεν,
1468 5079 1595 5134 Huc
1622 5149 1628 5150 ί
1659 5077 1978 5134 transferre
2034 5080 2226 5136 coacti

571 5168 786 5208 sumus
822 5151 985 5207 hunc
1029 5150 1268 5206 titulum
1313 5165 1350 5205 a
1402 5149 1666 5205 librariis
1713 5150 1873 5206 infra
1905 5155 2044 5206 ante
2095 5151 2225 5208 haec

565 5223 775 5294 verba,
813 5226 862 5274 oi
887 5227 1124 5296 nspitn'v
1151 5222 1645 5296 paméag,_vitiose
1673 5238 1941 5296 prorsu_,
1970 5229 2036 5279 ut
2059 5228 2226 5296 patet

564 5311 638 5352 ex
679 5293 1050 5367 parenthesi,
1078 5293 1266 5367 quam
1306 5293 1655 5367 adjicimus,
1700 5293 2078 5366 apposiumi
2110 5295 2222 5352 Ibi-

562 5364 703 5424 dem
734 5370 871 5437 Reg.
907 5364 1118 5422 tertius
1149 5365 1418 5437 συλλαϐῶν
1444 5364 1700 5437 θεολογία.

568 5505 579 5520 ,
634 5441 748 5520 (⁸40)
793 5436 1048 5501 Ἐκείνους
1069 5439 1277 5500 αὐτούς.
1300 5438 1393 5493 Sic
1410 5436 1548 5492 libri
1572 5440 1824 5492 veteres.
1852 5436 2007 5493 Edili
2029 5438 2218 5501 αὑτοὺς

559 5525 750 5560 εκεινου
761 5530 801 5571 ς.

631 5580 744 5650 (Iit)
788 5582 1047 5653 'Ens'xuv.
1089 5585 1232 5653 Non,
1278 5580 1434 5653 male
1490 5581 1551 5636 in
1595 5596 1716 5636 uno
1756 5596 1829 5636 ex
1877 5581 2064 5653 Regis
2119 5583 2214 5633 ὑπ-

558 5650 720 5720 ἐχειν.
749 5650 946 5710 Paulo'
961 5660 1099 5729 post
1127 5652 1414 5710 articulus
1442 5668 1514 5708 ex
1553 5667 1701 5708 mss.
1735 5651 1915 5709 codd.
1967 5650 2213 5709 additus

1983 303 2042 366 S.
2085 300 2334 357 BASlLlI
2371 303 2610 359 MAGNI.

2288 433 2334 486 Α

3895 330 3959 380 76

2917 439 3306 490 ΚΕΦΑΛΑΙΟΝ
3347 439 3414 494 Γ.

2436 515 2554 570 Ὀτι
2585 517 2638 570 ἐκ
2683 529 2778 582 τῆς
2836 522 3015 608 ἕξωθῗν
3073 530 3184 592 (39)
3220 534 3407 608 σοφίας
3464 533 3494 590 ἡ
3529 539 3648 608 περὶ
3705 544 3802 588 τῶν
3848 541 3964 593 συλ-

2899 594 3066 647 λαϐῶν
3106 594 3433 672 τεχνολογία.

2530 679 2847 754 ’Υπηγάγετο
2886 690 3060 758 μέντοι
3147 689 3332 751 αὐτοὺς
3407 697 3538 766 πρὸς
3609 702 3702 756 τὴν
3767 698 3960 760 ἀπάτην

2365 771 2556 826 ταύτην
2588 775 2678 822 καὶ
2705 773 2734 830 η
2769 781 2868 824 τῶν
2927 775 3107 838 ἔξωθεν
3159 786 3526 855 παρατήρησις
3580 785 3629 837 οἱ
3683 792 3760 852 τὸ,
3803 789 3854 854 ἐξ
3883 793 3958 859 οὗ,

2364 862 2560 928 καὶτὸ,
2613 857 2686 910 δι’
2730 861 2810 929 οὗ,
2839 872 3251 939 κεχωρισμένοις
3305 874 3440 922 κατὰ
3492 878 3586 932 τὴν
3637 880 3789 948 φύσιν
3836 885 3960 955 πρά-

2364 966 2532 1018 γμασι
2589 947 3017 1024 προσδιένειμαν.
3099 956 3311 1010 Ἐκεῖνοι
3362 966 3460 1031 γὰρ
3506 967 3704 1018 οἴονται
3766 972 3822 1021 τὸ
3873 947 3957 1023 μὲν

2373 1035 2419 1050 ’ν
2703 1040 2741 1053 .-
2934 1043 2948 1054 ι
3369 1027 3378 1031 ⁷
3433 1027 3438 1031 ⁷
3873 1027 3881 1042 Ι

2366 1055 2416 1097 ες
2450 1037 2509 1087 οὗ
2558 1042 2650 1095 τὴν
2694 1057 2818 1098 υΛην
2860 1039 3071 1112 δηλοῦν,
3105 1049 3162 1097 τό
3196 1044 3254 1100 δὲ
3286 1046 3360 1101 δι’
3391 1052 3451 1102 οὗ
3481 1056 3537 1105 τό
3570 1058 3784 1128 ὄργανον
3836 1080 3959 1132 παρ-

2367 1132 2537 1196 ιστᾲν,
2590 1129 2618 1186 ἦ
2683 1129 2810 1193 ὅλως
2857 1137 2950 1190 τὴν
3002 1136 3313 1209 ὑπουργίαν.
3371 1141 3575 1195 Μᾶλλον
3633 1142 3692 1198 δὲ
3733 1149 3798 1218 (τί
3861 1154 3955 1226 γὰρ

2365 1214 2568 1283 κωλύει,
2628 1221 2798 1271 πάντα
2836 1225 2920 1273 τόν
2983 1222 3182 1276 ἐκείνων
3230 1227 3380 1300 λόγον
3431 1230 3797 1306 ἀναλαϐόντας,
3829 1244 3883 1290 τό
3910 1214 3959 1292 τε

2364 1309 2493 1376 πρὸς
2525 1311 2616 1363 την
2659 1307 2900 1366 ἀλήθειαν
2933 1310 3287 1386 ἀσυνάρτητον
3331 1325 3422 1371 καὶ
3475 1326 3533 1374 τὸ
3566 1329 3696 1399 πρός
3748 1325 3959 1391 ἐκείνους

2365 1393 2550 1456 αὐτοὺς
2602 1399 2712 1466 (40)
2745 1397 3054 1473 ἀσυμφωνον
3093 1413 3193 1455 τῶν
3247 1404 3450 1481 ἀνδρῶν
3499 1416 3695 1465 τούτων
3740 1415 3788 1467 έν
3838 1417 3961 1492 βρίθ

2363 1490 2455 1554 χεῖ
2487 1481 2747 1556 διελέγξαι
2773 1493 2822 1556 ;)
2853 1489 2899 1542 οἳ
2931 1498 3048 1566 περὶ
3077 1498 3163 1552 τὴν
3189 1503 3418 1568 ματαίαν
3451 1501 3759 1576 φιλοσοφίαν
3803 1509 3959 1578 ἐσχο-

2366 1588 2592 1641 Αακοτες,
2620 1585 2708 1629 τοῦ
2743 1579 2912 1632 αἰτίου
2957 1587 3050 1640 τήν
3083 1587 3235 1656 φύσιν
3283 1588 3560 1662 πολλαχῶς
3613 1593 3957 1669 ἐξηγούμενοι,

2363 1668 2637 1717 καὶτοῦτο
2665 1667 2731 1727 εἰς
2777 1671 2841 1720 τὰ
2887 1670 3053 1724 οἰκεῖα
3099 1683 3457 1750 σημαινόμενα
3509 1678 3854 1757 διαιροῦντες,
3902 1691 3960 1740 τὰ

2291 1755 2452 1842 Βμὲν
2529 1763 2959 1831 προκαταρκτικα
3029 1761 3236 1834 λέγουσι
3299 1776 3397 1818 τῶν
3473 1771 3653 1824 αἰτίων
3713 1774 3857 1844 εἶναι,
3898 1780 3958 1829 τὰ

2363 1837 2423 1894 δὲ
2478 1849 2702 1918 συνεργὰ
2750 1849 2777 1906 ἦ
2838 1855 3100 1916 συναίτια,
3143 1857 3208 1905 τά
3264 1851 3322 1908 δὲ
3368 1867 3465 1910 τῶν
3497 1861 3566 1912 ὧν
3597 1863 3690 1914 οὑκ
3731 1866 3846 1918 ἄνευ
3873 1865 3955 1918 λό-

2359 1949 2450 2001 γον
2496 1931 2701 2005 ἐπέχειν
2753 1937 2889 2008 (41).
2940 1938 3170 2014 Ἐκάστῳ
3213 1950 3386 2016 μέντοι
3423 1953 3617 2002 τούτων
3652 1949 3954 2015 ἰδιάζουσαν

2358 2025 2448 2072 καὶ
2505 2027 2598 2081 τὴν
2664 2023 2954 2098 ἐπιφώνησιν
3027 2029 3412 2103 ἀφορίζουσιν·
3476 2042 3611 2094 ὥστε
3660 2041 3825 2105 άλλως
3874 2050 3953 2098 τὸν

2360 2106 2686 2187 δημιουργὸν
2730 2121 3102 2188 σημαίνεσθαι,
3159 2129 3248 2176 καὶ
3287 2129 3343 2177 τὸ
3403 2129 3620 2202 όργανον
3669 2132 3952 2206 οἶλλως.Τῷ

2357 2203 2446 2272 μὲν
2477 2205 2578 2274 γὰρ
2640 2199 2950 2278 δημιουργῷ
3003 2215 3212 2281 πρέπειν
3271 2217 3469 2269 οἴονται
3522 2224 3581 2271 τὸ
3640 2219 3834 2294 ὑφόὖ·
3868 2244 3952 2276 κν·

2356 2292 2477 2361 ρι’ως
2504 2294 2605 2366 γὰρ
2635 2313 2763 2364 φασι
2811 2293 3053 2366 λέγεσθαι
3093 2301 3192 2352 ὑπὸ
3245 2312 3335 2355 τοῦ
3384 2311 3624 2372 τέκτονος
3653 2315 3952 2383 γεγενῆσθαι

2355 2383 2413 2431 τό
2469 2379 2689 2454 βάθρον·
2725 2392 2794 2454 τῷ
2850 2381 2908 2437 δὲ
2956 2386 3158 2460 ὀργάνῳ
3196 2395 3251 2443 τὸ
3308 2390 3380 2445 δι’
3426 2396 3507 2448 οὗ·
3558 2379 3669 2452 διά-
3848 2422 3954 2455 σκε-

2355 2473 2553 2544 πάρνου
2601 2478 2748 2545 φασὶ,
2782 2481 2871 2528 καὶ
2909 2482 3164 2553 τερέτρου,
3211 2487 3300 2535 καὶ
3349 2494 3450 2536 τῶν
3491 2487 3704 2546 λοιπῶν.
3746 2491 3950 2564 Ὀμοίως

2358 2557 2417 2612 δὲ
2473 2567 2563 2614 καὶ
2616 2566 2674 2614 τὸ
2733 2562 2785 2626 ἐξ
2832 2566 2892 2616 οὗ
2930 2576 3022 2629 τῆς
3068 2569 3193 2631 ὑλης
3233 2570 3371 2626 ἴδιον
3402 2579 3633 2631 τίθενται
3660 2579 3856 2634 ἐκεῖνοι·
3898 2582 3948 2634 ἐκ

2356 2650 2508 2714 ξύλου
2562 2655 2662 2725 γὰρ
2722 2651 2850 2707 εἶναι
2897 2660 2951 2708 τὸ
3022 2654 3421 2735 δημιούργημα·
3478 2671 3534 2719 τὸ
3586 2666 3646 2721 δὲ
3688 2670 3853 2723 καθ’ὂ
3898 2674 3948 2723 τὸ

2356 2738 2593 2813 ἐνθύμιον
2660 2739 2871 2809 δηλοῦν,
2942 2748 2971 2804 ἡ
3049 2752 3108 2801 τὸ
3174 2749 3460 2824 ἐκκείμενον
3529 2755 3827 2832 ὑπόδειγμα
3883 2769 3948 2832 τῷ

2355 2835 2590 2904 τεχνίτῃ.
2639 2831 2703 2884 Ἦ
2749 2836 2850 2908 γὰρ
2901 2840 3462 2915 προαναζωγραφήσας
3502 2854 3564 2918 τῇ
3615 2845 3821 2923 διανοίᾳ
3846 2853 3944 2919 (42)

2353 2923 2411 2972 τό
2454 2925 2888 2996 κατασκεύασμα,
2937 2928 3103 2990 οὑτως
3151 2929 3221 2992 εἰς
3291 2935 3437 3006 ἔργον
3509 2941 3600 2995 την
3673 2945 3945 3011 φαντασίαν

2355 3013 2569 3082 ἤγαγεν
2604 3013 2632 3070 ἦ
2690 3017 2820 3088 πρὸς
2867 3011 2973 3073 ἤδη
3025 3016 3312 3090 ἐκκείμενον
3365 3022 3708 3100 παράδειγμα
3748 3027 3945 3081 ἀποϐλέ-

2285 3119 2482 3202 Οπων,
2540 3099 2656 3153 καθ’
2704 3103 2953 3174 ὁμοίωσιν
3003 3103 3194 3159 ἐκείνου
3249 3115 3343 3168 τὴν
3388 3099 3646 3187 ἐνέργειαν
3703 3119 3810 3190 (43)
3835 3137 3946 3170 κατ·

2355 3191 2576 3245 ευθὺνει.
2627 3194 2695 3243 Τό
2755 3189 2813 3245 δὲ
2865 3191 2939 3246 δι’
2997 3195 3022 3247 6
3080 3206 3152 3268 τῷ
3197 3199 3326 3252 τέλει
3398 3210 3686 3275 προσήκειν
3748 3207 3948 3280 βούλον-

2357 3298 2461 3331 ται·
2499 3276 2592 3332 διὰ
2641 3285 2743 3355 γὰρ
2804 3289 2893 3341 τὴν
2939 3293 3142 3360 χρῆσιν
3191 3293 3278 3347 τὴν
3333 3300 3431 3342 τῶν
3487 3293 3769 3369 ἀνθρώπων
3813 3317 3947 3370 γεγο-

2357 3373 2494 3421 νέναι
2522 3371 2578 3422 τὸ
2625 3370 2844 3447 βάθρονσ
2896 3378 2952 3426 τὸ
2987 3371 3046 3427 δε
3103 3375 3151 3428 ἐν
3260 3384 3346 3431 τὸν
3379 3388 3576 3456 χρόνον
3642 3388 3944 3462 παριστᾲνῆ

2359 3462 2446 3510 τόν
2491 3465 2665 3516 τόπον.
2724 3467 2854 3515 Πότε
2903 3467 3001 3540 γάρ
3049 3471 3291 3538 γέγονεν;
3326 3470 3406 3523 Ἰεν
3443 3471 3584 3544 τῷδε
3636 3485 3707 3547 τῷ
3761 3482 3946 3550 χρόνῳ.

2363 3553 2463 3600 Καὶ
2496 3557 2632 3616 ποὺ;
2665 3551 2743 3604 Ἐν
2791 3549 2926 3622 τῷδε
2959 3561 3032 3623 τῷ
3081 3559 3242 3628 τόπῳ.
3295 3565 3477 3612 Ταῦτα
3509 3559 3568 3615 δὲ
3607 3565 3650 3616 εἰ
3678 3571 3766 3618 καὶ
3794 3549 3947 3638 μηδὲν

2361 3648 2432 3709 τῷ
2473 3647 2724 3714 γινομένῳ
2794 3643 3163 3716 συμϐάλλεται,
3221 3646 3331 3699 ἀλλ’
3385 3647 3475 3702 οὖν
3525 3653 3619 3706 οὑκ
3676 3654 3792 3708 ἄνευ
3843 3658 3948 3708 τοὺο

2360 3749 2458 3781 των
2492 3727 2714 3784 δυνατόν
2753 3753 2805 3785 τι
2847 3737 3108 3804 γενέσθαι.
3170 3742 3334 3810 Χρεία
3361 3742 3465 3812 γὰρ
3525 3748 3616 3795 καὶ
3658 3750 3815 3798 τόπου
3866 3749 3946 3796 καὶ

2357 3825 2554 3893 χρόνου
2593 3827 2704 3883 τοῖς
2765 3821 3049 3897 ἐνεργοῦσι.
3100 3833 3278 3878 Ταῦτα
3324 3830 3578 3900 μαθόντες
3623 3839 3712 3886 καὶ
3760 3835 3944 3907 θαυμάο

2359 3931 2539 3974 σαντες
2571 3914 2680 3983 (44)
2731 3913 2878 3965 οὑτοῑ
2917 3917 2981 3966 τα
3035 3913 3088 3966 ἐκ
3140 3924 3234 3977 τῆς
3282 3926 3639 3989 ματαιότητος
3675 3945 3763 3977 και
3809 3931 3944 3984 κενῆς

2277 4005 2284 4013 “
2352 4002 3043 4078 ἀπάτης,παρατηρὴματα,
3095 4011 3184 4058 καὶ
3229 4005 3312 4059 ἐπὶ
3360 4013 3453 4066 τὴν
3513 4011 3678 4072 ἁπλῆν
3709 4020 3796 4066 καὶ
3843 4013 3945 4065 ἁτε-

2349 4090 2672 4163 χνολόγητον
2725 4101 2815 4144 τοῦ
2902 4097 3197 4166 Πνεὺματος
3265 4093 3624 4154 διδασκαλίαν
3678 4107 3942 4175 μετακομί-

2354 4184 2554 4246 ζουσιν,
2589 4182 2660 4244 εἰς
2707 4180 2987 4235 ἐλάττωσιν
3040 4187 3130 4256 μὲν
3188 4193 3280 4237 τοῦ
3324 4195 3459 4240 Θεοῦ
3517 4196 3713 4263 Λόγον,
3775 4192 3942 4248 ἀθέτη-

2353 4291 2434 4323 σιν
2476 4269 2535 4324 δε
2592 4280 2682 4324 τοῦ
2753 4272 2902 4344 ἁγίου
3126 4279 3441 4348 [1νεὺματος·
3503 4281 3553 4332 οἳ
3609 4301 3664 4354 γε
3715 4287 3806 4340 τὴν
3865 4280 3940 4333 ἐπὶ

2348 4360 2573 4432 ἀψύχων
2622 4361 2873 4435 ὁργάνων,
2938 4361 2965 4420 ἦ
3024 4371 3120 4425 τῆς
3176 4366 3488 4440 ὑποχειρίου
3551 4377 3642 4425 καὶ
3706 4378 3938 4430 ταπεινῆς

2347 4451 2598 4512 παντελῶς
2646 4453 2935 4525 ὑπηρεσίας
2991 4459 3159 4524 φωνην
3217 4452 3583 4530 ἀφωρισμένην
3643 4463 3782 4535 παρὰ
3846 4467 3934 4512 τῶν

2345 4541 2544 4609 ἔξωθεν,
2605 4546 2699 4599 τὴν
2754 4538 2826 4593 δι’
2864 4543 2924 4593 οὗ
2980 4542 3132 4615 λέγω,
3164 4547 3359 4603 ταύτην
3417 4546 3501 4600 ἐπὶ
3549 4553 3635 4602 τὸν
3684 4554 3932 4606 Δεσπότην

2341 4639 2442 4683 τῶν
2497 4631 2623 4684 ὅλων
2677 4632 2772 4683 οὐκ
2819 4635 3060 4690 ὤκνησαν
3091 4637 3408 4706 μεταθεῖναι,
3455 4645 3545 4692 καὶ
3594 4640 3686 4692 οὑκ
3742 4640 3929 4710 αἰσχύ·

2339 4742 2512 4774 νονται
2538 4725 2587 4775 οἱ
2617 4727 2930 4797 Χριστιανοὶ
2959 4743 3164 4796 πριονος
3203 4725 3232 4784 ἦ
3277 4729 3481 4802 σφύρας
3510 4737 3581 4800 τῷ
3631 4727 3928 4803 δημιουργῷ

2338 4819 2434 4873 τῆς
2462 4817 2682 4874 κτίσεως
2713 4817 2883 4885 φωνὴν
2903 4810 3256 4885 ἀφορίζοντες.

2335 5083 2474 5136 ante
2504 5085 2761 5142 τέκτονος.

2405 5153 2525 5229 (ᾀ2)
2557 5159 2635 5229 ⁸Τῆ
2673 5149 2903 5225 διανοίᾳ.
2927 5156 3065 5229 ‘Duo
3098 5153 3337 5229 codices
3363 5169 3508 5213 mss.
3537 5154 3584 5209 ἐν
3606 5164 3668 5229 τῇ
3700 5152 3917 5229 διανοίᾳ.

2401 5227 2514 5312 (εξ3)
2557 5224 2868 5298 Ἐνέργειαν.
2915 5226 3008 5290 Sic
3035 5228 3275 5284 codices
3301 5244 3456 5286 mss.
3495 5244 3621 5286 sex.
3643 5224 3797 5283 'Editi
3841 5224 3917 5299 ἐρ-

2329 5315 2542 5367 γασιαν.
2908 5327 2934 5357 ο

2402 5368 2538 5440 (44)-
2561 5373 2660 5420 Καὶ
2688 5369 3068 5440 θαυμάσαντες.
3101 5374 3233 5427 Haec
3261 5370 3481 5428 desunt
3515 5373 3576 5428 in
3621 5365 3916 5427 nonnullis

2328 5438 2641 5514 codicibus
2670 5438 2820 5514 mss.
2839 5441 3021 5514 Paulo
3043 5447 3181 5514 post
3206 5443 3346 5499 editi
3370 5450 3463 5504 τὴν
3484 5453 3574 5497 τοῦ
3604 5444 3908 5514 Πνεῦματοξν

2328 5510 2432 5566 sed
2449 5510 2682 5583 primus
2711 5512 2997 5583 articulus
3017 5506 3141 5570 non
3163 5515 3461 5572 invenitur
3489 5517 3548 5572 in
3570 5531 3718 5571 mss.
3736 5506 3910 5566 'codd.

2397 5582 2650 5659 (451139
2706 5582 2878 5659 ἁγίου.
2917 5588 3045 5659 Duo
3076 5587 3308 5659 antiqui
3360 5588 3600 5645 codices
3627 5591 3716 5639 τοῦ
3756 5585 3904 5636 θείου-

2321 5653 2450 5711 Duo
2474 5653 2576 5711 alii
2601 5663 2694 5708 τοῦ
2726 5653 2864 5709 θείου
2895 5663 2984 5710 καὶ
3014 5657 3196 5730 ἁγίου.
