4154 6386
579 316 649 372 79
1937 312 1995 368 S.
2036 309 2296 367 BASILII
2334 311 2586 369 MAGNI.
3869 328 3932 380 80

580 438 865 512 Spiritum
897 443 1179 495 sanctum
1221 437 1283 494 in
1324 436 1695 494 consortium
1742 436 1964 493 harum
2010 450 2232 491 vocum

2346 436 2404 489 οῦ
2429 435 2816 512 παραδέχεται·
2853 442 2976 516 ὅπερ
3006 443 3033 499 ἡ
3082 446 3233 500 καινὴ
3296 443 3405 514 (50)
3464 446 3654 497 τούτων
3696 445 3931 521 κληροδοο

574 544 652 587 ex
679 546 815 601 quo,
844 533 967 596 aut,
994 544 1106 599 per
1128 543 1319 599 quem,
1341 526 1509 600 quod
1549 532 1754 583 tamen
1786 542 1948 581 nova
1976 525 2233 580 istorum

573 618 918 675 distributio
965 617 1191 674 deﬁnit.
1256 618 1415 673 Unus
1470 618 1628 673 Deus
1682 622 1735 672 et
1758 617 1962 683 Pater,
1996 630 2075 671 ea:
2120 630 2233 686 quo

571 710 773 765 omnia
793 724 815 764 .·
835 713 889 765 et
922 724 1077 763 unus
1106 708 1392 763 Dominus
1420 708 1592 763 Jesus
1616 704 1909 774 Christus,
1927 720 2039 774 per
2059 720 2232 777 quem

570 800 862 855 omnia”.
896 801 1024 854 Non
1056 802 1197 853 sunt
1225 797 1318 852 hae
1350 812 1528 851 voces
1558 795 1755 866 legem
1810 794 2071 856 ferentis,
2126 793 2233 848 sed

567 887 932 961 hypostases
962 886 1402 957 distinguentis.
1428 888 1555 941 Non
1577 885 1739 941 enim
1772 888 1834 941 ut
1859 888 2090 940 naturae
2130 883 2229 938 in-

566 976 813 1034 duceret
842 976 1275 1039 diversitatem,
1304 974 1409 1031 sed
1434 978 1497 1031 ut
1529 975 1589 1030 in
1614 975 1938 1031 confusam
1963 973 2151 1029 Patris
2178 975 2235 1028 et

566 1066 691 1123 Filii
738 1067 1049 1123 notionem
1096 1064 1429 1133 exhiberet,
1484 1064 1567 1120 ita
1599 1062 1837 1119 locutus
1886 1062 2228 1136 Apostolus.

565 1158 713 1213 Nam
738 1155 903 1229 quod
940 1155 1034 1211 hm
1073 1170 1254 1211 voces
1284 1154 1439 1210 inter
1468 1169 1531 1209 se
1558 1152 1873 1209 contrariae
1924 1168 2048 1208 non
2093 1152 2230 1221 sint,

562 1260 760 1317 neque
788 1244 953 1301 velut
973 1244 1035 1300 in
1061 1243 1272 1317 praelio
1307 1247 1606 1317 separatae
1630 1243 1922 1299 adversus
1948 1240 2230 1297 hostilem

562 1336 778 1405 aciem,
810 1334 889 1392 ad
913 1333 1143 1391 bellum
1170 1334 1324 1389 inter
1356 1349 1419 1388 se
1441 1332 1777 1404 gerendum
1813 1331 2073 1387 excitent
2128 1348 2231 1386 na-

561 1430 731 1483 turas
780 1423 859 1480 ad
915 1440 1073 1497 quas
1124 1423 1507 1491 accesserint,
1548 1421 1688 1478 inde
1744 1421 1948 1494 liquet.
1986 1419 2233 1490 Collegit

561 1515 779 1573 ambas
806 1516 869 1570 in
891 1529 1014 1571 una
1042 1518 1100 1569 et
1128 1512 1345 1569 eadem
1366 1527 1630 1585 persona
1650 1511 1866 1567 beatus
1893 1511 1943 1581 7
1974 1514 2229 1582 Aposto-

560 1603 656 1661 lus
684 1604 933 1661 dicens:
960 1604 1255 1672 Quoniam
1285 1618 1361 1659 ex
1398 1603 1545 1673 ipso,
1582 1608 1635 1658 et
1664 1617 1774 1672 per
1823 1602 2043 1669 ipsum,
2080 1604 2134 1655 et
2168 1602 2230 1654 in

560 1697 756 1766 ipsum
805 1696 1007 1751 omnia
1030 1694 1097 1749 ⁸ο.
1151 1692 1326 1759 Quod
1374 1697 1578 1749 autem
1630 1693 1759 1748 huic
1790 1690 1870 1747 ad
1898 1688 2223 1745 Dominum

558 1785 797 1852 referat,
824 1783 1023 1858 quivis
1053 1782 1355 1850 fatebitur,
1379 1782 1485 1855 qui
1511 1781 1601 1837 vel
1650 1780 1905 1837 tenuiter
1949 1778 2233 1851 inspiciat
2262 1799 2300 1852 Β

560 1879 829 1931 mentem
854 1872 1165 1929 orationis.
1191 1874 1339 1929 Cum
1371 1870 1533 1926 enim
1590 1868 1914 1942 Apostolus
1948 1868 2116 1940 prius
2159 1884 2231 1923 ex

561 1965 731 2021 Isaias
756 1963 1077 2037 prophetia
1094 1961 1401 2035 posuisset
1420 1959 1567 2016 illud
1592 1976 1605 2014 :
1638 1959 1779 2026 Quis
1802 1959 2080 2028 cognovit
2100 1972 2232 2014 sen-

558 2070 689 2111 sum
715 2054 979 2124 Domini,
1010 2057 1117 2109 aut
1147 2052 1277 2125 quis
1317 2050 1703 2107 consiliarius
1733 2051 1862 2119 ejus
1892 2048 2019 2118 fuit
2050 2046 2229 2102 γεω)-

554 2144 1020 2217 jecitzQuoniam
1050 2157 1127 2199 ea:
1156 2144 1298 2212 ipso,
1327 2146 1383 2197 et
1408 2155 1520 2210 per
1549 2140 1770 2211 ipsum,
1813 2145 1870 2196 et
1918 2140 1981 2194 in
2033 2139 2230 2207 ipsum

559 2243 701 2293 sunt
726 2236 926 2292 omnia
949 2234 1017 2289 ³¹.
1047 2235 1191 2300 Quae
1223 2236 1379 2288 certe
1405 2230 1481 2286 de
1513 2232 1632 2286 Deo
1673 2228 1867 2285 Verbo
1918 2228 2231 2283 universo-

560 2341 701 2382 rum
737 2323 1050 2381 conditore
1100 2322 1262 2378 dicta
1300 2335 1430 2376 esse
1479 2335 1515 2376 a
1540 2318 1860 2393 propheta,
1894 2317 2063 2373 exiis
2092 2332 2231 2389 qum

561 2414 920 2491 praecedunt
947 2413 1150 2469 discas
1206 2410 1431 2468 licebit.
1484 2411 1623 2478 Quis
1667 2406 1905 2465 mensus
1931 2413 2017 2464 est
2047 2422 2233 2462 manu

563 2521 809 2579 aquam,
831 2510 887 2562 et
904 2504 1119 2561 calum
1139 2502 1369 2573 palmo,
1403 2505 1456 2557 et
1484 2504 1671 2556 totam
1707 2506 1931 2555 terram
1970 2512 2175 2567 pugno
2204 2495 2233 2549 ?

567 2597 709 2665 Quis
733 2595 948 2651 statuit
976 2598 1204 2649 montes
1226 2594 1287 2647 in
1319 2590 1500 2659 libra,
1525 2595 1581 2645 et
1612 2589 1794 2646 colles
1840 2589 1906 2644 in
1945 2592 2177 2642 statera
2207 2588 2235 2640 γ

566 2688 708 2755 Quis
729 2685 1006 2756 cognovit
1026 2698 1263 2739 sensum
1288 2680 1535 2747 Domini,
1560 2685 1667 2735 aut
1689 2679 1821 2750 quis
1843 2676 2232 2733 consiliarius

568 2776 673 2833 illi
695 2776 821 2847 fuit
844 2775 890 2809 "
916 2774 945 2827 ‘?
969 2776 1120 2829 Nam
1150 2771 1280 2828 haec
1301 2769 1505 2836 dictio,
1535 2770 1688 2841 quis,
1718 2767 1815 2823 hic
1837 2782 1962 2822 non
1984 2764 2235 2838 prorSus

566 2866 627 2924 id
649 2864 818 2939 quod
848 2863 1059 2920 haberi
1088 2861 1318 2935 nequit,
1352 2857 1678 2930 signiﬁcat,
1708 2856 1815 2913 sed
1841 2855 2006 2929 quod
2027 2860 2114 2912 est
2141 2870 2235 2911 ra-

564 2972 744 3015 rum:
774 2954 1013 3012 velutin
1038 2954 1191 3009 hoc:
1229 2952 1369 3020 Quis
1406 2952 1679 3020 insurget
1737 2947 1891 3004 mihi
1945 2946 2235 3003 adversus

562 3061 841 3119 perverse
870 3050 1112 3115 agentes
1134 3044 1228 3099 υτ
1250 3041 1501 3109 EtzQuis
1526 3044 1609 3096 est
1645 3038 1815 3094 homo
1848 3039 1953 3109 qui
1988 3036 2118 3092 vult
2150 3036 2236 3090 vi-

570 3137 802 3194 tam“?
835 3137 940 3191 Et:
968 3134 1110 3201 Quis
1158 3132 1437 3189 ascendet
1495 3132 1550 3185 in
1600 3134 1853 3184 montem
1887 3125 2177 3181 Domini"5
2208 3124 2237 3180 τ
2268 3164 2307 3221 C

513 3292 524 3303 .
570 3226 850 3284 Similiter
878 3230 935 3281 et
959 3224 1075 3280 hoc
1091 3223 1226 3280 loco
1254 3222 1483 3277 dictum
1510 3238 1522 3276 :
1552 3220 1693 3288 Quis
1715 3224 1802 3275 est
1830 3215 2235 3289 quicoqnovit

567 3333 798 3375 sensum
824 3314 1084 3382 Domini,
1114 3319 1169 3369 et
1191 3313 1431 3369 consilii
1456 3312 1625 3367 illius
1641 3310 1952 3379 particeps
1994 3307 2116 3376 fuit
2142 3306 2189 3340 ⁸⁵
2210 3304 2237 3360 ?

568 3408 759 3464 Pater
785 3407 944 3463 enim
966 3403 1172 3474 diligit
1195 3402 1444 3469 Filium,
1467 3406 1524 3457 et
1545 3400 1744 3455 omnia
1765 3396 2023 3453 ostendit
2050 3396 2150 3450 illi
2166 3395 2235 3453 ⁸⁷.

571 3498 672 3553 Hic
699 3500 788 3552 est
806 3494 911 3567 qui
942 3493 1207 3550 continet
1243 3496 1489 3557 terram,
1519 3503 1779 3562 eamque
1823 3500 2036 3560 pugno
2074 3500 2235 3540 com-

570 3588 783 3662 plexus
805 3590 892 3643 est
920 3604 933 3653 ;
959 3585 1063 3658 qui
1092 3588 1310 3641 cuncta
1340 3580 1591 3654 digessit
1626 3582 1685 3637 in
1714 3579 2013 3644 ordinem,
2046 3590 2240 3648 eaque

571 3676 809 3734 ornavit
834 3694 847 3745 ;
882 3675 983 3749 qui
1005 3679 1061 3731 et
1084 3679 1319 3730 montes
1341 3670 1656 3745 mqualiter
1679 3669 1946 3733 libravit,
1980 3671 2037 3722 et
2064 3665 2244 3738 aquis

572 3768 863 3837 terminqs
904 3764 1275 3839 prescripsit,
1323 3766 1381 3819 et
1426 3760 1715 3817 omnibus
1742 3775 1881 3831 qua:
1909 3756 1970 3812 in
2003 3753 2242 3811 mundo

573 3863 729 3923 sunt,
756 3872 937 3912 suum
958 3854 1299 3924 designavit
1319 3852 1596 3908 ordinem
1625 3866 1636 3904 :
1664 3849 1770 3921 qui
1799 3853 1990 3903 totum
2020 3844 2241 3900 caelum

572 3946 818 4003 modica
842 3944 1020 4002 totius
1044 3960 1168 3998 suae
1190 3941 1506 4015 potestatis
1530 3936 1825 4013 particula
1847 3934 2243 4007 comprehen-

572 4036 662 4093 dit
691 4054 702 4091 :
732 4051 917 4109 quam
940 4050 1139 4090 sermo
1162 4031 1550 4105 propheticus
1572 4028 1826 4099 ﬁgurate
1845 4025 2121 4099 palmum
2140 4039 2245 4093 ap'

573 4125 839 4201 pellavit.
865 4123 1029 4181 Unde
1060 4126 1465 4193 congruenter
1491 4116 1813 4193 Apostolus
1840 4115 2063 4187 adjecit
2096 4130 2109 4169 :
2144 4114 2244 4169 Ea:

1222 4266 1269 4299 ³ο
1302 4267 1474 4320 Rom.
1513 4278 1591 4322 xx.
1626 4264 1714 4317 36.

1238 4338 1284 4372 ⁸⁵
1320 4335 1468 4391 Psal.
1504 4350 1667 4404 xxm,
1698 4337 1751 4389 3.

646 4270 694 4305 ⁷⁹
724 4270 745 4323 Ι
777 4270 909 4324 Cor.
938 4283 1055 4335 vm,
1091 4270 1142 4321 6.

572 4336 619 4377 “
646 4340 807 4397 Psal.
839 4354 1035 4407 xxxut,
1073 4342 1159 4394 13.

645 4466 756 4537 (50)
794 4463 852 4516 'H
882 4466 1084 4537 γκαινήν.
1125 4464 1249 4517 Duo
1273 4458 1511 4515 codices
1545 4474 1692 4513 mss.
1725 4460 1780 4512 et
1826 4454 1981 4511 alius
2027 4453 2226 4527 prima

573 4536 761 4595 manu
793 4536 1021 4591 habent
1046 4536 1074 4592 ἡ
1100 4538 1235 4591 κενή,

644 4610 759 4680 (51)
820 4615 908 4668 Εἰς
930 4611 1079 4667 Θεὸς.
1109 4608 1288 4661 Totus
1311 4603 1410 4680 hic
1446 4601 1616 4680 locus
1647 4600 1730 4680 sic
1759 4599 1983 4680 legitur
2021 4597 2081 4651 in
2116 4598 2225 4680 Re?

574 4668 673 4767 8Ῐό
702 4686 921 4767 quarto
953 4695 966 4732 :
993 4680 1081 4739 Εἷς
1130 4680 1260 4737 Θεὸς
1298 4677 1324 4727 6
1391 4677 1592 4744 Πατὴρ,
1646 4671 1698 4733 ἐξ
1727 4668 1786 4722 οὗ
1816 4674 1883 4722 τὰ
1912 4672 2104 4737 πάντα,
2136 4672 2227 4718 καὶ

681 4758 700 4767 ..
844 4751 855 4767 ν
973 4749 985 4765 ν
1060 4745 1082 4756 ο
1249 4752 1257 4764 ι
1334 4743 1373 4767 3'
1455 4748 1646 4767 που--
1820 4748 1905 4767 --.Α
1958 4742 2108 4767 ,2.--τ-
2158 4738 2226 4767 -2-

574 4738 742 4825 ἦλμεῐς⁸
783 4748 855 4803 δι’
926 4745 1105 4802 αὐτοῦ·
1178 4752 1263 4799 καὶ
1326 4743 1397 4808 εἷς
1455 4738 1761 4817 Κύριος.....
1820 4748 1911 4793 καὶ
1958 4742 2108 4812 ἡμεῖς
2156 4738 2226 4800 εἰς

573 4843 751 4879 αυτον.

644 4898 751 4960 (52)
791 4898 1101 4965 Συνήγαγεν.
1128 4891 1370 4965 Addunt
1390 4888 1529 4965 editi
1555 4890 1656 4965 γᾴρ
1688 4890 1798 4965 xui,
1824 4884 1931 4940 sed
1958 4884 2087 4939 11th
2116 4898 2228 4937 V0-

571 4968 721 5023 culaa
740 4958 969 5022 absunt
996 4958 1075 5020 ab
1114 4962 1377 5023 antiquis
1407 4958 1738 5016 codicibus.
1763 4960 2079 5013 Erasmum
2103 4970 2229 5009 car-

616 5040 654 5095 it
676 5038 1075 5095 Combetisius
1107 5032 1280 5107 quod
1306 5033 1594 5105 ἀμιροτέρας
1646 5032 2070 5107 interpretatur
2100 5042 2229 5107 am-

609 5127 694 5177 as,
730 5127 800 5166 ac
828 5103 1211 5164 reddendum
1251 5103 1395 5159 esse
1424 5103 1732 5177 contendit
1778 5104 2230 5177 utrasque__tres

567 5169 747 5255 ipsas.
779 5181 963 5255 Venia
990 5196 1122 5255 no_n_
1142 5181 1370 5234 careret
1400 5174 1739 5255 observatio
1772 5169 2129 5255 Combeﬁsii,
2150 5242 2160 5250 _
2182 5169 2229 5224 si

567 5242 738 5323 illud,
764 5255 830 5314 εἰς
862 5252 1038 5317 αὑτὸν,
1066 5251 1228 5305 idem
1249 5254 1419 5323 esset
1445 5263 1515 5302 ac
1556 5249 1628 5323 in
1672 5261 1821 5323 ipso.
1859 5247 2019 5323 Tunc
2068 5242 2231 5323 enim

567 5314 782 5383 merito
804 5314 1103 5380 diceretur
1129 5320 1378 5377 Basilius
1405 5324 1520 5373 tres
1552 5314 2001 5387 illasloquendi
2053 5314 2230 5387 ratio-

563 5414 691 5459 nes.
726 5413 803 5453 ea:
824 5412 960 5468 quo,
983 5408 1293 5468 perquem,
1321 5397 1376 5446 et
1402 5392 1465 5445 in
1480 5389 1720 5468 quo,de
1737 5385 1961 5467 quibus
1982 5400 2125 5468 eunm
2147 5385 2233 5468 in-

564 5473 653 5524 ter
673 5456 730 5522 et
753 5456 1343 5523 PneumatomachOS
1367 5456 1940 5526 erat‘controversia,
1959 5473 2030 5511 ex
2049 5456 2229 5512 Paulo

565 5539 896 5607 collegisse.
948 5543 1017 5594 At
1057 5535 1225 5599 illud,
1268 5534 1340 5607 si;
1382 5534 1557 5607 αὐτόν,
1612 5535 1671 5607 in
1724 5532 1950 5607 ipsum,
2002 5528 2232 5607 sivead

565 5600 780 5678 ipsum,
801 5626 923 5665 non
948 5615 1075 5665 erat
1102 5606 1354 5678 materia
1367 5605 1819 5678 cavillationum
1841 5601 1919 5657 ab
1938 5600 2231 5678 haereticis

564 5671 975 5738 invent'arum.
1018 5680 1185 5739 Unde
1213 5677 1399 5735 miror
1429 5679 1485 5734 S.
1520 5674 1912 5733 Ambrosium
1935 5671 2019 5727 sic
2048 5671 2229 5727 inter-

1795 4260 1840 4296 “
1872 4257 2019 4314 ibid.
2064 4257 2154 4325 34,
2186 4259 2253 4311 36
2285 4273 2297 4323 ;
2328 4255 2420 4309 Isa
2450 4268 2543 4322 IL,
2586 4255 2675 4307 t3.

1830 4332 1877 4366 ⁸⁸
1922 4333 2032 4385 tsa.
2077 4345 2164 4396 XL,
2210 4331 2291 4383 13.

2348 532 2440 579 σία
2480 524 2745 602 διώρισεν.
2805 528 2892 593 Εἷς
2945 534 3076 593 Θεὸς
3134 533 3248 601 (51)
3314 537 3405 584 καὶ
3457 539 3657 609 Πατὴρ,
3701 535 3752 598 ἐξ
3780 536 3837 588 οὗ
3872 542 3931 589 τὰ

2342 618 2532 668 πάντα·
2594 624 2681 670 και
2736 616 2806 681 εἷς
2866 623 3055 694 Κύριος
3107 620 3312 682 Ἰησοῦς
3372 626 3623 696 Χρῖστός,
3685 621 3842 676 διὀὗ
3870 628 3933 677 τὰ

2341 708 2530 761 πάντα.
2591 708 2757 759 Αὗται
2802 713 2896 761 οὔκ
2955 710 3058 762 εἰσι
3120 712 3514 783 νομοθετοῦντος
3572 718 3747 784 φωναὶ,
3813 713 3930 766 ἀλλὰ

2343 791 2798 870 διευκρινουμένου
2853 802 2945 861 τὰς
2999 801 3338 861 ὑποστάσεις.
3395 800 3469 851 Οὔ
3516 804 3615 875 γὰρ
3653 804 3732 853 ἵνα
3759 806 3813 853 τὸ
3845 801 3930 854 ἁλ-

2339 884 2538 961 λότριον
2594 896 2687 949 τῆς
2746 891 2945 960 φύσεως
2995 889 3273 962 εἰσαγάγῃ,
3332 889 3439 941 ἀλλ’
3496 892 3576 942 ἵνα
3639 890 3931 965 ἀσύγχυτον

2342 980 2546 1051 Πατρός
2603 997 2693 1029 και
2749 980 2873 1030 Υἱοῦ
2935 984 3029 1037 τὴν
3109 982 3301 1031 ἔννοιαν
3370 984 3711 1055 παραστήσῃ,
3805 986 3932 1033 οὕτω

2339 1071 2652 1139 προήνεγκεν
2707 1068 2731 1118 6
2790 1068 3127 1130 Ἀποστολος.
3189 1069 3328 1122 Ἐπεὶ
3372 1071 3529 1140 ὅτιγε
3568 1073 3622 1122 αἱ
3662 1075 3818 1143 φωναὶ
3856 1070 3933 1122 ἀλ-

2339 1154 2519 1217 λήλαις
2581 1156 2675 1207 οὐκ
2728 1155 3153 1227 ἁντιτςίσσονται,
3214 1154 3328 1210 οὐδ’
3389 1161 3561 1233 ὥσπερ
3616 1159 3663 1211 ἐν
3740 1159 3933 1231 πολέμῳ

2339 1248 2466 1317 πρὸς
2532 1243 2809 1298 ἀντίπαλον
2876 1247 3020 1309 τάξιν
3075 1246 3450 1321 ἀποκριθεῖσαι
3509 1248 3935 1321 συνεκπολεμοῦσι

2339 1335 2433 1395 τὰς
2460 1337 2635 1405 φύσεις
2662 1334 2739 1396 αἷς
2770 1342 3211 1411 προσεχώρησαν,
3266 1337 3452 1389 ἐκεῖθεν
3504 1335 3680 1396 δῆλον.
3722 1343 3933 1409 Συνήγα-

2339 1441 2425 1495 γει
2450 1426 2560 1495 (52)
2594 1423 2889 1500 ἀμφοτέρας
2921 1426 3005 1478 ἐπὶ
3036 1426 3139 1487 ἑνὸς
3178 1431 3267 1479 καὶ
3296 1434 3385 1478 τοῦ
3416 1427 3576 1479 αὑτοῦ
3609 1429 3934 1499 ὑποκειμένου

2341 1513 2367 1564 6
2420 1517 2678 1589 μακάριος
2739 1516 2943 1578 Παῦλος
3001 1516 3175 1569 εἰπών·
3230 1515 3351 1568 Ὀτι
3419 1517 3471 1580 ἐξ
3511 1517 3691 1583 αὑτοῦ,
3746 1520 3830 1568 καὶ
3868 1513 3934 1567 δι’

2341 1603 2522 1671 αὐτοῦ,
2583 1610 2673 1657 καὶ
2724 1605 2791 1665 εἰς
2846 1606 3001 1658 αὐτὸν
3048 1612 3109 1659 τα
3141 1608 3333 1661 πάντα.
3368 1613 3535 1659 Τοῦτο
3576 1603 3633 1659 δὲ
3672 1602 3936 1680 προδήλως

2343 1693 2414 1756 εἰς
2479 1698 2565 1746 τὸν
2620 1697 2807 1767 Κύριον
2850 1700 3015 1770 φέρειν
3070 1702 3172 1756 πᾶς
3221 1716 3296 1757 τις
3340 1695 3400 1747 ἂν
3429 1700 3563 1749 εἷποι
3594 1698 3618 1747 6
3649 1700 3736 1747 xui
3764 1698 3935 1767 μικρὸν

2341 1792 2413 1855 τῷ
2475 1782 2774 1857 βουλήματι
2838 1795 2930 1848 τῆς
2980 1786 3155 1849 λέξεως
3206 1787 3514 1848 ἐπιστήσας.
3547 1790 3817 1861 Προτάσας
3844 1788 3935 1858 γὰρ

2342 1874 2368 1925 6
2418 1873 2737 1935 Ἀπόστολος
2800 1874 2854 1927 ἐκ
2916 1884 3011 1937 τῆς
3086 1882 3397 1950 προφητείας
3465 1884 3555 1928 τοῦ
3621 1875 3833 1927 Ἠσαίου
3861 1878 3933 1940 τὸ,

2340 1970 2428 2025 Τίς
2474 1967 2601 2037 ἔγνω
2657 1973 2774 2017 νοῦν
2833 1971 3078 2041 κυρίους
3130 1972 3219 2018 καὶ
3274 1972 3354 2028 τίς
3414 1965 3727 2039 σύμϐουλος,
3789 1964 3937 2017 αὐτοῦ

2343 2053 2537 2127 ἐγένετο
2592 2054 2925 2127 ;ἕπὴγαγεν·
2986 2054 3106 2108 Ὀτι
3164 2055 3217 2118 ἐξ
3276 2055 3457 2127 αὑτοῦ,
3520 2061 3609 2107 καὶ
3660 2051 3933 2119 διἀῦτοῦ,

2341 2149 2432 2198 καὶ
2489 2144 2556 2205 si;
2615 2144 2770 2195 αὐτὸν
2838 2147 2901 2196 τὰ
2954 2147 3143 2199 πάντα.
3196 2144 3359 2218 Ἀπερ
3412 2148 3492 2197 ὃτι
3543 2149 3660 2219 περὶ
3696 2151 3785 2196 τοῦ
3815 2149 3938 2197 Θεοῦ

2346 2239 2517 2306 Λόγου
2548 2242 2639 2286 τοῦ
2669 2230 3001 2308 δημιουργοῦ
3023 2236 3197 2294 πάσης
3235 2241 3450 2297 κτίσεως
3483 2238 3686 2309 εἰρηται
3716 2242 3786 2305 τῷ
3822 2251 3933 2306 προ·

2344 2331 2503 2399 φήτη,
2558 2325 2613 2377 ἐκ
2661 2333 2761 2377 τῶν
2810 2330 3029 2377 κατόπιν
3063 2328 3175 2396 (53)
3225 2324 3285 2377 ἆν
3313 2328 3528 2398 μάθοις.
3568 2331 3659 2387 Τίς
3702 2324 3939 2397 ἐμέτρησε

2343 2423 2405 2488 τῇ
2474 2418 2618 2490 χειρὶ
2678 2419 2736 2466 τό
2790 2411 2958 2488 ὕδωρ,
3028 2420 3117 2467 καὶ
3183 2419 3270 2467 τὸν
3310 2416 3527 2489 οῦρανόν
3560 2417 3935 2486 σπιθαμῇ,καὶ

2343 2513 2518 2558 πᾶσαν
2575 2510 2667 2563 τὴν
2734 2514 2833 2576 γῆν
2912 2501 3073 2579 ὃρακί
3129 2522 3142 2573 ;
3199 2510 3285 2565 Ti;
3353 2507 3546 2564 ἔστησε
3611 2508 3676 2557 τὰ
3742 2507 3830 2577 ὅρη
3896 2500 3937 2552 ἐν

2347 2598 2565 2668 σταθμῷ
2630 2600 2720 2647 καὶ
2782 2598 2876 2657 τὰς
2938 2597 3107 2655 νάπας
3174 2595 3222 2647 ἐν
3292 2596 3591 2667 ζυγῷ;Τίς
3657 2597 3782 2665 ἔγνω
3832 2597 3937 2643 νοῦν

3558 2684 3752 2755 ἐγένετο
3808 2701 3820 2750 ;
3874 2684 3934 2733 Τὸ

2344 2777 2466 2847 γὰρ,
2514 2778 2595 2834 τίς
2648 2774 2871 2826 ἐνταῦθα
2920 2772 3048 2844 οὐχὶ
3078 2777 3137 2825 τὸ
3169 2775 3363 2847 οἷπορον
3402 2772 3684 2834 παντελῶς,
3728 2770 3849 2823 ἀλλά
3887 2772 3937 2820 τό

2349 2866 2565 2917 σπάνιον
2632 2860 2807 2932 δηλοῖ,
2872 2864 2937 2923 ὡς
3013 2862 3095 2915 ἐπὶ
3158 2871 3267 2915 τοῦ’
3336 2868 3430 2924 Τίς
3486 2864 3831 2921 ἀναστήσεταί
3857 2878 3917 2931 μο

2348 2953 2431 3007 ἐπὶ
2470 2956 2907 3026 πονηρευομένους
2974 2955 3272 3020 (54);καὶ,
3339 2958 3429 3014 Τίς
3490 2953 3630 3006 ἐστιν
3683 2953 3936 3024 ἄνθρωπος

2347 2689 2563 2759 Κυρίου,
2633 2690 2722 2736 καὶ
2785 2690 2865 2744 τίς
2943 2683 3237 2755 σύμϐουλος
3304 2684 3465 2736 αὐτοῦ

2348 3046 2372 3097 6
2442 3045 2593 3097 eam
2652 3048 2975 3111 ζωήνςκαὶ,
3044 3048 3131 3104 Τίς
3199 3043 3521 3101 ἀναϐήσεται
3589 3044 3660 3105 εἰς
3723 3044 3780 3095 τὸ
3836 3044 3937 3113 ὅρος

2347 3142 2439 3187 τοῦ
2500 3140 2695 3209 Κυρίου
2753 3152 2765 3201 ;
2810 3136 2963 3187 Οὗτω
3024 3131 3090 3192 δὴ
3127 3130 3213 3186 οὖν
3266 3138 3355 3186 καὶ
3388 3134 3615 3187 ἐνταῦθοὶ
3643 3133 3774 3200 ἐστι,
3803 3128 3936 3189 Τίςὸ

2349 3222 2503 3286 εἰδὼς
2564 3228 2651 3277 τὸν
2708 3233 2825 3277 νοῦν
2888 3232 2979 3277 τοῦ
3058 3229 3278 3299 Κυρίου,
3340 3228 3432 3276 καὶ
3503 3234 3597 3287 τῆς
3630 3222 3821 3297 βουλῆς
3856 3218 3944 3271 αῦ-

2348 3323 2439 3368 τοῦ
2487 3320 2729 3376 κοινωνός
2789 3334 2802 3385 ;
2848 3314 2906 3367 Ὀ
2972 3318 3072 3391 γὰρ
3118 3320 3298 3388 Πατὴρ
3354 3313 3548 3388 ἀγαπᾳ
3591 3317 3675 3367 τὸν
3704 3314 3838 3379 Υἰόν,
3868 3313 3947 3362 καὶ

2348 3404 2519 3459 πάντα
2567 3401 2833 3458 δείκνυσιν
2894 3405 3055 3476 αὐτῷ.
3118 3405 3279 3465 Οὗτος
3338 3405 3479 3457 ἐστιν
3550 3406 3575 3457 6
3608 3407 3835 3475 συνέχων
3862 3404 3946 3457 τὴν

2348 3504 2468 3567 γῆν,
2518 3500 2609 3547 καὶ
2670 3491 3146 3570 περιδεδραγμένος
3199 3494 3382 3554 αὐτῆς·
3432 3494 3457 3545 6
3522 3494 3595 3556 εἰς
3622 3491 3766 3555 τάξιν
3794 3491 3948 3544 πάντα

2350 3590 2440 3637 xui
2499 3582 2859 3657 διακόσμησιν
2918 3582 3146 3656 ἀγαγών·
3207 3585 3232 3634 6
3276 3587 3365 3634 xui
3420 3586 3601 3657 ὄρεσιν
3635 3580 3938 3655 ἰσορροπίαν,

2351 3680 2440 3727 καὶ
2498 3671 2664 3727 ὕδασι
2716 3678 2899 3749 μέτρα,
2950 3678 3040 3725 καὶ
3096 3680 3230 3725 πᾶσι
3280 3678 3389 3732 τοῖς
3448 3673 3496 3725 ἐν
3554 3680 3627 3744 τῷ
3652 3676 3828 3743 κόσμῳ
3856 3670 3939 3723 τὴν

2353 3765 2544 3817 οἰκείαν
2598 3764 2744 3827 τάξιν
2784 3763 3168 3839 ἀποκληρώσας
3199 3764 3336 3835 (55)·
3380 3763 3405 3813 6
3457 3767 3544 3815 τὸν
3599 3761 3811 3837 οὐρανὸν
3840 3756 3940 3810 ὅλον

2353 3864 2524 3929 μικρῷ
2546 3858 2689 3930 μέρει
2711 3863 2800 3914 τῆς
2826 3853 2949 3914 ὅλης
3002 3852 3190 3905 ἑαυτοῦ
3260 3848 3533 3923 δυνάμεως
3583 3855 3858 3925 περιέχων,
3887 3846 3940 3903 ἣν

2358 3948 2623 4019 σπιθαμὴν
2689 3952 2945 4020 τροπικῶς
3007 3944 3033 3995 6
3090 3946 3409 4017 προφητικός
3497 3945 3737 4015 ὠνόμασε
3786 3940 3939 4009 λόγος.

2352 4035 2505 4089 Ὀθεν
2559 4035 2762 4097 οἰκείως
2814 4033 3074 4105 ἐπήγαγεν
3124 4035 3149 4084 6
3200 4031 3524 4095 ’Δπόστολος
3573 4035 3653 4100 τὸ,
3723 4028 3804 4091 Ἐξ
3853 4024 3942 4077 αὖ·

2352 4135 2463 4198 τοῦ,
2533 4131 2624 4178 καὶ
2690 4121 2763 4177 δι’
2828 4124 3010 4191 αὐτοῦ,
3078 4127 3169 4175 καὶ
3228 4122 3295 4183 εἰς
3352 4121 3510 4174 αὑτὸν
3556 4124 3625 4175 τὰ
3651 4123 3838 4174 πάντα.
3868 4113 3944 4175 Ἐξ

2761 4250 2807 4285 ⁸³
2846 4252 2957 4305 lsa.
2996 4264 3093 4319 XL,
3130 4252 3214 4316 12,
3253 4251 3335 4304 13.

2374 4326 2416 4360 ⁸⁷
2452 4326 2629 4379 Joan.
2667 4339 2721 4391 v,
2756 4325 2847 4378 20.

3414 4248 3463 4282 ⁸³
3494 4247 3649 4304 Psal.
3677 4259 3827 4305 xcm,
3866 4242 3941 4297 16.

2335 4448 2556 4521 pretari
2590 4464 2602 4502 :
2640 4446 2937 4521 Quoniam
2955 4446 3176 4521 [πείθεο
3204 4448 3257 4521 el
3290 4458 3401 4513 per
3432 4444 3628 4513 ipsum
3663 4448 3719 4499 et
3740 4442 3801 4521 in
3828 4440 3945 4509 ipso

2334 4517 2475 4576 sunt
2505 4521 2729 4582 omnia,
2762 4517 2921 4572 lib."
2942 4518 3028 4573 De
3058 4517 3293 4587 Spiritu
3325 4522 3558 4587 saneto,
3591 4531 3726 4587 cap.
3755 4517 3943 4587 9;cu_m

2338 4580 3180 4666 praesertimsanctusdoctor
3210 4586 3359 4666 illud
3384 4587 3451 4666 εἰς
3483 4580 3641 4639 αὖτόν
3668 4580 3757 4666 'si_c
3773 4580 3941 4666 expli-

2337 4657 2449 4728 cet,
2478 4662 2652 4736 quasi
2675 4661 2837 4736 idem
2867 4659 3064 4716 valeat
3093 4676 3163 4736 ac
3195 4658 3406 4715 omnia
3434 4660 3496 4714 in
3523 4674 3667 4715 eum
3716 4657 3947 4713 intuen-

2339 4742 2452 4793 tur.
2490 4730 2628 4805 Ejus
2668 4732 2856 4788 verba
2892 4747 3035 4787 mox
3064 4730 3343 4786 referam.

2406 4793 2647 4877 (53;"Ex
2668 4814 2768 4877 τῷν
2798 4809 3043 4857 κατόπιν.
3082 4805 3367 4877 Erasmus
3391 4846 3409 4877 ,_
3431 4816 3509 4877 ex
3536 4802 3631 4856 his
3664 4813 3795 4871 quas
3822 4793 3947 4877 sulf-

2336 4865 2561 4949 jiciunl
2598 4897 2610 4941 ;
2638 4876 2773 4954 sed,
2801 4882 2865 4931 ut
2892 4891 3050 4947 saepe
3082 4873 3252 4954 alias,
3287 4873 3371 4954 ita
3392 4865 3494 4928 hic
3519 4865 3767 4954 quoque
3803 4865 3949 4954 des}:

2340 4940 2605 5021 gnantur
2638 4940 3099 5021 hac'voceLqua:
3123 4940 3283 5021 retro
3316 4944 3439 5021 sive
3476 4940 3753 5021 superius
3792 4940 3948 5021 dicta

2339 5008 2499 5091 sunt,
2526 5026 2589 5076 ut
2610 5021 2896 5076 observat
2915 5008 3334 5091 Combetisius.
3362 5019 3491 5091 Mos
3516 5008 3563 5068 ἐν
3602 5008 3944 5087 praepositio

2340 5094 2435 5150 bis
2467 5088 2675 5150 addita
2699 5108 2773 5147 ex
2804 5091 3047 5146 duobus
3071 5089 3244 5145 libris
3275 5088 3601 5144 veteribus.

2414 5166 2526 5237 (54)
2558 5167 3025 5238 Πονηρευομένους.
3060 5160 3309 5218 Codices
3349 5160 3623 5233 quinque
3680 5168 3947 5228 πονηρευο-

2388 5258 2545 5299 ινοις,

2578 5306 3007 5381 Ἀποκληρώσας.
3052 5305 3145 5381 Sic
3193 5300 3449 5381 utraque
3480 5300 3679 5381 editio.
3715 5316 3729 5365 ;
3779 5301 3949 5381 atque

2340 5371 2499 5437 hanc
2514 5371 2866 5445 lectionem,
2887 5377 3259 5450 utaptiorem
3282 5381 3338 5431 et
3352 5371 3951 5450 signiﬁcatiorem_re-

2343 5453 2659 5516 tinuimus,
2716 5438 3021 5522 quamvis.
3048 5449 3319 5522 quinque
3359 5438 3600 5522 cddices
3652 5459 3797 5499 mss.
3851 5438 3950 5522 ha-

2340 5514 2947 5595 ὺθοηιὰποὲτληξοώσας.
2968 5514 3139 5595 Quod
3162 5514 3342 5595 etiam
3366 5519 3562 5595 prima
3578 5514 3949 5595 manu-exsti-

2340 5597 2409 5653 tit
2434 5598 2495 5653 in
2523 5590 2884 5663 Colbertino,
2910 5593 3016 5650 sed
3046 5596 3265 5665 postea
3290 5590 3540 5648 inducta
3567 5590 3845 5644 mutatio.

3066 5742 3091 5755 ‘
