4154 6382
583 289 649 342 83

581 415 866 484 stratum,
914 417 1183 486 augescit
1221 426 1545 491 augmento
1587 423 1697 479 Dei
1753 424 1822 480 9³.
1882 425 2053 490 Quod
2091 425 2254 482 enim

584 499 856 558 Christus
904 509 1086 578 caput
1108 511 1196 563 est
1227 510 1526 578 Ecclesiae,
1574 512 1692 568 alio
1744 512 1878 570 loco
1909 515 2255 575 didicimus.

583 591 874 661 Apostolo
891 593 1152 652 dicente:
1172 599 1250 654 Et
1263 601 1456 668 ipsum
1473 601 1636 658 dedit
1658 608 1842 671 caput
1858 619 2039 673 super
2055 606 2259 661 omnia

588 679 960 739 Ecclesiae”.
988 687 1052 742 Et
1073 689 1168 743 :E
1187 690 1573 758 plenitudine
1606 694 1736 762 ejus
1779 694 2107 762 accipimus
2147 692 2260 749 n03

581 785 783 827 omnes
806 773 872 827 95.
911 776 977 830 Et
997 775 1125 848 ipse
1157 778 1451 835 Dominus
1480 797 1492 834 :
1525 782 1609 836 De
1637 797 1763 838 meo
1794 783 2131 851 accipiet,et
2149 798 2269 862 an-l

580 864 890 920 nuntiabit
913 868 1080 922 nobis
1103 870 1174 926 νο.
1224 872 1290 925 Et
1311 870 1370 925 in
1413 886 1675 936 summa,
1702 871 2014 941 diligenter
2037 871 2256 945 legenti

580 951 761 1006 variis
791 969 935 1010 usus
965 956 1333 1014 videbuntur
1348 959 1506 1015 illius
1529 976 1603 1017 ex
1620 977 1755 1034 quo.
1780 965 1927 1017 Nam
1962 966 2017 1018 et
2048 962 2254 1018 Domi-

582 1053 726 1097 nus:
751 1043 1436 1118 Novi,inquit,virtutem
1462 1066 1537 1106 ex
1564 1067 1657 1107 me
1679 1051 2259 1108 ext'issc97.Similiter

581 1135 783 1213 autem
795 1133 937 1189 etde
958 1136 1179 1208 Spiritu
1200 1139 1779 1211 compluribuslocis
1794 1141 2254 1197 observavimus

578 1217 748 1286 lllud,
770 1236 840 1276 ex
861 1237 1005 1294 quo,
1035 1227 1303 1297 positum
1325 1245 1474 1284 esse.
1502 1229 1613 1296 Qui
1641 1230 1823 1297 enim,
1850 1230 2064 1302 inquit,
2089 1231 2256 1286 semi-

580 1312 688 1364 nat
712 1310 774 1365 in
796 1310 1048 1383 Spiritu,
1081 1331 1111 1371 e
1157 1317 1391 1386 Spiritu
1419 1325 1594 1376 metet
1620 1321 1803 1376 vitam
1845 1325 2130 1376 mter-nam
2168 1321 2243 1376 9⁸.

579 1403 722 1461 Item
734 1405 1031 1461 Joannes:
1049 1407 1144 1462 Ex
1165 1407 1694 1478 hoccognoscimus
1722 1411 1880 1483 quod
1901 1411 1963 1466 in
1984 1411 2146 1466 nobis
2169 1416 2253 1466 est

580 1512 611 1554 e
633 1499 865 1567 Spiritu
895 1513 1064 1570 quem
1096 1498 1265 1553 nobis
1294 1499 1541 1556 donavit
1565 1502 1634 1555 9°.
1677 1503 1742 1556 Et
1770 1500 2022 1570 angelus
2047 1519 2058 1555 :
2087 1501 2256 1567 Quod

580 1602 735 1644 enim
766 1589 828 1642 in
859 1603 927 1644 ea
956 1595 1309 1658 generatum
1339 1595 1443 1650 est.
1473 1606 1503 1647 e
1530 1591 1766 1660 Spiritu
1786 1597 1994 1646 sancto
2017 1593 2155 1647 est‘.
2184 1593 2250 1646 Et

580 1677 871 1733 Dominus
903 1677 1027 1733 ait:
1075 1678 1246 1745 Quod
1284 1685 1495 1736 natum
1540 1685 1683 1737 este
1712 1680 1970 1750 Spiritu,
2016 1680 2248 1749 Spiritu

579 1772 665 1824 est
684 1769 726 1822 ’.
751 1770 942 1839 Atque
967 1767 1026 1822 id
1055 1768 1302 1840 quidem
1326 1769 1401 1825 ad
1433 1770 1596 1826 hunc
1617 1770 1801 1827 habet
1826 1770 2103 1826 modum.

587 1857 818 1929 ἅγγελος·
885 1861 954 1911 Τὸ
981 1860 1082 1932 γὰρ
1117 1857 1164 1911 έν
1207 1859 1337 1932 αὐτῇ
1380 1862 1621 1931 γεννηθὲν
1648 1861 1700 1913 ἐκ
1732 1864 2032 1933 Πνεῦματός
2070 1860 2210 1912 ἐστιν
2242 1859 2424 1932 ἁγίου.
2469 1872 2570 1920 Καὶ
2613 1872 2638 1922 6
2685 1875 2874 1947 Κύριός
2917 1896 3049 1949 φησι
3097 1879 3211 1950 (61)

585 1950 884 2021 Πνεῦματος
917 1954 1127 2021 Πνεῦμα
1157 1948 1288 2003 ἐστι.
1329 1957 1493 2003 Τοῦτο
1524 1953 1614 2024 μὲν
1644 1948 1711 2010 δὴ
1741 1959 1997 2004 τοιοῦτον·

655 2039 736 2093 10.
777 2041 908 2095 Jam
938 2054 1082 2095 vero
1107 2039 1656 2098 demonstrandum
1697 2046 1784 2097 est
1812 2041 1970 2097 hanc
2007 2054 2246 2107 vocem,

577 2143 686 2198 per
715 2143 908 2199 quem,
957 2129 1180 2201 pariter
1211 2134 1268 2186 et
1304 2130 1379 2186 de
1411 2135 1600 2198 Patre,
1651 2135 1709 2188 et
1736 2131 1811 2187 de
1858 2131 2022 2199 Filio,
2073 2135 2130 2185 et
2171 2128 2248 2184 de

582 2216 803 2290 Spiritu
837 2221 1048 2274 sancto
1074 2219 1138 2274 in
1180 2218 1497 2292 Scripturis
1527 2220 1830 2292 usurpari.
1864 2226 1946 2275 Ac
1998 2218 2073 2274 de
2103 2217 2244 2274 Filio

577 2321 724 2364 sane
768 2323 1294 2379 supervacaneum
1339 2309 1514 2365 fuerit
1560 2311 1828 2383 proferre
1880 2308 2243 2369 testimonia,

577 2401 706 2454 tum
738 2397 883 2470 quia
911 2396 1028 2453 hoc
1059 2402 1272 2454 notum
1298 2404 1407 2469 est,
1439 2404 1568 2456 tum
1599 2399 1768 2472 quod
1792 2400 1907 2456 hoc
1934 2399 2135 2472 ipsum
2162 2396 2242 2452 ab

578 2486 942 2544 adversariis
971 2489 1275 2545 astruitur.
1310 2492 1428 2545 Nos
1465 2505 1648 2562 porro
1677 2489 2236 2546 demonstrabimus

576 2576 738 2633 hanc
759 2578 1148 2650 particulam,
1179 2594 1290 2649 per
1327 2595 1518 2651 quem,
1545 2580 1725 2637 etiam
1756 2581 1829 2636 de
1862 2583 2029 2636 Patre
2050 2580 2238 2636 fuisse

577 2666 860 2740 positam.
889 2668 1136 2738 Fidelis,
1152 2669 1366 2743 inquit,
1387 2671 1675 2740 Deus,per
1686 2687 1855 2743 quem
1885 2673 2083 2727 vocati
2100 2672 2238 2727 estis

574 2759 640 2812 in
661 2759 1026 2814 consortium
1056 2760 1203 2814 Filii
1227 2761 1413 2830 ipsius
1435 2762 1458 2795 ³
1486 2775 1508 2832 ,'
1537 2766 1594 2817 et
1621 2779 1634 2816 :
1672 2762 1903 2817 Paulus
1929 2761 2238 2829 apostolus

574 2846 716 2903 Jesu
741 2846 970 2903 Christi
995 2864 1106 2918 per
1130 2851 1498 2906 voluntatem
1520 2852 1630 2908 Dei
1649 2853 1670 2885 ‘
1697 2869 1708 2920 ;
1736 2856 1793 2907 et
1813 2867 2085 2907 rursum:
2116 2851 2239 2906 Ita-

574 2952 688 3009 que
719 2953 840 2994 non
881 2952 940 2994 es
976 2941 1111 3008 jam
1157 2955 1386 3012 servus,
1430 2941 1534 2998 sed
1564 2943 1752 3013 ﬁlius,
1809 2946 1863 2998 et
1905 2943 2090 2998 hmres
2130 2955 2243 3010 per

570 3027 761 3083 Deum
779 3027 821 3082 ⁵.
841 3029 988 3084 Item
1007 3027 1183 3084 illud:
1211 3030 1719 3097 Quemadmodum
1744 3033 2014 3087 surrexit
2037 3029 2244 3086 Chris-

573 3122 668 3173 tus
694 3132 732 3174 a
771 3120 1025 3173 mortuis
1051 3134 1160 3189 per
1175 3121 1436 3189 gloriam
1461 3123 1667 3177 Patris
1696 3124 1740 3176 δ.
1766 3124 1833 3178 Et
1863 3121 2050 3177 Isaias
2080 3136 2100 3175 .·
2145 3119 2246 3196 {fas

572 3207 789 3280 inquit,
825 3224 957 3280 quae
985 3211 1518 3280 profunde/“acuis
1540 3212 1880 3279 consilium,
1917 3217 1968 3267 et
1991 3226 2111 3266 non
2133 3225 2246 3279 per

576 3298 966 3354 Dominum".
1023 3299 1174 3364 Quin
1234 3303 1291 3355 et
1342 3300 1416 3356 de
1475 3301 1695 3372 Spiritu
1742 3306 1953 3358 sancto
1987 3309 2244 3374 possunt

571 3387 752 3443 etiam
790 3387 1017 3459 apponi
1043 3388 1233 3444 multa
1261 3389 1445 3461 hujus
1468 3392 1634 3447 vocis
1665 3391 2024 3448 testimonia.
2055 3392 2241 3447 Nobis

570 3480 770 3532 autem
800 3477 856 3548 9
887 3476 1101 3550 inquit,
1133 3479 1290 3535 Deus
1321 3482 1612 3536 revelavit
1637 3496 1750 3550 per
1768 3482 2065 3550 Spiritum
2095 3483 2138 3536 ⁸.
2174 3484 2239 3538 Et

571 3563 690 3622 alio
719 3565 853 3622 loco
881 3582 902 3622 .’
931 3569 1157 3625 Bonum
1185 3569 1517 3640 depositum
1544 3573 1781 3628 custodi
1799 3587 1912 3640 per
1941 3573 2238 3641 Spiritum

572 3659 847 3712 sanctum
872 3659 892 3693 θ
919 3674 932 3725 ;
963 3673 1034 3714 ac
1064 3674 1274 3715 rursus
1304 3677 1316 3714 :
1359 3661 1487 3717 Alii
1513 3663 1752 3734 quidem
1798 3677 1912 3732 per
1938 3663 2238 3733 Spiritum

573 3744 752 3802 datus
783 3751 868 3802 est
895 3761 1088 3804 sermo
1110 3751 1420 3818 sapientiae
1451 3751 1517 3807 ¹⁰.

649 3841 734 3891 11.
760 3837 982 3893 Eadem
1008 3853 1151 3894 vero
1196 3842 1254 3895 et
1300 3839 1373 3895 de
1399 3840 1654 3913 syllaba,
1675 3842 1759 3909 in,
1803 3841 2002 3898 dicere
2033 3856 2246 3914 possu'

577 3942 737 3992 mus,
770 3927 939 3999 quod
969 3923 1339 3986 etiam'hanc
1380 3930 1456 3986 de
1487 3934 1607 3988 Deo
1635 3937 1692 3988 et
1734 3935 1901 3989 Patre
1938 3934 2243 4005 Scriptura

576 4015 900 4087 usurparit,
933 4015 1097 4072 velut
1123 4017 1183 4074 in
1216 4020 1410 4075 Veteri
1430 4023 1808 4078 Testamento
1837 4039 1849 4076 :
1879 4025 1950 4079 In
1981 4025 2126 4088 Deo,
2150 4026 2240 4078 in-

576 4104 729 4176 quit,
758 4106 1062 4175 faciamus
1092 4109 1373 4166 virtutem
1401 4112 1480 4180 “;
1510 4115 1567 4167 et
1592 4133 1604 4166 :
1633 4113 1706 4167 In
1729 4117 1785 4168 te
1813 4117 2082 4170 cantatio
2111 4130 2243 4171 mea

575 4197 872 4264 semper"
897 4214 909 4264 ;
944 4200 1002 4252 et
1031 4212 1240 4252 rursus
1265 4216 1278 4254 :
1305 4199 1373 4255 In
1393 4203 1631 4279 nomine
1663 4207 1763 4259 tuo
1786 4205 2070 4260 exultabo
2091 4206 2243 4276 ",'et

577 4284 743 4356 apud
765 4283 1045 4340 Paulum:
1067 4287 1134 4342 In
1151 4288 1295 4352 Deo,
1310 4287 1522 4361 inquit,
1539 4292 1644 4362 qui
1657 4293 1924 4349 condidit
1945 4296 2145 4352 omnia
2163 4298 2237 4362 μς

574 4377 652 4442 et,
671 4375 902 4431 Paulus
915 4389 986 4432 ac
998 4376 1288 4433 Silvanus
1302 4383 1356 4434 et
1372 4379 2047 4440 ThimotheusEcclesize
2063 4387 2240 4442 Thes-

573 4464 1037 4521 salonicensium
1048 4465 1109 4520 in
1132 4467 1522 4537 DeoPatre”;
1539 4472 1690 4537 ει,δὶ
1699 4473 1938 4529 tandem
1961 4475 2238 4547 aliquan-

573 4551 649 4609 do
650 4569 1009 4626 prosperum
1025 4556 1136 4611 iter
1147 4555 1399 4614 habeam
1410 4558 1473 4613 in
1490 4560 1801 4618 voluntate
1813 4563 1940 4633 Dei,
1960 4567 2238 4623 veniendi

645 4733 694 4769 ⁸³
723 4731 846 4790 Col.
881 4738 1057 4813 n,_t_9.
1112 4735 1428 4813 _9f_Ep_hes.
1460 4754 1499 4805 ι,
1533 4741 1622 4793 22.
1700 4741 1749 4774 95
1777 4741 1947 4798 Joan.
1981 4759 2020 4813 ι,
2058 4749 2142 4800 16.

573 4805 903 4881 limantur,
935 4811 1030 4867 24.
1109 4805 1355 4864 ίΜειίιΙι.
1393 4826 1428 4876 ι,
1479 4814 1568 4865 20.
1646 4813 1667 4846 ²
1700 4814 1871 4868 Joan.
1924 4805 2092 4881 111,6.

577 4880 661 4932 t5.
739 4877 758 4910 ⁸
793 4879 814 4931 l
854 4879 986 4935 Cor.
1017 4895 1076 4943 ιι,
1113 4884 1197 4935 10.
1277 4883 1296 4914 ⁹
1330 4884 1377 4937 ll
1422 4882 1570 4938 Tim.
1605 4901 1636 4947 ι,
1677 4887 1761 4939 14.

569 4963 850 5004 Lxxxvm.
883 4952 971 5006 17.
1055 4952 1100 4986 ιδ
1128 4951 1341 5024 Ephes.
1370 4969 1452 5020 ιιι,
1487 4957 1540 5010 9.

2171 4818 2255 4874 ³1

1623 4956 1666 4990 ³⁵
1698 4959 1741 5011 ll
1773 4955 1976 5012 Thess.
2011 4975 2049 5027 ι,
2087 4965 2141 5016 1.

643 5127 759 5201 (βο)
799 5131 920 5195 Καὶ,
964 5126 1053 5180 Ἐκ
1095 5136 1224 5201 τοῦ,
1256 5133 1366 5187 etc.
1424 5132 1518 5187 Sic
1555 5149 1770 5191 omnes
1799 5135 2039 5192 codices
2074 5154 2220 5194 mss.

572 5197 896 5256 Editi'vero
926 5205 1018 5252 καὶ
1047 5202 1072 5253 ὁ
1092 5197 1348 5268 Ἰωάννης,
1386 5203 1472 5256 Ἐκ
1494 5213 1606 5268 τοῦ,
1637 5209 1747 5261 etc.

637 5273 940 5352 (θη-Φησὶ.
999 5275 1166 5352 Hanc
1213 5275 1820 5352 rocemaddidimus
1860 5285 2227 5352 ex‘quatuor

568 5342 882 5422 codicibus
912 5360 1058 5422 mss.
1106 5346 1315 5401 Statim
1357 5346 1500 5401 editi
1547 5354 1712 5400 Τοῦτο
1745 5353 1850 5422 μὲν
1896 5342 2004 5414 οὖνζ
2057 5353 2226 5409 aliter

566 5415 1119 5490 quatuorncodices
1149 5433 1320 5490 mss._,
1379 5435 1533 5490 quos
1567 5415 1770 5476 secuti'
1810 5438 2039 5478 sumus.
2073 5425 2222 5481 Sub-

565 5481 710 5539 inde
742 5485 978 5542 codices
1013 5492 1130 5542 tres
1164 5485 1272 5546 ἤδη
1296 5481 1514 5544 λεκτέον.

635 5556 751 5637 ς
783 5557 1082 5637 Ἐκλὴοητε.
1111 5561 1328 5637 Regius
1351 5566 1602 5637 quartus
1626 5563 1968 5637 Ἐκλήθημεν.

635 5626 749 5696 (63)
804 5632 898 5682 Διά
945 5639 1036 5683 τοῦ
1071 5626 1386 5704 Πνεύματοςί
1429 5633 1579 5691 Editi
1611 5626 1867 5694 addunt'
1897 5638 2080 5710 αὐτοῦ,
2116 5640 2224 5697 sed

1975 301 2029 356 S.
2075 301 2301 357 BASILl
2344 305 2582 362 MAGNL

2223 4747 2271 4782 ⁰⁶
2291 4747 2464 4804 Joan.
2495 4763 2617 4815 xvr,
2656 4751 2737 4802 14.

1842 4887 1886 4918 ¹⁰
1922 4890 1937 4940 l
1970 4888 2101 4943 Cor.
2163 4904 2266 4958 xu,

3891 333 3957 392 84

2287 432 2333 487 Α
2375 437 2548 503 σῶμα,
2606 429 2700 486 διὰ
2763 445 2863 489 τῶν
2923 439 3062 512 ἁφῶν
3110 448 3198 494 καὶ
3247 442 3553 519 συνδέσμων
3609 449 3959 528 έπιχορηγού⁹

2370 539 2540 592 μενον,
2617 525 2760 588 αὔξει
2835 532 2929 586 τὴν
2995 531 3216 594 αὔξησιν
3291 543 3382 586 τοῦ
3461 546 3612 593 Θεοῦ.
3695 549 3790 595 Οτι
3863 552 3957 620 γὰρ

2370 616 2602 684 Χριστός
2663 615 2885 686 κεφαλὴν
2929 627 3023 682 τῆς
3086 621 3418 694 Ἐκκλησίας,
3472 627 3678 702 ἑτέρωθι
3730 639 3959 706 μεμαθή-

2367 718 2546 771 καμεν,
2598 710 2689 754 τοῦ
2736 703 3053 760 ’Λποστόλου
3112 710 3366 784 λέγοντος
3433 722 3532 769 Καὶ
3593 719 3747 772 αὐτόν
3806 721 3958 780 ἔδωκε

2365 789 2588 861 κεφαλὴν
2647 795 2774 868 ὑπὲρ
2828 799 3000 850 πάντα
3051 808 3113 874 τῇ
3187 802 3495 878 Ἐκκλησία·
3553 813 3666 874 καὶ,
3729 810 3814 864 Ἐκ
3870 824 3956 868 τοῦ

2365 879 2478 949 (60)
2564 881 2911 958 πληρώματος
3002 889 3166 942 αὑτοῦ
3235 894 3385 965 ἡμεῖς
3461 898 3650 958 πάντες
3699 897 3953 975 ἐλάϐομεν.

2368 972 2469 1019 Καὶ
2519 969 2676 1034 αὐτὸς
2733 976 2757 1025 6
2811 979 3013 1051 Κύριος,
3079 982 3159 1031 ὅτι
3225 981 3312 1034 Ἐκ
3376 992 3466 1035 τοῦ
3533 985 3661 1057 ἐμοῦ
3719 988 3955 1061 λήψεται,

2363 1062 2452 1108 καὶ
2507 1057 2775 1132 ἀναγγελεῖ
2821 1067 2962 1137 ὑμῖν.
3037 1074 3138 1122 Καὶ
3192 1070 3320 1132 ὅλως
3368 1081 3440 1143 τῷ
3512 1074 3798 1146 φιλοπόνως
3846 1079 3956 1133 ανα-

2361 1145 2615 1221 λεγομένῳ
2660 1151 2973 1228 πολύτροποι
3022 1161 3075 1209 αἱ
3125 1166 3349 1233 χρήσεις
3398 1161 3818 1238 ἀναφανήσονται
3872 1179 3956 1223 τοῦ
4021 1157 4024 1160 ’

2362 1234 2418 1298 ἐξ
2459 1237 2539 1288 οὔ.
2601 1246 2700 1294 Καὶ
2729 1247 2828 1318 γὰρ
2882 1251 2971 1299 καὶ
3027 1249 3052 1299 ὁ
3116 1251 3326 1322 Κύριος,
3387 1251 3606 1324 Ἐγνων,
3672 1263 3822 1328 φησι,
3871 1257 3957 1312 δῦ-

2360 1347 2512 1399 ναμιν
2572 1328 2878 1392 ἐξελθοῦσαν
2931 1337 2984 1399 ἐξ
3050 1336 3200 1411 ἐμοῦ.
3249 1341 3472 1413 Ὁμοίως
3549 1342 3609 1397 δὲ
3683 1353 3774 1400 καὶ
3847 1358 3957 1425 περὶ

2360 1424 2449 1468 τοῦ
2509 1423 2803 1493 Πνεῦματος
2880 1433 3237 1502 τετηρήκαμεν
3301 1431 3577 1505 πολλαχοῦ
3661 1440 3719 1488 τὸ
3783 1437 3835 1501 ἐξ
3903 1442 3957 1493 οὗ

2361 1511 2612 1579 κείμενον·
2659 1511 2716 1564 Ὀ
2791 1517 2892 1588 γὰρ
2975 1523 3222 1592 σπείρων,
3287 1527 3466 1593 φησὶν,
3531 1525 3604 1587 εἰς
3657 1530 3716 1578 τὸ
3760 1535 3957 1603 Πνεῦμα

2363 1593 2420 1646 ἐκ
2480 1606 2573 1650 τοῦ
2641 1607 2936 1676 Πνεύματος
2992 1609 3186 1681 θερίσει
3253 1611 3392 1671 ζωὴν
3459 1614 3686 1666 αἰώνιον·

2364 1688 2606 1749 Ῑωάννηςο
2707 1693 2716 1712 ’

3767 1623 3854 1670 καὶ
3932 1620 3954 1669 ό

2721 1700 2792 1746 Ex
2854 1699 3040 1749 τούτου
3107 1706 3451 1774 γινώσκομεν,
3549 1705 3631 1756 ὅτι
3726 1705 3774 1758 ἓν
3840 1710 3954 1780 ἡμῖν

2280 1771 2324 1826 Β
2367 1771 2532 1844 ἑστιν,
2594 1778 2646 1830 ἐκ
2703 1791 2792 1835 τοῦ
2857 1790 3151 1860 Πνεῦματος
3220 1791 3280 1841 οὗ
3346 1793 3472 1864 ἡμῖν
3535 1790 3718 1857 ἔδωκε,
3785 1802 3871 1848 καὶ
3931 1799 3953 1849 ό

3221 1900 3232 1912 ·
3265 1883 3335 1933 Τὸ
3366 1887 3734 1956 γεγεννημένον
3789 1884 3841 1937 ἐκ
3869 1893 3953 1938 τοῦ

2439 2049 2524 2102 10.
2556 2047 2676 2102 Ὀτι
2712 2048 2772 2105 δὲ
2798 2058 2891 2112 τὴν
2923 2052 2998 2108 δι’
3029 2058 3090 2109 οὗ
3112 2064 3281 2130 φωνὴν
3318 2062 3508 2132 ὁμοίως
3548 2061 3632 2116 έπί
3682 2083 3737 2117 τε
3766 2069 3952 2139 Πατρός

2358 2138 2447 2186 καὶ
2494 2140 2617 2190 Υίοῦ
2645 2147 2735 2194 καὶ
2789 2143 2938 2215 ἁγίου
2985 2151 3284 2221 Πνεῦματος
3328 2153 3357 2208 ἠ
3424 2157 3602 2226 Γραφὴ
3655 2138 3951 2228 παραδέχε-

2355 2229 2463 2290 ταὶ,
2498 2223 2606 2286 ἤδη
2666 2227 2911 2286 δεικτέον.
2974 2237 3090 2290 Ἐπὶ
3142 2241 3234 2311 μὲν
3291 2237 3356 2299 δὴ
3423 2251 3516 2294 τοῦ
3561 2246 3685 2296 Υἱοῦ
3715 2245 3952 2320 παρέλκον

2356 2312 2416 2365 ἂν
2468 2319 2538 2368 εῖν
2585 2327 2876 2396 μαρτυρίας
2917 2327 3172 2398 κομίζειν,
3209 2325 3302 2381 διά
3340 2350 3402 2388 τη
3437 2335 3496 2384 τὸ
3549 2339 3830 2408 γνώριμον,
3869 2340 3949 2386 καὶ

2355 2400 2449 2457 διὰ
2491 2410 2549 2459 τὸ
2592 2415 2738 2486 παρά
2779 2421 2880 2465 τῶν
2929 2413 3168 2470 ἑναντίῶν
3200 2419 3327 2471 αὐτὸ
3366 2429 3524 2474 τοῦτο
3565 2425 3949 2484 κατασκευάζε-

2353 2497 2498 2547 σθαι⁶
2533 2499 2683 2570 ἠμεις
2726 2498 2784 2554 δὲ
2833 2500 3124 2578 δείκνυμεν,
3159 2509 3240 2560 ὅτι
3282 2514 3372 2562 καὶ
3405 2510 3491 2563 ἐπὶ
3541 2520 3635 2564 τοῦ
3672 2518 3872 2587 Πατρός
3895 2517 3946 2565 τὸ

2352 2580 2426 2672 δι’
2480 2587 2541 2638 οὗ
2607 2593 2875 2649 τέτακται.
2937 2600 3154 2662 Πιστὸς,
3226 2604 3405 2670 φησὶν,
3461 2603 3486 2652 ό
3546 2606 3692 2670 Θεὸς,
3759 2600 3830 2655 δι’
3897 2603 3949 2655 οὗ

2349 2672 2600 2735 εκλὴθητε
2679 2683 2784 2751 (62)
2875 2684 2942 2745 εἰς
3025 2692 3294 2740 κοινὼνίαν
3381 2697 3473 2743 τοῦ
3565 2695 3689 2745 Υὶοῦ
3757 2695 3932 2745 αὐτοῦ’

2350 2770 2459 2832 καὶ,
2499 2769 2702 2832 Παῦλος
2735 2771 3025 2837 ἀπόστολος
3057 2777 3232 2835 Ἰησοῦ
3264 2787 3502 2854 Χριστοῦ
3534 2779 3628 2834 διὰ
3675 2783 3942 2856 θελήματος

2353 2862 2486 2907 Θεοῦ
2513 2873 2530 2889 ⁸
2570 2863 2660 2911 καὶ
2689 2861 2863 2914 πάλιν·
2904 2863 3067 2918 Ὠστε
3109 2867 3282 2920 οὐκέτι
3312 2870 3361 2922 εἴ
3403 2866 3615 2936 δουλος,
3663 2871 3788 2924 ἀλλὰ
3817 2874 3934 2931 υἱός

2355 2943 2398 2996 εἰ
2441 2942 2500 2998 δὲ
2531 2950 2664 3018 υἱός,
2698 2956 2787 3003 καὶ
2816 2951 3136 3026 κληρονόμος
3185 2953 3278 3009 διὰ
3304 2959 3459 3023 Θεοῦ,
3496 2966 3587 3012 καὶ
3630 2965 3706 3013 τό’
3761 2961 3945 3033 Ὠσπερ

2355 3035 2552 3108 ἠγέρθη
2598 3043 2830 3113 Χριστὸς
2855 3041 2910 3093 ἐκ
2939 3053 3128 3118 νεκρῶν
3169 3043 3262 3099 διὰ
3288 3056 3378 3108 τῆς
3417 3046 3588 3113 δόξης
3618 3059 3707 3102 τοῦ
3739 3054 3944 3124 Πατρός’

2355 3130 2444 3176 καὶ
2471 3126 2496 3176 6
2520 3125 2756 3197 Ἠσαίας,
2791 3131 2944 3202 Οὐαὶ,
2985 3137 3165 3204 φησὶν,
3195 3136 3243 3187 οἰ
3283 3135 3491 3209 βαθέως
3528 3139 3723 3212 βουλὴν
3748 3145 3942 3192 ποιοῦν-

2354 3232 2456 3282 τες,
2490 3221 2579 3268 καὶ
2623 3217 2681 3269 οῦ
2716 3215 2808 3272 διὰ
2855 3225 3068 3296 Κυρίου.
3107 3224 3299 3286 Πολλὰς
3341 3223 3400 3279 δὲ
3448 3235 3546 3281 καὶ
3576 3228 3660 3282 ἐπὶ
3684 3236 3774 3280 τοῦ
3811 3230 3948 3282 Πνεῦ-

2352 3325 2514 3376 ματος
2542 3315 2638 3368 τῆς
2671 3318 2842 3380 φωνῆς
2863 3313 3060 3374 ταύτης
3080 3320 3376 3388 μαρτυρίας
3402 3315 3581 3379 ἔξεστι
3601 3320 3940 3393 παραθέσθαι·

2350 3393 2501 3466 Ἠμίν
2529 3393 2604 3466 δὲ,
2643 3404 2822 3470 φησὶν,
2874 3402 2898 3451 6
2939 3405 3060 3464 Θεὸς
3092 3401 3392 3476 ἀπεκάλυψε
3422 3403 3524 3459 διὰ
3554 3416 3645 3460 τοῦ
3671 3410 3950 3480 Πνεύμὰτος

2353 3487 2489 3570 (63)’
2523 3491 2616 3538 καὶ
2663 3487 2890 3562 ἑτέρωθι·
2924 3495 3029 3548 Τὴν
3060 3492 3220 3551 καλὴν
3267 3498 3592 3570 παραθήκην
3625 3497 3838 3570 φύλαξον
3867 3492 3948 3547 διὰ

2351 3577 2646 3646 Πνεύματος
2683 3586 2776 3630 τοῦ
2823 3578 2997 3650 ἁγίουο
3049 3586 3138 3633 καὶ
3177 3583 3351 3640 πάλιν.
3385 3585 3454 3657 ᾯ.
3484 3591 3578 3660 μὲν
3607 3590 3705 3660 γὰρ
3746 3583 3835 3639 διὰ
3861 3591 3940 3637 τοῦ

2352 3667 2648 3738 Πνεῦματος
2680 3665 2897 3720 δίδοται
2925 3669 3074 3740 λόγος
3112 3677 3318 3746 σοφίας.

2275 3097 2316 3153 C

2429 3848 2513 3900 Η.
2555 3849 2632 3899 Τὰ
2671 3847 2805 3901 αὑτὰ
2845 3846 2904 3902 δὲ
2941 3869 3109 3904 ταυτα
3147 3857 3236 3905 καὶ
3276 3858 3394 3926 περὶ
3424 3863 3539 3928 τῆς,
3585 3856 3653 3921 ἐν,
3699 3850 3939 3908 συλλαϐῆς

2355 3933 2512 3986 εἰπεῖν
2561 3938 2772 4009 ἔχομεν,
2823 3940 2904 3991 ὅτι
2951 3946 3042 3992 καὶ
3099 3940 3181 3994 ἐπὶ
3232 3951 3321 3995 τοῦ
3354 3952 3490 3998 Θεοῦ
3519 3951 3609 3998 καὶ
3640 3947 3835 4018 Πατρός
3859 3945 3936 3997 τὴν

2352 4033 2554 4097 χρῆσιν
2626 4028 2790 4091 αὐτῆς
2842 4031 2871 4086 ἡ
2936 4035 3108 4103 Γραφὴ
3146 4029 3560 4106 παραδέδεκται,
3613 4037 3678 4094 ὡς
3722 4031 3802 4084 ἐπὶ
3857 4032 3937 4101 μὶν

2354 4113 2608 4182 Παλαιᾶς,
2658 4117 2737 4170 Ἐν
2781 4127 2852 4189 τῷ
2902 4127 3036 4190 Θεῷ,
3070 4126 3223 4185 φησὶ,
3271 4128 3574 4197 ποιήσωμεν
3623 4123 3733 4193 (64)
3788 4117 3932 4172 δύνα-

2353 4222 2460 4276 μιν·
2517 4212 2626 4275 καὶ,
2680 4209 2758 4261 Ἐν
2815 4215 2899 4261 σοὶ
2957 4212 2986 4269 ὴ
3049 4211 3277 4283 ὗμνησις
3332 4232 3432 4284 μου
3481 4211 3792 4273 διαπαντός·
3853 4210 3934 4258 καὶ

2351 4293 2526 4352 πάλιν.
2573 4298 2651 4350 Ἐν
2691 4307 2762 4368 τῷ
2811 4300 3025 4370 ὀνόματι
3077 4319 3170 4352 σου
3221 4299 3637 4376 ἀγαλλιάσομαι,
3687 4299 3833 4373 Παρά
3879 4291 3932 4346 δὲ

2353 4387 2562 4459 "mni",
2609 4387 2688 4440 Ἐν
2733 4396 2804 4458 τῷ
2849 4397 2980 4458 Θεῷ,
3040 4395 3192 4460 φησὶ,
3245 4399 3316 4461 τῷ
3364 4394 3429 4443 τὰ
3478 4395 3649 4444 πάντα
3682 4394 3927 4442 κτίσαντι·

2271 4461 2315 4514 D
2349 4481 2462 4542 καὶ,
2525 4476 2726 4539 Παῦλος
2782 4483 2872 4530 καὶ
2930 4478 3204 4540 Σιλουανὸς
3259 4485 3348 4532 καὶ
3399 4483 3653 4554 Τιμόθεος
3706 4485 3764 4547 τῇ
3829 4475 3932 4525 Ἐκ·

2358 4567 2556 4639 κλησιᾳ
2622 4566 3046 4622 Θεσσαλονικέων
3127 4567 3174 4621 ἐν
3238 4578 3351 4641 Θεῷ
3404 4577 3593 4645 Πατρί·
3667 4572 3756 4620 καὶ
3825 4561 3925 4634 (65)

3409 4749 3456 4784 ³⁸
3490 4748 3614 4806 Gal.
3641 4762 3718 4812 vr,
3750 4747 3800 4799 8.
3874 4737 3918 4771 ⁹⁹

3609 4820 3628 4853 ⁷
3664 4821 3754 4872 lsa
3779 4823 3924 4869 χχιι,

3694 4889 3735 4923 1³
3779 4878 3924 4940 Psal.

2818 4749 2861 4782 97
2918 4749 3035 4804 Luc
3086 4762 3207 4814 vm,
3241 4752 3330 4805 46.

3115 4822 3136 4854 ⁶
3173 4823 3338 4876 Rom.
3368 4837 3443 4888 vi,
3480 4825 3531 4876 4.

3100 4893 3143 4926 ¹²
3185 4893 3338 4950 Psal.
3371 4909 3506 4963 Lxx,
3558 4895 3609 4947 6.

2657 4821 2677 4854 ⁵
2711 4818 2834 4875 Gal.
2867 4834 2947 4885 ιν,
2981 4825 3036 4874 7.

2436 4893 2478 4927 ¹¹
2531 4890 2686 4947 Psal.
2744 4906 2874 4956 cvn,
2931 4894 3017 4948 14.

2287 4821 2418 4875 Cor.
2451 4835 2488 4886 ι,
2525 4823 2577 4875 9.

2300 4894 2352 4946 8.
2436 4893 2478 4927 ιι
2531 4895 2577 4946 Ρη

2338 5155 2410 5217 ea
2461 5155 2576 5217 yox
2633 5140 2694 5196 in
2744 5139 2909 5196 nullo
2949 5156 3018 5217 ei;
3051 5141 3271 5217 nostris
3321 5140 3632 5217 codicibus
3679 5131 3920 5217 reperta-

2337 5211 2520 5267 Paulo
2551 5217 2692 5284 post
2716 5227 2874 5267 unus
2905 5212 3042 5268 cod.
3073 5213 3219 5284 Reg.
3279 5213 3441 5272 καλὴν
3471 5206 3919 5284 παρακαταθήκην.

2408 5287 2524 5350 (64)
2560 5290 2885 5356 Ποιήσωμεν.
2921 5287 3059 5351 Reg.
3096 5291 3349 5356 quartus
3373 5291 3676 5356 ποιήσομεν.
3755 5351 3762 5356 _
3878 5335 3920 5356 __,

2409 5340 2651 5426 (65)_Kut
2677 5340 2725 5407 εἰ
2753 5341 2969 5413 δήποτε.
3006 5340 3156 5411 Ειίιῖὶ
3199 5340 3514 5412 θῐίγεῐθιιεέ
3545 5340 3768 5426 aliquot

2334 5419 2427 5478 καί
2468 5419 2574 5484 ἤδη
2636 5432 2776 5481 ποτέ.
2833 5427 3230 5500 Combelisius
3280 5428 3605 5500 legendum
3651 5419 3920 5500 putati!

2334 5503 2492 5554 textu
2517 5514 2708 5566 sacro,
2740 5502 2907 5559 Εἷπως
2935 5497 3040 5558 ἤδη
3067 5485 3412 5556 ποτέ.δέοδιὶ
3447 5485 3920 5564 ευωιιέδοτὶρίιξ-

2332 5585 2464 5625 ram
2495 5573 2631 5643 Reg.
2662 5571 2932 5643 secundi.
2971 5571 3154 5626 Paulo
3175 5571 3492 5643 post-idem
3520 5566 3707 5643 code;
3725 5570 3916 5624 καυχα·

2339 5661 2452 5714 σαι,
2476 5646 2509 5698 Α
2527 5636 2604 5698 lii‘
2618 5642 2896 5700 nonnulli
2925 5636 3224 5715 καυχᾶσθε.
3262 5644 3412 5701 Editi
3439 5636 3767 5712 καυχᾶσθαι.
