4154 6434
531 271 599 338 s7
1899 283 1962 337 s.
2015 282 2096 336 BA
2110 281 2266 339 su."
2303 284 2542 340 MAGNI.
3891 286 3962 338 es

1198 406 1424 462 CAPUT
1459 405 1547 462 Vl.

537 496 815 554 Occurrit
865 495 938 552 iis
981 495 1087 566 qui
1135 495 1457 563 afﬁrmant
1484 496 1709 552 Filium
1751 511 1871 553 non
1913 511 2034 554 esse
2063 512 2197 553 eum

606 571 801 696 ﬁnge,
831 567 936 625 sed
959 571 1092 637 post
1129 567 1374 624 Patrem
1398 581 1422 639 ;
1459 568 1566 624 ubi
1588 575 1642 624 et
1667 569 1739 625 de
1766 569 1977 640 gloria:
2005 584 2202 642 arqua-

638 657 654 697 ι
686 655 720 697 a
752 654 801 697 e.

615 733 676 786 13
716 727 896 802 Atqui
925 743 1036 784 nec
1065 727 1145 785 ad
1169 728 1526 799 ignorantiae
1561 729 2016 788 excusationem
2060 744 2202 786 con-

538 817 746 889 fugere
761 822 1035 891 possunt,
1051 834 1190 874 cum
1204 822 1368 874 tanto
1388 818 1636 876 artiﬁcio
1658 824 1948 892 tantaque
1969 835 2204 892 perver-

541 909 713 966 sitate
733 908 894 965 dicta
912 912 1120 966 nostra
1144 908 1478 980 excipiant:
1503 910 1607 982 qui
1624 909 1877 982 quidem
1901 910 2079 966 nobis
2101 925 2207 982 pa-

538 999 663 1056 lam
693 998 1106 1068 indignantur,
1129 999 1296 1072 quod
1324 1014 1448 1055 una
1486 1015 1627 1055 cum
1655 1003 1824 1057 Patre
1865 999 2205 1073 adimplea-

540 1105 680 1146 mus
710 1088 1025 1158 Unigenito
1056 1088 1580 1159 gloriﬁcationem,
1608 1090 1899 1164 quodque
1921 1091 2207 1164 Spiritum

541 1182 824 1236 sanctum
859 1194 895 1233 a
933 1177 1077 1234 Filio
1106 1193 1230 1234 non
1263 1194 1637 1252 separemus.
1673 1181 1840 1237 Unde
1885 1185 2206 1236 novatores

540 1283 655 1324 nos
680 1266 1006 1341 appellant,
1049 1267 1452 1341 novitatisque
1499 1269 1854 1327 architectos
1897 1274 1955 1326 et
2001 1269 2209 1327 verbo-

540 1373 676 1414 rum
706 1357 1072 1429 inventores,
1107 1361 1164 1414 et
1207 1357 1437 1431 quibus
1469 1374 1594 1415 non
1647 1359 1778 1416 aliis
1818 1359 2209 1434 probrosissi-

541 1446 661 1503 mis
700 1445 1054 1503 nominibus
1077 1447 1105 1504 ?
1137 1448 1406 1513 Quorum
1449 1449 1723 1506 convicia
1770 1453 2010 1506 tantum
2041 1449 2210 1505 abest

541 1541 608 1594 ut
652 1535 900 1607 indigne
945 1535 1160 1603 feram,
1195 1541 1262 1594 ut
1307 1537 1422 1594 nisi
1477 1553 1590 1595 nos
1639 1539 1914 1613 ipsorum
1965 1539 2210 1595 exitium

542 1627 752 1684 dolore
796 1631 1210 1700 perpetuoque
1250 1627 1521 1684 cruciatu
1563 1627 1848 1698 afﬁceret,
1879 1644 2210 1702 propemo-

542 1717 692 1774 dum
740 1716 1006 1773 dicerem
1056 1732 1154 1772 me
1199 1717 1380 1774 etiam
1425 1719 1574 1792 ipsis
1601 1735 1711 1793 pro
1738 1720 2076 1778 maledictis
2108 1720 2210 1775 ha-

541 1807 685 1864 bere
709 1805 993 1876 gratiam,
1015 1811 1079 1863 ut
1099 1807 1202 1879 qui
1225 1807 1374 1863 mihi
1393 1808 1713 1866 concilient
1745 1809 2208 1867 beatitudinem.

544 1897 721 1954 Beati
757 1897 937 1966 enim,
968 1895 1185 1969 inquit,
1229 1898 1389 1966 estis,
1419 1913 1553 1954 cum
1584 1900 1826 1968 probris
1848 1915 1948 1957 vos
1982 1901 2211 1970 impeti-

543 1987 740 2045 verint
767 1990 1020 2056 propter
1048 2001 1140 2044 me
1170 1987 1238 2042 ’³.
1292 1987 1650 2060 Hujusmodi
1695 1992 1900 2046 autem
1945 1993 2089 2046 sunt
2139 2005 2213 2046 ea

543 2093 808 2152 quorum
856 2092 1042 2134 causa
1090 2076 1509 2148 indignantur.
1565 2077 1697 2137 Non
1744 2085 1854 2149 est,
1909 2080 2208 2154 inquiunt,

544 2185 684 2226 cum
711 2171 882 2225 Patre
903 2167 1108 2238 Filius,
1132 2168 1240 2225 sed
1262 2173 1400 2242 post
1418 2173 1682 2242 Patrem;
1711 2171 1871 2228 unde
1899 2172 2217 2246 consequi-

545 2262 644 2316 tur
668 2261 734 2315 ut
753 2273 861 2330 per
907 2273 1044 2313 eum
1079 2257 1273 2328 gloria
1302 2259 1457 2315 Patri
1477 2259 1798 2328 tribuatur,
1833 2261 1939 2318 sed
1971 2277 2112 2318 cum
2143 2277 2216 2318 eo

546 2363 964 2422 nequaquam.
979 2343 1130 2404 Nam
1145 2347 1316 2414 illud,
1331 2364 1465 2405 cum
1483 2365 1568 2415 eo,
1587 2349 2000 2423 aequalitatem
2022 2351 2217 2408 decla-

548 2443 660 2509 rat,
684 2453 797 2509 per
816 2452 948 2494 eum
972 2441 1198 2504 autem,
1223 2437 1624 2495 ministerium
1665 2439 1986 2510 signiﬁcat.
2011 2443 2216 2513 Neque

551 2527 732 2585 etiam
764 2531 926 2584 cum'
960 2527 1160 2592 Patre,
1201 2526 1503 2600 inquiunt,
1530 2532 1588 2586 et
1628 2528 1768 2586 Filio
1824 2529 2217 2586 collocandus

553 2623 647 2674 est
677 2618 932 2674 Sanctus
957 2615 1233 2689 Spiritus,
1265 2616 1373 2673 sed
1402 2617 1516 2673 sub
1546 2618 1711 2688 Filio,
1745 2623 1802 2674 et
1829 2620 2023 2687 Patre,
2050 2620 2132 2676 sic
2153 2623 2220 2676 ut

551 2723 678 2764 non
699 2723 823 2763 una
849 2721 986 2763 cum
1016 2705 1129 2762 illis
1159 2705 1505 2776 collocetur,
1534 2707 1642 2765 sed
1668 2707 1987 2776 subdatur,
2020 2724 2218 2784 neque

555 2800 1048 2867 connumeretur,
1076 2795 1182 2852 sed
1235 2795 1724 2854 subnumeretur.
1775 2802 1967 2871 Atque
1997 2799 2220 2856 talibus

555 2886 926 2961 quibusdam
944 2885 1271 2942 verborum
1283 2887 1559 2944 versutiis
1577 2893 1925 2960 pervertunt
1940 2888 2084 2945 ﬁdei
2101 2889 2220 2945 sin-

556 2978 863 3034 ceritatem
883 2976 1473 3050 simplicitatemque.
1491 2978 1751 3036 Proinde
1762 2995 1951 3052 quam
1980 2980 2220 3037 veniam

557 3069 959 3140 assequentur
977 3065 1294 3138 imperitiae
1306 3071 1617 3138 praetextu,
1645 3083 1752 3140 per
1765 3083 1921 3141 quos
1943 3067 2022 3124 ob
2041 3069 2221 3124 istam

559 3136 972 3212 curiositatem
1010 3136 1086 3211 ne
1116 3154 1246 3212 aliis
1275 3136 1526 3228 quidem
1562 3136 1853 3229 imperitis
1875 3173 2006 3214 esse
2037 3157 2220 3214 licet?
2262 3136 2302 3192 (ἶ

634 3249 726 3301 li.
770 3247 890 3302 Nos
919 3260 1060 3301 vero
1089 3245 1357 3318 primum
1379 3245 1530 3302 illud
1553 3246 1718 3319 ipsos
1739 3261 2045 3319 rogemus,
2069 3263 2222 3321 quo-

559 3335 750 3392 modo
780 3335 988 3392 dicant
1018 3335 1228 3391 Filium
1271 3338 1413 3408 post
1437 3338 1673 3392 Patrem
1699 3337 1727 3394 τ
1769 3352 1918 3393 num
1949 3342 2225 3410 tempore

559 3425 978 3493 recentiorem,
1003 3440 1152 3480 num
1174 3424 1406 3494 ordine,
1421 3441 1498 3481 an
1521 3425 1810 3497 dignitate
1831 3427 1860 3484 ?
1891 3427 2004 3483 Sed
2021 3428 2224 3485 nullus

566 3515 1000 3586 adeodemens
1031 3517 1124 3570 est
1153 3519 1218 3572 ut
1245 3514 1404 3572 dicat
1443 3517 1818 3574 conditorem
1841 3517 2219 3591 saeculorum,

565 3622 879 3681 quoquam
906 3621 1036 3662 esse
1071 3610 1340 3680 tempore
1371 3606 1784 3680 posteriorem,
1809 3624 1948 3664 cum
1989 3609 2225 3666 nullum

565 3697 638 3754 sit
682 3695 1282 3769 intervallum,quod
1311 3695 1651 3754 naturalem
1695 3697 1820 3754 Filii
1868 3715 2007 3755 cum
2057 3703 2224 3756 Patre

563 3785 1052 3860 conjunctionem
1069 3785 1334 3843 dirimat.
1355 3789 1558 3858 Neque
1580 3785 1761 3844 etiam
1791 3787 2109 3845 hominum
2129 3805 2226 3846 co-

565 3877 851 3948 gitatione
880 3875 1042 3932 ﬁlius
1069 3880 1237 3948 patre
1275 3876 1573 3932 recentior
1601 3876 1719 3932 dici
1746 3878 1954 3950 possit,
1983 3894 2105 3935 non
2145 3879 2226 3936 ob

564 3965 628 4022 id
648 3963 834 4021 modo
858 3963 1024 4037 quod
1055 3963 1234 4020 simul
1254 3964 1664 4036 intelligantur
1702 3966 2038 4023 secundum
2066 3968 2226 4024 rela-

567 4055 815 4124 tionem,
845 4069 1053 4110 verum
1075 4053 1256 4111 etiam
1277 4054 1447 4128 quod
1478 4071 1550 4112 ea
1575 4055 1862 4112 dicuntur
1889 4057 2227 4129 posteriora

567 4149 858 4218 tempore,
890 4160 1027 4218 quas
1054 4159 1090 4200 a
1117 4145 1398 4217 praesenti
1429 4148 1699 4215 tempore
1727 4146 1931 4203 minus
1961 4148 2186 4204 absunt
2212 4165 2225 4204 :

567 4240 627 4293 et
645 4251 858 4291 rursus
883 4233 986 4290 illa
1004 4234 1228 4306 priora,
1244 4250 1380 4308 quas
1397 4234 1635 4306 longius
1661 4237 1884 4293 absunt
1901 4254 1935 4292 a
1949 4237 2231 4310 praesenti

567 4329 863 4398 tempore.
885 4323 1156 4398 Exempli
1177 4340 1383 4394 causa,
1398 4340 1533 4398 quin
1553 4327 1670 4382 Noe
1696 4327 2073 4400 temporibus
2094 4332 2231 4384 acta

570 4421 710 4472 sunt
759 4413 963 4487 priora
993 4419 1132 4471 sunt
1160 4414 1231 4470 iis
1267 4430 1405 4487 quas
1447 4420 1771 4473 narrantur
1796 4416 1872 4472 de
1921 4416 2230 4474 subversis

2877 415 3264 464 ΚΕΦΑΛΑΙΟΝ
3307 409 3353 474 ς’

2310 499 2626 561 Ἀπάντησις
2659 501 2768 576 (71)
2823 505 2948 576 πρὸς
3003 499 3645 576 τούς-ἀποφαινομένους
3713 503 3791 576 μή
3825 489 3967 576 μετ.ἀι

2383 577 2587 646 Πατρός
2641 568 2769 626 εἶναι
2822 568 2907 625 τόν
2957 570 3260 646 rimam
3296 568 3560 644 ⁷μετ-διττόν
3631 568 3881 645 Πατέρα,
3914 568 3965 623 ἓν

2384 643 2422 716 ᾧ
2453 640 2519 698 τά
2546 649 2661 720 περὶ
2684 654 2774 706 τῆς
2806 646 3058 721 ὁμοτὶμου
3092 640 3270 706 δόξης.

2383 737 2478 792 13.
2521 740 2622 788 Καὶ
2650 739 2753 807 μὴν
2790 731 2914 787 ούδε
2956 737 3085 807 πρός
3137 738 3230 792 τὴν
3261 731 3314 796 ἐξ
3359 731 3583 804 ἀγνοίας
3620 736 3964 805 συγγνώμην

2316 820 2539 876 δυνατόν
2597 823 2788 886 αύτούς
2835 832 3172 896 καταφυγεῖν,
3223 825 3358 874 οὕτω
3407 830 3685 894 τεχνικῶς
3737 826 3838 873 καὶ
3871 842 3966 873 κα-

2314 916 2514 975 κοήθως
2571 917 2657 966 τὸν
2707 913 2856 985 λόγον
2911 912 3387 986 ὑπολαμϐάνοντας*
3447 913 3499 964 οἱ
3548 931 3616 984 γε
3670 908 3967 985 προδήλως

2317 1005 2441 1077 ἡμῖν
2480 1003 2912 1076 χαλεπαίνουσιν,
2960 1005 3040 1054 ὅτι
3088 1006 3221 1076 μετά
3268 1004 3472 1074 Πατρός
3529 999 3965 1076 ἀποπληροῦμεν

2317 1101 2390 1164 τῷ
2431 1100 2705 1166 Μονογενεί
2751 1098 2844 1151 τὴν
2900 1089 3224 1165 δοξολογίαν,
3282 1097 3372 1144 καὶ
3410 1095 3468 1144 τό
3514 1093 3682 1162 ἆγιον
3745 1098 3970 1164 Πνεῦμα

2318 1188 2388 1257 μὴ
2457 1179 2740 1255 διὶστῶμεν
2805 1181 2905 1235 ἀπό
2951 1190 3042 1234 τοῦ
3100 1181 3224 1235 Υἰοῦ
3281 1187 3418 1244 (72).
3478 1181 3651 1234 ⁴¹Οθεν
3719 1200 3969 1255 νεωτεροο

2319 1276 2500 1332 ποιοὺς
2549 1274 2686 1344 ἡμᾶς
2744 1276 2834 1324 καὶ
2882 1276 3222 1344 καινοτόμους
3278 1275 3368 1322 καὶ
3434 1269 3735 1344 ἐφευρετὰς
3793 1271 3971 1345 ῥημά-

2320 1383 2442 1433 των,
2473 1369 2563 1416 καὶ
2608 1368 2658 1416 τί
2704 1366 2802 1439 γὰρ
2837 1363 2966 1435 οὐχὶ
2995 1372 3094 1414 τῶν
3135 1359 3504 1414 ἐπονειδίστων
3543 1359 3966 1427 ἀποκαλοῦσιν;

2319 1454 2415 1505 Ὧν
2478 1460 2728 1506 τοσοῦτον
2787 1453 2972 1525 ἀπέχω
3025 1450 3396 1527 δυσχεραίνειν
3452 1458 3582 1512 ταῖς
3631 1448 3966 1524 λοιδορίαις,

2323 1545 2476 1612 ὥστε,
2519 1543 2562 1596 εἰ
2617 1549 2688 1616 μὴ
2743 1542 2912 1601 λύπην
2967 1545 3090 1616 ἡμῖν
3176 1541 3388 1595 ἐνεποίει
3437 1546 3535 1593 καὶ
3610 1538 3964 1594 ἀδιάλειπτον

2323 1629 2515 1691 ὀδύνην
2565 1635 2593 1692 ἠ
2652 1633 2766 1685 κατ’
2822 1633 3013 1695 αὐτούς
3055 1636 3238 1705 ζημία,
3284 1639 3474 1705 μικροῦ
3535 1630 3602 1683 ἂν
3669 1629 3819 1684 εἶπον
3874 1635 3964 1682 καὶ

2323 1725 2486 1798 χάριν
2512 1723 2690 1785 αὐτοῖς
2718 1720 2813 1786 τῆς
2870 1723 3214 1796 βλασφημίας
3259 1725 3420 1794 ἔχειν,
3463 1725 3538 1783 ὡς
3600 1728 3962 1796 μακαρισμοῦ

2323 1813 2613 1886 προξένοις.
2680 1815 2948 1887 Μακάριοι
3016 1815 3118 1886 γάρ
3180 1811 3315 1879 ἕστε,
3388 1817 3580 1884 φησιν,
3639 1814 3769 1865 ὅταν
3831 1813 3961 1863 ὀνει-

2325 1900 2550 1956 δισωσιν
2610 1905 2745 1976 ὑμᾶς
2798 1905 2912 1972 (73)
2961 1903 3123 1956 ἕνεκεν
3173 1900 3316 1976 ἐμοῦ.
3388 1901 3549 1955 ’Ἐστι
3639 1899 3704 1956 δὲ
3763 1901 3839 1974 ἔφ’
3893 1902 3960 1961 εἷς

2325 1992 2700 2066 ἀγανακτοῦσι,
2746 2000 2934 2047 ταῦτα.
2977 1993 3052 2044 Ού
3100 1995 3232 2065 μετὰ
3280 1995 3508 2067 Πατρός,
3569 1998 3764 2064 φασὶν,
3813 1991 3954 2058 Υἱὸς,

2325 2082 2452 2136 ἀλλά
2503 2086 2634 2156 μετά
2697 2087 2785 2134 τόν
2845 2086 3072 2156 Πατέραο
3125 2079 3307 2155 διόπερ
3356 2081 3653 2134 ἀκόλουθον
3685 2079 3765 2134 δι’
3795 2080 3956 2133 αὐτοῦ

2323 2178 2412 2232 τὴν
2445 2170 2603 2237 δόξαν
2629 2175 2911 2247 προσάγειν
2946 2181 3017 2243 τῷ
3063 2177 3256 2247 Πατρὶ,
3289 2171 3398 2225 ἀλλ’
3430 2173 3568 2245 ούχὶ
3599 2171 3716 2245 μετ’
3771 2172 3951 2226 αὐτοῦ.

2323 2267 2394 2318 Τὸ
2437 2267 2528 2336 μεν
2567 2265 2669 2336 γὰρ
2721 2262 2830 2336 μετ’
2860 2262 3020 2314 αὐτοῦ
3072 2267 3167 2322 τὴν
3223 2262 3489 2334 ἰσοτιμίαν
3539 2259 3744 2320 δηλοῖ·
3799 2266 3859 2314 τό
3898 2257 3955 2314 δε

2327 2349 2400 2404 δι’
2437 2353 2497 2405 οὗ
2540 2357 2634 2411 τήν
2680 2354 2970 2426 ὑπουργίαν
3017 2357 3359 2426 παρίστησιν.
3403 2352 3546 2405 Οὔτε
3596 2358 3708 2426 μήν
3751 2355 3850 2404 σύν
3884 2357 3952 2421 τῷ

2328 2447 2519 2517 Πατρὶ,
2572 2447 2722 2515 φασὶ,
2781 2447 2871 2494 καὶ
2915 2451 2988 2514 τῷ
3044 2445 3148 2514 Υὶῳ
3195 2445 3252 2495 τό
3295 2450 3510 2515 Πνεῦμα
3569 2447 3819 2509 τακτέον,
3849 2441 3956 2494 ἀλλ’

2326 2535 2426 2586 ὑπό
2457 2535 2544 2586 τόν
2571 2536 2688 2587 Υίὸν
2715 2537 2805 2585 καὶ
2836 2535 2924 2585 τόν
2975 2536 3201 2608 Πατέρα,
3255 2532 3314 2585 ού
3358 2537 3811 2606 συντεταγμένον,
3852 2531 3954 2584 ἀλλ’

2327 2625 2756 2697 ὑποτεταγμένον,
2831 2621 2956 2677 οὐδὲ
3013 2626 3516 2700 συναριθμονλαενον,
3580 2623 3694 2676 ἀλλ’
3756 2626 3949 2698 ὑπαρι-

2329 2717 2638 2787 θμούμενον.
2697 2719 2798 2767 Καὶ
2829 2717 3098 2776 τοιαύταις
3129 2720 3240 2768 τισὶ
3285 2714 3662 2787 τεχνολογίαις
3699 2715 3947 2790 ῥημάτων

2327 2807 2386 2856 τὸ
2438 2803 2630 2856 ἁπλοῦν
2688 2809 2773 2856 καὶ
2817 2801 3174 2856 ἀκατάσκευον
3242 2806 3355 2873 (74)
3408 2811 3504 2865 τῆς
3559 2809 3798 2867 πίστεως
3837 2799 3948 2856 δια-

2333 2898 2664 2970 στρέφουσιν.
2715 2893 2876 2947 ’Ὡστε
2932 2899 3068 2958 τίνος
3115 2895 3176 2945 οἶν
3237 2889 3309 2946 δι’
3338 2892 3587 2968 ἀπειρίαν
3633 2899 3947 2966 συγγνώμης

2329 2987 2564 3056 τύχοιεν,
2597 2985 2646 3037 οἱ
2693 2980 2833 3056 μηδὲ
2878 2991 2984 3044 τοῖς
3042 2983 3218 3046 ἄλλοις
3274 2982 3499 3058 ἀπείρως
3561 2987 3709 3056 ἓχείν
3761 2982 3817 3036 ἐκ
3857 2983 3946 3044 τῆς

2331 3073 2500 3125 αὐτῶν
2530 3073 3027 3147 φιλοπραγμοσύνης
3051 3074 3162 3144 (75)
3193 3072 3554 3149 ἐπιτρέποντες
3579 3091 3593 3141 ;

2409 3253 2495 3308 14·
2532 3251 2707 3325 Ἠμείς
2761 3247 2820 3304 δὲ
2869 3251 3026 3305 ἐκεῖνο
3069 3260 3269 3326 πρῶτον
3329 3252 3523 3314 αὐτοὺς
3585 3252 3942 3327 ἐρωτήσωμεν,

2330 3345 2387 3397 τό
2432 3342 2560 3415 μετὰ
2599 3345 2685 3394 τόν
2736 3345 2942 3414 Πατέρα
3001 3361 3108 3404 πως
3174 3345 3261 3394 τὸν
3332 3343 3450 3395 Υὶόν
3538 3342 3828 3414 λέγουσινς
3881 3339 3942 3398 ὡς

2333 3436 2508 3508 χρόνῳ
2529 3436 2788 3507 νεώτερον,
2823 3433 2853 3491 ἦ
2889 3435 2952 3493 ὡς
3000 3432 3160 3496 τάξει,
3193 3432 3222 3491 ἦ
3267 3435 3331 3493 ὡς
3357 3430 3523 3504 aitet;
3567 3431 3728 3486 Ἀλλά
3774 3434 3942 3504 χρόνῳ

2333 3527 2443 3596 μὲν,
2499 3519 2674 3585 οὐδεὶς
2749 3523 2914 3584 οὕτως
2988 3521 3226 3589 ἀνόητος,
3284 3525 3352 3582 ὡς
3409 3519 3739 3596 δευτερεύειν
3786 3520 3939 3591 λέγειν

2333 3617 2419 3666 τόν
2457 3618 2677 3672 ποιητὴν
2725 3633 2824 3664 των
2857 3612 3075 3680 αἰώνων,
3130 3608 3341 3674 οὐδενός
3381 3609 3762 3686 διαστήματος
3803 3628 3938 3683 μεσιο

2331 3705 2566 3765 τεύοντος
2623 3710 2684 3775 τῇ
2720 3709 2914 3774 φυσικῇ
2957 3706 3082 3778 πρός
3137 3705 3222 3755 τόν
3272 3707 3480 3776 Πατέρα
3533 3711 3624 3755 τοῦ
3674 3704 3797 3756 Υἱοῦ
3829 3718 3936 3750 συν-

2334 3801 2506 3865 αφείᾳ.
2544 3790 2696 3844 Ἀλλά
2721 3796 2823 3864 μὴν
2854 3795 2970 3844 οὔτε
3018 3800 3080 3864 τῇ
3147 3791 3312 3864 ἐννοίᾳ
3367 3812 3466 3844 των
3513 3790 3800 3866 ἀνθρώπων
3831 3790 3935 3855 (76)

2337 3880 2612 3954 συμϐαίνει
2659 3886 2900 3952 νεώτερον
2952 3879 3115 3952 λέγειν
3161 3888 3250 3933 τοῦ
3310 3883 3519 3953 Πατρός
3563 3885 3652 3933 τὸν
3698 3882 3833 3944 Υἰόν,
3881 3872 3932 3926 ού

2335 3975 2488 4044 μόνον
2543 3990 2615 4041 τῳ
2657 3973 2751 4022 σὺν
2796 3967 3036 4032 ἀλλήλοις
3101 3971 3333 4022 νοεῖσθαι
3388 3973 3529 4022 κατά
3586 3975 3682 4029 τὴν
3731 3971 3929 4040 σχέσιν,

2336 4060 2446 4114 ἀλλ’
2481 4063 2555 4112 ὅτι
2605 4058 2772 4112 ἐκεῖνα
2813 4059 3017 4132 λέγεται
3069 4079 3141 4130 τῳ
3181 4063 3356 4134 χρόνῳ
3414 4056 3661 4133 δεύτερα,
3710 4060 3810 4110 ὅσα
3850 4058 3934 4111 τὴν

2336 4153 2466 4224 πρὸς
2489 4153 2547 4203 τὸ
2577 4157 2665 4201 νῦν
2690 4147 2982 4202 ἀπόστασιν
3010 4148 3252 4200 ἐλάττονα
3274 4151 3406 4221 ἔχει·
3435 4154 3529 4201 καὶ
3578 4148 3733 4202 πάλιν
3780 4146 3936 4198 ἐκεῖνα

2337 4244 2582 4315 πρότερα,
2617 4240 2718 4292 ὅσα
2766 4243 3138 4313 περισσότερον
3176 4237 3370 4311 ἀπέχει
3398 4248 3489 4293 τοῦ
3539 4247 3629 4290 νῦν
3670 4238 3792 4290 Οἴον
3821 4237 3933 4306 πρὸ·

2337 4349 2462 4404 τερα
2488 4350 2587 4382 των
2618 4326 2974 4402 Σοδομιτικων
3014 4332 3126 4401 (77)
3159 4331 3225 4382 τὰ
3261 4331 3397 4380 κατὰ
3444 4336 3581 4396 Νωε,
3615 4330 3696 4380 ὅτι
3721 4333 3812 4380 τοῦ
3853 4329 3932 4373 νῦν

2339 4419 2424 4475 ἐπὶ
2454 4418 2603 4472 πλέον
2661 4417 2978 4490 ἀπῴκισταιο
3029 4423 3118 4471 καὶ
3162 4419 3357 4491 ὕστερα
3385 4426 3556 4470 ταῦτα
3601 4417 3821 4480 ἐκείνων,
3860 4413 3932 4463 ὅτι

575 4503 874 4574 Sodomis,
903 4503 1072 4578 quod
1107 4503 1210 4562 illa
1263 4503 1508 4576 longius
1559 4503 1773 4563 dissita
1804 4506 1925 4564 sint
1977 4523 2013 4565 a
2070 4522 2217 4580 pra:-

2337 4508 2526 4583 μᾱλλὸν
2565 4528 2671 4571 πως
2721 4505 2868 4562 δοκεί
2904 4509 3268 4582 προσεγγίζειν
3312 4516 3383 4579 τῷ
3404 4515 3512 4564 νῦν.
3541 4515 3652 4570 Τῆς
3687 4503 3744 4559 δε
3775 4505 3930 4557 πάντα

641 4668 691 4703 ³³
729 4666 930 4726 Matth.
973 4681 1034 4734 v,
1080 4670 1165 4723 11.

643 4846 754 4915 (71)
796 4847 1140 4906 Ἀπάντησις.
1184 4845 1402 4914 Regius
1433 4843 1641 4901 tertius
1675 4845 1704 4902 ἡ
1732 4843 2057 4908 ἀντίστασις.

640 4920 754 4986 (72)
796 4918 922 4970 Ἀπὸ
952 4925 1046 4970 τοῦ
1080 4920 1225 4972 Υἱοῦ.
1265 4921 1408 4986 Reg.
1445 4916 1651 4973 tertius
1679 4915 1780 4969 ἀπὸ
1807 4925 1903 4970 τοῦ
1935 4925 2091 4972 Θεοῦ.

642 4993 755 5063 (73)
784 4990 960 5063 ’1”μᾶς.
995 4989 1239 5063 Addunt
1283 4989 1447 5060 editi,
1486 4989 1990 5063 _rep_ugnantibus
2031 4991 2226 5046 omni-

642 5006 755 5063 (73)
806 5006 960 5062 Γμας.
995 5006 1239 5044 ΑΟΟΠΠῙ
1283 5006 1447 5060 θαιῐι,
1502 5006 1564 5044 ΓΘ
1615 5006 1990 5058 ugnanunus
2031 5006 2225 5046 0mm-

567 5063 686 5121 bus
741 5060 1048 5133 veteribus
1106 5059 1298 5133 libris,
1329 5066 1418 5113 καὶ
1446 5006 1726 5133 Euagrum,
1780 5067 1868 5114 καὶ
1898 5064 2082 5114 εἴπωσι
2125 5069 2225 5115 πᾶν

567 5135 792 5208 πονηρόν
837 5132 1013 5208 ῥῆμα.
1044 5132 1161 5208 καθ-⁸
1231 5133 1372 5204 ύμων
1426 5129 1761 5208 ⁸ψευδόμενοι.
1794 5133 1872 5208 Εἰ
1921 5137 2230 5202 persecuti

563 5204 918 5277 fuerintjet'
948 5204 1219 5261 dixerint
1281 5219 1452 5260 omne
1493 5206 1721 5261 malum
1755 5206 2074 5262 adversum
2124 5223 2224 5263 vos

566 5278 939 5337 mentientes.

637 5351 754 5423 (74)
797 5348 1205 5423 Ἀκατάσκευον.
1259 5351 1342 5423 Ita
1381 5364 1526 5404 mss.
1559 5352 1845 5423 quatuor,
1894 5348 2044 5405 Edili
2099 5349 2222 5402 ἀκα-

567 5415 948 5494 τασκεύαστον.
1009 5419 1239 5494 Ibidem
1270 5419 1408 5494 duo
1466 5415 1708 5494 codices
1761 5415 2220 5494 iydfaar‘oéjpouat.

569 5495 802 5560 Quibus
834 5492 994 5566 favet
1039 5490 1214 5555 alius,
1268 5491 1327 5546 in
1353 5507 1476 5566 quo
1522 5491 1739 5566 legitur
1779 5488 2218 5566 ἐνδιατρίϐουσιν.

640 5565 753 5638 (75)
788 5563 1443 5638 φιλοπραγμοσύνηςχδίο
1475 5563 1744 5638 quinque
1795 5563 2033 5618 codices
2069 5582 2217 5638 mss.

553 5633 722 5694 ,Ed‘iti
755 5633 1292 5710 πολυπραγμοσύνης.
1322 5637 1452 5693 Mox
1483 5633 1626 5690 éditi
1646 5633 1826 5710 ’épwrzi
1839 5654 2012 5707 σομεν.
2051 5637 2220 5695 Pleri-

2335 4864 2454 4921 que
2494 4847 2734 4921 codices
2765 4864 2912 4904 mss.
2947 4849 3100 4904 utin
3132 4851 3437 4921 contextu.

2407 4922 2523 4990 (76)
2563 4927 2674 4974 Των
2707 4919 3010 4994 ἀνθρώπων.
3035 4920 3285 4976 Codices
3310 4920 3583 4993 quinque
3608 4938 3708 4994 των
3739 4913 3921 4994 ἀνθρω-

2334 4986 2512 5061 πίνων,
2549 5009 2624 5049 ex
2654 4986 2856 5049 rerum
2908 4994 3312 5048 humanarum
3331 4986 3602 5047 "notione.
3644 4993 3716 5043 At
3758 4986 3925 5062 longe

2335 5065 2533 5136 potior
2579 5070 2669 5120 est
2717 5065 2963 5134 vulgata
2993 5065 3312 5136 Scriptura.
3349 5063 3724 5136 Propositum
3773 5066 3921 5111 enim

2335 5132 2426 5190 est
2481 5136 2715 5205 Basilio,
2745 5132 2883 5191 cum
2917 5142 3096 5192 antea
3121 5132 3495 5207 'probayei'i't
3521 5132 3756 5207 __Fili_u_m
3782 5137 3923 5207 .DOID

2335 5223 2466 5262 esse
2499 5201 2770 5279 tempore
2820 5201 3236 5278 posteriorem,
3288 5201 3708 5279 nuncqaliquid
3747 5201 3920 5265 sigm-

2331 5277 2904 5352 ﬁcantiusaddere,
2939 5279 3415 5352 eumqueliquet
3463 5277 3525 5352 in
3581 5277 3692 5330 hoc
3759 5280 3920 5352 {11:89

2333 5357 2537 5406 mento
2565 5351 2812 5415 versari,
2849 5337 2910 5406 ut
2943 5337 3150 5406 Filiufn
3184 5367 3258 5405 ne
3285 5337 3645 5418 cogitatione
3685 5337 3918 5418 quidem

2331 5425 2501 5495 Patre
2528 5423 2920 5495 posteriorem
2949 5423 3066 5478 dici
3089 5439 3268 5495 posse
3299 5415 3699 5495 demonstret.
3723 5415 3914 5495 Statim

2331 5494 2475 5549 editi
2510 5493 2870 5558 σωθεὶλήλους,
2906 5492 3146 5550 codices
3174 5509 3388 5550 omnes
3417 5508 3560 5548 mss.
3593 5493 3656 5544 ut
3687 5492 3745 5540 in
3781 5492 3912 5536 con-

2333 5571 2519 5622 textu.

2404 5640 2516 5711 (77)
2533 5645 2644 5692 Τῶν
2674 5634 3050 5712 Σοδομιτικων.
3074 5640 3211 5694 Tres
3231 5636 3470 5693 codices
3491 5651 3588 5687 των
3609 5624 3903 5699 Σοδομιτων.
