4154 6436
565 246 628 305 οι
1932 253 1988 309 s.
2032 251 2278 308 BASILII
2315 255 2555 310 HAGNI.
3791 325 3799 334 ,
3874 261 3941 314 92

566 377 859 431 asserant.
893 375 1133 432 Discant
1158 376 1336 447 igitur
1366 377 1533 451 quod
1565 377 1834 434 Christus
1863 379 1956 432 est
1985 376 2086 432 Dei
2111 376 2206 431 vir-

2331 381 2450 438 τοὺς
2501 381 2560 432 τὸ
2615 387 2710 440 τῆς
2770 379 2918 442 ἀξίας
2976 375 3193 441 ύποδεὲς
3246 376 3340 432 διὰ
3395 388 3485 442 τῆς
3543 389 3721 453 φωνῆς
3751 385 3944 446 ταύτης

567 468 688 532 tus,
724 469 781 520 et
812 464 910 520 Dei
933 465 1227 538 sapientia
1249 468 1318 536 ³⁸,
1347 475 1406 522 et
1439 467 1642 537 imago
1686 467 1783 522 Dei
1811 466 2121 522 invisibilis
2147 468 2207 532 ’9,

2333 464 2628 524 δηλοῦσθαί
2678 469 2862 541 λέγειν.
2921 471 3332 522 Μανθανέτωσαν
3363 475 3558 535 τοίνυν,
3595 472 3680 522 ὅτι
3712 477 3944 544 Χριστος

567 558 625 612 et
652 554 940 627 splendor
975 557 1081 626 12
1113 556 1315 628 gloriae
1339 558 1404 626 ³ο,
1435 557 1724 630 quodque
1755 557 1916 612 hunc
1941 560 2108 613 Pater
2145 555 2207 611 si-

2333 566 2466 610 Θεοῦ
2511 556 2752 632 δύναμιςε
2795 565 2884 611 καὶ
2943 567 3074 612 Θεοῦ
3127 563 3302 631 σοφία,
3356 565 3445 611 καὶ
3493 562 3578 612 ὅτι
3630 559 3781 612 εἰκὼν
3812 569 3941 615 Θεοῦ

571 645 777 715 gnavit
829 647 999 715 Deus,
1046 662 1231 718 seque
1279 651 1473 703 totum
1527 648 1587 702 in
1637 662 1708 703 eo
1741 648 2054 719 expressit.
2090 650 2211 702 Haec

2333 655 2423 698 τοῦ
2477 647 2720 721 ἀοράτου,
2780 654 2870 701 καὶ
2929 651 3261 722 ἀπαύγασμα
3321 657 3418 711 τῆς
3483 647 3676 718 δόξης,
3747 656 3838 704 καὶ
3865 654 3941 704 ὅτι

568 735 746 805 igitur
775 740 831 790 et
859 751 1239 809 quaecunque
1252 737 1345 792 his
1359 736 1578 793 similia
1592 742 1730 793 sunt
1747 753 1852 808 per
1874 737 2208 792 universali:

2333 744 2512 790 τοῦτον
2539 741 2563 790 6
2595 745 2774 814 Πατὴρ
2803 738 3113 813 ἐσφράγισεν
3153 741 3178 790 6
3209 741 3347 806 Θεὸς,
3381 738 3493 791 ὅλον
3556 741 3704 810 αύτῲ
3765 741 3941 794 ἑαυτὸν

573 825 939 897 Scripturam
971 827 1334 890 testimonia,
1371 832 1570 883 utrum
1583 827 1854 883 dicemus
1869 827 2213 883 humilitatis

2335 826 2653 890 ἐντυπώσας.
2687 832 2885 890 Ταύτας
2914 834 3106 898 τοίνυν,
3147 833 3237 881 καὶ
3295 830 3418 881 ὅσαι
3473 832 3698 891 ταύταις
3752 851 3941 903 συγγι-

570 914 794 970 habere
816 915 1344 987 signiﬁcationem,
1368 933 1446 972 an
1473 933 1583 973 ceu
1613 916 1918 988 praeconia
1939 916 2210 990 quaedam:

2333 923 2430 978 νείς
2478 921 2612 970 κατά
2658 921 2830 970 πᾶσάν
2881 919 2985 971 εἰσι
3033 923 3126 977 τὴν
3176 924 3384 993 Γραφὴν
3435 926 3752 994 μαρτυρίαι,
3793 926 3942 974 πότε-

574 1003 869 1073 Unigeniti
899 1005 1302 1074 majestatem,
1337 1009 1394 1061 et
1418 1005 1718 1078 aequalem
1744 1022 1884 1060 cum
1907 1006 2078 1060 Patre
2100 1005 2214 1075 glo-

2334 1025 2422 1081 ρον
2474 1027 2848 1069 ταπεινωτικας
2901 1007 3031 1061 εἰναί
3082 1027 3242 1080 φαμεν
3301 1009 3413 1079 (83)
3473 1010 3501 1067 ᾗ
3578 1011 3758 1084 ὥσπερ
3806 1014 3943 1074 τινάς

571 1093 725 1150 riam
753 1094 1095 1150 ebuccinari
1124 1096 1430 1152 .’Audiant
1458 1097 1711 1169 insuper
1753 1101 1811 1152 et
1863 1097 2066 1168 ipsum
2120 1099 2211 1152 Do.

2338 1094 2668 1170 ἀναρρήσεις,
2727 1100 2784 1148 τό
2835 1097 3216 1170 μεγαλοπρεπὲς
3280 1105 3371 1149 τοῦ
3446 1105 3798 1170 Μονογενοῦς,
3859 1106 3944 1154 καὶ

570 1184 806 1240 minum
833 1184 1038 1256 palam
1071 1201 1245 1241 suam
1278 1185 1534 1255 gloriam
1563 1203 1699 1241 cum
1733 1189 1898 1242 Patre
1927 1185 2210 1258 aequalem:

2336 1188 2394 1237 τό
2425 1191 2555 1258 πρὸς
2596 1191 2683 1238 τόν
2731 1192 2933 1261 Πατέρα
2987 1190 3100 1239 ἴσον
3145 1195 3237 1250 τῆς
3296 1183 3456 1250 δόξης
3514 1187 3891 1262 ἀνακηρύττειν
3931 1209 3942 1257 ;

573 1280 942 1331 asserentem
993 1292 1132 1331 cum
1182 1275 1442 1343 aitzgui
1503 1278 1664 1333 videt
1713 1292 1824 1341 me,
1856 1277 2012 1333 videt
2039 1279 2093 1331 et
2123 1279 2213 1332 Pa'

2340 1275 2692 1330 Ἀκουέτωσαν
2725 1273 2783 1328 δὲ
2821 1283 2910 1328 καὶ
2937 1277 3096 1329 αὑτοῦ
3139 1284 3231 1329 τοῦ
3267 1281 3460 1352 Κυρίου
3524 1287 3710 1350 σαφῶς
3766 1280 3945 1352 ὁμότι-

573 1364 775 1420 trem31
823 1370 904 1420 Ac
947 1381 1237 1421 rursum:
1273 1365 1421 1422 Cum
1475 1367 1699 1423 venerit
1757 1367 1956 1422 Filius
2007 1374 2067 1422 in
2095 1369 2213 1438 glo-

2337 1384 2431 1437 μον
2481 1365 2664 1417 ἑαυτοῦ
2713 1370 2806 1423 την
2865 1363 3023 1429 δόξαν
3067 1374 3139 1436 τῷ
3173 1371 3339 1440 Πατρί
3369 1375 3761 1439 παριστῶντος,
3802 1368 3850 1421 ἐν
3879 1377 3945 1440 τῷ

571 1454 668 1509 ria
697 1454 963 1510 Patris”
991 1473 1004 1510 :
1035 1461 1090 1511 et
1119 1473 1132 1522 ;
1163 1456 1235 1511 Ut
1263 1456 1656 1524 honoriﬁcent
1677 1451 1929 1527 Filium,
1949 1456 2207 1528 quemad

2336 1454 2517 1526 λέγειν’
2571 1455 2628 1506 Ὀ
2687 1456 2925 1531 ἑωρακὼς
2983 1454 3069 1528 ἐμὲ
3126 1455 3318 1530 ἑώρακε
3382 1461 3468 1508 τόν
3543 1462 3775 1533 Πατέρα·
3862 1465 3945 1511 καὶ

573 1543 814 1600 modum
839 1543 1238 1613 honoriﬁcam
1269 1545 1514 1602 Patrem
1538 1547 1607 1601 ³³.
1639 1547 1782 1601 Item
1834 1546 1979 1601 illud
2014 1563 2026 1601 :
2072 1547 2213 1602 Vidi

2337 1545 2510 1597 πάλιν·
2584 1545 2744 1598 Ὀταν
2805 1546 2925 1619 ἢθη
2995 1549 3020 1599 6
3084 1550 3202 1609 Υἱὸς
3258 1545 3306 1598 έν
3374 1555 3436 1620 τῇ
3509 1543 3642 1621 δόξῃ
3715 1556 3808 1602 τοῦ
3841 1556 3943 1602 Πα-

571 1648 703 1688 mus
731 1635 992 1704 gloriam
1024 1637 1172 1704 ejus,
1205 1636 1464 1704 gloriam
1497 1643 1787 1707 tanquam
1844 1636 2152 1706 Unigeniti
2192 1653 2211 1692 ι

2336 1639 2471 1709 τρὸςο
2535 1641 2625 1688 καὶ
2691 1641 2769 1705 τό,
2830 1635 2941 1690 Ἰνα
3005 1644 3200 1708 τιμῶσι
3265 1641 3351 1688 τόν
3415 1639 3557 1702 Υἰόν,
3635 1640 3809 1699 καθὼς
3870 1659 3942 1691 τι-

571 1723 757 1780 Patre
777 1724 846 1781 3‘.
872 1727 1094 1779 Rursus
1126 1741 1138 1778 :
1173 1725 1525 1795 Unigenitus
1556 1726 1731 1790 Deus,
1760 1727 1864 1796 qui
1890 1733 1973 1782 est
2000 1728 2061 1781 in
2093 1727 2211 1782 sim.

2339 1733 2482 1798 μῶσι
2533 1730 2619 1778 τόν
2679 1731 2904 1800 Πατέρα·
2964 1731 3054 1778 καὶ
3100 1730 3176 1792 τό,
3241 1727 3607 1799 Ἐθεασάμεθα
3661 1732 3759 1786 τὴν
3791 1724 3941 1790 δόξαν

578 1814 788 1870 Patris
817 1814 882 1868 ³⁵.
915 1817 1141 1869 Horum
1191 1815 1340 1870 dum
1396 1815 1488 1870 isti
1519 1814 1667 1870 nihil
1710 1815 2115 1885 considerant,
2145 1815 2218 1872 lo-

2340 1815 2522 1882 αὑτοῦ,
2595 1811 2751 1878 δόξαν
2813 1821 2876 1876 ὡς
2942 1823 3258 1887 Μονογενοῡς
3318 1819 3462 1890 παρά
3550 1821 3772 1890 Πατρός·
3859 1823 3941 1870 καὶ

573 1918 713 1958 cum
764 1903 1042 1960 hostibus
1083 1903 1451 1960 destinatum
1501 1903 1834 1961 attribuunt
1875 1905 2036 1962 Filio.
2078 1909 2213 1962 Nar:

2339 1909 2415 1970 1'6,
2475 1905 2532 1957 Ὀ
2589 1909 2870 1977 μονογενὴς
2928 1910 3050 1969 Θεὸς
3107 1907 3236 1976 (84),
3297 1907 3322 1956 6
3371 1907 3438 1957 ῶν
3494 1908 3571 1969 εἰς
3617 1911 3705 1958 τόν
3761 1907 3942 1960 κόλπον

573 1993 740 2048 sinus
764 1997 1052 2067 paternus
1079 1994 1251 2049 sedes
1282 1998 1370 2050 est
1395 1993 1580 2064 digna
1604 1994 1742 2050 Filio
1769 2013 1782 2062 ;
1813 1995 2055 2051 scabelli
2091 2011 2213 2052 verc

2337 2003 2429 2048 τοῦ
2477 1999 2699 2070 Πατρός.
2775 1995 2871 2048 Ὧν
2926 1991 3094 2068 μηδὲν
3147 1994 3615 2069 ὑπολογισάμενοι,
3683 2001 3778 2056 τὴν
3841 2005 3943 2059 τοῖς

572 2082 742 2140 locus
768 2084 838 2139 iis
878 2085 1176 2155 convenit,
1210 2084 1434 2157 quibus
1487 2100 1642 2157 opus
1693 2091 1781 2141 est
1834 2085 2207 2157 subjectione

2339 2085 2552 2158 ἐχθροῖς
2619 2084 2980 2159 ἀφωρισμένην
3025 2091 3227 2161 χώραν
3265 2087 3622 2160 προστιθέασι
3696 2095 3768 2157 τῷ
3847 2089 3942 2156 Υἰῷ

572 2177 689 2232 Nos
731 2175 911 2246 igitur
958 2175 1034 2232 ad
1080 2175 1198 2232 alia
1244 2181 1663 2248 properantes.
1695 2176 1886 2232 obiter
1935 2177 1993 2232 in
2039 2182 2207 2233 trans

2345 2175 2542 2237 Κόλπος
2590 2179 2679 2248 μὶν
2722 2178 2823 2250 γὰρ
2877 2180 3134 2249 πατρικὸς
3201 2178 3304 2246 Υἰῷ
3353 2173 3594 2251 καθέδρα
3653 2181 3937 2250 πρέπουσα·

575 2281 756 2321 cursu
781 2266 1125 2322 testimonia
1155 2266 1465 2336 attigimus
1493 2283 1504 2330 ;
1536 2266 1641 2321 tibi
1669 2282 1812 2321 vero
1834 2283 1942 2338 per
1964 2267 2215 2322 otiumli'

2340 2267 2370 2323 ἡ
2408 2263 2466 2318 δὲ
2496 2273 2587 2316 τοῦ
2616 2262 2909 2316 ὑποποδίου
2937 2271 3094 2339 χώρα
3141 2272 3251 2327 τοῖς
3309 2262 3674 2338 έπιδεομένοις
3713 2268 3826 2337 (85)
3857 2275 3942 2326 τῆς

577 2359 688 2424 cet,
706 2354 966 2411 collectis
999 2355 1482 2426 probationibus,
1516 2355 1719 2425 gloria:
1775 2355 2217 2424 sublimitatem

2341 2357 2711 2416 ύποπτώσιως.
2780 2355 2955 2427 Ἰῐμεῖς
3015 2357 3105 2428 μεν
3163 2351 3271 2421 οὖν,
3341 2353 3415 2427 ἐφ’
3480 2358 3634 2430 ἔτερα
3663 2361 3758 2414 τὴν
3793 2358 3940 2429 ὁρμήν

576 2461 647 2502 ac
679 2445 914 2501 virtutis
939 2445 1333 2501 eminentiam
1365 2445 1426 2501 in
1455 2446 1595 2502 Filio
1622 2446 1980 2518 perspicere.
2035 2447 2216 2512 Quan‘

2343 2447 2570 2516 ἔχοντες,
2603 2448 3039 2518 παρατρεχόντως
3081 2451 3181 2496 τῶν
3247 2452 3554 2517 μαρτυριῶν
3622 2443 3939 2518 ἐφηψάμεθα·

577 2552 763 2609 quam
797 2551 872 2592 ne
902 2536 1032 2591 haec
1059 2535 1306 2608 quidem
1338 2535 1598 2592 auditori
1625 2553 1800 2608 ecquo
1831 2552 2021 2608 parva
2064 2530 2217 2592 vide-

2344 2535 2512 2597 ἔξεστι
2560 2531 2618 2587 δὲ
2668 2555 2752 2586 σοι
2800 2536 2935 2586 κατά
3001 2533 3224 2605 σχολὴν,
3277 2540 3636 2606 συναγαγόντι
3695 2538 3785 2596 τάς
3830 2534 3940 2587 ἀπο-

575 2625 820 2692 buntur,
849 2626 965 2681 nisi
991 2625 1125 2696 quis
1146 2625 1464 2681 carnaliter
1491 2631 1548 2681 et
1567 2625 1798 2696 abjecte
1823 2625 2215 2697 intelligatha:

2346 2624 2553 2691 δείξεις,
2616 2630 2674 2677 τό
2743 2631 2832 2686 τῆς
2899 2621 3061 2688 δόξης
3126 2624 3257 2696 ὕψος
3315 2630 3404 2678 καὶ
3462 2630 3525 2678 τό
3549 2633 3647 2687 τῆς
3691 2623 3941 2697 δυνάμεως

575 2731 775 2786 voces,
823 2716 1108 2772 dextrum
1139 2719 1196 2771 et
1237 2716 1472 2771 sinum:
1509 2720 1571 2770 ut
1609 2716 1743 2771 loco
1782 2715 2212 2772 circumscriba

2345 2718 2599 2790 ὑπερέχον
2631 2723 2720 2767 τοῦ
2759 2721 3077 2785 Μονογενοῡς
3126 2710 3385 2772 κατιδεῖν.
3433 2719 3626 2767 Καίτοι
3677 2715 3940 2787 εὐγνώμονι

576 2806 788 2875 Deum,
806 2805 1116 2876 ﬁngatque
1137 2804 1396 2874 ﬁguram
1417 2821 1486 2860 ac
1511 2804 1770 2860 formam
1790 2805 2093 2876 situmque
2114 2821 2216 2860 cor

2347 2806 2574 2882 ἀκροατῇ
2609 2803 2732 2858 οὐδὲ
2789 2812 2954 2858 ταῦτα
2998 2807 3182 2880 μικράο
3216 2804 3260 2856 εἰ
3297 2810 3365 2876 μή
3413 2823 3497 2867 τις
3549 2814 3811 2880 σαρκικῶς
3864 2808 3941 2855 καὶ

577 2894 852 2968 poralem
887 2911 1052 2967 :quae
1078 2894 1154 2950 ab
1187 2894 1578 2965 intelligentia
1605 2895 1687 2950 rei
1720 2895 2010 2966 simplicis
2039 2899 2096 2950 et
2123 2895 2217 2950 im'

2344 2905 2596 2958 ταπεινῶς
2643 2895 2884 2958 ἐξακούοι
2935 2901 3025 2946 τοῦ
3081 2890 3256 2957 δεξιοῦ
3303 2898 3394 2945 καὶ
3441 2902 3536 2946 τοῦ
3575 2894 3941 2963 κόλπον,ὧστε

578 3000 804 3040 mensae
836 3000 904 3039 ac
932 2985 1302 3056 incorporeas
1332 2985 1512 3054 longe
1537 2989 1770 3040 semota
1794 2989 1954 3047 sunt,
1989 2988 2218 3056 praeter-

2344 2991 2485 3057 τόπῳ
2569 2991 2623 3038 τε
2704 2990 2787 3036 τόν
2859 2987 2987 3036 Θεὸν
3039 2985 3395 3056 περιγράφειν,
3457 2988 3549 3035 καὶ
3616 2983 3939 3036 ἀναπλάττειν

577 3089 763 3146 quam
793 3074 960 3147 quod
987 3074 1144 3129 illius
1175 3075 1458 3144 cogitatio
1489 3073 1998 3147 humilis,pariter
2044 3073 2105 3128 in
2135 3077 2212 3129 Pa

2299 3083 2559 3148 ισχῆμα,
2630 3079 2718 3126 καὶ
2785 3075 2964 3139 τύπον,
3028 3077 3118 3124 καί
3186 3075 3326 3125 θέσιν
3367 3079 3701 3145 σωματικήν,
3752 3072 3939 3146 ἅπαρὰ

578 3169 730 3220 trem
761 3163 917 3219 cadit
943 3169 1124 3236 atque
1153 3166 1213 3219 in
1239 3164 1469 3220 Filium.
1506 3165 1700 3228 Quare
1725 3179 1845 3219 non
1868 3163 2072 3234 dejicit
2108 3162 2214 3218 Fili

2346 3165 2475 3218 πολὺ
2530 3171 2624 3224 τῆς
2681 3161 2870 3222 ἐννοίας
2916 3169 3005 3214 τοῦ
3070 3159 3232 3214 ἀπλού
3281 3167 3370 3214 καὶ
3419 3161 3640 3237 ἀπείρου
3680 3166 3768 3214 καὶ
3808 3160 3937 3213 ἀσω-

579 3253 935 3323 dignitatem
949 3255 1072 3317 ,sed
1091 3253 1368 3325 adjungit
1381 3254 1776 3324 blasphemiae
1791 3253 2017 3308 crimen
2031 3253 2216 3310 adver

2347 3255 2512 3327 μάτου
2569 3249 2872 3327 διώρισταιι
2940 3249 3072 3308 πλὴν
3137 3269 3194 3320 γε
3251 3247 3336 3321 δὴ,
3395 3252 3476 3302 ὃτι
3532 3257 3590 3304 τό
3631 3259 3727 3313 τῆς
3765 3249 3941 3308 ἐννοίας

579 3359 683 3398 sus
705 3345 891 3398 Deum
915 3343 1189 3415 quisquis
1211 3342 1631 3398 talia-disserit.
1655 3345 2045 3414 Quaecunque
2075 3341 2219 3398 enin

2351 3342 2508 3394 αὐτοῦ
2539 3346 2776 3395 ταπεινόν
2804 3339 2887 3393 ἐπί
2915 3359 2969 3392 τε
3010 3344 3210 3414 Πατρός
3258 3344 3348 3392 καὶ
3386 3342 3517 3393 Υἰοῦ
3565 3339 3939 3415 παραπλήσιον.

580 3449 768 3489 ausus
792 3433 971 3487 fuerit
994 3448 1270 3488 evomere
1301 3434 1360 3488 in
1395 3433 1625 3499 Filium,
1653 3449 1903 3489 necesse
1935 3439 2022 3488 est
2053 3437 2115 3488 ut
2144 3448 2220 3488 ea

2346 3431 2508 3485 Ὥστε
2555 3431 2613 3484 ού
2666 3433 2909 3504 καθαιρεῖ
2943 3436 3032 3482 τοῦ
3090 3437 3212 3482 Υιοῦ
3261 3433 3355 3486 τὴν
3420 3427 3597 3497 ἀξίαν,
3638 3429 3765 3482 ἀλλά
3787 3445 3941 3501 προσ-

580 3523 719 3578 dem
750 3523 1072 3579 transferat
1091 3523 1152 3578 in
1186 3527 1437 3579 Patrem.
1470 3527 1617 3580 Nam
1663 3525 1768 3596 qui
1791 3524 1942 3580 Patri
1971 3524 2220 3596 superior

2348 3522 2598 3596 λαμϐάνει
2638 3525 2695 3574 τό
2751 3525 2917 3594 κρίμα
2972 3527 3066 3581 τῆς
3124 3518 3194 3580 εἰς
3252 3523 3337 3571 τόν
3384 3523 3518 3571 Θεόν
3549 3515 3940 3592 βλασφημίαςό

577 3628 706 3668 rem
736 3611 936 3668 locum
962 3613 1040 3669 ad
1079 3613 1531 3686 praeside-udum
1563 3613 1788 3681 tribuit,
1822 3630 1891 3670 ac
1920 3613 2127 3670 Filium
2159 3613 2217 3668 di

2350 3615 2416 3665 τὰ
2440 3619 2664 3664 τοιαῦτα
2695 3607 2920 3672 διεξιών.
2959 3609 3036 3662 Ἐν
3067 3609 3144 3670 οἷς
3177 3609 3277 3682 γάρ
3310 3607 3370 3658 ἂν
3433 3609 3808 3682 κατατολμὴση
3861 3610 3940 3657 τοῦ

577 3701 656 3758 cit
683 3701 1004 3758 humiliore
1033 3702 1165 3758 loco
1194 3703 1424 3774 sedere,
1450 3703 1498 3757 is
1519 3719 1902 3776 quaecunque
1933 3702 2217 3775 corporei:

2351 3702 2497 3768 Υἰοῡ,
2552 3707 2719 3753 ταῦτα
2763 3698 2960 3770 ἀνάγκη
3013 3697 3154 3767 αύτῷ
3201 3699 3539 3770 μετατιθέναι
3582 3703 3708 3773 πρός
3748 3700 3830 3749 τόν
3851 3701 3940 3747 Πα-

577 3791 877 3862 accidunt,
897 3809 968 3848 ea
988 3794 1195 3849 omnia
1214 3793 1531 3849 habiturus
1556 3798 1649 3848 est
1679 3809 1858 3848 suum
1883 3793 2217 3864 ﬁgmentum

2351 3797 2492 3866 τέρα.
2516 3791 2573 3842 '0
2603 3793 2704 3865 γὰρ
2735 3798 2804 3859 τῷ
2839 3792 3009 3862 Πατρί
3051 3791 3144 3846 την
3175 3788 3279 3839 ἅνω
3322 3791 3512 3862 χώραν
3563 3787 3635 3850 εἰς
3679 3781 3941 3858 προεδρίαν

579 3882 1030 3953 consequentia.
1058 3882 1226 3948 Quod
1247 3883 1294 3938 si
1319 3882 1923 3953 istaaimaginationes
1947 3885 2085 3937 sunt
2100 3881 2219 3937 vini

2354 3877 2494 3934 ἀποδ
2500 3876 2554 3932 ιδ
2559 3884 2662 3944 οὺς,
2690 3885 2777 3930 τὸν
2809 3873 2868 3930 δὲ
2897 3884 3143 3949 μονογενῆ
3173 3878 3290 3928 Υἰόν
3342 3877 3722 3936 ὑποκαθῆσθαι
3779 3873 3943 3942 λέγων,

578 3969 986 4037 delirantium,
1018 3987 1087 4026 ac
1113 3988 1222 4044 per
1249 3971 1649 4043 phrenitidem
1679 3978 1878 4028 mente
1913 3975 2218 4028 commoto

2351 3973 2523 4024 πάντα
2575 3968 2964 4021 ἀκολουθουντα
3027 3966 3128 4028 ἕξει
3184 3968 3250 4017 τά
3283 3969 3566 4037 σωματικὰ
3595 3968 3945 4038 συμπτώματα

577 4075 715 4115 rum
742 4061 1092 4131 ;qi10modo
1111 4061 1279 4132 pium
1297 4062 1474 4117 fuerit
1491 4078 1652 4123 eum,
1677 4063 1776 4134 qui
1803 4061 2217 4132 natura.glori:

2353 4069 2424 4132 τῷ
2483 4059 2668 4112 ἑαυτοῦ
2740 4057 3082 4128 ἀναπλασμῷ.
3164 4054 3223 4108 Εἰ
3276 4051 3335 4107 δε
3394 4063 3568 4108 ταῦτα
3609 4051 3943 4110 οἰνοπληκτων

579 4149 988 4222 dignitateque
1023 4153 1384 4221 coniunctus
1413 4157 1522 4216 est,
1555 4167 1679 4207 non
1705 4151 1884 4207 simul
1907 4168 2046 4206 cum
2069 4151 2219 4206 Patri

2353 4155 2442 4203 καὶ
2505 4148 2558 4201 ἐκ
2614 4144 2904 4222 φρενίτιδος
2973 4149 3288 4220 παραφόρων
3355 4149 3442 4197 τόν
3503 4165 3623 4198 νουν
3662 4142 3729 4195 τά
3767 4139 3943 4214 φαντά-

580 4239 821 4297 adorari
857 4245 914 4295 et
942 4241 1260 4308 gloriﬁcari
1284 4241 1360 4297 ab
1382 4242 1474 4297 his
1496 4242 1601 4314 qui
1619 4241 1697 4296 ab
1719 4241 1850 4313 ipso
1870 4241 2215 4296 edoctisunt

2356 4260 2549 4313 σματα,
2618 4247 2728 4300 πῶς
2791 4235 3016 4301 εὐσεϐὲς,
3083 4239 3169 4288 τόν
3239 4242 3302 4310 τῇ
3378 4239 3548 4304 φύσει,
3601 4242 3662 4307 τῇ
3699 4229 3845 4302 δόξῃ,
3883 4233 3943 4293 τῷ

580 4346 723 4386 eum
754 4330 858 4402 qui
888 4346 1011 4386 non
1041 4331 1402 4387 honorificat
1446 4331 1656 4386 Filium
1688 4347 1809 4387 non
1842 4330 2220 4387 honorificam

2302 4329 2614 4422 ,ἀξιώματι
2683 4330 3006 4399 συνημμένον
3074 4328 3144 4397 μὴ
3179 4326 3310 4396 μετὰ
3377 4328 3577 4399 Πατρός
3656 4321 3942 4394 προσκυνεῖν

581 4424 816 4477 Patrem
842 4422 889 4456 ³⁵
912 4421 939 4476 ?
965 4421 1117 4486 Quid
1140 4437 1319 4494 porro
1342 4422 1614 4478 dicemus
1641 4423 1670 4478 ?
1690 4422 1836 4495 quid
1861 4422 2042 4492 justze
2066 4437 2216 4476 excu

2303 4403 2318 4422 ’
2353 4424 2443 4472 καὶ
2506 4415 2746 4481 δοξάζειν
2812 4420 2933 4477 τοὺς
2999 4415 3125 4490 παρ’
3178 4413 3338 4466 αύτου
3380 4410 3759 4486 διδαχθέντας,
3791 4403 3943 4460 ὃτιὈ

673 4567 721 4601 ³⁸
761 4568 937 4623 ICor.
965 4583 1000 4632 ι,
1033 4569 1121 4620 24.
1197 4568 1242 4601 ²⁹
1273 4565 1499 4622 Coloss.
1533 4583 1570 4632 ι,
1609 4571 1694 4623 45.
1772 4567 1819 4601 ³ο
1852 4565 2025 4622 Hebr.
2066 4582 2103 4629 ι,
2138 4569 2190 4622 3.
2269 4565 2313 4600 ³¹

2300 4566 2314 4600 ¹
2359 4566 2533 4620 Joan.
2565 4577 2682 4629 xw,
2712 4561 2764 4614 9.
2853 4560 2901 4596 ³³
2930 4562 3100 4616 Marc.
3133 4575 3248 4622 vui,
3283 4561 3370 4614 38.
3449 4558 3499 4594 ³³
3545 4559 3718 4614 Joan.
3763 4567 3821 4618 τ,
3858 4550 3939 4602 23-

581 4640 629 4675 3‘
651 4641 825 4696 Joan.
855 4654 892 4706 ι,
931 4641 1016 4693 ili.
1096 4637 1143 4672 ³⁵
1175 4637 1321 4693 ibid.
1350 4641 1434 4693 18.
1507 4638 1554 4674 ³6
1581 4638 1756 4694 Joan.
1792 4655 1845 4709 v,
1877 4642 1965 4694 23.

583 4781 792 4837 dicant
821 4781 1180 4853 signiﬁcari.
1209 4779 1386 4835 Addit
1415 4780 1506 4834 vir
1534 4778 1836 4834 eruditus:
1875 4779 2021 4853 Quae
2047 4781 2237 4847 plana
2347 4764 3935 4853 retia,nequeordivie_:den_iq_ue066‘:e65tu_,neediaaitq£f;

582 4853 806 4909 Basilii
825 4841 1051 4920 littera,
1083 4852 1445 4908 abhorrente
1471 4867 1718 4919 prorsus
1746 4841 1907 4921 quod
1925 4841 2099 4906 editis
2131 4854 2236 4905 est.
2349 4841 2810 4921 accommodate
2835 4846 2911 4900 ad
2929 4841 3260 4921 institutam
3279 4859 3314 4898 a
3331 4843 3548 4898 Basilio
3571 4841 3933 4895 divisionem.

585 4924 700 4981 Sed
729 4915 1135 4996 praeterquam
1155 4924 1320 4996 quod
1341 4915 1588 4996 Basilius
1616 4915 1992 4996 adversarios
2014 4937 2242 4996 nequa:
2422 4919 2535 4996 (83)
2557 4923 2748 4996 φαμέν.
2787 4920 2914 4996 Duo
2942 4915 3183 4996 codices
3212 4931 3356 4996 mss.
3384 4923 3583 4996 (petiich

583 4985 771 5068 quam
802 4985 1032 5050 inducit
1060 4995 1135 5050 de
1164 4985 1289 5050 Filii
1320 4994 1663 5068 mqiialitate
1695 4994 2068 5068 conﬁtentes,
2113 4985 2223 5068 'sec'

2370 4985 2535 5068 __(84)
2557 4991 2612 5042 Ὀ
2638 4985 2919 5068 μονογενὴς
2941 4993 3084 5068 βιός.
3121 4989 3268 5068 Haec
3288 4985 3528 5068 desunt
3569 4985 3629 5038 in
3651 4992 3801 5068 “11,93
3819 5047 3832 5068 Σ

597 5050 785 5122 "otius
819 5082 955 5122 eam
984 5072 1275 5137 negantes
1301 5050 1693 5131 reféllit;certe
1710 5066 1966 5134 diligens
1990 5050 2243 5120 Combe-
2351 5050 2482 5119 dice
2507 5050 2648 5128 ms,
2669 5050 2855 5116 sctl'in
2883 5060 3153 5132 quinque
3175 5057 3307 5113 aliis
3328 5057 3627 5126 leguntur.
3651 5050 3794 5107 Editi
3813 5050 3836 5096 ὁ
3853 5061 3934 5116 μοί

583 5083 754 5194 Εεὶυε
785 5139 846 5194 in
870 5138 1128 5194 legendo
1160 5137 1368 5193 codice
1389 5154 1572 5194 quem
1596 5138 1902 5192 citat.Non
1921 5136 2079 5192 enim
2105 5136 2244 5194 legi-
2351 5139 2560 5194 νονενὴς
2603 5135 2719 5192 Υἱός
2769 5138 2978 5187 contra
3034 5136 3302 5184 veterum
3357 5129 3637 5184 codicum
3666 5121 3842 5178 ﬁdem
3889 5114 3934 5194 (af

605 5137 754 5193 isius
785 5139 846 5194 in
870 5114 1128 5208 legendao
1160 5137 1368 5208 codice
1389 5114 1572 5208 quem
1596 5138 1756 5192 citat.
1778 5114 1902 5208 Νἷῑι
1921 5136 2079 5192 enim
2105 5136 2244 5208 legif
2351 5139 2560 5208 νογενὴς
2585 5114 2978 5208 ίῖίὶοςηοοῑιῖτᾳ
3034 5114 3302 5208 veterum
3357 5114 3637 5208 codicum
3660 5121 3842 5208 ‘ﬁdeﬁl
3889 5114 3938 5208 δέ

586 5216 682 5266 tur
737 5211 798 5265 in
847 5185 1120 5278 maargine
1170 5207 1293 5261 οὐδὲ
1338 5185 1506 5282 ἀξῖᾳς,
1566 5209 1672 5264 sed
1715 5206 1857 5262 ούδε·
1887 5208 2027 5282 ἀξίᾳ.
2071 5185 2226 5272 Ουὲ(

2351 5185 3376 5282 ipsiusitiasilii;_—testimonium,qui
3414 5185 3934 5282 declarat.3313-“:8

585 5281 834 5354 quidem
847 5269 1142 5337 scho‘lium
1161 5282 1238 5336 ad
1258 5269 1449 5354 Basilii
1466 5269 1824 5335 sententiam
1849 5269 2242 5354 indicamlain
2354 5269 2538 5354 hujus
2562 5276 2716 5345 libri,
2745 5274 3054 5354 _(_3hristum
3076 5289 3112 5354 _a
3139 5269 3442 5354 Scriptura
3467 5269 3937 5354 vocarifuullgflil‘:

587 5332 1238 5425 Sﬁbb's'iidEéEiJ—nciﬁ
1255 5332 1361 5425 ad:
1374 5332 2240 5425 Eadiégidiﬁﬁiéﬁaahdutri.
2356 5332 2482 5425 tum
2505 5340 2712 5425 Deum:
2745 5345 2908 5425 [inde
2929 5351 3092 5425 patet
3111 5332 3358 5425 cum‘sic
3378 5337 3696 5425 legisseuti

588 5399 1142 5495 ﬁlamin'siiperidre
1173 5421 1446 5493 ejusdem
1478 5422 1700 5495 codicis
1728 5424 1950 5493 pagina
1973 5422 2096 5495 duo
2128 5422 2246 5495 alia
2355 5423 2475 5495 Hoc
2502 5419 2636 5495 ipso
2667 5419 2723 5473 in
2757 5418 2889 5472 loco
2917 5399 3156 5472 6odices
3185 5416 3307 5471 duo
3334 5418 3382 5466 ἐν
3408 5399 3517 5473 τῖῑς
3542 5409 3761 5473 κόλποις,
3795 5399 3934 5455 alius

589 5489 1190 5560 occurrunt-scholia,
1205 5489 1475 5566 quorum
1505 5489 1768 5565 primum
1787 5495 1872 5549 sic
1894 5493 2078 5548 habet
2103 5493 2222 5547 εὈτ

2199 5513 2247 5544 τι
2358 5491 2413 5543 ἐκ
2440 5489 2730 5560 τῲθκόλπῳ.
3628 5553 3664 5566 n
3690 5545 3767 5566 νι-
3829 5542 3839 5555 ,

673 5549 1026 5638 ὶρῗόνῷήόήὶέὶός
1047 5549 1264 5639 ὕστερος
1289 5572 1379 5615 τού
1407 5549 1628 5639 Παξρρς.
1663 5566 1830 5639 Quod
1874 5567 2066 5620 Filius
2098 5571 2229 5639 ten;-

2364 5631 2382 5639 _
2427 5549 2539 5639 (8'5)
2565 5549 2972 5634 Ἐπιλῖεομένοις.
3013 5559 3104 5616 Sic
3132 5574 3278 5616 mss.
3315 5562 3594 5634 quatuor.
3627 5549 3771 5607 Editi
3821 5549 3930 5592 ὑπο-

591 5631 740 5713 pore
763 5631 882 5695 non
903 5639 1164 5712 inferior
1175 5631 1385 5702 Patre;
1405 5631 1622 5692 deinde
1635 5631 1945 5715 aliquanto
1966 5643 2101 5713 post
2118 5633 2231 5692 οὐδὲ

993 5639 1164 5695 "erior
1175 5631 1385 5702 Patre;
1405 5631 1622 5692 deinde
1635 5631 1945 5715 aliquanto
1966 5643 2101 5713 post
2118 5633 2240 5692 οὐδὲ
2352 5631 2633 5709 δεομένοις,
