4154 6438
565 298 632 353 95
1932 294 1993 348 S.
2036 288 2281 345 BASILII
2321 288 2560 346 MAGNl.
3947 298 4021 351 96

563 419 756 494 piunt,
799 420 1325 493 quemadmodum
1367 420 1429 476 in
1473 419 1847 490 vestimento,
1895 415 2001 490 qui
2046 429 2218 471 orna-

2334 432 2428 478 νοι,
2461 417 2632 492 ὥσπερ
2685 417 2767 470 ἐπὶ
2803 427 2896 480 τῆς
2942 418 3162 480 ἐσθῆτος
3209 420 3258 471 οἰ
3306 417 3651 491 φιλοκοσμοι
3695 421 3804 477 τὴν
3863 418 4017 482 ἑξηλο

564 515 693 565 tum
733 515 960 577 amant,
989 526 1218 566 novum
1257 525 1496 582 semper
1532 509 1858 582 praeferunt
1887 503 2221 562 communi.

563 599 778 656 Videas
814 599 1019 673 itaque
1061 601 1396 656 etiamnum
1434 601 1753 655 rusticanae
1794 597 1990 671 plebis
2020 595 2079 650 in
2105 594 2222 650 hac

563 704 711 744 voce
739 705 970 746 morem
1000 691 1354 762 antiquum:
1388 690 1638 746 istorum
1665 693 1867 744 autem
1897 686 2218 750 artiﬁcum,

564 782 622 834 et
650 778 712 834 in
739 777 1061 835 verborum
1094 780 1313 852 pugnis
1344 780 1740 836 contritorum
1772 777 2010 848 signata
2046 790 2221 830 novae

566 867 877 938 sapientiae
922 868 1186 924 cauterio
1225 869 1430 924 verba.
1466 866 1723 924 Proinde
1762 865 1930 939 quod
1961 881 1996 922 a
2027 863 2223 935 majo-

563 955 733 1027 ribus
773 957 992 1012 nostris
1022 957 1251 1015 dictum
1282 963 1393 1021 est,
1426 963 1484 1013 et
1520 973 1632 1012 nos
1658 956 1939 1023 dicimus,
1967 953 2221 1024 gloriam

563 1045 844 1102 videlicet
888 1062 1276 1102 communem
1335 1063 1469 1102 esse
1523 1045 1678 1102 Patri
1736 1061 1806 1101 ac
1866 1043 2027 1110 Filio,
2075 1057 2224 1110 qua-

565 1139 811 1208 propter
849 1152 987 1191 cum
1020 1135 1166 1192 Filio
1196 1136 1696 1206 gloriﬁcationem
1735 1135 1890 1192 Patri
1935 1131 2223 1206 persolvi-

565 1240 722 1282 mus.
757 1227 1121 1299 Quanquam
1165 1226 1282 1282 hoc
1325 1226 1502 1282 nobis
1546 1241 1669 1282 non
1714 1229 1800 1281 est
1840 1224 2006 1286 satis,
2055 1223 2139 1278 sic
2189 1237 2226 1278 a

564 1315 840 1371 Patribus
893 1332 1027 1372 esse
1077 1315 1398 1385 traditum;
1445 1332 1591 1372 nam
1647 1320 1702 1372 et
1760 1314 1840 1370 illi
1910 1313 2225 1385 Scriptura:

566 1404 756 1461 secuti
789 1409 933 1462 sunt
961 1405 1342 1468 sententiam,
1367 1421 1441 1460 ex
1467 1403 1852 1470 testimoniis,
1876 1419 2013 1475 quae
2043 1399 2226 1472 paulo

565 1498 702 1550 ante
749 1495 924 1550 vobis
970 1510 1001 1550 e
1046 1495 1354 1567 Scriptura
1400 1494 1743 1558 citavimus,
1791 1491 2088 1565 principia
2132 1505 2227 1544 su-

565 1588 823 1640 mentes.
879 1583 1175 1657 Splendor
1216 1585 1379 1654 enim
1437 1601 1575 1640 cum
1616 1583 1807 1653 gloria
1852 1581 2220 1649 intelligitur,

566 1678 624 1730 et
662 1673 868 1744 imago
909 1691 1048 1730 cum
1098 1675 1452 1747 archetypo,
1480 1679 1538 1730 et
1587 1673 1763 1728 Filius
1806 1671 2056 1727 omnino
2087 1686 2226 1726 cum

566 1765 759 1830 Patre,
800 1781 940 1819 cum
987 1780 1099 1820 nec
1145 1764 1470 1820 nominum
1513 1761 1964 1835 consequentia,
1998 1760 2225 1817 nedum

563 1867 768 1910 rerum
791 1858 1032 1924 natura,
1056 1854 1504 1927 separationem
1533 1852 1831 1909 admittat.

1121 2051 1233 2124 14
1275 2053 1500 2108 CAPUT
1537 2053 1676 2106 VIII.

566 2157 719 2225 Quot
773 2158 966 2215 modis
1023 2160 1413 2229 intelligatur
1469 2158 1596 2214 haec
1647 2156 2228 2229 particula,n«<rper

632 2245 824 2302 quem,
864 2253 890 2281 ν
923 2237 978 2287 et
1015 2233 1080 2286 in
1120 2227 1244 2302 quo
1280 2245 1456 2286 sensu
1498 2232 1926 2302 congruentius
1976 2227 2225 2302 dicitur,

636 2299 665 2353 ᾇ
706 2319 841 2358 cum
889 2319 1048 2374 quo:
1088 2299 1262 2356 {ubi
1307 2303 1487 2357 etiam
1537 2301 1882 2374 exponitur,
1934 2299 2226 2374 quomodo

632 2371 992 2430 mandatum
1023 2374 1242 2443 accipit
1271 2374 1489 2439 Filius,
1521 2377 1576 2428 et
1615 2372 1909 2443 quomodo
1940 2371 2222 2426 mittitur.

639 2487 724 2539 17.
767 2484 971 2554 Itaque
1002 2497 1142 2536 cum
1175 2479 1499 2553 Apostolus
1544 2479 1767 2551 gratias
1810 2479 1933 2548 agit
1970 2480 2090 2533 Deo
2119 2492 2228 2550 per

562 2574 769 2628 Jesum
817 2570 1117 2627 Christum
1141 2571 1208 2638 ‘3,
1262 2585 1333 2626 ac
1371 2585 1581 2624 rursus
1632 2584 1770 2625 cum
1824 2569 1906 2624 ait
1949 2583 2080 2623 sese
2119 2582 2227 2639 per

561 2661 732 2718 illum
771 2661 1078 2734 accepisse
1125 2660 1383 2731 gratiam
1435 2665 1489 2715 et
1538 2659 1945 2731 apostolatum
1979 2657 2059 2714 ad
2087 2657 2228 2714 obe-

562 2751 850 2807 dientiam
872 2750 1010 2806 ﬁdei
1033 2750 1094 2805 in
1116 2749 1405 2805 omnibus
1426 2747 1786 2819 gentibus“,
1805 2752 1908 2803 aut
1924 2763 2061 2802 cum
2083 2747 2228 2804 dicit

562 2856 676 2896 nos
701 2857 807 2912 per
827 2857 965 2896 eum
998 2856 1314 2896 accessum
1344 2839 1569 2894 habere
1599 2838 1676 2893 ad
1704 2837 1962 2908 gratiam
1983 2838 2144 2893 hanc
2163 2837 2226 2892 in

562 2945 686 3003 qua
714 2935 948 2986 stamus
973 2933 1028 2985 et
1055 2929 1476 2999 gloriamur“,
1498 2927 1658 2982 illius
1688 2942 1831 2997 erga
1861 2942 1974 2982 nos
2002 2926 2228 2983 beneﬁ-

562 3019 656 3075 cia
681 3019 968 3090 declarat,
999 3035 1161 3074 nunc
1192 3018 1443 3091 quidem
1471 3022 1537 3073 ut
1567 3032 1602 3072 a
1630 3019 1798 3072 Patre
1828 3016 2083 3086 gratiam
2122 3015 2228 3072 bo-

559 3125 781 3166 norum
801 3109 863 3165 in
892 3109 1004 3165 bos
1032 3107 1536 3178 transfundentis,
1566 3121 1730 3162 nunc
1760 3121 2004 3162 rursum
2036 3111 2228 3178 utper
2269 3137 2308 3192 ρ

561 3214 624 3254 se
651 3199 852 3272 ipsum
885 3197 1262 3254 conciliantis
1285 3213 1400 3252 nos
1423 3196 1598 3251 Patri.
1625 3195 1933 3268 Siquidem
1963 3212 2101 3252 cum
2123 3196 2224 3264 ait,

503 3326 506 3328 ν
558 3291 682 3346 Per
723 3305 896 3361 quem
943 3290 1280 3358 accepimus
1324 3288 1589 3358 gratiam
1620 3293 1673 3342 et
1727 3288 2222 3358 apostolatum“,

561 3379 860 3449 signiﬁcat
891 3378 1194 3433 bonorum
1226 3377 1608 3447 largitionem
1647 3375 1724 3432 ab
1773 3375 1873 3432 illo
1905 3376 2225 3449 proficisci.

561 3470 823 3523 Rursum
847 3483 984 3522 cum
1019 3467 1136 3523 ait:
1169 3469 1290 3524 Per
1319 3483 1492 3538 quem
1523 3481 1822 3522 accessum
1853 3465 2138 3524 habemus
2157 3468 2225 3530 ‘7,

562 3556 786 3612 assumi
811 3571 943 3624 nos,
960 3571 1030 3611 ac
1046 3559 1163 3612 Deo
1183 3571 1289 3628 per
1311 3555 1610 3611 Christum
1633 3554 1919 3626 conjungi
1944 3555 2224 3611 ostendit.

562 3647 716 3701 Num
738 3644 918 3715 igitur
947 3644 1151 3715 gratio:
1175 3661 1362 3718 quam
1395 3644 1455 3700 in
1487 3643 1664 3700 nobis
1691 3650 1975 3716 operatur
1999 3645 2229 3700 confes-

563 3733 652 3790 sio
675 3733 956 3791 diminuit
984 3734 1143 3791 illius
1178 3735 1432 3805 gloriam
1450 3734 1478 3789 ?
1505 3750 1582 3789 an
1609 3734 1810 3806 potius
1836 3732 1999 3790 dictu
2027 3733 2228 3793 verius

561 3825 752 3892 fuerit,
774 3826 1220 3881 enarrationem
1244 3823 1679 3880 beneﬁciorum
1703 3823 1924 3879 decens
1950 3840 2084 3878 esse
2105 3823 2229 3895 glo-

559 3913 835 3971 riﬁcandi
865 3919 1292 3986 argumentum
1313 3914 1340 3970 ?
1367 3917 1530 3970 Hanc
1554 3913 1633 3970 ob
1661 3929 1910 3968 causam
1933 3929 2065 3969 com
2078 3914 2228 3986 peri-

559 4019 697 4059 mus
721 4003 1091 4076 Scripturam
1114 4020 1232 4060 non
1261 4019 1381 4060 uno
1403 4006 1649 4059 nomine
1679 4002 1854 4058 nobis
1885 4003 2226 4072 signiﬁcare

560 4091 908 4162 Dominum,
932 4107 1043 4148 nec
1064 4091 1158 4148 his
1184 4097 1418 4148 tantum
1439 4107 1577 4163 quae
1603 4091 1979 4147 divinitatem
2007 4108 2077 4147 ac
2099 4107 2227 4148 ma-

559 4180 939 4251 gnitudinem
970 4181 1100 4252 ejus
1129 4181 1460 4249 declarant,
1495 4181 1601 4236 sed
1632 4180 1935 4236 interdum
1973 4181 2222 4254 quidem

558 4269 644 4326 uti
675 4271 928 4327 vocibus
959 4275 1241 4328 naturam
1275 4270 1787 4343 experimentibus
1815 4287 1827 4336 ;
1864 4271 2029 4327 novit
2061 4271 2224 4327 enim

557 4376 783 4418 nomen
830 4360 974 4429 Filii,
1011 4361 1180 4434 quod
1225 4365 1311 4416 est
1355 4376 1538 4432 super
1580 4377 1763 4417 omne
1806 4376 2030 4416 nomen
2056 4363 2123 4429 ‘3,
2169 4366 2228 4418 et

2328 501 2581 576 λαγμένην
2658 505 2734 559 ἀεὶ
2803 516 2898 570 τῆς
2965 516 3144 568 κοινῆς
3205 517 3608 580 προτιμῶντες.
3689 505 3881 570 Ἴδοις
3953 508 4015 560 ἆν

2328 589 2415 644 οὖν
2445 603 2545 647 τῶν
2594 599 2683 669 μὲν
2733 596 2986 671 ἀγροίκων
3032 601 3108 651 ἔτι
3153 603 3242 650 καὶ
3291 620 3380 650 νυν
3430 597 3883 674 ἁρχαιὸτροπον
3917 603 4013 658 τὴν

2330 689 2534 754 φωνην·
2586 695 2682 738 τῶν
2730 684 2787 740 δὲ
2838 688 3085 761 ἐντέχνων
3135 691 3350 756 τούτων,
3400 693 3500 742 καὶ
3568 696 3704 750 ταῖς
3770 688 4012 762 λογομα-

2329 778 2482 844 χίαις
2536 777 2952 853 ἐντετριμμένων,
3007 779 3062 831 ἐκ
3117 787 3209 841 τῆς
3264 783 3379 841 νέας
3438 783 3657 852 σοφίας
3734 797 4010 839 κεκαυτηο

2328 870 2586 938 ριασμένα
2634 871 2700 919 τα
2759 870 2994 942 ῥήμαται
3054 868 3216 942 Ὀπερ
3276 867 3448 940 ἔλεγον
3509 872 3639 936 (91)
3693 873 3887 922 τοίνυν
3959 872 4009 922 οἱ

2329 958 2542 1027 πατέρες
2588 957 2753 1028 ἡμῶν,
2797 962 2888 1009 καὶ
2929 959 3078 1029 ἡμεῖς
3116 957 3351 1030 λέγομεν,
3395 959 3482 1010 ὅτι
3540 960 3575 1016 ἠ
3643 954 3796 1020 δόξα
3853 964 4006 1018 κοινὴ

2332 1049 2501 1116 Πατρὶ
2547 1050 2634 1098 καὶ
2679 1049 2802 1116 Υἱῷ,
2849 1043 2933 1098 διὸ
2980 1049 3112 1119 μετὰ
3159 1067 3247 1100 του
3308 1048 3431 1101 Υἰου
3495 1051 3606 1106 τὴν
3665 1044 4003 1121 δοξολογίαν

2331 1137 2661 1207 προσάγομεν
2709 1144 2781 1207 τῷ
2832 1141 3019 1211 Πατρί.
3055 1135 3190 1189 Ἀλλ’
3235 1136 3294 1189 ού
3333 1155 3494 1189 τουτο
3553 1139 3699 1210 ἡμῖν
3764 1137 4000 1211 ἐξαρκεῖ,

2333 1225 2412 1275 ὅτι
2471 1233 2570 1276 τῶν
2635 1231 2866 1301 πατέρων
2920 1230 2949 1286 η
3016 1223 3349 1302 παράδοσιςο
3405 1227 3669 1282 κάκεῖνοι
3743 1231 3856 1303 γὰρ
3929 1238 4002 1301 τῷ

2335 1311 2635 1387 βουλήματι
2690 1325 2779 1377 τῆς
2837 1323 3046 1390 Γραφῆς
3097 1317 3489 1389 ἠκολούθησαν,
3561 1318 3625 1371 ἐκ
3691 1327 3803 1371 τῶν
3861 1339 4003 1394 μαρ-

2334 1412 2564 1476 τυριῶν,
2625 1403 2686 1468 ἂς
2743 1414 2913 1482 μικρῷ
2986 1408 3212 1480 πρόσθεν
3271 1409 3392 1480 ὑμῖν
3463 1407 3526 1461 ἐκ
3601 1416 3712 1470 τῆς
3784 1415 4001 1484 Γραφῆς

2334 1495 2682 1567 παρεθέμεθα,
2743 1497 2838 1558 τὰς
2905 1494 3079 1568 ἀρχὰς
3145 1494 3402 1557 λαϐόντες.
3476 1499 3557 1549 Τὸ
3635 1500 3749 1570 γὰρ
3827 1497 3998 1551 ἀπαύο

2334 1601 2521 1655 γασμα
2571 1587 2701 1655 μετὰ
2753 1591 2850 1645 τῆς
2901 1581 3064 1648 δόξης
3118 1592 3352 1638 νοεῖταιο
3409 1589 3503 1638 καὶ
3558 1579 3592 1645 ἦ
3651 1587 3817 1640 εἰκὼν
3864 1591 3998 1661 μετὰ

2336 1691 2426 1723 του
2483 1670 2786 1746 ἀρχετύπου
2816 1689 2828 1701 ’
2889 1679 2979 1727 καὶ
3038 1676 3063 1725 ὁ
3122 1677 3242 1737 Υἱὸς
3295 1676 3413 1746 (92)
3470 1678 3701 1738 πάντως
3764 1681 3866 1730 σὺν
3926 1685 3994 1749 τῷ

2266 1779 2304 1832 Β
2339 1766 2507 1834 Πατρί
2536 1780 2548 1791 ·
2601 1760 2725 1816 οὐδὲ
2773 1771 2868 1825 τῆς
2909 1771 3010 1815 τῶν
3061 1762 3325 1836 ὀνομάτων
3375 1763 3737 1834 ἀκολουθίας,
3801 1771 3879 1840 μή
3941 1772 3991 1819 τί

2334 1871 2395 1922 γε
2437 1861 2528 1913 τῆς
2569 1861 2668 1905 τῶν
2716 1855 3039 1928 πραγμάτων
3088 1857 3310 1926 φύσεως,
3341 1858 3426 1908 τὸν
3467 1860 3785 1931 χωρισμὸν
3827 1853 3987 1928 δεχοο

2335 1945 2511 2013 μένης.

2883 2057 3276 2107 ΚΕΦΔΛΑΙΟΝ
3317 2051 3391 2107 Η’.

2338 2167 2603 2232 Ποσαχῷς
2650 2161 2708 2211 τὸ
2758 2179 2785 2209 ‹‹
2834 2155 2907 2212 δι’
2950 2159 3010 2212 οὗ
3055 2182 3083 2208 ››
3136 2165 3241 2232 καὶ,
3271 2159 3353 2213 ἐπὶ
3401 2165 3575 2222 ποίας
3620 2163 3745 2232 (93)
3789 2161 3979 2223 ἑννοίας

2408 2227 2793 2305 ἁρμοδιώτερον
2841 2235 2900 2282 τὸ
2955 2253 2982 2281 ι(
3029 2231 3142 2303 μεθ’
3193 2231 3289 2283 οὔ·
3340 2255 3367 2281 υ
3421 2232 3476 2284 ἐν
3525 2234 3570 2304 ᾧ
3626 2227 3726 2286 καὶ
3778 2234 3974 2304 ἐξηγη-

2412 2301 2540 2375 σις,
2568 2311 2673 2362 πῶς
2705 2301 2918 2361 ἐντολὴν
2957 2301 3209 2375 λαμϐάνει
3259 2304 3284 2355 ὁ
3327 2304 3468 2374 Υἱὸς,
3525 2301 3627 2358 καὶ
3683 2313 3804 2368 πῶς
3858 2301 3978 2358 ἇιπο⁴

2411 2373 2696 2429 στέλλεται.

2410 2481 2499 2536 17.
2537 2479 2696 2533 Ὀταν
2735 2477 2822 2533 οὖν
2863 2481 2888 2533 ὀ
2913 2481 3229 2543 Ἀπὸστολος
3267 2481 3581 2557 εύχαριστῇ
3622 2491 3700 2555 τῷ
3733 2491 3855 2555 Θεῷ
3887 2481 3974 2537 διὰ

2339 2570 2516 2628 Ἰησοῦ
2549 2578 2808 2645 Χριστοῦ,
2842 2575 2933 2624 καὶ
2970 2571 3124 2624 πάλιν
3165 2567 3238 2625 δι’
3272 2571 3433 2624 αύτου
3485 2571 3622 2647 λέγῃ
3667 2579 3770 2633 τὴν
3814 2577 3970 2648 χάριν

2339 2659 2597 2731 εἰληφέναι
2651 2664 2740 2712 καὶ
2795 2664 2884 2718 την
2941 2659 3238 2719 ἀποστολὴν
3297 2660 3368 2723 εἰς
3424 2662 3688 2721 ὑπακοὴν
3751 2669 3970 2724 πίστεως

2338 2747 2386 2800 ἐν
2428 2754 2562 2800 πᾶσι
2600 2757 2706 2808 τοῖς
2755 2750 2972 2816 ἔθνεσιν,
3006 2751 3036 2809 ἡ
3082 2754 3172 2802 καὶ
3212 2745 3286 2802 δι’
3331 2749 3498 2803 αὐτοῦ
3544 2756 3646 2812 τὴν
3693 2772 3968 2828 προσαγω-

2336 2842 2435 2910 γην
2486 2837 2775 2910 ἐσχηκέναι
2829 2839 2900 2902 εὶς
2946 2843 3044 2897 τὴν
3079 2841 3242 2914 χάριν
3295 2842 3499 2899 ταύτην
3553 2841 3607 2894 ἐν
3751 2842 3968 2900 ἕστηκα-

2336 2947 2426 3000 μεν
2465 2932 2555 2980 καὶ
2595 2931 2938 3001 καυχώμεθα,
2986 2932 3078 2992 τὰς
3127 2929 3198 2992 εἰς
3247 2932 3388 3001 ἡμᾶς
3435 2931 3757 3007 εὐεργεσίας
3809 2931 3964 2984 αὐτοῦ

2336 3021 2654 3091 παρίστησι,
2689 3037 2776 3070 νυν
2815 3021 2905 3090 μεν
2937 3017 3038 3070 ἀπὸ
3083 3023 3283 3093 Πατρός
3313 3019 3385 3082 εἰς
3415 3021 3570 3094 ἡμᾶς
3606 3030 3714 3074 τῶν
3759 3021 3962 3094 ἀγαθῶν

2337 3111 2431 3164 τὴν
2479 3109 2642 3179 χάριν
2703 3103 3116 3177 διαϐιϐάζοντος,
3164 3129 3252 3160 νυν
3309 3105 3370 3162 δὲ
3423 3111 3578 3182 ἡμᾶς
3640 3107 3721 3164 δι’
3779 3110 3960 3164 ἑαυτοῦ

2337 3198 2698 3270 προσάγοντος
2744 3203 2814 3266 τῷ
2871 3201 3062 3271 Πατρί.
3104 3197 3184 3251 Ἐν
3228 3201 3320 3270 μὶν
3361 3201 3466 3272 γὰρ
3527 3209 3605 3272 τῷ
3660 3200 3848 3272 λέγειν,
3892 3199 3959 3252 Δι’

2339 3284 2398 3336 οὗ
2479 3283 2723 3357 διάϐομεν
2797 3287 2961 3358 χάριν
3026 3290 3116 3338 καὶ
3191 3285 3522 3346 ἀποστολὴν.
3594 3293 3697 3348 τὴν
3779 3289 3958 3342 ἐκεῖθεν

2337 3380 2436 3426 τῶν
2492 3373 2697 3446 ἀγαθῶν
2751 3379 3015 3450 χορηγίαν
3070 3373 3341 3448 ἐμφαίνει·
3393 3375 3442 3428 ἐν
3511 3373 3575 3431 δὲ
3644 3386 3720 3450 τῷ
3775 3377 3955 3448 λέγειν,

2338 3462 2414 3515 Δι’
2466 3462 2526 3514 οὗ
2590 3467 2684 3520 τὴν
2741 3467 3096 3536 προσαγωγὴν
3155 3463 3487 3536 ἐσχήκαμεν,
3545 3470 3644 3525 τὴν
3713 3468 3955 3539 ἡμετέραν

2336 3551 2636 3627 πρόσληψιν
2667 3557 2757 3605 καὶ
2801 3553 3063 3605 οἰκείωσιν
3103 3549 3197 3606 διὰ
3239 3561 3482 3628 Χριστοῦ
3541 3558 3676 3629 πρὸς
3714 3559 3802 3607 τὸν
3835 3557 3952 3608 Θεὸν

2335 3645 2606 3714 γινομένην
2679 3647 3024 3716 παρίστησιν.
3089 3641 3206 3716 Ἆρ’
3270 3639 3358 3694 οὖν
3423 3645 3455 3704 ἠ
3534 3644 3797 3718 ὁμολογία
3866 3650 3953 3701 τῆς

2337 3731 2704 3805 ἐνεργουμένης
2751 3731 2875 3805 παρ’
2915 3732 3075 3785 αύτου
3120 3735 3252 3806 πρὸς
3296 3733 3432 3805 ἡμᾶς
3473 3737 3710 3808 χάριτος
3753 3735 3951 3806 ὑφαίρε-

2339 3825 2422 3882 σίς
2468 3821 2580 3874 ἐστι
2628 3829 2723 3882 τῆς
2773 3817 2964 3888 δόξης
3014 3821 3044 3880 ἣ
3102 3820 3292 3893 μᾶλλον
3361 3820 3524 3875 εἰπεῖν
3589 3823 3946 3896 ἀληθέστερον,

2335 3911 2416 3963 ὅτι
2459 3914 2737 3984 πρέπουσα
2788 3907 3096 3982 δοξολογίας
3135 3911 3383 3974 ὑπόθεσις
3436 3913 3470 3969 ἡ
3532 3921 3637 3965 τῶν
3691 3913 3947 3987 εὐεργετη-

2333 4002 2510 4073 μάτων
2556 3997 2848 4071 διήγησις;
2883 4002 2979 4053 Διά
3020 4019 3173 4052 τουτο
3208 4002 3322 4070 (94)
3354 4000 3579 4076 εὕρομεν
3622 4007 3717 4060 την
3749 4003 3946 4074 Γραφὴν

2334 4089 2429 4142 οὐκ
2459 4089 2512 4153 ἐξ
2541 4089 2651 4151 ἑνὸς
2702 4089 2948 4162 ὀνόματος
2986 4093 3073 4142 τὸν
3126 4092 3315 4162 Κύριον
3354 4091 3484 4163 ἡμῖν
3517 4088 3942 4165 παραδιδουσαν,

2333 4177 2457 4233 οὐδὲ
2505 4178 2559 4232 ἐκ
2589 4189 2688 4232 τῶν
2722 4181 2824 4232 ὅσα
2871 4187 2960 4240 τῆς
3012 4182 3254 4240 θεότητος
3295 4179 3434 4232 ἐστιν
3469 4181 3637 4235 αὐτου
3681 4185 3834 4255 μόνον
3863 4182 3944 4230 καὶ

2331 4277 2424 4322 τοῦ
2475 4271 2727 4342 μεγέθους
2776 4266 3066 4337 δηλωτικὰ,
3111 4267 3239 4322 ἀλλὰ
3281 4289 3369 4321 νυν
3412 4273 3506 4342 μὲν
3557 4278 3670 4332 τοῖς
3715 4279 3808 4330 τῆς
3849 4268 3939 4339 φύ-

2334 4378 2460 4421 σεως
2658 4367 3170 4434 χαρακτηριστικοίς
3222 4363 3559 4432 κεχρημένην
3594 4381 3607 4393 -
3671 4355 3784 4412 οἶδε
3845 4357 3940 4427 γὰρ

559 4450 771 4507 Filium
796 4467 1008 4507 verum
1041 4450 1262 4517 dicere,
1291 4455 1349 4506 et
1381 4450 1764 4520 Unigenitum
1794 4453 2003 4518 Deum,
2028 4457 2084 4507 et
2113 4451 2225 4507 vir-

2334 4451 2389 4500 τὸ
2439 4451 2601 4520 ὄνομα
2638 4451 2694 4498 τὸ
2740 4448 2866 4520 ὑπὲρ
2898 4453 2999 4499 πᾶν
3048 4451 3211 4519 ὄνομα
3245 4455 3336 4499 τοῦ
3381 4449 3509 4501 Υἱοῠ
3554 4453 3646 4501 καὶ
3677 4450 3795 4501 Υἱόν
3825 4443 3937 4500 ἀληο

558 4543 748 4596 tutem
795 4540 917 4606 Dei,
951 4545 1008 4596 et
1055 4539 1438 4612 sapientiam,
1469 4545 1525 4594 et
1555 4539 1836 4595 Verbum.
1881 4542 1948 4595 Et
1992 4556 2220 4611 rursus,

557 4629 638 4686 ob
668 4629 1062 4702 multiplicem
1099 4630 1156 4685 in
1181 4645 1292 4685 nos
1315 4629 1801 4696 beneﬁcentiam,
1825 4645 2012 4702 quam
2037 4630 2116 4686 ob
2140 4629 2226 4685 di-

556 4717 736 4774 vitias
765 4718 1053 4775 bonitatis
1099 4733 1207 4790 pro
1236 4719 1408 4774 varia
1438 4734 1548 4774 sua
1581 4719 1880 4790 sapientia
1909 4719 2226 4788 egentibus

557 4811 830 4879 praestat,
859 4807 994 4864 aliis
1025 4809 1361 4865 innumeris
1395 4807 1906 4880 appellationibus
1941 4809 2225 4864 eumdem

558 4893 854 4965 designat,
886 4895 1033 4951 dum
1087 4897 1421 4970 aliquando
1452 4901 1634 4952 vocat
1679 4895 1848 4951 illum
1892 4903 2222 4969 pastorem,

636 5047 682 5082 "
723 5049 893 5103 Rom.
935 5063 978 5117 ι,
1021 5051 1072 5104 8.
1153 5049 1200 5083 ⁸⁸
1240 5048 1389 5106 ibid.
1435 5054 1485 5105 5.
1564 5051 1611 5084 ⁸⁵
1652 5051 1823 5105 Rom.
1865 5066 1923 5118 v,
1966 5054 2017 5104 2.

630 5199 752 5287 (91).
787 5199 950 5287 Ὀπερ
997 5200 1209 5287 ἔλεγονεῖ
1243 5203 1580 5287 [Μῦες-ὅπερ

568 5430 715 5469 mss.

636 5487 750 5555 (92)
787 5485 845 5537 Ὀ
878 5489 1019 5548 Υἱός.
1054 5486 1147 5544 Sic
1179 5485 1416 5541 codices
1452 5503 1593 5540 mss.
1627 5489 1798 5542 Deest
1849 5485 2136 5541 articulus
2175 5486 2239 5543 in

568 5555 759 5610 editis.

649 5627 762 5698 (93)
802 5627 916 5680 Ἐπὶ
951 5633 1105 5697 ποίας
1135 5627 1343 5692 ἐννοίας.
1373 5627 1630 5690 Colbert.
1667 5625 1748 5680 ἐπὶ
1778 5632 1961 5694 ποίαις
2001 5627 2236 5694 ἐννοίαις.

1627 5201 1688 5256 in
1729 5201 1972 5257 duobus
2019 5201 2238 5257 codici-

561 5270 698 5343 bus.
731 5270 971 5342 Legitur
1011 5270 1310 5328 in'tribus
1356 5272 1485 5328 aliis
1538 5270 1571 5325 ἆ
1613 5272 1802 5343 ἔλεγον.
1840 5273 2050 5329 Statim
2096 5273 2236 5329 editi

567 5339 652 5395 διὸ
703 5339 986 5415 mpm,
1037 5344 1144 5399 sed
1193 5345 1360 5400 deest
1408 5339 1757 5414 conjunctio
1808 5345 1867 5400 in
1924 5345 2236 5400 codicibus

2337 4539 2474 4590 θινὸν
2522 4537 2708 4608 λέγειν,
2755 4541 2846 4589 καὶ
2897 4545 3146 4610 μονογενῆ
3203 4540 3354 4604 Θεὸν,
3388 4542 3480 4590 καὶ
3520 4534 3748 4610 δύναμιν
3788 4543 3932 4594 Θεου,

2333 4632 2422 4680 καὶ
2483 4631 2690 4699 σοφίαν,
2736 4631 2824 4678 καὶ
2883 4631 3076 4697 Λόγον.
3135 4630 3236 4680 Καὶ
3290 4625 3449 4679 πάλιν
3501 4631 3681 4701 μέντοι
3735 4622 3827 4677 διὰ
3881 4622 3933 4671 τὸ

2334 4715 2662 4792 πολύτροπον
2702 4723 2792 4777 τῆς
2850 4715 2921 4776 εἰς
2970 4717 3108 4788 ἡμᾶς
3147 4717 3389 4790 χάριτος,
3442 4716 3502 4774 ἢν
3563 4713 3659 4768 διὰ
3713 4718 3798 4766 τὸν
3850 4716 3933 4768 τῆς

2333 4806 2657 4880 ἀγαθότητος
2700 4810 2836 4860 κατά
2871 4810 2961 4865 τὴν
3011 4806 3381 4859 πολυποίκιλον
3430 4807 3592 4860 αὐτοῦ
3627 4809 3808 4877 σοφίαν
3836 4805 3932 4857 τοῖς

2341 4895 2606 4970 δεομένοις
2663 4899 2990 4970 παρέχεται,
3045 4900 3263 4972 μυρίαις
3319 4897 3473 4950 αὐτὸν
3530 4895 3724 4970 ἑτέραις
3782 4906 3930 4963 προσι

2099 5052 2145 5087 “
2187 5030 2358 5107 Rom.
2399 5067 2436 5119 ι,
2481 5055 2533 5105 5.
2614 5051 2655 5084 ‘7
2703 5053 2870 5106 Rom.
2914 5065 2968 5118 ν,
3009 5052 3065 5104 2.
3143 5009 3189 5084 λδ
3229 5048 3484 5124 Philipp.
3521 5064 3582 5117 ιι,
3621 5052 3675 5105 9.

2351 5204 2514 5258 Unus
2545 5217 2614 5257 ex
2645 5201 2838 5271 Regiis
2865 5199 2950 5253 ἐπὶ
2976 5205 3128 5254 ποίαν
3161 5203 3380 5254 ἓννοιαν.’
3873 5259 3882 5268 ,

2418 5275 2527 5343 (94)
2571 5277 2666 5324 Διά
2703 5272 3026 5345 τουτοηΗίο
3073 5272 3283 5345 incipit
3327 5275 3507 5345 caput
3555 5273 3826 5327 octavum
3869 5272 3924 5314 In

2349 5347 2491 5414 Reg.
2524 5347 2694 5400 tertio
2724 5351 2780 5400 et
2807 5344 3065 5400 Colbert.
3203 5344 3210 5345 7
3404 5344 3422 5345 ί
3578 5413 3589 5414 ί
3785 5404 3818 5414 ..
3844 5401 3876 5414 ..

2423 5402 2536 5484 (95)
2571 5424 2676 5478 Τῆς
2708 5419 2927 5488 φύσεως.
2953 5419 3234 5471 Erasmus
3259 5413 3630 5488 per-absurde
3659 5402 3918 5488 reddidit,

2349 5495 2634 5561 naturam
2688 5487 3094 5561 assumptum;
3126 5487 3293 5558 quod
3345 5491 3605 5561 erratum
3657 5487 3918 5561 non‘tm-

2397 5575 2513 5615 une
2542 5559 2666 5614 tulit
2703 5576 2738 5615 a
2771 5547 3166 5615 Combeﬁs'io:
3200 5561 3328 5614 Mox
3363 5557 3544 5614 editio
3575 5552 3750 5612 Paris.
3776 5547 3916 5615 λέγειο

2373 5631 2511 5689 ΑΙ)Γὶ
2542 5631 2777 5706 antiqui
2808 5636 2864 5688 et
2895 5630 3038 5688 edit.
3071 5629 3242 5686 Uasil.
3270 5629 3452 5702 λέγειν.
