4154 6436
222 328 264 381 97
1467 346 1669 400 LIBER
1710 345 1798 399 DE
1840 344 2110 401 SPIRITU
2150 347 2458 405 SANCTO.
3593 356 3661 409 98
3742 330 3749 337 ’

230 457 393 527 “opim;
462 451 894 530 ἂποσημαίνει
924 483 939 496 ·

238 549 321 599 εστὶ
353 541 401 597 δι
442 543 723 618 βασιλέα,
790 555 905 603 καὶ
954 555 1128 607 πάλιν
1194 556 1390 631 ἰατρὸν,
1450 563 1540 610 καὶ
1591 563 1676 610 τόν
1732 558 1887 610 αὐτόν

253 643 419 709 napi»,
446 642 543 689 καὶ
578 635 752 703 ὁδὸν,
792 648 907 695 καὶ
968 646 1165 718 Θύραν,
1199 652 1288 699 καὶ
1330 652 1531 719 πηγὴν,
1574 652 1662 699 καὶ
1708 650 1887 721 ἄρτον,

250 736 311 780 καὶ
347 727 528 793 ἀξίνην,
595 735 703 782 καὶ
768 738 1022 808 πέτραν.
1093 744 1273 789 Ταῦτα
1328 740 1426 812 γὰρ
1483 738 1541 789 ού
1595 742 1688 796 τὴν
1733 740 1887 809 φύσιν

249 826 552 892 παρίστησιν,
587 815 740 889 ἄλλ’,
795 824 945 898 ὅπερ
1002 828 1152 899 ἔφην,
1209 831 1267 879 τὸ
1317 837 1412 889 τῆς
1461 827 1718 902 ἐνεργείας
1764 848 1890 879 παν-

243 908 457 975 τοδαπὸν,
488 911 552 969 ἢν
583 910 646 962 ix
697 920 808 973 τῆς
853 920 991 989 περὶ
1052 921 1110 968 τό
1162 914 1301 969 ’ίδιον
1358 918 1579 990 πλάσμα
1631 918 1890 989 εύσπλαγ-

238 1005 375 1071 pia;
424 1004 566 1052 κατὰ
630 1005 697 1053 τὸ
757 1011 873 1065 τῆς
958 1010 1150 1077 χρείας
1217 1003 1413 1061 ἰδίωμα
1464 1014 1572 1066 τοῖς
1627 1004 1891 1079 δεομένοις

233 1095 537 1164 παρέχεται.
600 1096 757 1155 Τοὺς
826 1096 928 1166 μὶν
984 1098 1087 1169 γὰρ
1146 1102 1602 1169 προσπεφευγότας
1650 1098 1768 1167 (96)
1825 1104 1885 1169 τῇ

233 1179 508 1252 ἐπιστασίᾳ
549 1182 759 1252 αὐτοῦ,
819 1188 921 1236 καὶ
976 1188 1037 1235 τὸ
1082 1181 1426 1256 εύμεταδοτον
1457 1189 1567 1248 (97)
1615 1182 1687 1238 δι’
1719 1185 1889 1248 ανεξι-

237 1276 415 1332 κακίας
457 1274 925 1346 κατωρθωκότας
956 1316 970 1341 ,
1031 1273 1267 1349 πρόϐατα
1313 1274 1487 1346 λέγει,
1547 1280 1638 1327 καὶ
1701 1280 1891 1346 ποιμὴν

240 1356 365 1410 εἶναι
398 1370 496 1411 τῶν
526 1363 809 1412 τοιούτων
846 1361 1114 1434 ὁμολογεῖ,
1151 1371 1253 1414 τῶν
1300 1368 1693 1415 κατακανόντων
1732 1363 1892 1415 αὐτοῦ

236 1457 326 1509 τῆς
382 1458 566 1521 φωνῆς,
612 1456 720 1502 καὶ
794 1455 875 1523 μὴ
936 1455 1307 1524 προσεχόντων
1352 1449 1617 1525 διδαχαῖς
1663 1453 1891 1515 ξενιξού-

232 1558 383 1601 παις.
431 1544 512 1593 Τὰ
563 1542 681 1613 γὰρ
731 1539 844 1613 έμὰ
891 1539 1156 1615 πρόϐατα,
1209 1546 1357 1614 φησὶ,
1404 1551 1499 1603 τῆς
1556 1541 1682 1615 έμῆς
1728 1551 1893 1614 φωνῆς

230 1628 447 1682 ἀκούει·
526 1628 810 1701 βασιλεὺς
886 1627 946 1683 δι
1006 1639 1105 1682 τῶν
1172 1631 1696 1705 ύπεραναϐεϐηχότων
1740 1628 1887 1703 ἤδη,

220 1727 321 1771 καὶ
377 1728 471 1781 τῆς
524 1719 762 1793 ἐννόμου
820 1716 1078 1792 δεομένων
1122 1720 1431 1781 ἐπιστασίας
1461 1722 1592 1783 (98)·
1633 1727 1722 1774 καὶ
1763 1724 1895 1794 Θύρα

1026 468 1163 521 ποτὶ
1218 469 1309 541 μὶν
1359 472 1579 541 ποιμένα
1634 468 1882 540 λέγουσα,

2018 468 2149 527 tlias
2167 487 2395 542 regem,
2410 476 2466 529 et
2480 488 2689 528 rursus
2706 473 3033 537 medicum,
3054 473 3318 548 denique
3334 491 3657 547 sponsum.

1996 560 2181 631 viam,
2209 562 2452 631 ostium,
2473 562 2724 633 fontem,
2754 578 2999 635 panem.
3022 564 3279 620 securim
3308 580 3379 620 ac
3403 570 3658 637 petram.

2000 650 2132 704 Ηωο
2163 651 2323 705 enim
2360 667 2483 707 non
2532 658 2816 707 naturam
2858 652 3149 722 indicant,
3180 654 3306 721 sed,
3347 654 3512 725 quod
3543 653 3662 709 aie-

1998 737 2162 806 bam,
2179 740 2545 811 operationis
2560 742 2930 797 varietatem:
2947 759 3131 814 quam
3146 759 3218 798 ex
3231 743 3663 814 aﬁ‘ectu,quem

1999 828 2307 898 geriterga
2328 847 2505 885 suum
2521 831 2900 900 ﬁgmentum,
2925 832 3663 905 indigentibus,utcuique

1998 931 2154 987 opus
2187 922 2300 987 est,
2331 919 2618 991 impartit.
2660 922 2771 975 Eos
2799 920 2959 975 enim
2991 922 3096 993 qui
3129 922 3204 976 ad
3230 922 3361 992 ejus
3394 922 3665 993 regimen

1997 1005 2651 1081 confugerunt,quique
2669 1025 2774 1079 per
2791 1010 3091 1065 malorum
3110 1010 3486 1066 tolerantiam
3505 1026 3668 1066 com-

2000 1096 2355 1152 municandi
2378 1097 2722 1154 facilitatem
2744 1100 3170 1171 praestiterunt,
3196 1116 3335 1155 oves
3367 1099 3663 1172 appellat;

2001 1200 2186 1256 seque
2216 1186 2425 1241 talium
2456 1193 2767 1259 pastorem
2798 1204 2927 1243 esse
2953 1189 3288 1261 proﬁtetur,
3317 1190 3421 1261 qui
3454 1205 3666 1244 vocem

1997 1274 2187 1345 ipsius
2214 1275 2488 1339 audiunt,
2513 1293 2621 1333 nec
2644 1278 2962 1333 attendunt
2992 1278 3278 1333 doctrinis
3302 1278 3661 1350 peregrinis.

2002 1361 2150 1417 Oves
2165 1364 2320 1419 enim
2342 1379 2503 1427 meai,
2519 1365 2733 1437 inquit,
2754 1381 2950 1422 vocem
2973 1382 3163 1422 meam
3185 1367 3443 1421 audiunt
3459 1368 3525 1420 δ’.
3547 1368 3664 1421 Rex

2000 1454 2201 1506 autem
2236 1457 2491 1508 vocatur
2524 1469 2756 1521 eorum,
2786 1454 2887 1526 qui
2923 1455 3053 1526 jam
3086 1455 3264 1511 altius
3312 1456 3421 1527 15
3468 1471 3665 1511 assur-

2001 1547 2303 1609 rexerunt,
2324 1559 2393 1599 ac
2410 1542 2677 1613 legitimo
2695 1545 2969 1617 imperio,
2985 1551 3041 1601 et
3056 1545 3490 1614 gubernatione
3513 1562 3668 1618 opus

2002 1630 2249 1687 habent.
2274 1633 2429 1697 Quin
2456 1639 2510 1689 et
2542 1634 2765 1689 ostium
2806 1635 3044 1703 dicitur,
3069 1651 3139 1690 eo
3169 1635 3334 1707 quod
3362 1652 3468 1708 per
3500 1635 3667 1691 recti-

2002 1720 2274 1775 tudinem
2302 1728 2745 1794 praeceptorum
2768 1724 2968 1780 educit
2993 1724 3071 1780 ad
3102 1725 3234 1797 pias
3260 1726 3528 1781 actiones
3553 1742 3565 1780 :
3613 1729 3670 1783 et

212 1807 304 1875 δὲ,
344 1818 428 1880 τῷ
483 1808 572 1862 ἐπὶ
625 1813 737 1870 τὰς
792 1806 1098 1872 σπουδαίας
1144 1811 1359 1883 πράξεις
1397 1808 1490 1863 διὰ
1531 1819 1626 1873 τῆς
1676 1812 1895 1886 ὀρθότη-

2018 1824 2208 1864 rursus
2241 1815 2369 1866 tuto
2399 1812 2676 1883 perducit
2704 1814 2781 1869 ad
2814 1813 3024 1869 caulas
3055 1830 3179 1883 eos,
3211 1815 3316 1886 qui
3348 1830 3454 1885 per
3482 1814 3668 1871 ﬁdem

201 1920 309 1961 τος
369 1908 473 1951 τῶν
529 1902 985 1973 προσταγμάτων
1040 1899 1261 1972 ἐξάγειν,
1314 1904 1404 1952 καὶ
1445 1900 1895 1973 πάλινίάσφαλῶς

202 1990 475 2050 αὐλίζειν
527 1994 667 2052 τοὺς
734 1988 823 2041 ἐπὶ
874 1992 931 2041 τὸ
990 1998 1086 2051 τῆς
1136 1995 1372 2061 γνώσεως
1422 1988 1615 2061 ἀγαθὸν
1670 1987 1764 2043 διὰ
1806 1998 1896 2051 τῆς

209 2079 293 2138 εἰς
342 2079 514 2131 αὐτόν
574 2086 823 2141 πίστεως
881 2082 1336 2150 καταφεύγοντας.
1394 2077 1582 2147 Ὀθεν,
1643 2080 1717 2132 Δι’
1772 2078 1896 2152 έμοῦ

214 2167 323 2219 id":
392 2188 471 2229 τις
533 2168 785 2240 εἰσέλθῃ,
849 2172 941 2220 καὶ
995 2167 1360 2233 εἰσελεύσεται,
1416 2173 1505 2221 καὶ
1558 2167 1895 2239 ἐξελεύσεται,

214 2264 327 2309 καὶ
364 2265 533 2331 νομὴν
593 2261 845 2331 εὑρήσει.
913 2262 1082 2332 Πέτρα
1138 2254 1216 2325 δι,
1265 2255 1358 2312 διὰ
1424 2262 1481 2310 τὸ
1536 2258 1761 2331 ἰσχυρὸν
1807 2264 1898 2311 καὶ

200 2350 497 2401 ἄσειστον
570 2354 670 2400 καὶ
746 2350 943 2409 παντὸς
1010 2346 1259 2423 ἐρύματος
1334 2346 1711 2423 ἀρραγέστερον
1769 2346 1898 2415 εἶναι

198 2438 619 2511 φυλακτήριον
658 2444 780 2499 τοῖς
830 2444 1059 2497 πιστοῖς.
1105 2437 1184 2489 Ἐν
1215 2440 1413 2497 τούτοις
1461 2441 1538 2504 τό,
1599 2434 1671 2489 δι’
1712 2437 1895 2504 αὐτοῦ,

206 2526 675 2601 ἁρμοδιωτάτην
730 2532 827 2585 τὴν
880 2534 1084 2599 χρῆσιν
1134 2531 1223 2578 καὶ
1266 2530 1494 2599 εὔσημον
1541 2524 1896 2594 ἀποδίδωσιν,

208 2620 371 2669 ὅταν
409 2622 477 2681 ὡς
524 2620 819 2690 θύραεο9)
876 2622 968 2668 καὶ
1017 2618 1086 2677 ὡς
1139 2613 1259 2677 ὁδός
1305 2618 1540 2688 λέγηται.
1594 2616 1683 2678 Ὠς
1726 2621 1900 2689 μέντοι

224 2712 399 2768 Θεὸς
452 2714 546 2759 καὶ
614 2709 785 2770 Υἱὸς,
848 2708 981 2777 μετὰ
1029 2710 1226 2779 Πατρός
1286 2711 1376 2759 καὶ
1432 2710 1525 2758 σὺν
1584 2711 1753 2779 Πατρὶ
1806 2710 1899 2765 τὴν

232 2792 431 2858 δόξαν
489 2800 617 2867 ἔχει·
679 2795 812 2848 Ὀτι
858 2794 909 2847 έν
971 2804 1044 2866 τῷ
1112 2794 1325 2868 ὀνόματι
1387 2796 1563 2854 Ἰησοῦ
1626 2802 1729 2848 πᾶν
1774 2800 1898 2867 γόνυ

226 2885 485 2957 κάμᾴει,
534 2886 895 2958 ἐπουρανίων,
943 2889 1034 2936 καὶ
1081 2882 1338 2956 ἐπιγείων,
1380 2889 1469 2936 καὶ
1512 2887 1897 2957 καταχθονίων,

224 2982 343 3026 καὶ
368 2982 525 3028 πᾶσα
568 2975 805 3047 γλῶσσα
845 2968 1304 3046 ἐξομολογήσεται,
1341 2975 1422 3026 ὅτι
1468 2977 1661 3047 Κύριος
1702 2975 1902 3034 Ἰησοῦς

238 3070 497 3139 Χριστὸς
550 3065 624 3127 εἰς
687 3061 855 3127 δόξαν
905 3071 1039 3117 Θεοῦ
1082 3069 1305 3138 Πατρός.
1366 3069 1548 3137 Διόπερ
1592 3062 1901 3137 ἀμφοτέραις

2002 1901 2062 1955 in
2085 1898 2287 1971 ipsum
2314 1900 2393 1955 ad
2414 1902 2775 1970 cognitionis
2796 1902 3031 1958 bonum
3055 1902 3456 1973 confugerint.
3478 1903 3666 1972 Unde,

2004 1990 2125 2046 Per
2135 1990 2289 2044 mesi
2301 1991 2433 2060 quis
2446 1992 2823 2059 introierit,et
2840 1992 3292 2063 ingredietur,et
3306 1994 3665 2063 egredietur,

2005 2094 2077 2135 ac
2096 2076 2321 2148 pasCua
2348 2081 2603 2136 inveniet
2618 2082 2686 2135 5°.
2715 2084 2882 2137 Petra
2911 2082 3129 2137 dicitur
3154 2083 3225 2150 δι,
3273 2099 3344 2138 eo
3373 2082 3541 2154 quod
3566 2099 3668 2139 va-

2003 2168 2197 2225 lidum
2244 2170 2317 2225 sit
2364 2174 2421 2224 et
2465 2169 2899 2226 inconcussum
2926 2176 2982 2226 et
3010 2171 3226 2243 quavis
3269 2187 3404 2227 arce
3434 2170 3671 2227 ﬁrmius

2006 2258 2535 2331 propugnaculum
2553 2259 2856 2315 ﬁdelibus.
2873 2260 2936 2315 In
2949 2261 3043 2318 his
3060 2260 3189 2315 haec
3203 2277 3340 2331 vox,
3352 2277 3462 2331 per
3474 2262 3667 2331 ipsum

2007 2348 2395 2420 aptissimum
2423 2364 2494 2405 ac
2525 2349 2755 2405 clarum
2787 2367 2969 2406 usum
3000 2350 3206 2419 habet,
3237 2351 3472 2423 quoties
3508 2350 3673 2406 velut

2008 2438 2231 2494 ostium
2260 2443 2318 2495 et
2346 2438 2510 2494 velut
2536 2439 2631 2495 via
2660 2439 2900 2496 dicitur.
2928 2445 2999 2495 At
3029 2456 3172 2496 vero
3205 2446 3269 2496 ut
3299 2442 3455 2495 Deus
3501 2445 3558 2496 et
3590 2439 3673 2495 Fi-

2005 2527 2145 2595 lius,
2186 2544 2327 2583 cum
2360 2531 2526 2584 Patre
2554 2545 2946 2585 communem
2984 2530 3168 2586 habet
3198 2529 3491 2599 gloriam:
3527 2532 3675 2589 Quo-

2008 2619 2172 2673 niam
2196 2618 2258 2672 in
2283 2620 2518 2673 nomine
2550 2619 2691 2674 Jesu
2723 2634 2895 2675 omne
2937 2635 3096 2689 genu
3136 2620 3433 2691 ﬂectetur,
3475 2620 3674 2675 caeles-

2011 2708 2179 2773 tium,
2217 2708 2555 2763 terrestium
2594 2714 2649 2763 et
2692 2710 3094 2778 infernorum,
3143 2714 3200 2764 et
3240 2710 3430 2764 omnis
3465 2709 3673 2778 lingua

2010 2796 2413 2865 conﬁtebitur,
2445 2797 2605 2868 quod
2634 2798 2927 2853 Dominus
2951 2799 3122 2854 Jesus
3155 2798 3427 2854 Christus
3458 2800 3519 2853 in
3548 2799 3674 2869 glo—

2010 2887 2105 2940 ria
2133 2886 2208 2940 sit
2238 2886 2351 2940 Dei
2376 2886 2585 2941 Patris
2608 2887 2675 2941 5’.
2719 2888 2910 2952 Quam
2942 2887 3022 2942 ob
3063 2902 3190 2942 rem
3230 2887 3536 2943 ambabus
3572 2903 3675 2943 vo-

2011 2974 2182 3030 cibus
2226 2975 2471 3042 utimur,
2518 2975 2704 3032 altera
2752 2976 3061 3049 propriam
3106 2976 3264 3032 illius
3294 2977 3671 3045 dignitatem,

2012 3063 2198 3120 altera
2220 3064 2350 3134 ejus
2371 3079 2514 3134 erga
2544 3080 2655 3120 nos
2684 3065 3161 3121 muniﬁcentiam
3188 3065 3602 3137 praedicantes.

237 3158 585 3229 κεχρήμεθα
616 3162 744 3215 ταῖς
772 3162 985 3227 φωναῖς,
1014 3162 1075 3227 τῇ
1106 3158 1196 3226 μὲν
1225 3158 1320 3212 τὴν
1343 3155 1536 3207 οἰκείαν
1567 3154 1729 3207 αὐτοῦ
1764 3153 1933 3224 ἀξίαν,
1952 3162 2014 3227 τῇ
2051 3151 2109 3206 δὲ
2140 3159 2234 3213 τὴν
2264 3157 2426 3228 χάριν
2458 3159 2550 3213 τὴν
2580 3158 2710 3227 πρὸς
2741 3157 2874 3227 ἡμᾶς
2902 3152 3316 3227 διαγγέλλοντες.

328 3268 429 3320 18.
474 3262 549 3317 Δι’
598 3263 768 3315 αὐτοῦ
812 3264 916 3336 γὰρ
952 3269 1101 3314 πᾶσα
1148 3260 1370 3334 βοήθεια
1414 3270 1515 3315 τῶν
1556 3261 1768 3334 ψυχῶν,
1816 3267 1906 3314 καὶ
1938 3264 1977 3319 C

238 3353 378 3405 καθ’
436 3354 669 3406 ἕκαστον
731 3348 872 3414 εἶδος
922 3351 1215 3424 ἐπιμελείας
1265 3349 1555 3412 ἰδιάζουσά
1606 3371 1687 3413 τις
1734 3370 1906 3425 προσ-

248 3449 463 3516 ηγορία
493 3442 853 3507 ἐπινενόηται,
885 3441 1050 3493 Ὀταν
1079 3444 1168 3514 μεν
1194 3443 1294 3517 γὰρ
1328 3446 1421 3500 τὴν
1453 3443 1668 3514 ἄμωμον
1699 3440 1906 3512 ψυχὴν,

250 3539 353 3591 τήν
413 3538 488 3605 μὴ
527 3537 775 3603 ἔχουσαν
826 3532 1009 3583 σπῖλον
1050 3533 1078 3590 ἦ
1114 3529 1331 3606 ῥυτίδα,
1364 3535 1429 3593 ὡς
1468 3532 1629 3603 ἁγνὴν
1659 3534 1910 3605 παρθένον

260 3624 442 3693 ἑαυτῲ
501 3628 957 3697 παραστησηται,
1008 3628 1225 3694 νυμφίος
1272 3624 1736 3695 προσαγορεύεται·
1795 3622 1911 3672 ὅταν

265 3710 327 3765 0":
380 3718 767 3785 κεκακωμένην
823 3714 923 3764 ὑπὸ
974 3721 1072 3764 τῶν
1126 3720 1361 3787 πονηρῶν
1413 3711 1622 3782 πληγῶν
1661 3718 1753 3763 τοῦ
1788 3707 1910 3762 δια-

263 3801 430 3855 ϐόλου
479 3803 669 3875 λάϐῃ,
744 3801 948 3875 βαρέως
1030 3800 1403 3854 ἐνασθενοῦσαν
1469 3809 1585 3863 ταῖς
1637 3802 1917 3874 ἁμαρτίαις

266 3893 442 3950 αὐτὴν
504 3892 815 3965 ἐξιώμενος,
881 3891 1057 3965 ἰατρὸς
1115 3891 1469 3963 ὀνομάζεται.
1530 3890 1646 3965 Ἆρ’
1706 3886 1793 3942 οὖν
1861 3891 1914 3942 αἰ

263 3991 524 4034 τοιαῦται
582 3984 736 4054 ἡμῶν
777 3980 1062 4054 ἐπιμέλειαι
1116 3982 1188 4043 εἰς
1244 3984 1304 4034 τὸ
1356 3983 1595 4034 ταπεινὸν
1652 3983 1774 4041 τοὺς
1822 3978 1912 4031 λο-

355 4199 407 4233 "
443 4199 625 4255 toan.
658 4213 717 4264 ι,
751 4200 845 4254 27.
929 4198 977 4232 ⁵³
1016 4197 1192 4253 Joan.
1226 4211 1278 4268 χ,
1308 4198 1361 4253 9.
1442 4196 1486 4231 ⁶¹
1532 4196 1552 4249 Ι
1586 4196 1715 4253 Cor.
1748 4209 1803 4258 ι,
1834 4196 1889 4251 4.

348 4396 468 4463 (96)
512 4395 996 4467 Προσπεφευγότας
1020 4432 1034 4446 .

278 4472 577 4537 φεύγοντας
588 4509 600 4520 .

358 4531 472 4605 (97)
512 4546 591 4589 Ta
616 4531 1139 4607 thsrddorov.Vliii
1161 4532 1727 4607 suspicionealiqua
1748 4531 1917 4607 labo-

290 4617 380 4663 rat
398 4603 493 4664 hic
528 4603 731 4664 locus.
751 4608 867 4662 Etsi
900 4606 1063 4663 enim
1080 4603 1286 4677 justos
1320 4603 1777 4678 appellari-oves
1808 4603 1916 4658 ob-

288 4688 485 4736 servat
516 4678 781 4747 Basilius
804 4681 866 4733 in
885 4673 1105 4747 psalmi
1133 4694 1324 4741 xxvui,
1350 4673 1419 4746 p.‘
1448 4682 1567 4731 121.
1596 4673 1690 4728 διὰ
1719 4677 1777 4727 τό
1798 4679 1920 4747 ἡμε-

287 4772 376 4825 ρον
407 4760 497 4804 καὶ
529 4746 893 4825 μεταδοτικόν
932 4751 1161 4825 ὧν-ἒχει,
1194 4749 1273 4825 Ob_
1304 4750 1610 4825 tem'talem
1632 4754 1684 4804 et
1716 4746 1917 4802 rerum

284 4820 546 4881 suarum
586 4820 1224 4890 communicationem;
1260 4820 1356 4876 hic
1388 4826 1591 4876 tamen
1627 4834 1749 4874 non
1773 4834 1921 4874 con-

282 4896 520 4953 siderat
549 4895 613 4971 in
641 4894 858 4971 ovibus
889 4890 1386 4971 communicandi
1417 4891 1784 4971 facilitatem,
1814 4890 1922 4971 sed

282 4967 705 5024 constantiam
722 4968 781 5021 in
801 4964 1119 5037 sequendo
1136 4969 1385 5037 pastore
1399 4969 1455 5019 et
1472 4962 1801 5037 peregrinis
1816 4960 1921 5037 do-

286 5040 501 5115 ctrinis
522 5024 909 5115 rejiciendis:
921 5024 1669 5115 Regius‘secunduslhabEt
1693 5037 1751 5115 rb
1770 5024 1924 5115 ἐύμε-

290 5112 532 5177 τάϐρὶον,
560 5104 697 5184 quae
722 5104 1032 5184 scriptura
1062 5107 1170 5184 etsi
1200 5106 1660 5184 vulnusaugere
1686 5104 1925 5184 videtur

292 5190 553 5263 (pugnat
566 5177 991 5263 énim_aniinus
1004 5178 1179 5263 facile
1195 5177 1500 5263 mutabilis
1513 5195 1643 5233 cum
1658 5181 1927 5263 constan-

297 5248 376 5311 tia
389 5248 445 5312 in
464 5256 781 5330 sequendo
796 5254 1071 5330 pastore)
1084 5250 1181 5330 ,a_d
1195 5249 1559 5330 illud‘tamen
1576 5248 1925 5330 sanandum

306 5344 517 5401 magno
539 5319 672 5387 usui
693 5319 836 5401 esse
857 5319 1083 5401 potest.
1107 5325 1258 5378 Nam
1282 5319 1746 5401 silegamuslevi
1768 5320 1928 5401 facta

308 5393 705 5462 immutatione
724 5406 787 5455 τὸ
813 5393 1170 5464 ἀμετάϐολον,
1185 5394 1291 5464 qui
1304 5407 1411 5462 per
1421 5393 1779 5462 patientiam
1797 5393 1927 5448 ani-

305 5455 921 5538 1ημῆῖῆἧῇἧῇρῆεῇ
940 5455 1363 5538 praebuerunt,
1381 5455 1564 5538 plana
1583 5465 1695 5538 erit
1710 5469 1765 5538 et
1788 5468 1929 5538 apta

288 5536 579 5614 sententia.
612 5551 885 5611 Usitatae
915 5536 1088 5614 apud
1111 5536 1395 5614 antiquos
1418 5536 1929 5614 ejusmodiratio-

271 5606 729 5708 ig'iJJJen'ai,
776 5606 1089 5708 qugmvis
1110 5606 1312 5679 justos
1338 5606 1931 5708 gratimkr‘esisterecet

257 5669 1046 5784 jguﬁggtgtu’eicidere
1077 5669 1262 5754 p'osse
1287 5669 1412 5737 non
1436 5678 1803 5737 dubitarent.
1837 5678 1931 5735 Sic

1096 4391 1346 4449 Codices
1403 4389 1681 4447 nonnulli
1746 4408 1909 4464 προσ-

2094 3265 2176 3317 18.
2212 3263 2399 3317 Omne
2430 3262 2591 3317 enim
2622 3262 2963 3318 animarum
3006 3263 3297 3319 auxilium
3339 3278 3447 3335 per
3474 3263 3677 3335 ipsum

2019 3354 2127 3420 est,
2151 3355 2332 3422 atque
2354 3350 2527 3420 juxta
2554 3350 2794 3420 singula
2814 3350 3070 3406 curandi
3098 3367 3167 3407 ac
3198 3349 3558 3423 providendi
3584 3362 3681 3420 ge-

2018 3455 2167 3496 nera
2191 3440 2526 3509 excogitata
2557 3446 2645 3495 est
2671 3441 2992 3512 peculiaris
3022 3442 3306 3514 quendam
3334 3440 3678 3513 appellatio.

2022 3532 2170 3586 Cum
2184 3530 2344 3586 enim
2354 3529 2623 3586 animam
2637 3530 3202 3597 incontaminatam,
3218 3547 3340 3587 non
3354 3531 3680 3587 habentem

2022 3619 2327 3677 maculam
2368 3624 2470 3675 aut
2508 3636 2747 3690 rugam,
2784 3620 2965 3693 quasi
2994 3638 3213 3693 puram
3244 3622 3541 3691 virginem
3568 3622 3683 3679 sibi

2024 3708 2099 3764 ad
2103 3709 2123 3779 j
2135 3708 2322 3777 ungit,
2339 3724 2598 3781 sponsus
2614 3708 2978 3781 appellatur;
3004 3726 3142 3765 cum
3164 3726 3308 3766 vero
3326 3725 3461 3767 eam
3480 3711 3682 3783 pravis

2026 3797 2255 3854 diaboli
2278 3798 2473 3870 plagis
2512 3798 2863 3855 afﬂictatam
2894 3799 3125 3871 recipit,
3156 3816 3228 3856 ac
3259 3800 3520 3872 peccatis
3550 3816 3684 3870 gra-

2023 3888 2169 3945 viter
2211 3887 2588 3944 laborantem
2629 3892 2824 3953 sanat,
2859 3889 3129 3944 medicus
3158 3895 3430 3946 vocatur.
3476 3891 3683 3946 Utrum

2022 3978 2201 4049 igitur
2219 3978 2385 4050 quod
2406 3978 2570 4035 hisce
2592 3978 2793 4035 modis
2818 3977 3009 4035 nostri
3030 3994 3237 4035 curam
3260 3979 3432 4051 gerit,
3463 3980 3685 4051 cogita-

1969 4189 2017 4230 ⁶²
2060 4189 2273 4266 Philip.
2298 4208 2359 4261 ιι,
2399 4197 2480 4262 10,
2510 4198 2600 4249 11.

2021 4388 2361 4461 Cyprianus
2394 4405 2597 4445 coram
2620 4388 2985 4461 proconsule
3008 4388 3241 4445 aiebat:
3278 4390 3450 4445 Bona
3483 4390 3690 4445 volun-

2026 4468 2140 4524 tas,
2175 4477 2303 4532 quae
2331 4463 2515 4517 Deum
2544 4464 2729 4523 novit,
2765 4463 3078 4516 immutari
3105 4478 3224 4516 non
3266 4466 3500 4532 potest:
3548 4462 3684 4532 Act.

2026 4531 2231 4595 martl,
2266 4548 2323 4604 p.
2357 4536 2480 4587 216.
2518 4534 2609 4589 Sic
2655 4533 2836 4587 etlam
2868 4536 2923 4588 S.
2974 4532 3241 4588 Felicitas
3276 4531 3481 4586 Publio
3515 4531 3688 4587 Urbis

2026 4604 2308 4676 praefecto
2330 4604 2596 4659 dicebat:
2621 4605 2743 4659 Nec
2766 4604 3193 4676 blandimentis
3214 4605 3331 4676 tuis
3352 4605 3691 4676 resotvipo-

2030 4674 2178 4744 tero,
2211 4692 2319 4731 nec
2341 4676 2673 4731 terroribus
2703 4677 2937 4746 frangi.
2974 4679 3035 4730 Et
3063 4675 3224 4729 Felix
3248 4675 3405 4729 illius
3429 4674 3689 4730 ﬁliorum

2029 4753 2173 4803 natu
2199 4747 2503 4803 secundus
2529 4765 2540 4802 :
2573 4750 2934 4803 Immineant
2967 4748 3232 4812 verbera,
3261 4752 3414 4801 stent
3439 4752 3691 4803 cruenta

2032 4821 2320 4891 consilia;
2346 4820 2494 4887 ﬁdes
2516 4825 2724 4875 nostra
2757 4834 2865 4874 nec
2895 4819 3057 4873 vinci
3082 4823 3271 4891 potest
3304 4832 3412 4873 nec
3441 4819 3688 4873 mutari.

2035 4890 2379 4947 Basiliusin
2404 4892 2621 4960 psalm.
2657 4906 2751 4954 vn,
2786 4905 2843 4960 p.
2882 4893 3003 4957 103,
3029 4890 3229 4958 gratiae
3259 4894 3578 4961 acceptum
3605 4906 3692 4946 re-

2032 4963 2143 5019 fert
2172 4968 2403 5018 rectum
2427 4962 2573 5032 justi
2603 4962 2980 5032 propositum
3011 4967 3067 5016 et
3101 4962 3315 5017 mentis
3344 4961 3691 5019 immutabi-

2030 5034 2278 5090 litatem.
2310 5037 2450 5101 Reg.
2481 5038 2546 5089 39
2578 5033 2822 5099 MoraL,
2852 5049 2911 5104 p.
2939 5036 3064 5087 263.

2106 5106 2629 5177 (98)7'E1rt_o'rato'iaq.
2680 5106 2819 5177 Reg.
2854 5102 3082 5177 'tertius
3129 5102 3426 5177 βασιλείας.
3483 5108 3613 5162 Mox
3659 5119 3691 5159 e

2032 5176 2336 5233 veteribus
2382 5175 2549 5231 libris
2593 5176 2939 5249 conjunctio
2970 5180 3060 5227 καί
3100 5175 3311 5249 addita
3340 5180 3492 5249 ante
3538 5178 3692 5249 θύρα,

2034 5248 2751 5328 eademq_ue_auctoritate
2780 5247 3031 5304 verbum
3067 5253 3195 5319 φησί
3225 5247 3530 5305 sublatum
3560 5247 3697 5320 post

2038 5336 2249 5376 vocem
2283 5339 2405 5371 suou
2419 5363 2431 5374 .

2109 5394 2217 5461 (99)
2258 5376 2344 5451 ’ἀς
2372 5394 2523 5463 θύρα.
2558 5391 2708 5447 Editi
2738 5391 2973 5447 addunt
3001 5395 3090 5443 καὶ
3123 5394 3191 5452 ὡς
3220 5394 3436 5463 ποιμήν,
3469 5389 3573 5445 sed
3605 5405 3696 5445 as-

2038 5444 2261 5518 sentior
2288 5444 2789 5519 Combeﬁsiohas
2810 5479 2986 5519 voces
3006 5444 3366 5531 rejiciendas
3394 5444 3523 5519 e'sse
3549 5480 3561 5527 ;
3585 5477 3697 5517 nec

2036 5534 2318 5605 leguntur
2358 5536 2417 5590 in
2445 5535 2642 5605 tribus
2674 5534 3006 5591 codicibus.
3056 5533 3237 5591 Paulo
3278 5539 3415 5605 post
3454 5533 3695 5591 codices

2040 5603 2186 5663 mss.
2221 5604 2399 5671 δόξαν.
2434 5607 2585 5663 Editi
2616 5603 2945 5679 δοξολογίαν.
