  <div class='ocr_page' id='page_1' title='image "/cluster/home/n/w/nwhite01/storage/ocr_20150623/32:no.4/coo.31924054869296/057.png"; bbox 0 0 4154 6384; ppageno 0'>
   <div class='ocr_carea' id='block_1_1' title="bbox 654 303 721 356">
    <p class='ocr_par' dir='ltr' id='par_1_1' title="bbox 654 303 721 356">
     <span class='ocr_line' id='line_1_1' title="bbox 654 303 721 356; baseline -0.015 0"><span class='ocrx_word' id='word_1_1' title='bbox 654 303 721 356; x_wconf 88' lang='grc'>99</span> 
     </span>
    </p>
   </div>
   <div class='ocr_carea' id='block_1_2' title="bbox 2023 295 2661 354">
    <p class='ocr_par' dir='ltr' id='par_1_2' title="bbox 2023 295 2661 354">
     <span class='ocr_line' id='line_1_2' title="bbox 2023 295 2661 354; baseline -0.009 0"><span class='ocrx_word' id='word_1_2' title='bbox 2023 299 2058 354; x_wconf 89' lang='lat' dir='ltr'>S</span> <span class='ocrx_word' id='word_1_3' title='bbox 2075 339 2088 353; x_wconf 95' lang='lat'>.</span> <span class='ocrx_word' id='word_1_4' title='bbox 2131 295 2381 352; x_wconf 71' lang='lat' dir='ltr'>BASlLll</span> <span class='ocrx_word' id='word_1_5' title='bbox 2420 295 2661 350; x_wconf 76' lang='lat' dir='ltr'>MAGNI.</span> 
     </span>
    </p>
   </div>
   <div class='ocr_carea' id='block_1_3' title="bbox 3903 303 3991 357">
    <p class='ocr_par' dir='ltr' id='par_1_3' title="bbox 3903 303 3991 357">
     <span class='ocr_line' id='line_1_3' title="bbox 3903 303 3991 357; baseline 0.034 -3"><span class='ocrx_word' id='word_1_6' title='bbox 3903 303 3991 357; x_wconf 90' lang='lat' dir='ltr'>l00</span> 
     </span>
    </p>
   </div>
   <div class='ocr_carea' id='block_1_4' title="bbox 651 413 2290 493">
    <p class='ocr_par' dir='ltr' id='par_1_4' title="bbox 651 413 2288 493">
     <span class='ocr_line' id='line_1_4' title="bbox 651 413 2288 493; baseline -0.004 -11"><span class='ocrx_word' id='word_1_7' title='bbox 651 425 848 482; x_wconf 78' lang='lat' dir='ltr'>tiones</span> <span class='ocrx_word' id='word_1_8' title='bbox 875 427 1118 481; x_wconf 88' lang='lat' dir='ltr'>nostras</span> <span class='ocrx_word' id='word_1_9' title='bbox 1147 439 1220 480; x_wconf 90' lang='lat' dir='ltr'>eo</span> <span class='ocrx_word' id='word_1_10' title='bbox 1243 413 1529 493; x_wconf 85' lang='lat' dir='ltr'>deducet,</span> <span class='ocrx_word' id='word_1_11' title='bbox 1557 427 1622 480; x_wconf 92' lang='lat' dir='ltr'>ut</span> <span class='ocrx_word' id='word_1_12' title='bbox 1649 423 1940 481; x_wconf 75' lang='lat' dir='ltr'>humilius</span> <span class='ocrx_word' id='word_1_13' title='bbox 1970 423 2045 479; x_wconf 88' lang='lat' dir='ltr'>de</span> <span class='ocrx_word' id='word_1_14' title='bbox 2074 438 2145 478; x_wconf 92' lang='lat' dir='ltr'>eo</span> <span class='ocrx_word' id='word_1_15' title='bbox 2178 435 2288 477; x_wconf 85' lang='lat' dir='ltr'>seu</span> 
     </span>
    </p>
   </div>
   <div class='ocr_carea' id='block_1_5' title="bbox 2401 413 3992 493">
    <p class='ocr_par' dir='ltr' id='par_1_5' title="bbox 2420 419 3992 492">
     <span class='ocr_line' id='line_1_5' title="bbox 2420 419 3992 492; baseline 0.004 -21"><span class='ocrx_word' id='word_1_16' title='bbox 2420 423 2646 492; x_wconf 86' lang='grc' dir='ltr'><strong>γισμούς</strong></span> <span class='ocrx_word' id='word_1_17' title='bbox 2705 420 3069 492; x_wconf 71' lang='grc' dir='ltr'><strong>κατάγουσινς</strong></span> <span class='ocrx_word' id='word_1_18' title='bbox 3137 419 3167 479; x_wconf 72' lang='grc' dir='ltr'>ᾖ</span> <span class='ocrx_word' id='word_1_19' title='bbox 3221 423 3279 473; x_wconf 87' lang='grc' dir='ltr'><strong>τὸ</strong></span> <span class='ocrx_word' id='word_1_20' title='bbox 3345 420 3566 474; x_wconf 77' lang='grc' dir='ltr'><strong>ἐναντίον</strong></span> <span class='ocrx_word' id='word_1_21' title='bbox 3617 421 3851 486; x_wconf 77' lang='grc' dir='ltr'><strong>ἔκπληξιν</strong></span> <span class='ocrx_word' id='word_1_22' title='bbox 3910 434 3992 488; x_wconf 83' lang='grc' dir='ltr'><strong>τῆς</strong></span> 
     </span>
    </p>
   </div>
   <div class='ocr_carea' id='block_1_6' title="bbox 650 510 2311 586">
    <p class='ocr_par' dir='ltr' id='par_1_6' title="bbox 650 510 2311 586">
     <span class='ocr_line' id='line_1_6' title="bbox 650 510 2311 586; baseline -0.003 -16"><span class='ocrx_word' id='word_1_23' title='bbox 650 515 878 571; x_wconf 87' lang='lat' dir='ltr'>tiamus</span> <span class='ocrx_word' id='word_1_24' title='bbox 899 516 926 570; x_wconf 65' lang='grc' dir='ltr'><strong><em>Ἰ</em></strong></span> <span class='ocrx_word' id='word_1_25' title='bbox 957 531 1035 571; x_wconf 90' lang='lat' dir='ltr'>an</span> <span class='ocrx_word' id='word_1_26' title='bbox 1066 515 1266 586; x_wconf 79' lang='lat' dir='ltr'>potius</span> <span class='ocrx_word' id='word_1_27' title='bbox 1289 530 1319 568; x_wconf 92' lang='lat' dir='ltr'>e</span> <span class='ocrx_word' id='word_1_28' title='bbox 1349 513 1589 569; x_wconf 88' lang='lat' dir='ltr'>diverso</span> <span class='ocrx_word' id='word_1_29' title='bbox 1620 513 1853 581; x_wconf 81' lang='lat' dir='ltr'>efﬁciet,</span> <span class='ocrx_word' id='word_1_30' title='bbox 1886 518 1952 569; x_wconf 91' lang='lat' dir='ltr'>ut</span> <span class='ocrx_word' id='word_1_31' title='bbox 1980 510 2311 569; x_wconf 90' lang='lat' dir='ltr'>Servatoris</span> 
     </span>
    </p>
   </div>
   <div class='ocr_carea' id='block_1_7' title="bbox 650 603 2310 675">
    <p class='ocr_par' dir='ltr' id='par_1_7' title="bbox 650 603 2310 675">
     <span class='ocr_line' id='line_1_7' title="bbox 650 603 2310 675; baseline -0.004 -15"><span class='ocrx_word' id='word_1_32' title='bbox 650 610 709 660; x_wconf 90' lang='lat' dir='ltr'>et</span> <span class='ocrx_word' id='word_1_33' title='bbox 749 605 1054 674; x_wconf 79' lang='lat' dir='ltr'>ingentem</span> <span class='ocrx_word' id='word_1_34' title='bbox 1094 604 1426 675; x_wconf 78' lang='lat' dir='ltr'>potentiam</span> <span class='ocrx_word' id='word_1_35' title='bbox 1458 608 1514 658; x_wconf 91' lang='lat' dir='ltr'>et</span> <span class='ocrx_word' id='word_1_36' title='bbox 1541 603 1986 659; x_wconf 79' lang='lat' dir='ltr'>humanitatem</span> <span class='ocrx_word' id='word_1_37' title='bbox 2029 617 2176 670; x_wconf 91' lang='lat' dir='ltr'>erga</span> <span class='ocrx_word' id='word_1_38' title='bbox 2200 615 2310 655; x_wconf 88' lang='lat' dir='ltr'>nos</span> 
     </span>
    </p>
   </div>
   <div class='ocr_carea' id='block_1_8' title="bbox 650 689 2312 766">
    <p class='ocr_par' dir='ltr' id='par_1_8' title="bbox 650 689 2312 766">
     <span class='ocr_line' id='line_1_8' title="bbox 650 689 2312 766; baseline -0.004 -16"><span class='ocrx_word' id='word_1_39' title='bbox 650 694 1224 766; x_wconf 87' lang='lat' dir='ltr'>admiremur,quod</span> <span class='ocrx_word' id='word_1_40' title='bbox 1252 700 1309 749; x_wconf 94' lang='lat' dir='ltr'>et</span> <span class='ocrx_word' id='word_1_41' title='bbox 1333 694 1598 766; x_wconf 86' lang='lat' dir='ltr'>compati</span> <span class='ocrx_word' id='word_1_42' title='bbox 1619 694 1838 749; x_wconf 86' lang='lat' dir='ltr'>nostris</span> <span class='ocrx_word' id='word_1_43' title='bbox 1859 689 2312 748; x_wconf 88' lang='lat' dir='ltr'>inﬁrmitatibus</span> 
     </span>
    </p>
   </div>
   <div class='ocr_carea' id='block_1_9' title="bbox 651 779 2310 853">
    <p class='ocr_par' dir='ltr' id='par_1_9' title="bbox 651 779 2310 853">
     <span class='ocr_line' id='line_1_9' title="bbox 651 779 2310 853; baseline -0.004 -14"><span class='ocrx_word' id='word_1_44' title='bbox 651 784 960 848; x_wconf 86' lang='lat' dir='ltr'>sustinuit,</span> <span class='ocrx_word' id='word_1_45' title='bbox 992 788 1050 840; x_wconf 90' lang='lat' dir='ltr'>et</span> <span class='ocrx_word' id='word_1_46' title='bbox 1077 800 1138 838; x_wconf 89' lang='lat' dir='ltr'>se</span> <span class='ocrx_word' id='word_1_47' title='bbox 1162 783 1238 838; x_wconf 91' lang='lat' dir='ltr'>ad</span> <span class='ocrx_word' id='word_1_48' title='bbox 1271 788 1542 839; x_wconf 89' lang='lat' dir='ltr'>nostram</span> <span class='ocrx_word' id='word_1_49' title='bbox 1571 782 1978 838; x_wconf 80' lang='lat' dir='ltr'>inﬁrmitatem</span> <span class='ocrx_word' id='word_1_50' title='bbox 2003 780 2194 853; x_wconf 92' lang='lat' dir='ltr'>potuit</span> <span class='ocrx_word' id='word_1_51' title='bbox 2212 779 2310 834; x_wconf 85' lang='lat' dir='ltr'>de-</span> 
     </span>
    </p>
   </div>
   <div class='ocr_carea' id='block_1_10' title="bbox 648 871 2309 946">
    <p class='ocr_par' dir='ltr' id='par_1_10' title="bbox 648 871 2309 946">
     <span class='ocr_line' id='line_1_10' title="bbox 648 871 2309 946; baseline -0.003 -16"><span class='ocrx_word' id='word_1_52' title='bbox 648 874 880 930; x_wconf 82' lang='lat' dir='ltr'>mittere</span> <span class='ocrx_word' id='word_1_53' title='bbox 899 875 926 930; x_wconf 88' lang='lat'><strong>?</strong></span> <span class='ocrx_word' id='word_1_54' title='bbox 955 877 1156 946; x_wconf 82' lang='lat' dir='ltr'>Neque</span> <span class='ocrx_word' id='word_1_55' title='bbox 1180 873 1340 928; x_wconf 90' lang='lat' dir='ltr'>enim</span> <span class='ocrx_word' id='word_1_56' title='bbox 1357 873 1574 928; x_wconf 74' lang='lat' dir='ltr'>coelum</span> <span class='ocrx_word' id='word_1_57' title='bbox 1595 888 1666 928; x_wconf 90' lang='lat' dir='ltr'>ac</span> <span class='ocrx_word' id='word_1_58' title='bbox 1692 878 1867 941; x_wconf 89' lang='lat' dir='ltr'>terra,</span> <span class='ocrx_word' id='word_1_59' title='bbox 1885 871 2309 942; x_wconf 87' lang='lat' dir='ltr'>immensaque</span> 
     </span>
    </p>
   </div>
   <div class='ocr_carea' id='block_1_11' title="bbox 650 959 2312 1035">
    <p class='ocr_par' dir='ltr' id='par_1_11' title="bbox 650 959 2312 1035">
     <span class='ocr_line' id='line_1_11' title="bbox 650 959 2312 1035; baseline -0.003 -16"><span class='ocrx_word' id='word_1_60' title='bbox 650 963 863 1030; x_wconf 87' lang='lat' dir='ltr'>maria,</span> <span class='ocrx_word' id='word_1_61' title='bbox 891 980 1002 1021; x_wconf 89' lang='lat' dir='ltr'>nec</span> <span class='ocrx_word' id='word_1_62' title='bbox 1032 963 1384 1028; x_wconf 88' lang='lat' dir='ltr'>animantia,</span> <span class='ocrx_word' id='word_1_63' title='bbox 1418 961 1508 1018; x_wconf 83' lang='lat' dir='ltr'>vel</span> <span class='ocrx_word' id='word_1_64' title='bbox 1528 963 1586 1018; x_wconf 91' lang='lat' dir='ltr'>in</span> <span class='ocrx_word' id='word_1_65' title='bbox 1612 962 1786 1035; x_wconf 86' lang='lat' dir='ltr'>aquis</span> <span class='ocrx_word' id='word_1_66' title='bbox 1808 962 1902 1018; x_wconf 85' lang='lat' dir='ltr'>vel</span> <span class='ocrx_word' id='word_1_67' title='bbox 1922 963 1982 1017; x_wconf 91' lang='lat' dir='ltr'>in</span> <span class='ocrx_word' id='word_1_68' title='bbox 2015 961 2181 1017; x_wconf 89' lang='lat' dir='ltr'>terris</span> <span class='ocrx_word' id='word_1_69' title='bbox 2212 959 2312 1014; x_wconf 89' lang='lat' dir='ltr'>de-</span> 
     </span>
    </p>
   </div>
   <div class='ocr_carea' id='block_1_12' title="bbox 648 1048 2312 1125">
    <p class='ocr_par' dir='ltr' id='par_1_12' title="bbox 648 1048 2312 1125">
     <span class='ocr_line' id='line_1_12' title="bbox 648 1048 2312 1125; baseline -0.004 -15"><span class='ocrx_word' id='word_1_70' title='bbox 648 1055 871 1123; x_wconf 88' lang='lat' dir='ltr'>gentia,</span> <span class='ocrx_word' id='word_1_71' title='bbox 903 1069 1014 1110; x_wconf 92' lang='lat' dir='ltr'>nec</span> <span class='ocrx_word' id='word_1_72' title='bbox 1046 1053 1286 1125; x_wconf 78' lang='lat' dir='ltr'>plantae,</span> <span class='ocrx_word' id='word_1_73' title='bbox 1322 1068 1433 1109; x_wconf 89' lang='lat' dir='ltr'>nec</span> <span class='ocrx_word' id='word_1_74' title='bbox 1477 1059 1660 1120; x_wconf 88' lang='lat' dir='ltr'>astra,</span> <span class='ocrx_word' id='word_1_75' title='bbox 1693 1067 1802 1108; x_wconf 92' lang='lat' dir='ltr'>nec</span> <span class='ocrx_word' id='word_1_76' title='bbox 1837 1067 1958 1121; x_wconf 85' lang='lat' dir='ltr'>aer,</span> <span class='ocrx_word' id='word_1_77' title='bbox 2008 1067 2120 1107; x_wconf 91' lang='lat' dir='ltr'>nec</span> <span class='ocrx_word' id='word_1_78' title='bbox 2167 1048 2312 1105; x_wconf 91' lang='lat' dir='ltr'>anni</span> 
     </span>
    </p>
   </div>
   <div class='ocr_carea' id='block_1_13' title="bbox 645 1138 2308 1215">
    <p class='ocr_par' dir='ltr' id='par_1_13' title="bbox 645 1138 2308 1215">
     <span class='ocr_line' id='line_1_13' title="bbox 645 1138 2308 1215; baseline -0.004 -16"><span class='ocrx_word' id='word_1_79' title='bbox 645 1148 940 1215; x_wconf 87' lang='lat' dir='ltr'>tempora,</span> <span class='ocrx_word' id='word_1_80' title='bbox 964 1158 1075 1198; x_wconf 90' lang='lat' dir='ltr'>nec</span> <span class='ocrx_word' id='word_1_81' title='bbox 1097 1142 1404 1215; x_wconf 82' lang='lat' dir='ltr'>multiplex</span> <span class='ocrx_word' id='word_1_82' title='bbox 1426 1142 1692 1197; x_wconf 89' lang='lat' dir='ltr'>universi</span> <span class='ocrx_word' id='word_1_83' title='bbox 1715 1147 1964 1198; x_wconf 87' lang='lat' dir='ltr'>ornatus</span> <span class='ocrx_word' id='word_1_84' title='bbox 2018 1138 2308 1196; x_wconf 86' lang='lat' dir='ltr'>excellen-</span> 
     </span>
    </p>
   </div>
   <div class='ocr_carea' id='block_1_14' title="bbox 645 1229 2308 1303">
    <p class='ocr_par' dir='ltr' id='par_1_14' title="bbox 645 1229 2308 1303">
     <span class='ocr_line' id='line_1_14' title="bbox 645 1229 2308 1303; baseline -0.002 -16"><span class='ocrx_word' id='word_1_85' title='bbox 645 1232 789 1288; x_wconf 86' lang='lat' dir='ltr'>tiam</span> <span class='ocrx_word' id='word_1_86' title='bbox 830 1232 1110 1303; x_wconf 65' lang='lat' dir='ltr'>potentiae</span> <span class='ocrx_word' id='word_1_87' title='bbox 1159 1231 1316 1286; x_wconf 91' lang='lat' dir='ltr'>illius</span> <span class='ocrx_word' id='word_1_88' title='bbox 1362 1231 1613 1303; x_wconf 90' lang='lat' dir='ltr'>perinde</span> <span class='ocrx_word' id='word_1_89' title='bbox 1662 1229 2071 1294; x_wconf 90' lang='lat' dir='ltr'>commendat,</span> <span class='ocrx_word' id='word_1_90' title='bbox 2128 1233 2308 1300; x_wconf 88' lang='lat' dir='ltr'>atque</span> 
     </span>
    </p>
   </div>
   <div class='ocr_carea' id='block_1_15' title="bbox 642 1315 2306 1393">
    <p class='ocr_par' dir='ltr' id='par_1_15' title="bbox 642 1315 2306 1393">
     <span class='ocr_line' id='line_1_15' title="bbox 642 1315 2306 1393; baseline -0.004 -16"><span class='ocrx_word' id='word_1_91' title='bbox 642 1321 809 1393; x_wconf 91' lang='lat' dir='ltr'>quod</span> <span class='ocrx_word' id='word_1_92' title='bbox 854 1324 1008 1377; x_wconf 91' lang='lat' dir='ltr'>Deus</span> <span class='ocrx_word' id='word_1_93' title='bbox 1039 1320 1668 1392; x_wconf 86' lang='lat' dir='ltr'>incomprehensibilis</span> <span class='ocrx_word' id='word_1_94' title='bbox 1697 1321 1888 1392; x_wconf 89' lang='lat' dir='ltr'>potuit</span> <span class='ocrx_word' id='word_1_95' title='bbox 1919 1315 2024 1391; x_wconf 78' lang='lat' dir='ltr'>p&#39;er</span> <span class='ocrx_word' id='word_1_96' title='bbox 2061 1332 2306 1374; x_wconf 88' lang='lat' dir='ltr'>carnem</span> 
     </span>
    </p>
   </div>
   <div class='ocr_carea' id='block_1_16' title="bbox 641 1407 2308 1473">
    <p class='ocr_par' dir='ltr' id='par_1_16' title="bbox 641 1407 2308 1473">
     <span class='ocr_line' id='line_1_16' title="bbox 641 1407 2308 1473; baseline -0.004 -7"><span class='ocrx_word' id='word_1_97' title='bbox 641 1412 790 1467; x_wconf 89' lang='lat' dir='ltr'>citra</span> <span class='ocrx_word' id='word_1_98' title='bbox 815 1426 1040 1466; x_wconf 83' lang='lat' dir='ltr'>noxam</span> <span class='ocrx_word' id='word_1_99' title='bbox 1072 1427 1212 1465; x_wconf 90' lang='lat' dir='ltr'>cum</span> <span class='ocrx_word' id='word_1_100' title='bbox 1252 1415 1444 1466; x_wconf 91' lang='lat' dir='ltr'>morte</span> <span class='ocrx_word' id='word_1_101' title='bbox 1491 1408 1842 1473; x_wconf 82' lang='lat' dir='ltr'>conflictari,</span> <span class='ocrx_word' id='word_1_102' title='bbox 1891 1413 1955 1464; x_wconf 90' lang='lat' dir='ltr'>ut</span> <span class='ocrx_word' id='word_1_103' title='bbox 1984 1407 2162 1463; x_wconf 92' lang='lat' dir='ltr'>nobis</span> <span class='ocrx_word' id='word_1_104' title='bbox 2193 1421 2308 1461; x_wconf 89' lang='lat' dir='ltr'>sua</span> 
     </span>
    </p>
   </div>
   <div class='ocr_carea' id='block_1_17' title="bbox 641 1495 2306 1574">
    <p class='ocr_par' dir='ltr' id='par_1_17' title="bbox 641 1495 2306 1574">
     <span class='ocr_line' id='line_1_17' title="bbox 641 1495 2306 1574; baseline -0.004 -18"><span class='ocrx_word' id='word_1_105' title='bbox 641 1501 834 1573; x_wconf 86' lang='lat' dir='ltr'>ipsius</span> <span class='ocrx_word' id='word_1_106' title='bbox 859 1500 1143 1574; x_wconf 90' lang='lat' dir='ltr'>passione</span> <span class='ocrx_word' id='word_1_107' title='bbox 1174 1500 1488 1570; x_wconf 87' lang='lat' dir='ltr'>largiretur</span> <span class='ocrx_word' id='word_1_108' title='bbox 1503 1499 2043 1560; x_wconf 85' lang='lat' dir='ltr'>immortalitatem,</span> <span class='ocrx_word' id='word_1_109' title='bbox 2065 1495 2231 1569; x_wconf 92' lang='lat' dir='ltr'>quod</span> <span class='ocrx_word' id='word_1_110' title='bbox 2256 1495 2306 1550; x_wconf 89' lang='lat' dir='ltr'>si</span> 
     </span>
    </p>
   </div>
   <div class='ocr_carea' id='block_1_18' title="bbox 644 1590 2304 1664">
    <p class='ocr_par' dir='ltr' id='par_1_18' title="bbox 644 1590 2304 1664">
     <span class='ocr_line' id='line_1_18' title="bbox 644 1590 2304 1664; baseline -0.004 -17"><span class='ocrx_word' id='word_1_111' title='bbox 644 1590 968 1664; x_wconf 83' lang='lat' dir='ltr'>Apostolus</span> <span class='ocrx_word' id='word_1_112' title='bbox 999 1590 1116 1646; x_wconf 91' lang='lat' dir='ltr'>ait:</span> <span class='ocrx_word' id='word_1_113' title='bbox 1145 1591 1214 1645; x_wconf 85' lang='lat' dir='ltr'>In</span> <span class='ocrx_word' id='word_1_114' title='bbox 1238 1591 1330 1646; x_wconf 82' lang='lat' dir='ltr'>his</span> <span class='ocrx_word' id='word_1_115' title='bbox 1349 1590 1624 1646; x_wconf 83' lang='lat' dir='ltr'>omnibus</span> <span class='ocrx_word' id='word_1_116' title='bbox 1650 1604 2004 1659; x_wconf 79' lang='lat' dir='ltr'>superamus</span> <span class='ocrx_word' id='word_1_117' title='bbox 2029 1601 2143 1656; x_wconf 83' lang='lat' dir='ltr'>per</span> <span class='ocrx_word' id='word_1_118' title='bbox 2171 1601 2304 1642; x_wconf 92' lang='lat' dir='ltr'>eum</span> 
     </span>
    </p>
   </div>
   <div class='ocr_carea' id='block_1_19' title="bbox 643 1674 2304 1755">
    <p class='ocr_par' dir='ltr' id='par_1_19' title="bbox 643 1674 2304 1755">
     <span class='ocr_line' id='line_1_19' title="bbox 643 1674 2304 1755; baseline -0.004 -18"><span class='ocrx_word' id='word_1_119' title='bbox 643 1685 747 1755; x_wconf 87' lang='lat' dir='ltr'>qui</span> <span class='ocrx_word' id='word_1_120' title='bbox 788 1683 1005 1738; x_wconf 76' lang='lat' dir='ltr'>dilexit</span> <span class='ocrx_word' id='word_1_121' title='bbox 1050 1695 1156 1736; x_wconf 83' lang='lat' dir='ltr'>nos</span> <span class='ocrx_word' id='word_1_122' title='bbox 1177 1682 1264 1735; x_wconf 72' lang='lat'>53:</span> <span class='ocrx_word' id='word_1_123' title='bbox 1315 1695 1708 1752; x_wconf 86' lang='lat' dir='ltr'>nequaquam</span> <span class='ocrx_word' id='word_1_124' title='bbox 1738 1679 1856 1735; x_wconf 89' lang='lat' dir='ltr'>hac</span> <span class='ocrx_word' id='word_1_125' title='bbox 1899 1693 2048 1733; x_wconf 92' lang='lat' dir='ltr'>voce</span> <span class='ocrx_word' id='word_1_126' title='bbox 2077 1674 2304 1732; x_wconf 89' lang='lat' dir='ltr'>humile</span> 
     </span>
    </p>
   </div>
   <div class='ocr_carea' id='block_1_20' title="bbox 639 1765 2302 1845">
    <p class='ocr_par' dir='ltr' id='par_1_20' title="bbox 639 1765 2302 1845">
     <span class='ocr_line' id='line_1_20' title="bbox 639 1765 2302 1845; baseline -0.005 -19"><span class='ocrx_word' id='word_1_127' title='bbox 639 1771 950 1845; x_wconf 85' lang='lat' dir='ltr'>quoddam</span> <span class='ocrx_word' id='word_1_128' title='bbox 971 1770 1374 1826; x_wconf 91' lang='lat' dir='ltr'>ministerium</span> <span class='ocrx_word' id='word_1_129' title='bbox 1391 1769 1755 1837; x_wconf 89' lang='lat' dir='ltr'>indicat,sed</span> <span class='ocrx_word' id='word_1_130' title='bbox 1772 1767 2064 1824; x_wconf 79' lang='lat' dir='ltr'>auxilium</span> <span class='ocrx_word' id='word_1_131' title='bbox 2077 1765 2302 1838; x_wconf 81' lang='lat' dir='ltr'>potius,</span> 
     </span>
    </p>
   </div>
   <div class='ocr_carea' id='block_1_21' title="bbox 638 1854 2299 1935">
    <p class='ocr_par' dir='ltr' id='par_1_21' title="bbox 638 1854 2299 1935">
     <span class='ocr_line' id='line_1_21' title="bbox 638 1854 2299 1935; baseline -0.004 -19"><span class='ocrx_word' id='word_1_132' title='bbox 638 1861 804 1935; x_wconf 89' lang='lat' dir='ltr'>quod</span> <span class='ocrx_word' id='word_1_133' title='bbox 825 1877 933 1933; x_wconf 92' lang='lat' dir='ltr'>per</span> <span class='ocrx_word' id='word_1_134' title='bbox 952 1859 1275 1932; x_wconf 90' lang='lat' dir='ltr'>imperium</span> <span class='ocrx_word' id='word_1_135' title='bbox 1289 1875 1411 1914; x_wconf 69' lang='lat' dir='ltr'>suae</span> <span class='ocrx_word' id='word_1_136' title='bbox 1425 1858 1703 1931; x_wconf 63' lang='lat' dir='ltr'>potentiae</span> <span class='ocrx_word' id='word_1_137' title='bbox 1716 1863 2003 1930; x_wconf 87' lang='lat' dir='ltr'>operatur</span> <span class='ocrx_word' id='word_1_138' title='bbox 2017 1857 2080 1912; x_wconf 87' lang='lat' dir='ltr'>in</span> <span class='ocrx_word' id='word_1_139' title='bbox 2101 1854 2299 1910; x_wconf 88' lang='lat' dir='ltr'>nobis.</span> 
     </span>
    </p>
   </div>
   <div class='ocr_carea' id='block_1_22' title="bbox 640 1947 2304 2024">
    <p class='ocr_par' dir='ltr' id='par_1_22' title="bbox 640 1947 2304 2024">
     <span class='ocr_line' id='line_1_22' title="bbox 640 1947 2304 2024; baseline -0.004 -18"><span class='ocrx_word' id='word_1_140' title='bbox 640 1950 946 2024; x_wconf 90' lang='lat' dir='ltr'>Siquidem</span> <span class='ocrx_word' id='word_1_141' title='bbox 975 1951 1176 2022; x_wconf 89' lang='lat' dir='ltr'>ipsum</span> <span class='ocrx_word' id='word_1_142' title='bbox 1203 1948 1468 2021; x_wconf 81' lang='lat' dir='ltr'>alligavit</span> <span class='ocrx_word' id='word_1_143' title='bbox 1487 1948 1724 2014; x_wconf 83' lang='lat' dir='ltr'>fortem,</span> <span class='ocrx_word' id='word_1_144' title='bbox 1757 1947 2125 2018; x_wconf 89' lang='lat' dir='ltr'>diripuitque</span> <span class='ocrx_word' id='word_1_145' title='bbox 2153 1957 2304 2000; x_wconf 87' lang='lat' dir='ltr'>vasa</span> 
     </span>
    </p>
   </div>
   <div class='ocr_carea' id='block_1_23' title="bbox 633 2035 2302 2111">
    <p class='ocr_par' dir='ltr' id='par_1_23' title="bbox 633 2035 2302 2111">
     <span class='ocr_line' id='line_1_23' title="bbox 633 2035 2302 2111; baseline -0.004 -15"><span class='ocrx_word' id='word_1_146' title='bbox 633 2039 875 2108; x_wconf 71' lang='lat' dir='ltr'>illius“,</span> <span class='ocrx_word' id='word_1_147' title='bbox 901 2039 1170 2095; x_wconf 77' lang='lat' dir='ltr'>videlicet</span> <span class='ocrx_word' id='word_1_148' title='bbox 1188 2054 1323 2108; x_wconf 90' lang='lat' dir='ltr'>nos,</span> <span class='ocrx_word' id='word_1_149' title='bbox 1344 2037 1568 2111; x_wconf 90' lang='lat' dir='ltr'>quibus</span> <span class='ocrx_word' id='word_1_150' title='bbox 1593 2037 1671 2094; x_wconf 90' lang='lat' dir='ltr'>ad</span> <span class='ocrx_word' id='word_1_151' title='bbox 1698 2038 1908 2094; x_wconf 89' lang='lat' dir='ltr'>omnia</span> <span class='ocrx_word' id='word_1_152' title='bbox 1925 2035 2092 2093; x_wconf 90' lang='lat' dir='ltr'>mala</span> <span class='ocrx_word' id='word_1_153' title='bbox 2115 2049 2302 2107; x_wconf 89' lang='lat' dir='ltr'>opera</span> 
     </span>
    </p>
   </div>
   <div class='ocr_carea' id='block_1_24' title="bbox 633 2126 2300 2200">
    <p class='ocr_par' dir='ltr' id='par_1_24' title="bbox 633 2126 2300 2200">
     <span class='ocr_line' id='line_1_24' title="bbox 633 2126 2300 2200; baseline -0.003 -14"><span class='ocrx_word' id='word_1_154' title='bbox 633 2129 829 2186; x_wconf 82' lang='lat' dir='ltr'>fuerat</span> <span class='ocrx_word' id='word_1_155' title='bbox 851 2129 1110 2197; x_wconf 88' lang='lat' dir='ltr'>abusus;</span> <span class='ocrx_word' id='word_1_156' title='bbox 1141 2128 1399 2200; x_wconf 84' lang='lat' dir='ltr'>fecitque</span> <span class='ocrx_word' id='word_1_157' title='bbox 1426 2143 1578 2183; x_wconf 87' lang='lat' dir='ltr'>vasa</span> <span class='ocrx_word' id='word_1_158' title='bbox 1606 2126 1775 2183; x_wconf 87' lang='lat' dir='ltr'>utilia</span> <span class='ocrx_word' id='word_1_159' title='bbox 1802 2126 2082 2190; x_wconf 92' lang='lat' dir='ltr'>Domino,</span> <span class='ocrx_word' id='word_1_160' title='bbox 2113 2139 2300 2196; x_wconf 84' lang='lat' dir='ltr'>appa-</span> 
     </span>
    </p>
   </div>
   <div class='ocr_carea' id='block_1_25' title="bbox 631 2213 2301 2291">
    <p class='ocr_par' dir='ltr' id='par_1_25' title="bbox 631 2213 2301 2291">
     <span class='ocr_line' id='line_1_25' title="bbox 631 2213 2301 2291; baseline -0.003 -16"><span class='ocrx_word' id='word_1_161' title='bbox 631 2225 795 2275; x_wconf 88' lang='lat' dir='ltr'>ratos</span> <span class='ocrx_word' id='word_1_162' title='bbox 827 2220 905 2275; x_wconf 90' lang='lat' dir='ltr'>ad</span> <span class='ocrx_word' id='word_1_163' title='bbox 945 2234 1126 2274; x_wconf 91' lang='lat' dir='ltr'>omne</span> <span class='ocrx_word' id='word_1_164' title='bbox 1170 2233 1327 2291; x_wconf 87' lang='lat' dir='ltr'>opus</span> <span class='ocrx_word' id='word_1_165' title='bbox 1358 2217 1591 2273; x_wconf 92' lang='lat' dir='ltr'>bonum</span> <span class='ocrx_word' id='word_1_166' title='bbox 1615 2217 1686 2282; x_wconf 70' lang='grc'>⁵⁵,</span> <span class='ocrx_word' id='word_1_167' title='bbox 1736 2231 1844 2288; x_wconf 90' lang='lat' dir='ltr'>per</span> <span class='ocrx_word' id='word_1_168' title='bbox 1869 2215 2041 2272; x_wconf 90' lang='lat' dir='ltr'>liberi</span> <span class='ocrx_word' id='word_1_169' title='bbox 2072 2213 2301 2276; x_wconf 89' lang='lat' dir='ltr'>arbitrii</span> 
     </span>
    </p>
   </div>
   <div class='ocr_carea' id='block_1_26' title="bbox 632 2303 2300 2382">
    <p class='ocr_par' dir='ltr' id='par_1_26' title="bbox 632 2303 2300 2382">
     <span class='ocr_line' id='line_1_26' title="bbox 632 2303 2300 2382; baseline -0.004 -16"><span class='ocrx_word' id='word_1_170' title='bbox 632 2311 820 2366; x_wconf 88' lang='lat' dir='ltr'>nostri</span> <span class='ocrx_word' id='word_1_171' title='bbox 852 2309 1383 2382; x_wconf 65' lang='lat' dir='ltr'>praeparationem.</span> <span class='ocrx_word' id='word_1_172' title='bbox 1411 2311 1528 2362; x_wconf 85' lang='lat' dir='ltr'>Hoc</span> <span class='ocrx_word' id='word_1_173' title='bbox 1551 2313 1728 2379; x_wconf 90' lang='lat' dir='ltr'>pacto</span> <span class='ocrx_word' id='word_1_174' title='bbox 1750 2321 2065 2362; x_wconf 88' lang='lat' dir='ltr'>accessum</span> <span class='ocrx_word' id='word_1_175' title='bbox 2088 2303 2161 2360; x_wconf 88' lang='lat' dir='ltr'>ad</span> <span class='ocrx_word' id='word_1_176' title='bbox 2192 2306 2300 2360; x_wconf 68' lang='lat' dir='ltr'>Pa-</span> 
     </span>
    </p>
   </div>
   <div class='ocr_carea' id='block_1_27' title="bbox 632 2396 2296 2471">
    <p class='ocr_par' dir='ltr' id='par_1_27' title="bbox 632 2396 2296 2471">
     <span class='ocr_line' id='line_1_27' title="bbox 632 2396 2296 2471; baseline -0.004 -15"><span class='ocrx_word' id='word_1_177' title='bbox 632 2406 784 2457; x_wconf 86' lang='lat' dir='ltr'>trem</span> <span class='ocrx_word' id='word_1_178' title='bbox 814 2399 1143 2456; x_wconf 87' lang='lat' dir='ltr'>habuimus</span> <span class='ocrx_word' id='word_1_179' title='bbox 1175 2414 1281 2471; x_wconf 86' lang='lat' dir='ltr'>per</span> <span class='ocrx_word' id='word_1_180' title='bbox 1322 2398 1544 2470; x_wconf 88' lang='lat' dir='ltr'>ipsum,</span> <span class='ocrx_word' id='word_1_181' title='bbox 1578 2396 1848 2452; x_wconf 89' lang='lat' dir='ltr'>translati</span> <span class='ocrx_word' id='word_1_182' title='bbox 1881 2397 1956 2452; x_wconf 91' lang='lat' dir='ltr'>de</span> <span class='ocrx_word' id='word_1_183' title='bbox 2001 2399 2296 2468; x_wconf 88' lang='lat' dir='ltr'>potestate</span> 
     </span>
    </p>
   </div>
   <div class='ocr_carea' id='block_1_28' title="bbox 631 2485 2291 2559">
    <p class='ocr_par' dir='ltr' id='par_1_28' title="bbox 631 2485 2291 2559">
     <span class='ocr_line' id='line_1_28' title="bbox 631 2485 2291 2559; baseline -0.004 -13"><span class='ocrx_word' id='word_1_184' title='bbox 631 2489 1019 2546; x_wconf 84' lang='lat' dir='ltr'>tenebrarum</span> <span class='ocrx_word' id='word_1_185' title='bbox 1034 2489 1093 2544; x_wconf 93' lang='lat' dir='ltr'>in</span> <span class='ocrx_word' id='word_1_186' title='bbox 1110 2493 1342 2559; x_wconf 89' lang='lat' dir='ltr'>partem</span> <span class='ocrx_word' id='word_1_187' title='bbox 1354 2487 1530 2543; x_wconf 89' lang='lat' dir='ltr'>sortis</span> <span class='ocrx_word' id='word_1_188' title='bbox 1544 2491 1891 2543; x_wconf 87' lang='lat' dir='ltr'>sanctorum</span> <span class='ocrx_word' id='word_1_189' title='bbox 1906 2485 2291 2540; x_wconf 71' lang='lat' dir='ltr'>inlumine“.</span> 
     </span>
    </p>
   </div>
   <div class='ocr_carea' id='block_1_29' title="bbox 633 2573 2293 2651">
    <p class='ocr_par' dir='ltr' id='par_1_29' title="bbox 633 2573 2293 2651">
     <span class='ocr_line' id='line_1_29' title="bbox 633 2573 2293 2651; baseline -0.002 -17"><span class='ocrx_word' id='word_1_190' title='bbox 633 2581 717 2636; x_wconf 86' lang='lat' dir='ltr'>Ne</span> <span class='ocrx_word' id='word_1_191' title='bbox 758 2580 940 2650; x_wconf 82' lang='lat' dir='ltr'>igitur</span> <span class='ocrx_word' id='word_1_192' title='bbox 979 2577 1497 2651; x_wconf 89' lang='lat' dir='ltr'>dispensationem</span> <span class='ocrx_word' id='word_1_193' title='bbox 1531 2575 1652 2632; x_wconf 82' lang='lat' dir='ltr'>Filii</span> <span class='ocrx_word' id='word_1_194' title='bbox 1691 2581 1967 2632; x_wconf 88' lang='lat' dir='ltr'>coactum</span> <span class='ocrx_word' id='word_1_195' title='bbox 1993 2591 2066 2630; x_wconf 90' lang='lat' dir='ltr'>ex</span> <span class='ocrx_word' id='word_1_196' title='bbox 2095 2573 2293 2631; x_wconf 81' lang='lat' dir='ltr'>servili</span> 
     </span>
    </p>
   </div>
   <div class='ocr_carea' id='block_1_30' title="bbox 631 2663 2294 2726">
    <p class='ocr_par' dir='ltr' id='par_1_30' title="bbox 631 2663 2294 2726">
     <span class='ocr_line' id='line_1_30' title="bbox 631 2663 2294 2726; baseline -0.004 0"><span class='ocrx_word' id='word_1_197' title='bbox 631 2669 969 2726; x_wconf 88' lang='lat' dir='ltr'>humilitate</span> <span class='ocrx_word' id='word_1_198' title='bbox 991 2667 1389 2723; x_wconf 88' lang='lat' dir='ltr'>ministerium</span> <span class='ocrx_word' id='word_1_199' title='bbox 1411 2665 1853 2721; x_wconf 84' lang='lat' dir='ltr'>existimemus:</span> <span class='ocrx_word' id='word_1_200' title='bbox 1884 2664 1992 2720; x_wconf 91' lang='lat' dir='ltr'>sed</span> <span class='ocrx_word' id='word_1_201' title='bbox 2019 2663 2294 2720; x_wconf 89' lang='lat' dir='ltr'>volunta-</span> 
     </span>
    </p>
   </div>
   <div class='ocr_carea' id='block_1_31' title="bbox 629 2752 2288 2822">
    <p class='ocr_par' dir='ltr' id='par_1_31' title="bbox 629 2752 2288 2822">
     <span class='ocr_line' id='line_1_31' title="bbox 629 2752 2288 2822; baseline -0.005 -7"><span class='ocrx_word' id='word_1_202' title='bbox 629 2760 782 2815; x_wconf 88' lang='lat' dir='ltr'>riam</span> <span class='ocrx_word' id='word_1_203' title='bbox 835 2757 1298 2814; x_wconf 88' lang='lat' dir='ltr'>sollicitudinem</span> <span class='ocrx_word' id='word_1_204' title='bbox 1340 2771 1412 2810; x_wconf 88' lang='lat' dir='ltr'>ex</span> <span class='ocrx_word' id='word_1_205' title='bbox 1460 2754 1728 2810; x_wconf 88' lang='lat' dir='ltr'>bonitate</span> <span class='ocrx_word' id='word_1_206' title='bbox 1761 2769 1828 2809; x_wconf 88' lang='lat' dir='ltr'>ac</span> <span class='ocrx_word' id='word_1_207' title='bbox 1860 2752 2288 2822; x_wconf 90' lang='lat' dir='ltr'>misericordia,</span> 
     </span>
    </p>
   </div>
   <div class='ocr_carea' id='block_1_32' title="bbox 623 2843 2291 2920">
    <p class='ocr_par' dir='ltr' id='par_1_32' title="bbox 623 2843 2291 2920">
     <span class='ocr_line' id='line_1_32' title="bbox 623 2843 2291 2920; baseline -0.004 -16"><span class='ocrx_word' id='word_1_208' title='bbox 623 2850 800 2920; x_wconf 89' lang='lat' dir='ltr'>juxta</span> <span class='ocrx_word' id='word_1_209' title='bbox 829 2848 1200 2904; x_wconf 82' lang='lat' dir='ltr'>voluntatem</span> <span class='ocrx_word' id='word_1_210' title='bbox 1225 2845 1324 2900; x_wconf 90' lang='lat' dir='ltr'>Dei</span> <span class='ocrx_word' id='word_1_211' title='bbox 1345 2849 1401 2900; x_wconf 92' lang='lat' dir='ltr'>et</span> <span class='ocrx_word' id='word_1_212' title='bbox 1425 2845 1632 2904; x_wconf 85' lang='lat' dir='ltr'>Patris.</span> <span class='ocrx_word' id='word_1_213' title='bbox 1663 2859 1808 2913; x_wconf 90' lang='lat' dir='ltr'>erga</span> <span class='ocrx_word' id='word_1_214' title='bbox 1832 2855 2012 2898; x_wconf 89' lang='lat' dir='ltr'>suum</span> <span class='ocrx_word' id='word_1_215' title='bbox 2034 2843 2291 2914; x_wconf 85' lang='lat' dir='ltr'>ﬁgmen-</span> 
     </span>
    </p>
   </div>
   <div class='ocr_carea' id='block_1_33' title="bbox 628 2932 2292 3005">
    <p class='ocr_par' dir='ltr' id='par_1_33' title="bbox 628 2932 2292 3005">
     <span class='ocr_line' id='line_1_33' title="bbox 628 2932 2292 3005; baseline -0.004 -11"><span class='ocrx_word' id='word_1_216' title='bbox 628 2943 755 2994; x_wconf 89' lang='lat' dir='ltr'>tum</span> <span class='ocrx_word' id='word_1_217' title='bbox 786 2937 1140 2994; x_wconf 85' lang='lat' dir='ltr'>exhibitam.</span> <span class='ocrx_word' id='word_1_218' title='bbox 1177 2935 1270 2991; x_wconf 91' lang='lat' dir='ltr'>Sic</span> <span class='ocrx_word' id='word_1_219' title='bbox 1299 2935 1460 2990; x_wconf 88' lang='lat' dir='ltr'>enim</span> <span class='ocrx_word' id='word_1_220' title='bbox 1493 2932 1874 2989; x_wconf 83' lang='lat' dir='ltr'>servabimus</span> <span class='ocrx_word' id='word_1_221' title='bbox 1903 2933 2210 3005; x_wconf 89' lang='lat' dir='ltr'>pietatem,</span> <span class='ocrx_word' id='word_1_222' title='bbox 2243 2933 2292 2988; x_wconf 92' lang='lat' dir='ltr'>si</span> 
     </span>
    </p>
   </div>
   <div class='ocr_carea' id='block_1_34' title="bbox 625 3022 2289 3095">
    <p class='ocr_par' dir='ltr' id='par_1_34' title="bbox 625 3022 2289 3095">
     <span class='ocr_line' id='line_1_34' title="bbox 625 3022 2289 3095; baseline -0.004 -11"><span class='ocrx_word' id='word_1_223' title='bbox 625 3029 686 3084; x_wconf 92' lang='lat' dir='ltr'>in</span> <span class='ocrx_word' id='word_1_224' title='bbox 717 3027 1004 3084; x_wconf 88' lang='lat' dir='ltr'>omnibus</span> <span class='ocrx_word' id='word_1_225' title='bbox 1027 3025 1214 3081; x_wconf 90' lang='lat' dir='ltr'>rebus</span> <span class='ocrx_word' id='word_1_226' title='bbox 1239 3025 1316 3080; x_wconf 90' lang='lat' dir='ltr'>ab</span> <span class='ocrx_word' id='word_1_227' title='bbox 1345 3039 1416 3079; x_wconf 92' lang='lat' dir='ltr'>eo</span> <span class='ocrx_word' id='word_1_228' title='bbox 1441 3022 1698 3095; x_wconf 87' lang='lat' dir='ltr'>peractis</span> <span class='ocrx_word' id='word_1_229' title='bbox 1730 3029 1786 3078; x_wconf 91' lang='lat' dir='ltr'>et</span> <span class='ocrx_word' id='word_1_230' title='bbox 1826 3023 1936 3093; x_wconf 81' lang='lat'>16</span> <span class='ocrx_word' id='word_1_231' title='bbox 1961 3022 2289 3094; x_wconf 86' lang='lat' dir='ltr'>perfectam</span> 
     </span>
    </p>
   </div>
   <div class='ocr_carea' id='block_1_35' title="bbox 625 3111 2292 3190">
    <p class='ocr_par' dir='ltr' id='par_1_35' title="bbox 625 3111 2292 3190">
     <span class='ocr_line' id='line_1_35' title="bbox 625 3111 2292 3190; baseline -0.003 -17"><span class='ocrx_word' id='word_1_232' title='bbox 625 3118 707 3174; x_wconf 90' lang='lat' dir='ltr'>illi</span> <span class='ocrx_word' id='word_1_233' title='bbox 735 3117 1069 3190; x_wconf 90' lang='lat' dir='ltr'>potentiam</span> <span class='ocrx_word' id='word_1_234' title='bbox 1102 3114 1443 3170; x_wconf 89' lang='lat' dir='ltr'>testimonio</span> <span class='ocrx_word' id='word_1_235' title='bbox 1492 3119 1703 3168; x_wconf 90' lang='lat' dir='ltr'>nostro</span> <span class='ocrx_word' id='word_1_236' title='bbox 1733 3111 2148 3178; x_wconf 85' lang='lat' dir='ltr'>tribuerimus,</span> <span class='ocrx_word' id='word_1_237' title='bbox 2181 3127 2292 3168; x_wconf 89' lang='lat' dir='ltr'>nec</span> 
     </span>
    </p>
   </div>
   <div class='ocr_carea' id='block_1_36' title="bbox 625 3201 2287 3280">
    <p class='ocr_par' dir='ltr' id='par_1_36' title="bbox 625 3201 2287 3280">
     <span class='ocr_line' id='line_1_36' title="bbox 625 3201 2287 3280; baseline -0.004 -16"><span class='ocrx_word' id='word_1_238' title='bbox 625 3223 884 3280; x_wconf 78' lang='lat' dir='ltr'>usquam</span> <span class='ocrx_word' id='word_1_239' title='bbox 916 3207 1086 3262; x_wconf 80' lang='lat' dir='ltr'>illum</span> <span class='ocrx_word' id='word_1_240' title='bbox 1117 3220 1154 3260; x_wconf 90' lang='lat' dir='ltr'>a</span> <span class='ocrx_word' id='word_1_241' title='bbox 1177 3208 1434 3276; x_wconf 87' lang='lat' dir='ltr'>paterna</span> <span class='ocrx_word' id='word_1_242' title='bbox 1453 3201 1756 3257; x_wconf 85' lang='lat' dir='ltr'>voluntate</span> <span class='ocrx_word' id='word_1_243' title='bbox 1781 3202 2287 3272; x_wconf 89' lang='lat' dir='ltr'>separaverimus.</span> 
     </span>
    </p>
   </div>
   <div class='ocr_carea' id='block_1_37' title="bbox 625 3290 2291 3364">
    <p class='ocr_par' dir='ltr' id='par_1_37' title="bbox 625 3290 2291 3364">
     <span class='ocr_line' id='line_1_37' title="bbox 625 3290 2291 3364; baseline -0.004 -11"><span class='ocrx_word' id='word_1_244' title='bbox 625 3295 1159 3362; x_wconf 88' lang='lat' dir='ltr'>Quemadmodum</span> <span class='ocrx_word' id='word_1_245' title='bbox 1206 3292 1413 3364; x_wconf 89' lang='lat' dir='ltr'>utique</span> <span class='ocrx_word' id='word_1_246' title='bbox 1461 3307 1601 3346; x_wconf 90' lang='lat' dir='ltr'>cum</span> <span class='ocrx_word' id='word_1_247' title='bbox 1633 3291 1924 3346; x_wconf 88' lang='lat' dir='ltr'>Dominus</span> <span class='ocrx_word' id='word_1_248' title='bbox 1950 3290 2291 3364; x_wconf 90' lang='lat' dir='ltr'>appellatur</span> 
     </span>
    </p>
   </div>
   <div class='ocr_carea' id='block_1_38' title="bbox 620 3381 2286 3454">
    <p class='ocr_par' dir='ltr' id='par_1_38' title="bbox 620 3381 2286 3454">
     <span class='ocr_line' id='line_1_38' title="bbox 620 3381 2286 3454; baseline -0.003 -11"><span class='ocrx_word' id='word_1_249' title='bbox 620 3388 722 3442; x_wconf 88' lang='lat' dir='ltr'>via</span> <span class='ocrx_word' id='word_1_250' title='bbox 738 3389 807 3449; x_wconf 70' lang='grc' dir='ltr'>⁵ῖ,</span> <span class='ocrx_word' id='word_1_251' title='bbox 833 3386 913 3441; x_wconf 90' lang='lat' dir='ltr'>ad</span> <span class='ocrx_word' id='word_1_252' title='bbox 941 3383 1356 3440; x_wconf 85' lang='lat' dir='ltr'>sublimiorem</span> <span class='ocrx_word' id='word_1_253' title='bbox 1383 3381 1832 3452; x_wconf 89' lang='lat' dir='ltr'>intelligentiam</span> <span class='ocrx_word' id='word_1_254' title='bbox 1855 3382 2075 3454; x_wconf 88' lang='lat' dir='ltr'>potius,</span> <span class='ocrx_word' id='word_1_255' title='bbox 2099 3397 2286 3454; x_wconf 90' lang='lat' dir='ltr'>quam</span> 
     </span>
    </p>
   </div>
   <div class='ocr_carea' id='block_1_39' title="bbox 622 3470 2288 3545">
    <p class='ocr_par' dir='ltr' id='par_1_39' title="bbox 622 3470 2288 3545">
     <span class='ocr_line' id='line_1_39' title="bbox 622 3470 2288 3545; baseline -0.003 -13"><span class='ocrx_word' id='word_1_256' title='bbox 622 3475 704 3534; x_wconf 88' lang='lat' dir='ltr'>ad</span> <span class='ocrx_word' id='word_1_257' title='bbox 724 3475 1038 3545; x_wconf 83' lang='lat' dir='ltr'>vulgarem</span> <span class='ocrx_word' id='word_1_258' title='bbox 1051 3487 1523 3529; x_wconf 89' lang='lat' dir='ltr'>accommunem</span> <span class='ocrx_word' id='word_1_259' title='bbox 1536 3471 1742 3527; x_wconf 88' lang='lat' dir='ltr'>animo</span> <span class='ocrx_word' id='word_1_260' title='bbox 1756 3470 2288 3528; x_wconf 79' lang='lat' dir='ltr'>ferimur.Audien-</span> 
     </span>
    </p>
   </div>
   <div class='ocr_carea' id='block_1_40' title="bbox 622 3561 2283 3634">
    <p class='ocr_par' dir='ltr' id='par_1_40' title="bbox 622 3561 2283 3634">
     <span class='ocr_line' id='line_1_40' title="bbox 622 3561 2283 3634; baseline -0.002 -13"><span class='ocrx_word' id='word_1_261' title='bbox 622 3571 710 3622; x_wconf 88' lang='lat' dir='ltr'>tes</span> <span class='ocrx_word' id='word_1_262' title='bbox 739 3565 899 3620; x_wconf 88' lang='lat' dir='ltr'>enim</span> <span class='ocrx_word' id='word_1_263' title='bbox 922 3565 1106 3631; x_wconf 87' lang='lat' dir='ltr'>viam,</span> <span class='ocrx_word' id='word_1_264' title='bbox 1131 3562 1469 3634; x_wconf 87' lang='lat' dir='ltr'>profectum</span> <span class='ocrx_word' id='word_1_265' title='bbox 1495 3577 1656 3628; x_wconf 92' lang='lat' dir='ltr'>eum,</span> <span class='ocrx_word' id='word_1_266' title='bbox 1686 3561 1789 3633; x_wconf 90' lang='lat' dir='ltr'>qui</span> <span class='ocrx_word' id='word_1_267' title='bbox 1817 3561 1966 3616; x_wconf 90' lang='lat' dir='ltr'>serie</span> <span class='ocrx_word' id='word_1_268' title='bbox 1988 3565 2169 3634; x_wconf 88' lang='lat' dir='ltr'>atque</span> <span class='ocrx_word' id='word_1_269' title='bbox 2191 3577 2283 3617; x_wconf 89' lang='lat' dir='ltr'>or-</span> 
     </span>
    </p>
   </div>
   <div class='ocr_carea' id='block_1_41' title="bbox 618 3649 2281 3727">
    <p class='ocr_par' dir='ltr' id='par_1_41' title="bbox 618 3649 2281 3727">
     <span class='ocr_line' id='line_1_41' title="bbox 618 3649 2281 3727; baseline -0.002 -16"><span class='ocrx_word' id='word_1_270' title='bbox 618 3655 760 3711; x_wconf 89' lang='lat' dir='ltr'>dine</span> <span class='ocrx_word' id='word_1_271' title='bbox 785 3669 892 3727; x_wconf 90' lang='lat' dir='ltr'>per</span> <span class='ocrx_word' id='word_1_272' title='bbox 915 3653 1162 3725; x_wconf 73' lang='lat' dir='ltr'>justitias</span> <span class='ocrx_word' id='word_1_273' title='bbox 1191 3667 1377 3724; x_wconf 86' lang='lat' dir='ltr'>opera</span> <span class='ocrx_word' id='word_1_274' title='bbox 1403 3656 1458 3707; x_wconf 91' lang='lat' dir='ltr'>et</span> <span class='ocrx_word' id='word_1_275' title='bbox 1485 3651 1744 3707; x_wconf 70' lang='lat' dir='ltr'>scientias</span> <span class='ocrx_word' id='word_1_276' title='bbox 1774 3649 2281 3708; x_wconf 88' lang='lat' dir='ltr'>illuminationem</span> 
     </span>
    </p>
   </div>
   <div class='ocr_carea' id='block_1_42' title="bbox 618 3739 2279 3818">
    <p class='ocr_par' dir='ltr' id='par_1_42' title="bbox 618 3739 2279 3818">
     <span class='ocr_line' id='line_1_42' title="bbox 618 3739 2279 3818; baseline -0.002 -15"><span class='ocrx_word' id='word_1_277' title='bbox 618 3745 698 3803; x_wconf 90' lang='lat' dir='ltr'>ad</span> <span class='ocrx_word' id='word_1_278' title='bbox 739 3745 1166 3818; x_wconf 89' lang='lat' dir='ltr'>perfectionem</span> <span class='ocrx_word' id='word_1_279' title='bbox 1219 3741 1429 3810; x_wconf 86' lang='lat' dir='ltr'>tendit,</span> <span class='ocrx_word' id='word_1_280' title='bbox 1478 3739 1883 3809; x_wconf 89' lang='lat' dir='ltr'>intelligimus,</span> <span class='ocrx_word' id='word_1_281' title='bbox 1937 3757 2176 3814; x_wconf 90' lang='lat' dir='ltr'>semper</span> <span class='ocrx_word' id='word_1_282' title='bbox 2215 3742 2279 3799; x_wconf 90' lang='lat' dir='ltr'>id</span> 
     </span>
    </p>
   </div>
   <div class='ocr_carea' id='block_1_43' title="bbox 616 3830 2280 3908">
    <p class='ocr_par' dir='ltr' id='par_1_43' title="bbox 616 3830 2280 3908">
     <span class='ocr_line' id='line_1_43' title="bbox 616 3830 2280 3908; baseline -0.001 -17"><span class='ocrx_word' id='word_1_283' title='bbox 616 3835 785 3908; x_wconf 89' lang='lat' dir='ltr'>quod</span> <span class='ocrx_word' id='word_1_284' title='bbox 806 3835 1072 3891; x_wconf 89' lang='lat' dir='ltr'>anterius</span> <span class='ocrx_word' id='word_1_285' title='bbox 1094 3837 1184 3889; x_wconf 92' lang='lat' dir='ltr'>est</span> <span class='ocrx_word' id='word_1_286' title='bbox 1205 3835 1580 3905; x_wconf 86' lang='lat' dir='ltr'>appetentes,</span> <span class='ocrx_word' id='word_1_287' title='bbox 1612 3835 1670 3886; x_wconf 90' lang='lat' dir='ltr'>et</span> <span class='ocrx_word' id='word_1_288' title='bbox 1701 3830 1779 3885; x_wconf 90' lang='lat' dir='ltr'>ad</span> <span class='ocrx_word' id='word_1_289' title='bbox 1802 3846 1874 3886; x_wconf 89' lang='lat' dir='ltr'>ea</span> <span class='ocrx_word' id='word_1_290' title='bbox 1897 3846 2034 3904; x_wconf 67' lang='lat' dir='ltr'>quae</span> <span class='ocrx_word' id='word_1_291' title='bbox 2053 3835 2280 3889; x_wconf 90' lang='lat' dir='ltr'>restant</span> 
     </span>
    </p>
   </div>
   <div class='ocr_carea' id='block_1_44' title="bbox 614 3919 2280 3995">
    <p class='ocr_par' dir='ltr' id='par_1_44' title="bbox 614 3919 2280 3995">
     <span class='ocr_line' id='line_1_44' title="bbox 614 3919 2280 3995; baseline -0.003 -14"><span class='ocrx_word' id='word_1_292' title='bbox 614 3924 1020 3995; x_wconf 88' lang='lat' dir='ltr'>nosmetipsos</span> <span class='ocrx_word' id='word_1_293' title='bbox 1042 3921 1429 3978; x_wconf 87' lang='lat' dir='ltr'>extendentes</span> <span class='ocrx_word' id='word_1_294' title='bbox 1442 3921 1511 3988; x_wconf 78' lang='grc'>⁵⁸,</span> <span class='ocrx_word' id='word_1_295' title='bbox 1539 3919 1734 3974; x_wconf 91' lang='lat' dir='ltr'>donec</span> <span class='ocrx_word' id='word_1_296' title='bbox 1755 3920 2178 3992; x_wconf 89' lang='lat' dir='ltr'>perveniamus</span> <span class='ocrx_word' id='word_1_297' title='bbox 2200 3919 2280 3977; x_wconf 90' lang='lat' dir='ltr'>ad</span> 
     </span>
    </p>
   </div>
   <div class='ocr_carea' id='block_1_45' title="bbox 614 4009 2278 4084">
    <p class='ocr_par' dir='ltr' id='par_1_45' title="bbox 614 4009 2278 4084">
     <span class='ocr_line' id='line_1_45' title="bbox 614 4009 2278 4084; baseline -0.003 -14"><span class='ocrx_word' id='word_1_298' title='bbox 614 4013 863 4070; x_wconf 84' lang='lat' dir='ltr'>beatum</span> <span class='ocrx_word' id='word_1_299' title='bbox 879 4012 1085 4080; x_wconf 88' lang='lat' dir='ltr'>ﬁnem,</span> <span class='ocrx_word' id='word_1_300' title='bbox 1099 4027 1235 4084; x_wconf 71' lang='lat' dir='ltr'>quae</span> <span class='ocrx_word' id='word_1_301' title='bbox 1253 4015 1341 4066; x_wconf 90' lang='lat' dir='ltr'>est</span> <span class='ocrx_word' id='word_1_302' title='bbox 1365 4011 1462 4065; x_wconf 92' lang='lat' dir='ltr'>Dei</span> <span class='ocrx_word' id='word_1_303' title='bbox 1481 4009 1765 4079; x_wconf 90' lang='lat' dir='ltr'>cognitio,</span> <span class='ocrx_word' id='word_1_304' title='bbox 1778 4024 1966 4081; x_wconf 91' lang='lat' dir='ltr'>quam</span> <span class='ocrx_word' id='word_1_305' title='bbox 1985 4011 2278 4065; x_wconf 91' lang='lat' dir='ltr'>Dominus</span> 
     </span>
    </p>
   </div>
   <div class='ocr_carea' id='block_1_46' title="bbox 615 4099 2278 4178">
    <p class='ocr_par' dir='ltr' id='par_1_46' title="bbox 615 4099 2278 4178">
     <span class='ocr_line' id='line_1_46' title="bbox 615 4099 2278 4178; baseline -0.002 -17"><span class='ocrx_word' id='word_1_306' title='bbox 615 4120 724 4178; x_wconf 89' lang='lat' dir='ltr'>per</span> <span class='ocrx_word' id='word_1_307' title='bbox 770 4119 899 4160; x_wconf 89' lang='lat' dir='ltr'>sese</span> <span class='ocrx_word' id='word_1_308' title='bbox 944 4103 1006 4158; x_wconf 91' lang='lat' dir='ltr'>in</span> <span class='ocrx_word' id='word_1_309' title='bbox 1049 4103 1251 4176; x_wconf 88' lang='lat' dir='ltr'>ipsum</span> <span class='ocrx_word' id='word_1_310' title='bbox 1297 4099 1683 4156; x_wconf 88' lang='lat' dir='ltr'>credentibus</span> <span class='ocrx_word' id='word_1_311' title='bbox 1729 4099 2002 4168; x_wconf 88' lang='lat' dir='ltr'>largitur.</span> <span class='ocrx_word' id='word_1_312' title='bbox 2052 4102 2278 4157; x_wconf 83' lang='lat' dir='ltr'>Revera</span> 
     </span>
    </p>
   </div>
   <div class='ocr_carea' id='block_1_47' title="bbox 613 4188 2274 4261">
    <p class='ocr_par' dir='ltr' id='par_1_47' title="bbox 613 4188 2274 4261">
     <span class='ocr_line' id='line_1_47' title="bbox 613 4188 2274 4261; baseline -0.002 -11"><span class='ocrx_word' id='word_1_313' title='bbox 613 4195 774 4250; x_wconf 90' lang='lat' dir='ltr'>enim</span> <span class='ocrx_word' id='word_1_314' title='bbox 796 4194 960 4249; x_wconf 92' lang='lat' dir='ltr'>bona</span> <span class='ocrx_word' id='word_1_315' title='bbox 976 4196 1064 4248; x_wconf 92' lang='lat' dir='ltr'>est</span> <span class='ocrx_word' id='word_1_316' title='bbox 1079 4193 1195 4256; x_wconf 91' lang='lat' dir='ltr'>via,</span> <span class='ocrx_word' id='word_1_317' title='bbox 1210 4189 1660 4246; x_wconf 87' lang='lat' dir='ltr'>exorbitationis</span> <span class='ocrx_word' id='word_1_318' title='bbox 1683 4188 2026 4261; x_wconf 87' lang='lat' dir='ltr'>errorisque</span> <span class='ocrx_word' id='word_1_319' title='bbox 2046 4191 2274 4260; x_wconf 88' lang='lat' dir='ltr'>nescia,</span> 
     </span>
    </p>
   </div>
   <div class='ocr_carea' id='block_1_48' title="bbox 614 4278 2272 4350">
    <p class='ocr_par' dir='ltr' id='par_1_48' title="bbox 614 4278 2272 4350">
     <span class='ocr_line' id='line_1_48' title="bbox 614 4278 2272 4350; baseline -0.002 -10"><span class='ocrx_word' id='word_1_320' title='bbox 614 4284 905 4340; x_wconf 89' lang='lat' dir='ltr'>Dominus</span> <span class='ocrx_word' id='word_1_321' title='bbox 925 4286 1151 4348; x_wconf 88' lang='lat' dir='ltr'>noster,</span> <span class='ocrx_word' id='word_1_322' title='bbox 1167 4281 1244 4336; x_wconf 91' lang='lat' dir='ltr'>ad</span> <span class='ocrx_word' id='word_1_323' title='bbox 1267 4283 1523 4346; x_wconf 86' lang='lat' dir='ltr'>Patrem,</span> <span class='ocrx_word' id='word_1_324' title='bbox 1548 4278 1651 4350; x_wconf 90' lang='lat' dir='ltr'>qui</span> <span class='ocrx_word' id='word_1_325' title='bbox 1672 4293 1885 4334; x_wconf 88' lang='lat' dir='ltr'>verum</span> <span class='ocrx_word' id='word_1_326' title='bbox 1908 4278 2139 4334; x_wconf 92' lang='lat' dir='ltr'>bonum</span> <span class='ocrx_word' id='word_1_327' title='bbox 2164 4283 2272 4346; x_wconf 91' lang='lat' dir='ltr'>est,</span> 
     </span>
    </p>
   </div>
   <div class='ocr_carea' id='block_1_49' title="bbox 2419 506 3991 587">
    <p class='ocr_par' dir='ltr' id='par_1_49' title="bbox 2419 506 3991 587">
     <span class='ocr_line' id='line_1_49' title="bbox 2419 506 3991 587; baseline 0.004 -26"><span class='ocrx_word' id='word_1_328' title='bbox 2419 509 2650 581; x_wconf 80' lang='grc' dir='ltr'><strong>μεγάλης</strong></span> <span class='ocrx_word' id='word_1_329' title='bbox 2689 506 2959 582; x_wconf 78' lang='grc' dir='ltr'><strong>δυνάμεως</strong></span> <span class='ocrx_word' id='word_1_330' title='bbox 3007 511 3138 583; x_wconf 86' lang='grc' dir='ltr'><strong>ὁμοῦ</strong></span> <span class='ocrx_word' id='word_1_331' title='bbox 3187 515 3279 563; x_wconf 79' lang='grc' dir='ltr'><strong>καὶ</strong></span> <span class='ocrx_word' id='word_1_332' title='bbox 3338 510 3722 587; x_wconf 67' lang='grc' dir='ltr'>φιλανθρωπίας</span> <span class='ocrx_word' id='word_1_333' title='bbox 3764 521 3850 566; x_wconf 88' lang='grc' dir='ltr'>τοῦ</span> <span class='ocrx_word' id='word_1_334' title='bbox 3900 523 3991 566; x_wconf 76' lang='grc' dir='ltr'>σώ-</span> 
     </span>
    </p>
   </div>
   <div class='ocr_carea' id='block_1_50' title="bbox 2421 598 3994 673">
    <p class='ocr_par' dir='ltr' id='par_1_50' title="bbox 2421 598 3994 673">
     <span class='ocr_line' id='line_1_50' title="bbox 2421 598 3994 673; baseline 0.005 -24"><span class='ocrx_word' id='word_1_335' title='bbox 2421 599 2592 661; x_wconf 83' lang='grc' dir='ltr'><strong>ζοντος</strong></span> <span class='ocrx_word' id='word_1_336' title='bbox 2621 598 2944 671; x_wconf 78' lang='grc' dir='ltr'>ἐμποιοῦσιν,</span> <span class='ocrx_word' id='word_1_337' title='bbox 2989 602 3069 652; x_wconf 85' lang='grc' dir='ltr'>ὅτι</span> <span class='ocrx_word' id='word_1_338' title='bbox 3111 604 3201 652; x_wconf 83' lang='grc' dir='ltr'><strong>καὶ</strong></span> <span class='ocrx_word' id='word_1_339' title='bbox 3231 601 3484 671; x_wconf 80' lang='grc' dir='ltr'><strong>ἠνέσχετο</strong></span> <span class='ocrx_word' id='word_1_340' title='bbox 3527 605 3866 673; x_wconf 77' lang='grc' dir='ltr'><strong>συμπαθῆσαι</strong></span> <span class='ocrx_word' id='word_1_341' title='bbox 3895 610 3994 666; x_wconf 76' lang='grc' dir='ltr'><strong>ταῖς</strong></span> 
     </span>
    </p>
   </div>
   <div class='ocr_carea' id='block_1_51' title="bbox 2419 686 3991 767">
    <p class='ocr_par' dir='ltr' id='par_1_51' title="bbox 2419 686 3991 767">
     <span class='ocr_line' id='line_1_51' title="bbox 2419 686 3991 767; baseline 0.003 -27"><span class='ocrx_word' id='word_1_342' title='bbox 2419 690 2710 751; x_wconf 75' lang='grc' dir='ltr'>ἀσθενείαις</span> <span class='ocrx_word' id='word_1_343' title='bbox 2784 692 2952 762; x_wconf 79' lang='grc' dir='ltr'><strong>ἡμῶν,</strong></span> <span class='ocrx_word' id='word_1_344' title='bbox 3019 694 3108 742; x_wconf 84' lang='grc' dir='ltr'>καὶ</span> <span class='ocrx_word' id='word_1_345' title='bbox 3169 686 3398 748; x_wconf 75' lang='grc' dir='ltr'><strong>έδυνὴθη</strong></span> <span class='ocrx_word' id='word_1_346' title='bbox 3463 693 3594 762; x_wconf 86' lang='grc' dir='ltr'><strong>πρὸς</strong></span> <span class='ocrx_word' id='word_1_347' title='bbox 3655 697 3712 744; x_wconf 87' lang='grc' dir='ltr'>τό</span> <span class='ocrx_word' id='word_1_348' title='bbox 3773 695 3991 767; x_wconf 76' lang='grc' dir='ltr'><strong>ἡμέτερον</strong></span> 
     </span>
    </p>
   </div>
   <div class='ocr_carea' id='block_1_52' title="bbox 2420 777 3987 856">
    <p class='ocr_par' dir='ltr' id='par_1_52' title="bbox 2420 777 3987 856">
     <span class='ocr_line' id='line_1_52' title="bbox 2420 777 3987 856; baseline 0.003 -25"><span class='ocrx_word' id='word_1_349' title='bbox 2420 777 2630 841; x_wconf 66' lang='grc' dir='ltr'><strong>ἀσθενές</strong></span> <span class='ocrx_word' id='word_1_350' title='bbox 2661 780 2953 839; x_wconf 78' lang='grc' dir='ltr'><strong>καταϐῆναι</strong></span> <span class='ocrx_word' id='word_1_351' title='bbox 2986 796 2999 847; x_wconf 90' lang='lat'><strong>;</strong></span> <span class='ocrx_word' id='word_1_352' title='bbox 3043 783 3118 832; x_wconf 89' lang='grc' dir='ltr'>Ού</span> <span class='ocrx_word' id='word_1_353' title='bbox 3145 783 3247 854; x_wconf 82' lang='grc' dir='ltr'><strong>γὰρ</strong></span> <span class='ocrx_word' id='word_1_354' title='bbox 3277 787 3526 833; x_wconf 89' lang='grc' dir='ltr'><strong>τοσοῦτον</strong></span> <span class='ocrx_word' id='word_1_355' title='bbox 3565 781 3774 856; x_wconf 73' lang='grc' dir='ltr'><strong>οὐρανός</strong></span> <span class='ocrx_word' id='word_1_356' title='bbox 3807 788 3890 835; x_wconf 83' lang='grc' dir='ltr'>καὶ</span> <span class='ocrx_word' id='word_1_357' title='bbox 3930 791 3987 855; x_wconf 73' lang='grc' dir='ltr'><strong>γῇ</strong></span> 
     </span>
    </p>
   </div>
   <div class='ocr_carea' id='block_1_53' title="bbox 2417 868 3990 942">
    <p class='ocr_par' dir='ltr' id='par_1_53' title="bbox 2417 868 3990 942">
     <span class='ocr_line' id='line_1_53' title="bbox 2417 868 3990 942; baseline 0.003 -22"><span class='ocrx_word' id='word_1_358' title='bbox 2417 874 2507 922; x_wconf 84' lang='grc' dir='ltr'>καὶ</span> <span class='ocrx_word' id='word_1_359' title='bbox 2536 873 2604 922; x_wconf 84' lang='grc' dir='ltr'><strong>τὰ</strong></span> <span class='ocrx_word' id='word_1_360' title='bbox 2631 872 2820 942; x_wconf 82' lang='grc' dir='ltr'><strong>μεγέθη</strong></span> <span class='ocrx_word' id='word_1_361' title='bbox 2851 879 2951 922; x_wconf 88' lang='grc' dir='ltr'><strong>τῶν</strong></span> <span class='ocrx_word' id='word_1_362' title='bbox 2981 871 3236 942; x_wconf 75' lang='grc' dir='ltr'>πελαγῶν,</span> <span class='ocrx_word' id='word_1_363' title='bbox 3269 875 3361 923; x_wconf 84' lang='grc' dir='ltr'>καὶ</span> <span class='ocrx_word' id='word_1_364' title='bbox 3389 871 3455 922; x_wconf 78' lang='grc' dir='ltr'><strong>τὰ</strong></span> <span class='ocrx_word' id='word_1_365' title='bbox 3492 869 3540 922; x_wconf 81' lang='grc' dir='ltr'>ἐν</span> <span class='ocrx_word' id='word_1_366' title='bbox 3583 868 3747 924; x_wconf 80' lang='grc' dir='ltr'><strong>ὕδασι</strong></span> <span class='ocrx_word' id='word_1_367' title='bbox 3789 869 3990 924; x_wconf 82' lang='grc' dir='ltr'><strong>διαιτώ-</strong></span> 
     </span>
    </p>
   </div>
   <div class='ocr_carea' id='block_1_54' title="bbox 2417 961 3990 1035">
    <p class='ocr_par' dir='ltr' id='par_1_54' title="bbox 2417 961 3990 1035">
     <span class='ocr_line' id='line_1_54' title="bbox 2417 961 3990 1035; baseline 0.002 -25"><span class='ocrx_word' id='word_1_368' title='bbox 2417 979 2561 1031; x_wconf 78' lang='grc' dir='ltr'><strong>μενα,</strong></span> <span class='ocrx_word' id='word_1_369' title='bbox 2592 965 2682 1012; x_wconf 83' lang='grc' dir='ltr'>καὶ</span> <span class='ocrx_word' id='word_1_370' title='bbox 2709 963 2774 1012; x_wconf 84' lang='grc' dir='ltr'>τὰ</span> <span class='ocrx_word' id='word_1_371' title='bbox 2821 968 3043 1035; x_wconf 85' lang='grc' dir='ltr'><strong>χερσεῑα</strong></span> <span class='ocrx_word' id='word_1_372' title='bbox 3094 969 3194 1013; x_wconf 86' lang='grc' dir='ltr'><strong>τῶν</strong></span> <span class='ocrx_word' id='word_1_373' title='bbox 3255 961 3419 1026; x_wconf 80' lang='grc' dir='ltr'><strong>ζώων,</strong></span> <span class='ocrx_word' id='word_1_374' title='bbox 3475 965 3560 1012; x_wconf 82' lang='grc' dir='ltr'>καὶ</span> <span class='ocrx_word' id='word_1_375' title='bbox 3615 963 3679 1012; x_wconf 82' lang='grc' dir='ltr'>τὰ</span> <span class='ocrx_word' id='word_1_376' title='bbox 3721 965 3868 1032; x_wconf 63' lang='grc' dir='ltr'><strong>φυτὰ,</strong></span> <span class='ocrx_word' id='word_1_377' title='bbox 3914 967 3990 1013; x_wconf 84' lang='grc' dir='ltr'>καὶ</span> 
     </span>
    </p>
   </div>
   <div class='ocr_carea' id='block_1_55' title="bbox 2419 1047 3989 1124">
    <p class='ocr_par' dir='ltr' id='par_1_55' title="bbox 2419 1047 3989 1124">
     <span class='ocr_line' id='line_1_55' title="bbox 2419 1047 3989 1124; baseline 0.001 -24"><span class='ocrx_word' id='word_1_378' title='bbox 2419 1047 2646 1123; x_wconf 76' lang='grc' dir='ltr'><strong>ὀιστέρες,</strong></span> <span class='ocrx_word' id='word_1_379' title='bbox 2679 1055 2768 1102; x_wconf 82' lang='grc' dir='ltr'><strong>καὶ</strong></span> <span class='ocrx_word' id='word_1_380' title='bbox 2813 1049 2934 1124; x_wconf 72' lang='grc' dir='ltr'><strong>ἀὴρ,</strong></span> <span class='ocrx_word' id='word_1_381' title='bbox 2985 1054 3075 1102; x_wconf 84' lang='grc' dir='ltr'>καὶ</span> <span class='ocrx_word' id='word_1_382' title='bbox 3123 1051 3275 1124; x_wconf 86' lang='grc' dir='ltr'><strong>ὧραι,</strong></span> <span class='ocrx_word' id='word_1_383' title='bbox 3329 1054 3419 1104; x_wconf 81' lang='grc' dir='ltr'>καὶ</span> <span class='ocrx_word' id='word_1_384' title='bbox 3449 1052 3477 1108; x_wconf 77' lang='grc' dir='ltr'>η</span> <span class='ocrx_word' id='word_1_385' title='bbox 3513 1049 3720 1107; x_wconf 76' lang='grc' dir='ltr'>ποικίλη</span> <span class='ocrx_word' id='word_1_386' title='bbox 3751 1058 3838 1102; x_wconf 88' lang='grc' dir='ltr'>τοῦ</span> <span class='ocrx_word' id='word_1_387' title='bbox 3872 1071 3989 1102; x_wconf 83' lang='grc' dir='ltr'><strong>παν-</strong></span> 
     </span>
    </p>
   </div>
   <div class='ocr_carea' id='block_1_56' title="bbox 2417 1136 3987 1214">
    <p class='ocr_par' dir='ltr' id='par_1_56' title="bbox 2417 1136 3987 1214">
     <span class='ocr_line' id='line_1_56' title="bbox 2417 1136 3987 1214; baseline 0 -24"><span class='ocrx_word' id='word_1_388' title='bbox 2417 1143 2500 1200; x_wconf 82' lang='grc' dir='ltr'>τός</span> <span class='ocrx_word' id='word_1_389' title='bbox 2530 1136 2888 1213; x_wconf 79' lang='grc' dir='ltr'>διακόσμησις</span> <span class='ocrx_word' id='word_1_390' title='bbox 2917 1145 2977 1192; x_wconf 86' lang='grc' dir='ltr'>τό</span> <span class='ocrx_word' id='word_1_391' title='bbox 3001 1142 3256 1214; x_wconf 75' lang='grc' dir='ltr'>ὑπερέχον</span> <span class='ocrx_word' id='word_1_392' title='bbox 3298 1147 3394 1202; x_wconf 85' lang='grc' dir='ltr'><strong>τῆς</strong></span> <span class='ocrx_word' id='word_1_393' title='bbox 3439 1140 3633 1212; x_wconf 79' lang='grc' dir='ltr'><strong>ἰσχύος</strong></span> <span class='ocrx_word' id='word_1_394' title='bbox 3681 1146 3987 1206; x_wconf 78' lang='grc' dir='ltr'>συνίστησιν,</span> 
     </span>
    </p>
   </div>
   <div class='ocr_carea' id='block_1_57' title="bbox 2415 1227 3991 1303">
    <p class='ocr_par' dir='ltr' id='par_1_57' title="bbox 2415 1227 3991 1303">
     <span class='ocr_line' id='line_1_57' title="bbox 2415 1227 3991 1303; baseline -0.001 -20"><span class='ocrx_word' id='word_1_395' title='bbox 2415 1231 2537 1283; x_wconf 84' lang='grc' dir='ltr'><strong>ὅσον</strong></span> <span class='ocrx_word' id='word_1_396' title='bbox 2566 1235 2624 1282; x_wconf 90' lang='grc' dir='ltr'>τό</span> <span class='ocrx_word' id='word_1_397' title='bbox 2661 1227 2954 1290; x_wconf 83' lang='grc' dir='ltr'><strong>δυνηθῆναι</strong></span> <span class='ocrx_word' id='word_1_398' title='bbox 2992 1235 3078 1283; x_wconf 88' lang='grc' dir='ltr'><strong>τὸν</strong></span> <span class='ocrx_word' id='word_1_399' title='bbox 3126 1234 3274 1302; x_wconf 76' lang='grc' dir='ltr'><strong>Θεὸν,</strong></span> <span class='ocrx_word' id='word_1_400' title='bbox 3325 1234 3414 1283; x_wconf 86' lang='grc' dir='ltr'><strong>τὸν</strong></span> <span class='ocrx_word' id='word_1_401' title='bbox 3457 1229 3751 1303; x_wconf 76' lang='grc' dir='ltr'><strong>ἁχὼρητον,</strong></span> <span class='ocrx_word' id='word_1_402' title='bbox 3800 1230 3991 1292; x_wconf 77' lang='grc' dir='ltr'><strong>ἀπαθῶς</strong></span> 
     </span>
    </p>
   </div>
   <div class='ocr_carea' id='block_1_58' title="bbox 2418 1315 3988 1394">
    <p class='ocr_par' dir='ltr' id='par_1_58' title="bbox 2418 1315 3988 1394">
     <span class='ocr_line' id='line_1_58' title="bbox 2418 1315 3988 1394; baseline -0.001 -23"><span class='ocrx_word' id='word_1_403' title='bbox 2418 1315 2512 1371; x_wconf 81' lang='grc' dir='ltr'>διὰ</span> <span class='ocrx_word' id='word_1_404' title='bbox 2569 1324 2763 1393; x_wconf 86' lang='grc' dir='ltr'><strong>σαρκὸς</strong></span> <span class='ocrx_word' id='word_1_405' title='bbox 2823 1321 3193 1394; x_wconf 78' lang='grc' dir='ltr'><strong>συμπλακῆναι</strong></span> <span class='ocrx_word' id='word_1_406' title='bbox 3238 1329 3312 1392; x_wconf 82' lang='grc' dir='ltr'><strong>τῷ</strong></span> <span class='ocrx_word' id='word_1_407' title='bbox 3360 1322 3586 1392; x_wconf 79' lang='grc' dir='ltr'>θανάτῳ,</span> <span class='ocrx_word' id='word_1_408' title='bbox 3641 1323 3722 1373; x_wconf 85' lang='grc' dir='ltr'>ἱνα</span> <span class='ocrx_word' id='word_1_409' title='bbox 3773 1321 3889 1392; x_wconf 78' lang='grc' dir='ltr'><strong>ἡμῖν</strong></span> <span class='ocrx_word' id='word_1_410' title='bbox 3928 1326 3988 1388; x_wconf 78' lang='grc' dir='ltr'><strong>τῷ</strong></span> 
     </span>
    </p>
   </div>
   <div class='ocr_carea' id='block_1_59' title="bbox 2418 1405 3988 1486">
    <p class='ocr_par' dir='ltr' id='par_1_59' title="bbox 2418 1405 3988 1486">
     <span class='ocr_line' id='line_1_59' title="bbox 2418 1405 3988 1486; baseline 0 -26"><span class='ocrx_word' id='word_1_411' title='bbox 2418 1405 2541 1480; x_wconf 81' lang='grc' dir='ltr'><strong>ἰδίῳ</strong></span> <span class='ocrx_word' id='word_1_412' title='bbox 2567 1411 2724 1463; x_wconf 79' lang='grc' dir='ltr'><strong>πάθει</strong></span> <span class='ocrx_word' id='word_1_413' title='bbox 2765 1415 2860 1469; x_wconf 79' lang='grc' dir='ltr'><strong>τὴν</strong></span> <span class='ocrx_word' id='word_1_414' title='bbox 2894 1410 3146 1464; x_wconf 82' lang='grc' dir='ltr'><strong>ἀπάθειαν</strong></span> <span class='ocrx_word' id='word_1_415' title='bbox 3176 1417 3499 1486; x_wconf 76' lang='grc' dir='ltr'><strong>χαρίσηται.</strong></span> <span class='ocrx_word' id='word_1_416' title='bbox 3550 1408 3655 1464; x_wconf 73' lang='grc' dir='ltr'><strong>Κᾶν</strong></span> <span class='ocrx_word' id='word_1_417' title='bbox 3701 1409 3818 1481; x_wconf 73' lang='grc' dir='ltr'><strong>λέγῃ</strong></span> <span class='ocrx_word' id='word_1_418' title='bbox 3869 1405 3922 1461; x_wconf 69' lang='grc' dir='ltr'><strong>δι</strong></span> <span class='ocrx_word' id='word_1_419' title='bbox 3968 1409 3988 1459; x_wconf 86' lang='grc' dir='ltr'><strong><em>ὁ</em></strong></span> 
     </span>
    </p>
   </div>
   <div class='ocr_carea' id='block_1_60' title="bbox 2416 1493 3989 1572">
    <p class='ocr_par' dir='ltr' id='par_1_60' title="bbox 2416 1493 3989 1572">
     <span class='ocr_line' id='line_1_60' title="bbox 2416 1493 3989 1572; baseline -0.003 -20"><span class='ocrx_word' id='word_1_420' title='bbox 2416 1494 2749 1569; x_wconf 84' lang='grc' dir='ltr'><strong>Ἀπόστολος,</strong></span> <span class='ocrx_word' id='word_1_421' title='bbox 2806 1501 2886 1553; x_wconf 86' lang='grc' dir='ltr'><strong>ὅτι</strong></span> <span class='ocrx_word' id='word_1_422' title='bbox 2939 1501 3019 1555; x_wconf 84' lang='grc' dir='ltr'><strong>Ἐν</strong></span> <span class='ocrx_word' id='word_1_423' title='bbox 3074 1503 3274 1561; x_wconf 79' lang='grc' dir='ltr'>τούτοις</span> <span class='ocrx_word' id='word_1_424' title='bbox 3320 1505 3480 1553; x_wconf 83' lang='grc' dir='ltr'><strong>πᾶσιν</strong></span> <span class='ocrx_word' id='word_1_425' title='bbox 3529 1501 3867 1572; x_wconf 77' lang='grc' dir='ltr'><strong>ὑπερνικῶμεν</strong></span> <span class='ocrx_word' id='word_1_426' title='bbox 3911 1493 3989 1548; x_wconf 78' lang='grc' dir='ltr'>διὰ</span> 
     </span>
    </p>
   </div>
   <div class='ocr_carea' id='block_1_61' title="bbox 2414 1588 3986 1663">
    <p class='ocr_par' dir='ltr' id='par_1_61' title="bbox 2414 1588 3986 1663">
     <span class='ocr_line' id='line_1_61' title="bbox 2414 1588 3986 1663; baseline -0.003 -22"><span class='ocrx_word' id='word_1_427' title='bbox 2414 1596 2505 1642; x_wconf 80' lang='grc' dir='ltr'>τοῦ</span> <span class='ocrx_word' id='word_1_428' title='bbox 2570 1588 2941 1661; x_wconf 77' lang='grc' dir='ltr'><strong>ἀγαπήσαντος</strong></span> <span class='ocrx_word' id='word_1_429' title='bbox 3003 1592 3139 1663; x_wconf 83' lang='grc' dir='ltr'><strong>ἡμᾶς</strong></span> <span class='ocrx_word' id='word_1_430' title='bbox 3168 1635 3182 1660; x_wconf 83' lang='grc'>,</span> <span class='ocrx_word' id='word_1_431' title='bbox 3241 1590 3371 1662; x_wconf 82' lang='grc' dir='ltr'><strong>ούχὶ</strong></span> <span class='ocrx_word' id='word_1_432' title='bbox 3419 1593 3664 1646; x_wconf 80' lang='grc' dir='ltr'><strong>ταπεινήν</strong></span> <span class='ocrx_word' id='word_1_433' title='bbox 3713 1607 3826 1640; x_wconf 88' lang='grc' dir='ltr'><strong>τινα</strong></span> <span class='ocrx_word' id='word_1_434' title='bbox 3866 1588 3986 1643; x_wconf 78' lang='grc' dir='ltr'><strong>ὑπη-</strong></span> 
     </span>
    </p>
   </div>
   <div class='ocr_carea' id='block_1_62' title="bbox 2411 1676 3985 1754">
    <p class='ocr_par' dir='ltr' id='par_1_62' title="bbox 2411 1676 3985 1754">
     <span class='ocr_line' id='line_1_62' title="bbox 2411 1676 3985 1754; baseline -0.005 -21"><span class='ocrx_word' id='word_1_435' title='bbox 2411 1684 2592 1754; x_wconf 88' lang='grc' dir='ltr'><strong>ρεσίαν</strong></span> <span class='ocrx_word' id='word_1_436' title='bbox 2648 1679 2704 1732; x_wconf 83' lang='grc' dir='ltr'>έκ</span> <span class='ocrx_word' id='word_1_437' title='bbox 2753 1688 2846 1741; x_wconf 83' lang='grc' dir='ltr'><strong>τῆς</strong></span> <span class='ocrx_word' id='word_1_438' title='bbox 2889 1683 3130 1741; x_wconf 76' lang='grc' dir='ltr'>τοιαύτης</span> <span class='ocrx_word' id='word_1_439' title='bbox 3184 1687 3351 1752; x_wconf 76' lang='grc' dir='ltr'><strong>φωνῆς</strong></span> <span class='ocrx_word' id='word_1_440' title='bbox 3396 1678 3693 1744; x_wconf 77' lang='grc' dir='ltr'><strong>ὑποϐάλλει,</strong></span> <span class='ocrx_word' id='word_1_441' title='bbox 3743 1676 3862 1728; x_wconf 79' lang='grc' dir='ltr'>ἀλλὰ</span> <span class='ocrx_word' id='word_1_442' title='bbox 3907 1679 3985 1734; x_wconf 80' lang='grc' dir='ltr'><strong>τὴν</strong></span> 
     </span>
    </p>
   </div>
   <div class='ocr_carea' id='block_1_63' title="bbox 2411 1765 3982 1844">
    <p class='ocr_par' dir='ltr' id='par_1_63' title="bbox 2411 1765 3982 1844">
     <span class='ocr_line' id='line_1_63' title="bbox 2411 1765 3982 1844; baseline -0.006 -22"><span class='ocrx_word' id='word_1_443' title='bbox 2411 1769 2460 1822; x_wconf 77' lang='grc' dir='ltr'>έν</span> <span class='ocrx_word' id='word_1_444' title='bbox 2526 1777 2598 1840; x_wconf 82' lang='grc' dir='ltr'><strong>τῷ</strong></span> <span class='ocrx_word' id='word_1_445' title='bbox 2664 1772 2842 1844; x_wconf 75' lang='grc' dir='ltr'><strong>κράτει</strong></span> <span class='ocrx_word' id='word_1_446' title='bbox 2895 1779 2989 1831; x_wconf 82' lang='grc' dir='ltr'><strong>τῆς</strong></span> <span class='ocrx_word' id='word_1_447' title='bbox 3056 1770 3248 1841; x_wconf 81' lang='grc' dir='ltr'>ἰσχύος</span> <span class='ocrx_word' id='word_1_448' title='bbox 3321 1768 3686 1844; x_wconf 66' lang='grc' dir='ltr'><strong>ἐνεργουμένην</strong></span> <span class='ocrx_word' id='word_1_449' title='bbox 3744 1765 3982 1838; x_wconf 80' lang='grc' dir='ltr'><strong>βοήθειαν.</strong></span> 
     </span>
    </p>
   </div>
   <div class='ocr_carea' id='block_1_64' title="bbox 2412 1855 3985 1934">
    <p class='ocr_par' dir='ltr' id='par_1_64' title="bbox 2412 1855 3985 1934">
     <span class='ocr_line' id='line_1_64' title="bbox 2412 1855 3985 1934; baseline -0.008 -19"><span class='ocrx_word' id='word_1_450' title='bbox 2412 1859 2579 1922; x_wconf 78' lang='grc' dir='ltr'><strong>Αὐτὸς</strong></span> <span class='ocrx_word' id='word_1_451' title='bbox 2606 1861 2708 1933; x_wconf 81' lang='grc' dir='ltr'>γὰρ</span> <span class='ocrx_word' id='word_1_452' title='bbox 2759 1857 2929 1921; x_wconf 79' lang='grc' dir='ltr'><strong>δήσας</strong></span> <span class='ocrx_word' id='word_1_453' title='bbox 2977 1863 3064 1912; x_wconf 88' lang='grc' dir='ltr'><strong>τὸν</strong></span> <span class='ocrx_word' id='word_1_454' title='bbox 3129 1861 3375 1932; x_wconf 85' lang='grc' dir='ltr'><strong>ἰσχυρόν,</strong></span> <span class='ocrx_word' id='word_1_455' title='bbox 3418 1856 3710 1934; x_wconf 77' lang='grc' dir='ltr'><strong>διήρπασεν</strong></span> <span class='ocrx_word' id='word_1_456' title='bbox 3746 1856 3894 1907; x_wconf 78' lang='grc' dir='ltr'><strong>αὐτοῦ</strong></span> <span class='ocrx_word' id='word_1_457' title='bbox 3932 1855 3985 1903; x_wconf 83' lang='grc' dir='ltr'><strong>τὰ</strong></span> 
     </span>
    </p>
   </div>
   <div class='ocr_carea' id='block_1_65' title="bbox 2413 1948 3985 2025">
    <p class='ocr_par' dir='ltr' id='par_1_65' title="bbox 2413 1948 3985 2025">
     <span class='ocr_line' id='line_1_65' title="bbox 2413 1948 3985 2025; baseline -0.021 1"><span class='ocrx_word' id='word_1_458' title='bbox 2413 1954 2598 2022; x_wconf 54' lang='grc' dir='ltr'>παθη)</span> <span class='ocrx_word' id='word_1_459' title='bbox 2647 1952 2809 2025; x_wconf 68' lang='grc' dir='ltr'><strong>ἡμᾶς,</strong></span> <span class='ocrx_word' id='word_1_460' title='bbox 2855 1948 2932 2014; x_wconf 82' lang='grc' dir='ltr'>οἷς</span> <span class='ocrx_word' id='word_1_461' title='bbox 2971 1952 3044 2012; x_wconf 65' lang='grc' dir='ltr'>εἰς</span> <span class='ocrx_word' id='word_1_462' title='bbox 3090 1957 3267 2003; x_wconf 81' lang='grc' dir='ltr'><strong>πᾶσαν</strong></span> <span class='ocrx_word' id='word_1_463' title='bbox 3310 1949 3562 2024; x_wconf 75' lang='grc' dir='ltr'><strong>ἐνέργειαν</strong></span> <span class='ocrx_word' id='word_1_464' title='bbox 3621 1949 3840 2022; x_wconf 78' lang='grc' dir='ltr'><strong>πονηρὰν</strong></span> <span class='ocrx_word' id='word_1_465' title='bbox 3884 1961 3985 1995; x_wconf 85' lang='grc' dir='ltr'><strong>κατ-</strong></span> 
     </span>
    </p>
   </div>
   <div class='ocr_carea' id='block_1_66' title="bbox 2411 2037 3979 2118">
    <p class='ocr_par' dir='ltr' id='par_1_66' title="bbox 2411 2037 3979 2118">
     <span class='ocr_line' id='line_1_66' title="bbox 2411 2037 3979 2118; baseline -0.007 -23"><span class='ocrx_word' id='word_1_466' title='bbox 2411 2046 2688 2118; x_wconf 83' lang='grc' dir='ltr'><strong>εκέχρητο·</strong></span> <span class='ocrx_word' id='word_1_467' title='bbox 2741 2047 2831 2095; x_wconf 82' lang='grc' dir='ltr'>καὶ</span> <span class='ocrx_word' id='word_1_468' title='bbox 2880 2041 3096 2100; x_wconf 76' lang='grc' dir='ltr'><strong>ἐποίησε</strong></span> <span class='ocrx_word' id='word_1_469' title='bbox 3144 2042 3304 2098; x_wconf 86' lang='grc' dir='ltr'><strong>σκεύη</strong></span> <span class='ocrx_word' id='word_1_470' title='bbox 3345 2043 3626 2113; x_wconf 77' lang='grc' dir='ltr'><strong>εὔχρηστα</strong></span> <span class='ocrx_word' id='word_1_471' title='bbox 3651 2043 3722 2107; x_wconf 81' lang='grc' dir='ltr'><strong>τῷ</strong></span> <span class='ocrx_word' id='word_1_472' title='bbox 3753 2037 3979 2103; x_wconf 73' lang='grc' dir='ltr'><strong>Δισπότη,</strong></span> 
     </span>
    </p>
   </div>
   <div class='ocr_carea' id='block_1_67' title="bbox 2409 2122 3984 2206">
    <p class='ocr_par' dir='ltr' id='par_1_67' title="bbox 2409 2122 3984 2206">
     <span class='ocr_line' id='line_1_67' title="bbox 2409 2122 3984 2206; baseline -0.004 -21"><span class='ocrx_word' id='word_1_473' title='bbox 2409 2136 2527 2193; x_wconf 83' lang='grc' dir='ltr'><strong>τούς</strong></span> <span class='ocrx_word' id='word_1_474' title='bbox 2577 2135 3021 2206; x_wconf 85' lang='grc' dir='ltr'><strong>κατηρτισμένους</strong></span> <span class='ocrx_word' id='word_1_475' title='bbox 3079 2131 3148 2193; x_wconf 83' lang='grc' dir='ltr'>εἰς</span> <span class='ocrx_word' id='word_1_476' title='bbox 3201 2136 3301 2183; x_wconf 83' lang='grc' dir='ltr'>πᾶν</span> <span class='ocrx_word' id='word_1_477' title='bbox 3357 2132 3507 2203; x_wconf 80' lang='grc' dir='ltr'><strong>ἔργον</strong></span> <span class='ocrx_word' id='word_1_478' title='bbox 3564 2126 3758 2200; x_wconf 75' lang='grc' dir='ltr'><strong>ἀγαθόν</strong></span> <span class='ocrx_word' id='word_1_479' title='bbox 3804 2122 3856 2176; x_wconf 69' lang='lat' dir='ltr'>ix</span> <span class='ocrx_word' id='word_1_480' title='bbox 3906 2129 3984 2180; x_wconf 75' lang='grc' dir='ltr'>τῆς</span> 
     </span>
    </p>
   </div>
   <div class='ocr_carea' id='block_1_68' title="bbox 2412 2214 3981 2294">
    <p class='ocr_par' dir='ltr' id='par_1_68' title="bbox 2412 2214 3981 2294">
     <span class='ocr_line' id='line_1_68' title="bbox 2412 2214 3981 2294; baseline -0.008 -20"><span class='ocrx_word' id='word_1_481' title='bbox 2412 2221 2716 2294; x_wconf 86' lang='grc' dir='ltr'><strong>έτοιμασίας</strong></span> <span class='ocrx_word' id='word_1_482' title='bbox 2742 2227 2836 2274; x_wconf 88' lang='grc' dir='ltr'>τοῦ</span> <span class='ocrx_word' id='word_1_483' title='bbox 2876 2219 2952 2293; x_wconf 61' lang='grc' dir='ltr'>ἐφ’</span> <span class='ocrx_word' id='word_1_484' title='bbox 2998 2222 3140 2293; x_wconf 86' lang='grc' dir='ltr'><strong>ύμῖν.</strong></span> <span class='ocrx_word' id='word_1_485' title='bbox 3185 2219 3334 2272; x_wconf 81' lang='grc' dir='ltr'><strong>Οὕτω</strong></span> <span class='ocrx_word' id='word_1_486' title='bbox 3363 2223 3458 2277; x_wconf 76' lang='grc' dir='ltr'><strong>τὴν</strong></span> <span class='ocrx_word' id='word_1_487' title='bbox 3511 2214 3585 2271; x_wconf 80' lang='grc' dir='ltr'>δι’</span> <span class='ocrx_word' id='word_1_488' title='bbox 3635 2215 3789 2268; x_wconf 80' lang='grc' dir='ltr'><strong>αὐτοῦ</strong></span> <span class='ocrx_word' id='word_1_489' title='bbox 3835 2226 3981 2284; x_wconf 83' lang='grc' dir='ltr'><strong>προσ-</strong></span> 
     </span>
    </p>
   </div>
   <div class='ocr_carea' id='block_1_69' title="bbox 2409 2297 3980 2384">
    <p class='ocr_par' dir='ltr' id='par_1_69' title="bbox 2409 2297 3980 2384">
     <span class='ocr_line' id='line_1_69' title="bbox 2409 2297 3980 2384; baseline -0.018 -6"><span class='ocrx_word' id='word_1_490' title='bbox 2409 2317 2622 2384; x_wconf 75' lang='grc' dir='ltr'><strong>αγωγόν</strong></span> <span class='ocrx_word' id='word_1_491' title='bbox 2652 2311 2957 2384; x_wconf 72' lang='grc' dir='ltr'><strong>ἕσχήκαμεν</strong></span> <span class='ocrx_word' id='word_1_492' title='bbox 2980 2314 3109 2384; x_wconf 86' lang='grc' dir='ltr'><strong>πρός</strong></span> <span class='ocrx_word' id='word_1_493' title='bbox 3154 2313 3242 2363; x_wconf 89' lang='grc' dir='ltr'>τόν</span> <span class='ocrx_word' id='word_1_494' title='bbox 3290 2311 3520 2382; x_wconf 88' lang='grc' dir='ltr'><strong>Πατέρα,</strong></span> <span class='ocrx_word' id='word_1_495' title='bbox 3569 2305 3898 2379; x_wconf 73' lang='grc' dir='ltr'><strong>μεταστάντες</strong></span> <span class='ocrx_word' id='word_1_496' title='bbox 3938 2297 3980 2350; x_wconf 76' lang='lat' dir='ltr'>ix</span> 
     </span>
    </p>
   </div>
   <div class='ocr_carea' id='block_1_70' title="bbox 2407 2390 3975 2472">
    <p class='ocr_par' dir='ltr' id='par_1_70' title="bbox 2407 2390 3975 2472">
     <span class='ocr_line' id='line_1_70' title="bbox 2407 2390 3975 2472; baseline -0.006 -16"><span class='ocrx_word' id='word_1_497' title='bbox 2407 2413 2498 2464; x_wconf 78' lang='grc' dir='ltr'><strong>τῆς</strong></span> <span class='ocrx_word' id='word_1_498' title='bbox 2527 2404 2767 2466; x_wconf 75' lang='grc' dir='ltr'><strong>ἐξουσίας</strong></span> <span class='ocrx_word' id='word_1_499' title='bbox 2795 2409 2888 2454; x_wconf 87' lang='grc' dir='ltr'>τοῦ</span> <span class='ocrx_word' id='word_1_500' title='bbox 2915 2405 3136 2460; x_wconf 78' lang='grc' dir='ltr'><strong>σκότους</strong></span> <span class='ocrx_word' id='word_1_501' title='bbox 3184 2399 3255 2460; x_wconf 84' lang='grc' dir='ltr'>εἰς</span> <span class='ocrx_word' id='word_1_502' title='bbox 3303 2403 3396 2458; x_wconf 80' lang='grc' dir='ltr'><strong>τὴν</strong></span> <span class='ocrx_word' id='word_1_503' title='bbox 3443 2394 3639 2472; x_wconf 82' lang='grc' dir='ltr'><strong>μερίδα</strong></span> <span class='ocrx_word' id='word_1_504' title='bbox 3679 2400 3768 2448; x_wconf 87' lang='grc' dir='ltr'>τοῦ</span> <span class='ocrx_word' id='word_1_505' title='bbox 3813 2390 3975 2460; x_wconf 79' lang='grc' dir='ltr'><strong>κλήρου</strong></span> 
     </span>
    </p>
   </div>
   <div class='ocr_carea' id='block_1_71' title="bbox 2404 2485 4047 2564">
    <p class='ocr_par' dir='ltr' id='par_1_71' title="bbox 2404 2485 4047 2564">
     <span class='ocr_line' id='line_1_71' title="bbox 2404 2485 4047 2564; baseline -0.012 -17"><span class='ocrx_word' id='word_1_506' title='bbox 2404 2503 2505 2548; x_wconf 88' lang='grc' dir='ltr'><strong>τῶν</strong></span> <span class='ocrx_word' id='word_1_507' title='bbox 2535 2494 2698 2564; x_wconf 80' lang='grc' dir='ltr'><strong>ἁγίων</strong></span> <span class='ocrx_word' id='word_1_508' title='bbox 2729 2491 2777 2544; x_wconf 82' lang='grc' dir='ltr'>έν</span> <span class='ocrx_word' id='word_1_509' title='bbox 2815 2498 2888 2562; x_wconf 86' lang='grc' dir='ltr'><strong>τῷ</strong></span> <span class='ocrx_word' id='word_1_510' title='bbox 2930 2495 3081 2563; x_wconf 66' lang='grc' dir='ltr'><strong>φωτί.</strong></span> <span class='ocrx_word' id='word_1_511' title='bbox 3127 2494 3214 2548; x_wconf 80' lang='grc' dir='ltr'>Μὴ</span> <span class='ocrx_word' id='word_1_512' title='bbox 3247 2494 3420 2542; x_wconf 84' lang='grc' dir='ltr'><strong>τοίνυν</strong></span> <span class='ocrx_word' id='word_1_513' title='bbox 3447 2487 3506 2541; x_wconf 78' lang='grc' dir='ltr'>ἐκ</span> <span class='ocrx_word' id='word_1_514' title='bbox 3556 2485 3801 2545; x_wconf 81' lang='grc' dir='ltr'><strong>δουλικῆς</strong></span> <span class='ocrx_word' id='word_1_515' title='bbox 3826 2495 3978 2534; x_wconf 83' lang='grc' dir='ltr'><strong>ταπει·</strong></span> <span class='ocrx_word' id='word_1_516' title='bbox 4045 2485 4047 2506; x_wconf 74' lang='grc'><em>³</em></span> 
     </span>
    </p>
   </div>
   <div class='ocr_carea' id='block_1_72' title="bbox 2401 2563 3978 2653">
    <p class='ocr_par' dir='ltr' id='par_1_72' title="bbox 2401 2563 3978 2653">
     <span class='ocr_line' id='line_1_72' title="bbox 2401 2563 3978 2653; baseline -0.01 -15"><span class='ocrx_word' id='word_1_517' title='bbox 2401 2590 2618 2646; x_wconf 85' lang='grc' dir='ltr'><strong>νότητος</strong></span> <span class='ocrx_word' id='word_1_518' title='bbox 2675 2583 3077 2653; x_wconf 83' lang='grc' dir='ltr'><strong>ἠναγκασμένην</strong></span> <span class='ocrx_word' id='word_1_519' title='bbox 3133 2581 3425 2652; x_wconf 83' lang='grc' dir='ltr'><strong>ὑπηρεσίαν</strong></span> <span class='ocrx_word' id='word_1_520' title='bbox 3491 2585 3702 2650; x_wconf 83' lang='grc' dir='ltr'><strong>νοῶμεν,</strong></span> <span class='ocrx_word' id='word_1_521' title='bbox 3759 2576 3842 2629; x_wconf 72' lang='grc' dir='ltr'><strong>τὴν</strong></span> <span class='ocrx_word' id='word_1_522' title='bbox 3901 2563 3978 2623; x_wconf 78' lang='grc' dir='ltr'>διὰ</span> 
     </span>
    </p>
   </div>
   <div class='ocr_carea' id='block_1_73' title="bbox 2402 2658 3974 2744">
    <p class='ocr_par' dir='ltr' id='par_1_73' title="bbox 2402 2658 3974 2744">
     <span class='ocr_line' id='line_1_73' title="bbox 2402 2658 3974 2744; baseline -0.009 -15"><span class='ocrx_word' id='word_1_523' title='bbox 2402 2679 2526 2730; x_wconf 83' lang='grc' dir='ltr'><strong>Υἰοῦ</strong></span> <span class='ocrx_word' id='word_1_524' title='bbox 2559 2674 2873 2744; x_wconf 86' lang='grc' dir='ltr'><strong>οἰκονομίαν,</strong></span> <span class='ocrx_word' id='word_1_525' title='bbox 2928 2669 3056 2722; x_wconf 77' lang='grc' dir='ltr'>ἀλλὰ</span> <span class='ocrx_word' id='word_1_526' title='bbox 3103 2673 3197 2728; x_wconf 77' lang='grc' dir='ltr'>την</span> <span class='ocrx_word' id='word_1_527' title='bbox 3245 2669 3484 2722; x_wconf 78' lang='grc' dir='ltr'><strong>ἑκούσιον</strong></span> <span class='ocrx_word' id='word_1_528' title='bbox 3534 2665 3834 2738; x_wconf 73' lang='grc' dir='ltr'><strong>ἐπιμέλειαν,</strong></span> <span class='ocrx_word' id='word_1_529' title='bbox 3864 2658 3974 2729; x_wconf 73' lang='grc' dir='ltr'><strong>ἀγα·</strong></span> 
     </span>
    </p>
   </div>
   <div class='ocr_carea' id='block_1_74' title="bbox 2403 2751 4047 2831">
    <p class='ocr_par' dir='ltr' id='par_1_74' title="bbox 2403 2751 4047 2831">
     <span class='ocr_line' id='line_1_74' title="bbox 2403 2751 4047 2831; baseline -0.011 -14"><span class='ocrx_word' id='word_1_530' title='bbox 2403 2769 2586 2823; x_wconf 85' lang='grc' dir='ltr'><strong>θότητι</strong></span> <span class='ocrx_word' id='word_1_531' title='bbox 2638 2768 2728 2815; x_wconf 79' lang='grc' dir='ltr'>καὶ</span> <span class='ocrx_word' id='word_1_532' title='bbox 2781 2759 3170 2831; x_wconf 81' lang='grc' dir='ltr'><strong>εύσπλαγχνίᾳ,</strong></span> <span class='ocrx_word' id='word_1_533' title='bbox 3225 2761 3361 2811; x_wconf 85' lang='grc' dir='ltr'><strong>κατά</strong></span> <span class='ocrx_word' id='word_1_534' title='bbox 3401 2761 3458 2810; x_wconf 91' lang='grc' dir='ltr'>τό</span> <span class='ocrx_word' id='word_1_535' title='bbox 3509 2757 3707 2828; x_wconf 81' lang='grc' dir='ltr'><strong>Θέλημα</strong></span> <span class='ocrx_word' id='word_1_536' title='bbox 3741 2759 3827 2804; x_wconf 90' lang='grc' dir='ltr'>τοῦ</span> <span class='ocrx_word' id='word_1_537' title='bbox 3864 2751 3975 2802; x_wconf 79' lang='grc' dir='ltr'><strong>Θεοῦ</strong></span> <span class='ocrx_word' id='word_1_538' title='bbox 4045 2757 4047 2762; x_wconf 83' lang='grc'><strong><em>“</em></strong></span> 
     </span>
    </p>
   </div>
   <div class='ocr_carea' id='block_1_75' title="bbox 2400 2843 4044 2927">
    <p class='ocr_par' dir='ltr' id='par_1_75' title="bbox 2400 2843 4044 2927">
     <span class='ocr_line' id='line_1_75' title="bbox 2400 2843 4044 2927; baseline -0.011 -20"><span class='ocrx_word' id='word_1_539' title='bbox 2400 2860 2491 2907; x_wconf 80' lang='grc' dir='ltr'><strong>καὶ</strong></span> <span class='ocrx_word' id='word_1_540' title='bbox 2568 2856 2799 2927; x_wconf 85' lang='grc' dir='ltr'><strong>Πατρός,</strong></span> <span class='ocrx_word' id='word_1_541' title='bbox 2855 2854 2974 2924; x_wconf 87' lang='grc' dir='ltr'><strong>περὶ</strong></span> <span class='ocrx_word' id='word_1_542' title='bbox 3027 2854 3084 2902; x_wconf 88' lang='grc' dir='ltr'>τό</span> <span class='ocrx_word' id='word_1_543' title='bbox 3140 2846 3280 2902; x_wconf 79' lang='grc' dir='ltr'><strong>ἴδιον</strong></span> <span class='ocrx_word' id='word_1_544' title='bbox 3332 2848 3557 2920; x_wconf 74' lang='grc' dir='ltr'><strong>πλάσμα</strong></span> <span class='ocrx_word' id='word_1_545' title='bbox 3620 2843 3974 2918; x_wconf 75' lang='grc' dir='ltr'><strong>ἐνεργουμένην.</strong></span> <span class='ocrx_word' id='word_1_546' title='bbox 4040 2865 4044 2868; x_wconf 92' lang='grc'><strong>-</strong></span> 
     </span>
    </p>
   </div>
   <div class='ocr_carea' id='block_1_76' title="bbox 2403 2927 4047 3016">
    <p class='ocr_par' dir='ltr' id='par_1_76' title="bbox 2403 2927 4047 3016">
     <span class='ocr_line' id='line_1_76' title="bbox 2403 2927 4047 3016; baseline -0.014 -19"><span class='ocrx_word' id='word_1_547' title='bbox 2403 2945 2554 2997; x_wconf 81' lang='grc' dir='ltr'><strong>Οῦτω</strong></span> <span class='ocrx_word' id='word_1_548' title='bbox 2613 2945 2716 3016; x_wconf 78' lang='grc' dir='ltr'>γὰρ</span> <span class='ocrx_word' id='word_1_549' title='bbox 2749 2941 2826 3013; x_wconf 88' lang='grc'>(1)</span> <span class='ocrx_word' id='word_1_550' title='bbox 2870 2937 3242 3012; x_wconf 78' lang='grc' dir='ltr'><strong>εύσεϐἠσομεν,</strong></span> <span class='ocrx_word' id='word_1_551' title='bbox 3300 2937 3351 2990; x_wconf 80' lang='grc' dir='ltr'>ἐν</span> <span class='ocrx_word' id='word_1_552' title='bbox 3402 2942 3542 2991; x_wconf 81' lang='grc' dir='ltr'><strong>πᾶσι</strong></span> <span class='ocrx_word' id='word_1_553' title='bbox 3588 2942 3694 2994; x_wconf 88' lang='grc' dir='ltr'><strong>τοίς</strong></span> <span class='ocrx_word' id='word_1_554' title='bbox 3748 2927 3975 2984; x_wconf 83' lang='grc' dir='ltr'><strong>έπιτελου·</strong></span> <span class='ocrx_word' id='word_1_555' title='bbox 4041 2936 4047 2964; x_wconf 68' lang='grc' dir='ltr'>ῖ</span> 
     </span>
    </p>
   </div>
   <div class='ocr_carea' id='block_1_77' title="bbox 2401 3017 3971 3106">
    <p class='ocr_par' dir='ltr' id='par_1_77' title="bbox 2401 3017 3971 3106">
     <span class='ocr_line' id='line_1_77' title="bbox 2401 3017 3971 3106; baseline -0.003 -21"><span class='ocrx_word' id='word_1_556' title='bbox 2401 3039 2574 3106; x_wconf 80' lang='grc' dir='ltr'><strong>μένοις</strong></span> <span class='ocrx_word' id='word_1_557' title='bbox 2617 3036 2707 3084; x_wconf 75' lang='grc' dir='ltr'>καὶ</span> <span class='ocrx_word' id='word_1_558' title='bbox 2744 3031 2940 3083; x_wconf 89' lang='grc' dir='ltr'><strong>τελείαν</strong></span> <span class='ocrx_word' id='word_1_559' title='bbox 2992 3029 3134 3097; x_wconf 84' lang='grc' dir='ltr'><strong>αύτῷ</strong></span> <span class='ocrx_word' id='word_1_560' title='bbox 3195 3035 3584 3103; x_wconf 84' lang='grc' dir='ltr'><strong>μαρτυροῦντες</strong></span> <span class='ocrx_word' id='word_1_561' title='bbox 3623 3027 3716 3082; x_wconf 74' lang='grc' dir='ltr'><strong>τὴν</strong></span> <span class='ocrx_word' id='word_1_562' title='bbox 3757 3017 3971 3088; x_wconf 72' lang='grc' dir='ltr'><strong>δύναμιν,</strong></span> 
     </span>
    </p>
   </div>
   <div class='ocr_carea' id='block_1_78' title="bbox 2401 3111 4047 3196">
    <p class='ocr_par' dir='ltr' id='par_1_78' title="bbox 2401 3111 4047 3196">
     <span class='ocr_line' id='line_1_78' title="bbox 2401 3111 4047 3196; baseline -0.007 -20"><span class='ocrx_word' id='word_1_563' title='bbox 2401 3128 2490 3176; x_wconf 86' lang='grc' dir='ltr'>καὶ</span> <span class='ocrx_word' id='word_1_564' title='bbox 2512 3120 2752 3196; x_wconf 78' lang='grc' dir='ltr'><strong>ούδαμου</strong></span> <span class='ocrx_word' id='word_1_565' title='bbox 2777 3141 2871 3174; x_wconf 88' lang='grc' dir='ltr'>του</span> <span class='ocrx_word' id='word_1_566' title='bbox 2903 3119 3234 3194; x_wconf 79' lang='grc' dir='ltr'><strong>βουλήματος</strong></span> <span class='ocrx_word' id='word_1_567' title='bbox 3261 3138 3353 3172; x_wconf 89' lang='grc' dir='ltr'>του</span> <span class='ocrx_word' id='word_1_568' title='bbox 3382 3123 3648 3193; x_wconf 84' lang='grc' dir='ltr'><strong>πατρικοῦ</strong></span> <span class='ocrx_word' id='word_1_569' title='bbox 3681 3111 3715 3166; x_wconf 82' lang='grc' dir='ltr'><em>δ</em></span> <span class='ocrx_word' id='word_1_570' title='bbox 3721 3116 3970 3164; x_wconf 78' lang='grc' dir='ltr'><strong>ιῐστῶντες-</strong></span> <span class='ocrx_word' id='word_1_571' title='bbox 4046 3141 4047 3144; x_wconf 58' lang='grc' dir='ltr'>η</span> 
     </span>
    </p>
   </div>
   <div class='ocr_carea' id='block_1_79' title="bbox 2397 3205 3973 3286">
    <p class='ocr_par' dir='ltr' id='par_1_79' title="bbox 2397 3205 3973 3286">
     <span class='ocr_line' id='line_1_79' title="bbox 2397 3205 3973 3286; baseline -0.011 -20"><span class='ocrx_word' id='word_1_572' title='bbox 2397 3212 2598 3286; x_wconf 85' lang='grc' dir='ltr'><strong>Ὠσπερ</strong></span> <span class='ocrx_word' id='word_1_573' title='bbox 2649 3208 2736 3265; x_wconf 87' lang='grc' dir='ltr'><strong>οὖν</strong></span> <span class='ocrx_word' id='word_1_574' title='bbox 2785 3214 2876 3263; x_wconf 86' lang='grc' dir='ltr'>καὶ</span> <span class='ocrx_word' id='word_1_575' title='bbox 2933 3211 3055 3262; x_wconf 84' lang='grc' dir='ltr'><strong>ὅταν</strong></span> <span class='ocrx_word' id='word_1_576' title='bbox 3100 3205 3219 3270; x_wconf 80' lang='grc' dir='ltr'><strong>ὁδός</strong></span> <span class='ocrx_word' id='word_1_577' title='bbox 3276 3210 3303 3261; x_wconf 86' lang='grc' dir='ltr'><strong><em>ὁ</em></strong></span> <span class='ocrx_word' id='word_1_578' title='bbox 3353 3210 3546 3283; x_wconf 75' lang='grc' dir='ltr'><strong>Κύριος</strong></span> <span class='ocrx_word' id='word_1_579' title='bbox 3592 3206 3821 3277; x_wconf 85' lang='grc' dir='ltr'><strong>λέγηται,</strong></span> <span class='ocrx_word' id='word_1_580' title='bbox 3864 3209 3973 3266; x_wconf 83' lang='grc' dir='ltr'><strong>προς</strong></span> 
     </span>
    </p>
   </div>
   <div class='ocr_carea' id='block_1_80' title="bbox 2398 3293 3972 3376">
    <p class='ocr_par' dir='ltr' id='par_1_80' title="bbox 2398 3293 3972 3376">
     <span class='ocr_line' id='line_1_80' title="bbox 2398 3293 3972 3376; baseline -0.01 -22"><span class='ocrx_word' id='word_1_581' title='bbox 2398 3301 2723 3376; x_wconf 67' lang='grc' dir='ltr'><strong>ὑψηλοτέραν</strong></span> <span class='ocrx_word' id='word_1_582' title='bbox 2763 3302 2978 3364; x_wconf 79' lang='grc' dir='ltr'><strong>ἔννοιαν,</strong></span> <span class='ocrx_word' id='word_1_583' title='bbox 3023 3297 3130 3350; x_wconf 74' lang='grc' dir='ltr'>ἀλλ’</span> <span class='ocrx_word' id='word_1_584' title='bbox 3171 3297 3300 3370; x_wconf 77' lang='grc' dir='ltr'><strong>οὐχὶ</strong></span> <span class='ocrx_word' id='word_1_585' title='bbox 3343 3301 3471 3370; x_wconf 87' lang='grc' dir='ltr'><strong>πρός</strong></span> <span class='ocrx_word' id='word_1_586' title='bbox 3505 3301 3602 3356; x_wconf 75' lang='grc' dir='ltr'><strong>τὴν</strong></span> <span class='ocrx_word' id='word_1_587' title='bbox 3641 3293 3697 3347; x_wconf 72' lang='grc' dir='ltr'>ἐκ</span> <span class='ocrx_word' id='word_1_588' title='bbox 3747 3294 3836 3342; x_wconf 85' lang='grc' dir='ltr'>τοῦ</span> <span class='ocrx_word' id='word_1_589' title='bbox 3870 3300 3972 3376; x_wconf 46' lang='grc' dir='ltr'><strong>προς</strong></span> 
     </span>
    </p>
   </div>
   <div class='ocr_carea' id='block_1_81' title="bbox 2395 3376 3970 3467">
    <p class='ocr_par' dir='ltr' id='par_1_81' title="bbox 2395 3376 3970 3467">
     <span class='ocr_line' id='line_1_81' title="bbox 2395 3376 3970 3467; baseline -0.008 -22"><span class='ocrx_word' id='word_1_590' title='bbox 2395 3396 2582 3467; x_wconf 87' lang='grc' dir='ltr'><strong>χείρου</strong></span> <span class='ocrx_word' id='word_1_591' title='bbox 2639 3389 3030 3464; x_wconf 77' lang='grc' dir='ltr'><strong>λαμϐανομένην</strong></span> <span class='ocrx_word' id='word_1_592' title='bbox 3083 3389 3462 3463; x_wconf 78' lang='grc' dir='ltr'><strong>ὑποφερόμεθα.</strong></span> <span class='ocrx_word' id='word_1_593' title='bbox 3539 3390 3644 3444; x_wconf 78' lang='grc' dir='ltr'>Τὴν</span> <span class='ocrx_word' id='word_1_594' title='bbox 3692 3382 3788 3454; x_wconf 76' lang='grc' dir='ltr'><strong>γὰρ</strong></span> <span class='ocrx_word' id='word_1_595' title='bbox 3835 3376 3970 3467; x_wconf 52' lang='grc' dir='ltr'><strong>εἱρμτς</strong></span> 
     </span>
    </p>
   </div>
   <div class='ocr_carea' id='block_1_82' title="bbox 2393 3464 3969 3551">
    <p class='ocr_par' dir='ltr' id='par_1_82' title="bbox 2393 3464 3969 3551">
     <span class='ocr_line' id='line_1_82' title="bbox 2393 3464 3969 3551; baseline -0.014 -16"><span class='ocrx_word' id='word_1_596' title='bbox 2393 3486 2485 3534; x_wconf 85' lang='grc' dir='ltr'>καὶ</span> <span class='ocrx_word' id='word_1_597' title='bbox 2514 3481 2656 3544; x_wconf 79' lang='grc' dir='ltr'><strong>τάξει</strong></span> <span class='ocrx_word' id='word_1_598' title='bbox 2704 3477 2798 3532; x_wconf 79' lang='grc' dir='ltr'>διὰ</span> <span class='ocrx_word' id='word_1_599' title='bbox 2843 3486 2943 3531; x_wconf 85' lang='grc' dir='ltr'><strong>τῶν</strong></span> <span class='ocrx_word' id='word_1_600' title='bbox 2999 3481 3160 3551; x_wconf 80' lang='grc' dir='ltr'><strong>ἔργων</strong></span> <span class='ocrx_word' id='word_1_601' title='bbox 3211 3485 3300 3538; x_wconf 79' lang='grc' dir='ltr'><strong>τῆς</strong></span> <span class='ocrx_word' id='word_1_602' title='bbox 3354 3473 3718 3537; x_wconf 75' lang='grc' dir='ltr'><strong>δικαιοσύνης,</strong></span> <span class='ocrx_word' id='word_1_603' title='bbox 3767 3469 3850 3518; x_wconf 83' lang='grc' dir='ltr'>καὶ</span> <span class='ocrx_word' id='word_1_604' title='bbox 3894 3464 3969 3551; x_wconf 66' lang='grc' dir='ltr'>τοῦ</span> 
     </span>
    </p>
   </div>
   <div class='ocr_carea' id='block_1_83' title="bbox 2393 3546 3968 3645">
    <p class='ocr_par' dir='ltr' id='par_1_83' title="bbox 2393 3546 3968 3645">
     <span class='ocr_line' id='line_1_83' title="bbox 2393 3546 3968 3645; baseline -0.008 -21"><span class='ocrx_word' id='word_1_605' title='bbox 2393 3577 2666 3645; x_wconf 75' lang='grc' dir='ltr'><strong>φωτισμοῦ</strong></span> <span class='ocrx_word' id='word_1_606' title='bbox 2705 3576 2797 3630; x_wconf 80' lang='grc' dir='ltr'><strong>τῆς</strong></span> <span class='ocrx_word' id='word_1_607' title='bbox 2823 3573 3067 3640; x_wconf 83' lang='grc' dir='ltr'><strong>γνώσεως</strong></span> <span class='ocrx_word' id='word_1_608' title='bbox 3109 3565 3191 3618; x_wconf 73' lang='grc' dir='ltr'><strong>ἐπὶ</strong></span> <span class='ocrx_word' id='word_1_609' title='bbox 3228 3570 3285 3618; x_wconf 90' lang='grc' dir='ltr'>τό</span> <span class='ocrx_word' id='word_1_610' title='bbox 3323 3565 3514 3619; x_wconf 84' lang='grc' dir='ltr'><strong>τέλειον</strong></span> <span class='ocrx_word' id='word_1_611' title='bbox 3563 3561 3827 3638; x_wconf 73' lang='grc' dir='ltr'><strong>προκοπὴν</strong></span> <span class='ocrx_word' id='word_1_612' title='bbox 3864 3546 3968 3603; x_wconf 71' lang='grc' dir='ltr'>ὁδόν</span> 
     </span>
    </p>
   </div>
   <div class='ocr_carea' id='block_1_84' title="bbox 2391 3643 3968 3732">
    <p class='ocr_par' dir='ltr' id='par_1_84' title="bbox 2391 3643 3968 3732">
     <span class='ocr_line' id='line_1_84' title="bbox 2391 3643 3968 3732; baseline -0.017 -19"><span class='ocrx_word' id='word_1_613' title='bbox 2391 3643 2722 3732; x_wconf 77' lang='grc' dir='ltr'><strong>έξακούομεν,</strong></span> <span class='ocrx_word' id='word_1_614' title='bbox 2756 3656 2836 3711; x_wconf 75' lang='grc' dir='ltr'><strong>ἀεὶ</strong></span> <span class='ocrx_word' id='word_1_615' title='bbox 2866 3652 2956 3710; x_wconf 76' lang='grc' dir='ltr'>τοῦ</span> <span class='ocrx_word' id='word_1_616' title='bbox 3000 3661 3182 3732; x_wconf 88' lang='grc' dir='ltr'><strong>πρόσω</strong></span> <span class='ocrx_word' id='word_1_617' title='bbox 3221 3653 3706 3731; x_wconf 68' lang='grc' dir='ltr'><strong>ἐπορεγὸμενοι(2),</strong></span> <span class='ocrx_word' id='word_1_618' title='bbox 3753 3648 3838 3699; x_wconf 74' lang='grc' dir='ltr'>καὶ</span> <span class='ocrx_word' id='word_1_619' title='bbox 3876 3643 3968 3696; x_wconf 79' lang='grc' dir='ltr'><strong>τοῖς</strong></span> 
     </span>
    </p>
   </div>
   <div class='ocr_carea' id='block_1_85' title="bbox 2389 3733 3966 3822">
    <p class='ocr_par' dir='ltr' id='par_1_85' title="bbox 2389 3733 3966 3822">
     <span class='ocr_line' id='line_1_85' title="bbox 2389 3733 3966 3822; baseline -0.014 -20"><span class='ocrx_word' id='word_1_620' title='bbox 2389 3748 2708 3822; x_wconf 89' lang='grc' dir='ltr'><strong>λειπομένοις</strong></span> <span class='ocrx_word' id='word_1_621' title='bbox 2766 3747 2982 3809; x_wconf 76' lang='grc' dir='ltr'><strong>ἑαυτούς</strong></span> <span class='ocrx_word' id='word_1_622' title='bbox 3048 3745 3414 3808; x_wconf 81' lang='grc' dir='ltr'><strong>ἐπεκτείνοντες</strong></span> <span class='ocrx_word' id='word_1_623' title='bbox 3438 3788 3453 3815; x_wconf 86' lang='grc'>,</span> <span class='ocrx_word' id='word_1_624' title='bbox 3519 3746 3610 3805; x_wconf 79' lang='grc' dir='ltr'><strong>ἕως</strong></span> <span class='ocrx_word' id='word_1_625' title='bbox 3665 3739 3724 3792; x_wconf 81' lang='grc' dir='ltr'><strong>ἂν</strong></span> <span class='ocrx_word' id='word_1_626' title='bbox 3776 3733 3966 3807; x_wconf 73' lang='grc' dir='ltr'>φθάσω-</span> 
     </span>
    </p>
   </div>
   <div class='ocr_carea' id='block_1_86' title="bbox 2387 3827 3966 3912">
    <p class='ocr_par' dir='ltr' id='par_1_86' title="bbox 2387 3827 3966 3912">
     <span class='ocr_line' id='line_1_86' title="bbox 2387 3827 3966 3912; baseline -0.01 -19"><span class='ocrx_word' id='word_1_627' title='bbox 2387 3857 2478 3912; x_wconf 86' lang='grc' dir='ltr'>μεν</span> <span class='ocrx_word' id='word_1_628' title='bbox 2532 3837 2617 3892; x_wconf 77' lang='grc' dir='ltr'>ἕπὶ</span> <span class='ocrx_word' id='word_1_629' title='bbox 2669 3841 2729 3890; x_wconf 86' lang='grc' dir='ltr'>τό</span> <span class='ocrx_word' id='word_1_630' title='bbox 2779 3837 3038 3911; x_wconf 80' lang='grc' dir='ltr'><strong>μακάριον</strong></span> <span class='ocrx_word' id='word_1_631' title='bbox 3094 3834 3257 3903; x_wconf 85' lang='grc' dir='ltr'><strong>τέλος,</strong></span> <span class='ocrx_word' id='word_1_632' title='bbox 3313 3839 3406 3893; x_wconf 75' lang='grc' dir='ltr'><strong>τὴν</strong></span> <span class='ocrx_word' id='word_1_633' title='bbox 3461 3840 3598 3888; x_wconf 85' lang='grc' dir='ltr'><strong>Θεοῦ</strong></span> <span class='ocrx_word' id='word_1_634' title='bbox 3654 3827 3966 3882; x_wconf 73' lang='grc' dir='ltr'><strong>κατανόησιν,</strong></span> 
     </span>
    </p>
   </div>
   <div class='ocr_carea' id='block_1_87' title="bbox 2388 3908 4045 4002">
    <p class='ocr_par' dir='ltr' id='par_1_87' title="bbox 2388 3908 4045 4002">
     <span class='ocr_line' id='line_1_87' title="bbox 2388 3908 4045 4002; baseline -0.016 -15"><span class='ocrx_word' id='word_1_635' title='bbox 2388 3928 2450 3987; x_wconf 72' lang='grc' dir='ltr'><strong>ἦν</strong></span> <span class='ocrx_word' id='word_1_636' title='bbox 2481 3930 2506 3980; x_wconf 85' lang='grc' dir='ltr'><strong><em>ὁ</em></strong></span> <span class='ocrx_word' id='word_1_637' title='bbox 2540 3931 2730 4002; x_wconf 76' lang='grc' dir='ltr'><strong>Κύριος</strong></span> <span class='ocrx_word' id='word_1_638' title='bbox 2781 3923 2854 3979; x_wconf 85' lang='grc' dir='ltr'>δι’</span> <span class='ocrx_word' id='word_1_639' title='bbox 2904 3925 3090 3978; x_wconf 80' lang='grc' dir='ltr'><strong>ἑαυτοῦ</strong></span> <span class='ocrx_word' id='word_1_640' title='bbox 3143 3931 3248 3985; x_wconf 89' lang='grc' dir='ltr'><strong>τοῖς</strong></span> <span class='ocrx_word' id='word_1_641' title='bbox 3307 3924 3374 3986; x_wconf 85' lang='grc' dir='ltr'>εἰς</span> <span class='ocrx_word' id='word_1_642' title='bbox 3422 3923 3582 3977; x_wconf 79' lang='grc' dir='ltr'><strong>αὐτόν</strong></span> <span class='ocrx_word' id='word_1_643' title='bbox 3618 3908 3968 4002; x_wconf 46' lang='grc' dir='ltr'><strong>πεπιστευκόσι</strong></span> <span class='ocrx_word' id='word_1_644' title='bbox 4044 3933 4045 3952; x_wconf 53' lang='grc' dir='ltr'>ξ</span> 
     </span>
    </p>
   </div>
   <div class='ocr_carea' id='block_1_88' title="bbox 2385 3994 3970 4094">
    <p class='ocr_par' dir='ltr' id='par_1_88' title="bbox 2385 3994 3970 4094">
     <span class='ocr_line' id='line_1_88' title="bbox 2385 3994 3970 4094; baseline -0.028 -3"><span class='ocrx_word' id='word_1_645' title='bbox 2385 3994 2673 4094; x_wconf 57' lang='grc' dir='ltr'><strong>χαρίξιτᾶι</strong></span> <span class='ocrx_word' id='word_1_646' title='bbox 2854 4017 3052 4087; x_wconf 72' lang='grc' dir='ltr'><strong>Ἀγαθὴ</strong></span> <span class='ocrx_word' id='word_1_647' title='bbox 3101 4017 3203 4088; x_wconf 71' lang='grc' dir='ltr'><strong>’γὰρ</strong></span> <span class='ocrx_word' id='word_1_648' title='bbox 3256 4018 3413 4075; x_wconf 83' lang='grc' dir='ltr'><strong>ὅντως</strong></span> <span class='ocrx_word' id='word_1_649' title='bbox 3455 4010 3604 4080; x_wconf 74' lang='grc' dir='ltr'><strong>ὁδός,</strong></span> <span class='ocrx_word' id='word_1_650' title='bbox 3647 3994 3970 4094; x_wconf 72' lang='grc' dir='ltr'><strong>ἀπαρεξόδεν·</strong></span> 
     </span>
    </p>
   </div>
   <div class='ocr_carea' id='block_1_89' title="bbox 2384 4092 4045 4179">
    <p class='ocr_par' dir='ltr' id='par_1_89' title="bbox 2384 4092 4045 4179">
     <span class='ocr_line' id='line_1_89' title="bbox 2384 4092 4045 4179; baseline -0.016 -19"><span class='ocrx_word' id='word_1_651' title='bbox 2384 4126 2471 4170; x_wconf 88' lang='grc' dir='ltr'>τος</span> <span class='ocrx_word' id='word_1_652' title='bbox 2538 4111 2628 4160; x_wconf 84' lang='grc' dir='ltr'><strong>καὶ</strong></span> <span class='ocrx_word' id='word_1_653' title='bbox 2691 4105 2938 4169; x_wconf 74' lang='grc' dir='ltr'><strong>ἀπλανὴς,</strong></span> <span class='ocrx_word' id='word_1_654' title='bbox 2992 4106 3017 4156; x_wconf 85' lang='grc' dir='ltr'><strong><em>ὁ</em></strong></span> <span class='ocrx_word' id='word_1_655' title='bbox 3071 4107 3263 4179; x_wconf 81' lang='grc' dir='ltr'><strong>Κύριος</strong></span> <span class='ocrx_word' id='word_1_656' title='bbox 3309 4106 3475 4176; x_wconf 78' lang='grc' dir='ltr'><strong>ἡμῶν,</strong></span> <span class='ocrx_word' id='word_1_657' title='bbox 3533 4104 3664 4176; x_wconf 77' lang='grc' dir='ltr'><strong>πρὸς</strong></span> <span class='ocrx_word' id='word_1_658' title='bbox 3728 4097 3784 4147; x_wconf 86' lang='grc' dir='ltr'>τό</span> <span class='ocrx_word' id='word_1_659' title='bbox 3836 4092 3966 4140; x_wconf 84' lang='grc' dir='ltr'><strong>ὅντως</strong></span> <span class='ocrx_word' id='word_1_660' title='bbox 4043 4111 4045 4130; x_wconf 73' lang='grc' dir='ltr'><em>ς</em></span> 
     </span>
    </p>
   </div>
   <div class='ocr_carea' id='block_1_90' title="bbox 2386 4184 4045 4269">
    <p class='ocr_par' dir='ltr' id='par_1_90' title="bbox 2386 4184 4045 4269">
     <span class='ocr_line' id='line_1_90' title="bbox 2386 4184 4045 4269; baseline -0.016 -18"><span class='ocrx_word' id='word_1_661' title='bbox 2386 4196 2604 4269; x_wconf 78' lang='grc' dir='ltr'><strong>ἀγαθόν,</strong></span> <span class='ocrx_word' id='word_1_662' title='bbox 2657 4202 2745 4250; x_wconf 88' lang='grc' dir='ltr'>τόν</span> <span class='ocrx_word' id='word_1_663' title='bbox 2794 4200 3024 4269; x_wconf 86' lang='grc' dir='ltr'><strong>Πατέρα,</strong></span> <span class='ocrx_word' id='word_1_664' title='bbox 3083 4199 3268 4268; x_wconf 76' lang='grc' dir='ltr'><strong>φέρων,</strong></span> <span class='ocrx_word' id='word_1_665' title='bbox 3339 4190 3532 4257; x_wconf 75' lang='grc' dir='ltr'><strong>Οὐδεὶς</strong></span> <span class='ocrx_word' id='word_1_666' title='bbox 3595 4191 3694 4263; x_wconf 77' lang='grc' dir='ltr'><strong>γὰρ</strong></span> <span class='ocrx_word' id='word_1_667' title='bbox 3753 4184 3963 4269; x_wconf 64' lang='grc' dir='ltr'><strong>ἔρχεται,</strong></span> <span class='ocrx_word' id='word_1_668' title='bbox 4044 4221 4045 4224; x_wconf 45' lang='grc' dir='ltr'><strong>η</strong></span> 
     </span>
    </p>
   </div>
   <div class='ocr_carea' id='block_1_91' title="bbox 2385 4265 3963 4362">
    <p class='ocr_par' dir='ltr' id='par_1_91' title="bbox 2385 4265 3963 4362">
     <span class='ocr_line' id='line_1_91' title="bbox 2385 4265 3963 4362; baseline -0.006 -21"><span class='ocrx_word' id='word_1_669' title='bbox 2385 4292 2534 4360; x_wconf 77' lang='grc' dir='ltr'><strong>φησὶ,</strong></span> <span class='ocrx_word' id='word_1_670' title='bbox 2582 4293 2711 4362; x_wconf 87' lang='grc' dir='ltr'><strong>πρός</strong></span> <span class='ocrx_word' id='word_1_671' title='bbox 2766 4291 2853 4339; x_wconf 88' lang='grc' dir='ltr'>τόν</span> <span class='ocrx_word' id='word_1_672' title='bbox 2921 4290 3129 4358; x_wconf 86' lang='grc' dir='ltr'><strong>Πατέρα</strong></span> <span class='ocrx_word' id='word_1_673' title='bbox 3181 4285 3226 4337; x_wconf 83' lang='grc' dir='ltr'>εἰ</span> <span class='ocrx_word' id='word_1_674' title='bbox 3283 4288 3354 4356; x_wconf 79' lang='grc' dir='ltr'><strong>μὴ</strong></span> <span class='ocrx_word' id='word_1_675' title='bbox 3423 4279 3492 4336; x_wconf 80' lang='grc' dir='ltr'>δι’</span> <span class='ocrx_word' id='word_1_676' title='bbox 3551 4283 3695 4356; x_wconf 74' lang='grc' dir='ltr'><strong>ἐμοῦ.</strong></span> <span class='ocrx_word' id='word_1_677' title='bbox 3761 4265 3963 4326; x_wconf 66' lang='grc' dir='ltr'>Τοιαύτη</span> 
     </span>
    </p>
   </div>
   <div class='ocr_carea' id='block_1_92' title="bbox 2335 1722 2372 1776">
    <p class='ocr_par' dir='ltr' id='par_1_92' title="bbox 2335 1722 2372 1776">
     <span class='ocr_line' id='line_1_92' title="bbox 2335 1722 2372 1776; baseline 0 0"><span class='ocrx_word' id='word_1_678' title='bbox 2335 1722 2372 1776; x_wconf 90' lang='grc' dir='ltr'>Β</span> 
     </span>
    </p>
   </div>
   <div class='ocr_carea' id='block_1_93' title="bbox 2323 3083 2362 3138">
    <p class='ocr_par' dir='ltr' id='par_1_93' title="bbox 2323 3083 2362 3138">
     <span class='ocr_line' id='line_1_93' title="bbox 2323 3083 2362 3138; baseline 0 0"><span class='ocrx_word' id='word_1_679' title='bbox 2323 3083 2362 3138; x_wconf 92' lang='lat' dir='ltr'>C</span> 
     </span>
    </p>
   </div>
   <div class='ocr_carea' id='block_1_94' title="bbox 610 4363 2290 4449">
    <p class='ocr_par' dir='ltr' id='par_1_94' title="bbox 610 4367 2272 4447">
     <span class='ocr_line' id='line_1_94' title="bbox 610 4367 2272 4447; baseline -0.003 -17"><span class='ocrx_word' id='word_1_680' title='bbox 610 4373 974 4447; x_wconf 90' lang='lat' dir='ltr'>perducens.</span> <span class='ocrx_word' id='word_1_681' title='bbox 1014 4371 1201 4426; x_wconf 90' lang='lat' dir='ltr'>Nemo</span> <span class='ocrx_word' id='word_1_682' title='bbox 1223 4370 1400 4438; x_wconf 83' lang='lat' dir='ltr'>enim,</span> <span class='ocrx_word' id='word_1_683' title='bbox 1439 4367 1654 4438; x_wconf 89' lang='lat' dir='ltr'>inquit,</span> <span class='ocrx_word' id='word_1_684' title='bbox 1701 4370 1863 4425; x_wconf 82' lang='lat' dir='ltr'>venit</span> <span class='ocrx_word' id='word_1_685' title='bbox 1911 4369 1992 4424; x_wconf 85' lang='lat' dir='ltr'>ad</span> <span class='ocrx_word' id='word_1_686' title='bbox 2029 4370 2272 4425; x_wconf 80' lang='lat' dir='ltr'>Batrem</span> 
     </span>
    </p>
   </div>
   <div class='ocr_carea' id='block_1_95' title="bbox 2401 4363 3838 4449">
    <p class='ocr_par' dir='ltr' id='par_1_95' title="bbox 2401 4363 3838 4449">
     <span class='ocr_line' id='line_1_95' title="bbox 2401 4363 3838 4449; baseline -0.008 -21"><span class='ocrx_word' id='word_1_687' title='bbox 2401 4378 2472 4428; x_wconf 70' lang='grc' dir='ltr'>ιεν</span> <span class='ocrx_word' id='word_1_688' title='bbox 2498 4373 2586 4428; x_wconf 83' lang='grc' dir='ltr'><strong>οὖν</strong></span> <span class='ocrx_word' id='word_1_689' title='bbox 2615 4378 2647 4435; x_wconf 84' lang='grc' dir='ltr'><strong>ἠ</strong></span> <span class='ocrx_word' id='word_1_690' title='bbox 2676 4377 2901 4449; x_wconf 78' lang='grc' dir='ltr'><strong>ἡμετέρα</strong></span> <span class='ocrx_word' id='word_1_691' title='bbox 2927 4379 3056 4448; x_wconf 86' lang='grc' dir='ltr'><strong>πρός</strong></span> <span class='ocrx_word' id='word_1_692' title='bbox 3084 4378 3212 4427; x_wconf 87' lang='grc' dir='ltr'><strong>Θεόν</strong></span> <span class='ocrx_word' id='word_1_693' title='bbox 3241 4368 3429 4436; x_wconf 75' lang='grc' dir='ltr'><strong>ἄνοδος</strong></span> <span class='ocrx_word' id='word_1_694' title='bbox 3461 4369 3558 4426; x_wconf 79' lang='grc' dir='ltr'>διὰ</span> <span class='ocrx_word' id='word_1_695' title='bbox 3579 4367 3671 4424; x_wconf 84' lang='grc' dir='ltr'>τοῦ</span> <span class='ocrx_word' id='word_1_696' title='bbox 3700 4363 3838 4418; x_wconf 83' lang='grc' dir='ltr'><strong>Υἱοῦ.</strong></span> 
     </span>
    </p>
   </div>
   <div class='ocr_carea' id='block_1_96' title="bbox 611 4457 2273 4533">
    <p class='ocr_par' dir='ltr' id='par_1_96' title="bbox 611 4457 2273 4533">
     <span class='ocr_line' id='line_1_96' title="bbox 611 4457 2273 4533; baseline -0.003 -14"><span class='ocrx_word' id='word_1_697' title='bbox 611 4464 730 4520; x_wconf 84' lang='lat' dir='ltr'>nisi</span> <span class='ocrx_word' id='word_1_698' title='bbox 749 4479 863 4533; x_wconf 83' lang='lat' dir='ltr'>per</span> <span class='ocrx_word' id='word_1_699' title='bbox 881 4477 974 4518; x_wconf 90' lang='lat' dir='ltr'>me</span> <span class='ocrx_word' id='word_1_700' title='bbox 995 4462 1063 4515; x_wconf 72' lang='grc' dir='ltr'>δ’.</span> <span class='ocrx_word' id='word_1_701' title='bbox 1097 4459 1252 4516; x_wconf 85' lang='lat' dir='ltr'>Talis</span> <span class='ocrx_word' id='word_1_702' title='bbox 1283 4462 1368 4515; x_wconf 83' lang='lat' dir='ltr'>est</span> <span class='ocrx_word' id='word_1_703' title='bbox 1399 4458 1578 4527; x_wconf 85' lang='lat' dir='ltr'>igitur</span> <span class='ocrx_word' id='word_1_704' title='bbox 1597 4462 1802 4513; x_wconf 90' lang='lat' dir='ltr'>noster</span> <span class='ocrx_word' id='word_1_705' title='bbox 1845 4457 1922 4514; x_wconf 90' lang='lat' dir='ltr'>ad</span> <span class='ocrx_word' id='word_1_706' title='bbox 1959 4461 2149 4514; x_wconf 90' lang='lat' dir='ltr'>Deum</span> <span class='ocrx_word' id='word_1_707' title='bbox 2181 4473 2273 4515; x_wconf 88' lang='lat' dir='ltr'>as-</span> 
     </span>
    </p>
   </div>
   <div class='ocr_carea' id='block_1_97' title="bbox 609 4549 1222 4625">
    <p class='ocr_par' dir='ltr' id='par_1_97' title="bbox 609 4549 1222 4625">
     <span class='ocr_line' id='line_1_97' title="bbox 609 4549 1222 4625; baseline -0.008 -16"><span class='ocrx_word' id='word_1_708' title='bbox 609 4569 828 4610; x_wconf 92' lang='lat' dir='ltr'>census</span> <span class='ocrx_word' id='word_1_709' title='bbox 853 4567 961 4625; x_wconf 90' lang='lat' dir='ltr'>per</span> <span class='ocrx_word' id='word_1_710' title='bbox 991 4549 1222 4606; x_wconf 85' lang='lat' dir='ltr'>Filium.</span> 
     </span>
    </p>
   </div>
   <div class='ocr_carea' id='block_1_98' title="bbox 685 4635 2269 4710">
    <p class='ocr_par' dir='ltr' id='par_1_98' title="bbox 685 4635 2269 4710">
     <span class='ocr_line' id='line_1_98' title="bbox 685 4635 2269 4710; baseline -0.003 -12"><span class='ocrx_word' id='word_1_711' title='bbox 685 4647 768 4698; x_wconf 89' lang='grc'>19.</span> <span class='ocrx_word' id='word_1_712' title='bbox 802 4645 1028 4697; x_wconf 84' lang='lat' dir='ltr'>Rursus</span> <span class='ocrx_word' id='word_1_713' title='bbox 1045 4643 1248 4695; x_wconf 87' lang='lat' dir='ltr'>autem</span> <span class='ocrx_word' id='word_1_714' title='bbox 1269 4635 1468 4710; x_wconf 89' lang='lat' dir='ltr'>qualis</span> <span class='ocrx_word' id='word_1_715' title='bbox 1487 4636 1561 4691; x_wconf 90' lang='lat' dir='ltr'>sit</span> <span class='ocrx_word' id='word_1_716' title='bbox 1579 4636 1761 4692; x_wconf 89' lang='lat' dir='ltr'>etiam</span> <span class='ocrx_word' id='word_1_717' title='bbox 1783 4636 1968 4692; x_wconf 85' lang='lat' dir='ltr'>Patris</span> <span class='ocrx_word' id='word_1_718' title='bbox 1992 4652 2136 4708; x_wconf 85' lang='lat' dir='ltr'>erga</span> <span class='ocrx_word' id='word_1_719' title='bbox 2156 4652 2269 4694; x_wconf 91' lang='lat' dir='ltr'>nos</span> 
     </span>
    </p>
   </div>
   <div class='ocr_carea' id='block_1_99' title="bbox 607 4726 2265 4805">
    <p class='ocr_par' dir='ltr' id='par_1_99' title="bbox 607 4726 2265 4805">
     <span class='ocr_line' id='line_1_99' title="bbox 607 4726 2265 4805; baseline -0.002 -18"><span class='ocrx_word' id='word_1_720' title='bbox 607 4747 717 4805; x_wconf 92' lang='lat' dir='ltr'>per</span> <span class='ocrx_word' id='word_1_721' title='bbox 752 4731 1037 4787; x_wconf 91' lang='lat' dir='ltr'>eumdem</span> <span class='ocrx_word' id='word_1_722' title='bbox 1075 4729 1376 4786; x_wconf 92' lang='lat' dir='ltr'>bonorum</span> <span class='ocrx_word' id='word_1_723' title='bbox 1419 4726 1846 4799; x_wconf 85' lang='lat' dir='ltr'>suppeditatio,</span> <span class='ocrx_word' id='word_1_724' title='bbox 1879 4743 2265 4800; x_wconf 90' lang='lat' dir='ltr'>consequens</span> 
     </span>
    </p>
   </div>
   <div class='ocr_carea' id='block_1_100' title="bbox 601 4817 2266 4893">
    <p class='ocr_par' dir='ltr' id='par_1_100' title="bbox 601 4817 2266 4893">
     <span class='ocr_line' id='line_1_100' title="bbox 601 4817 2266 4893; baseline -0.002 -14"><span class='ocrx_word' id='word_1_725' title='bbox 601 4821 735 4893; x_wconf 88' lang='lat' dir='ltr'>jam</span> <span class='ocrx_word' id='word_1_726' title='bbox 761 4821 934 4877; x_wconf 88' lang='lat' dir='ltr'>fuerit</span> <span class='ocrx_word' id='word_1_727' title='bbox 963 4821 1279 4876; x_wconf 90' lang='lat' dir='ltr'>disserere.</span> <span class='ocrx_word' id='word_1_728' title='bbox 1310 4817 1601 4875; x_wconf 89' lang='lat' dir='ltr'>Nimirum</span> <span class='ocrx_word' id='word_1_729' title='bbox 1637 4833 1776 4872; x_wconf 92' lang='lat' dir='ltr'>cum</span> <span class='ocrx_word' id='word_1_730' title='bbox 1819 4818 2020 4873; x_wconf 92' lang='lat' dir='ltr'>omnis</span> <span class='ocrx_word' id='word_1_731' title='bbox 2049 4823 2266 4876; x_wconf 89' lang='lat' dir='ltr'>natura</span> 
     </span>
    </p>
   </div>
   <div class='ocr_carea' id='block_1_101' title="bbox 608 4906 2262 4982">
    <p class='ocr_par' dir='ltr' id='par_1_101' title="bbox 608 4906 2262 4982">
     <span class='ocr_line' id='line_1_101' title="bbox 608 4906 2262 4982; baseline -0.001 -13"><span class='ocrx_word' id='word_1_732' title='bbox 608 4917 831 4979; x_wconf 87' lang='lat' dir='ltr'>creata,</span> <span class='ocrx_word' id='word_1_733' title='bbox 855 4916 984 4968; x_wconf 91' lang='lat' dir='ltr'>tum</span> <span class='ocrx_word' id='word_1_734' title='bbox 1011 4911 1144 4968; x_wconf 62' lang='lat' dir='ltr'>hac</span> <span class='ocrx_word' id='word_1_735' title='bbox 1163 4910 1436 4982; x_wconf 82' lang='lat' dir='ltr'>visibilis,</span> <span class='ocrx_word' id='word_1_736' title='bbox 1463 4913 1591 4965; x_wconf 91' lang='lat' dir='ltr'>tum</span> <span class='ocrx_word' id='word_1_737' title='bbox 1615 4906 2027 4980; x_wconf 89' lang='lat' dir='ltr'>intelligibilis,</span> <span class='ocrx_word' id='word_1_738' title='bbox 2042 4909 2122 4966; x_wconf 90' lang='lat' dir='ltr'>ad</span> <span class='ocrx_word' id='word_1_739' title='bbox 2146 4909 2262 4968; x_wconf 90' lang='lat' dir='ltr'>hoc</span> 
     </span>
    </p>
   </div>
   <div class='ocr_carea' id='block_1_102' title="bbox 2453 4613 3960 4720">
    <p class='ocr_par' dir='ltr' id='par_1_102' title="bbox 2453 4613 3960 4720">
     <span class='ocr_line' id='line_1_102' title="bbox 2453 4613 3960 4720; baseline -0.013 -21"><span class='ocrx_word' id='word_1_740' title='bbox 2453 4647 2538 4699; x_wconf 88' lang='grc'>19.</span> <span class='ocrx_word' id='word_1_741' title='bbox 2577 4641 2767 4696; x_wconf 81' lang='grc' dir='ltr'><strong>Ὀποία</strong></span> <span class='ocrx_word' id='word_1_742' title='bbox 2807 4639 2865 4695; x_wconf 69' lang='grc' dir='ltr'><strong>δε</strong></span> <span class='ocrx_word' id='word_1_743' title='bbox 2913 4642 3067 4695; x_wconf 74' lang='grc' dir='ltr'><strong>πάλιν</strong></span> <span class='ocrx_word' id='word_1_744' title='bbox 3113 4646 3204 4695; x_wconf 81' lang='grc' dir='ltr'><strong>καὶ</strong></span> <span class='ocrx_word' id='word_1_745' title='bbox 3252 4643 3281 4699; x_wconf 72' lang='grc' dir='ltr'>ἡ</span> <span class='ocrx_word' id='word_1_746' title='bbox 3333 4643 3476 4714; x_wconf 85' lang='grc' dir='ltr'>παρὰ</span> <span class='ocrx_word' id='word_1_747' title='bbox 3521 4647 3613 4694; x_wconf 89' lang='grc' dir='ltr'>τοῦ</span> <span class='ocrx_word' id='word_1_748' title='bbox 3663 4627 3862 4720; x_wconf 54' lang='grc' dir='ltr'><strong>Πατρξς</strong></span> 
     </span>
    </p>
   </div>
   <div class='ocr_carea' id='block_1_103' title="bbox 2377 4712 3957 4806">
    <p class='ocr_par' dir='ltr' id='par_1_103' title="bbox 2377 4712 3957 4806">
     <span class='ocr_line' id='line_1_103' title="bbox 2377 4712 3957 4806; baseline -0.023 -12"><span class='ocrx_word' id='word_1_749' title='bbox 2377 4732 2443 4793; x_wconf 75' lang='grc' dir='ltr'><strong>εἰς</strong></span> <span class='ocrx_word' id='word_1_750' title='bbox 2486 4735 2626 4806; x_wconf 74' lang='grc' dir='ltr'><strong>ἡμᾶς</strong></span> <span class='ocrx_word' id='word_1_751' title='bbox 2666 4729 2739 4785; x_wconf 83' lang='grc' dir='ltr'>δι’</span> <span class='ocrx_word' id='word_1_752' title='bbox 2770 4732 2931 4784; x_wconf 77' lang='grc' dir='ltr'><strong>αὐτοῦ</strong></span> <span class='ocrx_word' id='word_1_753' title='bbox 2969 4737 3212 4805; x_wconf 84' lang='grc' dir='ltr'><strong>χορηγία</strong></span> <span class='ocrx_word' id='word_1_754' title='bbox 3253 4739 3352 4783; x_wconf 85' lang='grc' dir='ltr'>τῶν</span> <span class='ocrx_word' id='word_1_755' title='bbox 3385 4731 3617 4803; x_wconf 58' lang='grc' dir='ltr'><strong>ἀγαθῶν,</strong></span> <span class='ocrx_word' id='word_1_756' title='bbox 3664 4722 3779 4784; x_wconf 67' lang='grc' dir='ltr'>ἑξῆς</span> <span class='ocrx_word' id='word_1_757' title='bbox 3808 4712 3864 4764; x_wconf 77' lang='grc' dir='ltr'><strong>ἂν</strong></span> <span class='ocrx_word' id='word_1_758' title='bbox 3891 4712 3957 4758; x_wconf 83' lang='grc' dir='ltr'><strong>εἴη</strong></span> 
     </span>
    </p>
   </div>
   <div class='ocr_carea' id='block_1_104' title="bbox 2372 4804 3958 4894">
    <p class='ocr_par' dir='ltr' id='par_1_104' title="bbox 2372 4804 3958 4894">
     <span class='ocr_line' id='line_1_104' title="bbox 2372 4804 3958 4894; baseline 0.008 -21"><span class='ocrx_word' id='word_1_759' title='bbox 2372 4821 2557 4894; x_wconf 83' lang='grc' dir='ltr'><strong>λέγειν.</strong></span> <span class='ocrx_word' id='word_1_760' title='bbox 2601 4821 2739 4893; x_wconf 71' lang='grc' dir='ltr'><strong>Ὀτι,</strong></span> <span class='ocrx_word' id='word_1_761' title='bbox 2791 4824 2971 4883; x_wconf 77' lang='grc' dir='ltr'><strong>πάσης</strong></span> <span class='ocrx_word' id='word_1_762' title='bbox 3018 4829 3109 4882; x_wconf 82' lang='grc' dir='ltr'>τῆς</span> <span class='ocrx_word' id='word_1_763' title='bbox 3158 4824 3377 4894; x_wconf 70' lang='grc' dir='ltr'><strong>φύσεως,</strong></span> <span class='ocrx_word' id='word_1_764' title='bbox 3434 4829 3528 4882; x_wconf 76' lang='grc' dir='ltr'>τῆς</span> <span class='ocrx_word' id='word_1_765' title='bbox 3578 4817 3626 4869; x_wconf 60' lang='grc' dir='ltr'><strong><em>ἓν</em></strong></span> <span class='ocrx_word' id='word_1_766' title='bbox 3678 4817 3738 4882; x_wconf 63' lang='grc' dir='ltr'>τῇ</span> <span class='ocrx_word' id='word_1_767' title='bbox 3784 4804 3958 4894; x_wconf 30' lang='lat' dir='ltr'>xii?&quot;</span> 
     </span>
    </p>
   </div>
   <div class='ocr_carea' id='block_1_105' title="bbox 2372 4889 3961 4988">
    <p class='ocr_par' dir='ltr' id='par_1_105' title="bbox 2372 4889 3961 4988">
     <span class='ocr_line' id='line_1_105' title="bbox 2372 4889 3961 4988; baseline -0.02 -24"><span class='ocrx_word' id='word_1_768' title='bbox 2372 4919 2434 4985; x_wconf 74' lang='grc' dir='ltr'><strong>τῇ</strong></span> <span class='ocrx_word' id='word_1_769' title='bbox 2491 4931 2544 4965; x_wconf 91' lang='grc' dir='ltr'>τε</span> <span class='ocrx_word' id='word_1_770' title='bbox 2611 4913 2840 4988; x_wconf 79' lang='grc' dir='ltr'><strong>ὁρωμένη</strong></span> <span class='ocrx_word' id='word_1_771' title='bbox 2887 4914 3051 4984; x_wconf 76' lang='grc' dir='ltr'><strong>ταύτῃ</strong></span> <span class='ocrx_word' id='word_1_772' title='bbox 3110 4915 3200 4963; x_wconf 86' lang='grc' dir='ltr'>καὶ</span> <span class='ocrx_word' id='word_1_773' title='bbox 3257 4919 3318 4983; x_wconf 74' lang='grc' dir='ltr'><strong>τῇ</strong></span> <span class='ocrx_word' id='word_1_774' title='bbox 3367 4916 3636 4985; x_wconf 74' lang='grc' dir='ltr'><strong>νοουμένη,</strong></span> <span class='ocrx_word' id='word_1_775' title='bbox 3688 4889 3961 4968; x_wconf 79' lang='grc' dir='ltr'><strong>ἐπίμελειας</strong></span> 
     </span>
    </p>
   </div>
   <div class='ocr_carea' id='block_1_106' title="bbox 678 5069 2290 5168">
    <p class='ocr_par' dir='ltr' id='par_1_106' title="bbox 678 5089 2290 5161">
     <span class='ocr_line' id='line_1_106' title="bbox 678 5089 2290 5161; baseline 0 -13"><span class='ocrx_word' id='word_1_776' title='bbox 678 5091 726 5128; x_wconf 79' lang='grc'>⁸³</span> <span class='ocrx_word' id='word_1_777' title='bbox 749 5092 1057 5158; x_wconf 82' lang='lat' dir='ltr'>Rom.vui,</span> <span class='ocrx_word' id='word_1_778' title='bbox 1089 5092 1176 5146; x_wconf 88' lang='lat'>37.</span> <span class='ocrx_word' id='word_1_779' title='bbox 1255 5091 1302 5125; x_wconf 72' lang='grc' dir='ltr'><strong>δ”</strong></span> <span class='ocrx_word' id='word_1_780' title='bbox 1323 5089 1520 5146; x_wconf 79' lang='lat' dir='ltr'>Matth.</span> <span class='ocrx_word' id='word_1_781' title='bbox 1552 5105 1651 5155; x_wconf 82' lang='lat' dir='ltr'>xu,</span> <span class='ocrx_word' id='word_1_782' title='bbox 1683 5093 1774 5148; x_wconf 86' lang='lat' dir='ltr'>2t.</span> <span class='ocrx_word' id='word_1_783' title='bbox 1851 5090 1900 5127; x_wconf 74' lang='grc'>⁵⁵</span> <span class='ocrx_word' id='word_1_784' title='bbox 1923 5092 1967 5146; x_wconf 94' lang='lat' dir='ltr'>Il</span> <span class='ocrx_word' id='word_1_785' title='bbox 1988 5089 2137 5147; x_wconf 91' lang='lat' dir='ltr'>Tim.</span> <span class='ocrx_word' id='word_1_786' title='bbox 2169 5107 2229 5161; x_wconf 81' lang='grc' dir='ltr'>ιι,</span> <span class='ocrx_word' id='word_1_787' title='bbox 2258 5094 2290 5148; x_wconf 82' lang='lat'><strong>2</strong></span> 
     </span>
    </p>
   </div>
   <div class='ocr_carea' id='block_1_107' title="bbox 2401 5069 3956 5168">
    <p class='ocr_par' dir='ltr' id='par_1_107' title="bbox 2423 5069 3956 5168">
     <span class='ocr_line' id='line_1_107' title="bbox 2423 5069 3956 5168; baseline -0.008 -17"><span class='ocrx_word' id='word_1_788' title='bbox 2423 5093 2472 5130; x_wconf 78' lang='lat'><strong>“</strong></span> <span class='ocrx_word' id='word_1_789' title='bbox 2495 5091 2724 5151; x_wconf 88' lang='lat' dir='ltr'>Coloss.</span> <span class='ocrx_word' id='word_1_790' title='bbox 2753 5108 2791 5161; x_wconf 86' lang='grc' dir='ltr'>ι,</span> <span class='ocrx_word' id='word_1_791' title='bbox 2821 5097 2904 5164; x_wconf 82' lang='grc'><strong>12,</strong></span> <span class='ocrx_word' id='word_1_792' title='bbox 2934 5096 3018 5149; x_wconf 86' lang='grc'><strong>13.</strong></span> <span class='ocrx_word' id='word_1_793' title='bbox 3105 5093 3150 5129; x_wconf 80' lang='grc'>⁸⁷</span> <span class='ocrx_word' id='word_1_794' title='bbox 3179 5079 3352 5168; x_wconf 56' lang='grc' dir='ltr'><strong>ποδιι.</strong></span> <span class='ocrx_word' id='word_1_795' title='bbox 3378 5107 3491 5165; x_wconf 76' lang='lat' dir='ltr'>xxv,</span> <span class='ocrx_word' id='word_1_796' title='bbox 3517 5097 3572 5149; x_wconf 88' lang='lat'>6.</span> <span class='ocrx_word' id='word_1_797' title='bbox 3649 5084 3695 5122; x_wconf 77' lang='grc'>⁵⁸</span> <span class='ocrx_word' id='word_1_798' title='bbox 3722 5069 3956 5140; x_wconf 71' lang='grc' dir='ltr'>ΡῘιίῙίΡΡ·</span> 
     </span>
    </p>
   </div>
   <div class='ocr_carea' id='block_1_108' title="bbox 605 5183 1360 5252">
    <p class='ocr_par' dir='ltr' id='par_1_108' title="bbox 605 5183 1360 5252">
     <span class='ocr_line' id='line_1_108' title="bbox 605 5183 1360 5252; baseline -0.007 -11"><span class='ocrx_word' id='word_1_799' title='bbox 605 5198 685 5252; x_wconf 87' lang='grc' dir='ltr'><strong>ιιι,</strong></span> <span class='ocrx_word' id='word_1_800' title='bbox 721 5187 808 5242; x_wconf 86' lang='lat' dir='ltr'>l3.</span> <span class='ocrx_word' id='word_1_801' title='bbox 886 5184 932 5217; x_wconf 74' lang='lat'>‘9</span> <span class='ocrx_word' id='word_1_802' title='bbox 970 5183 1274 5248; x_wconf 74' lang='lat' dir='ltr'>Joan.xrv,</span> <span class='ocrx_word' id='word_1_803' title='bbox 1307 5185 1360 5236; x_wconf 84' lang='lat'>6.</span> 
     </span>
    </p>
   </div>
   <div class='ocr_carea' id='block_1_109' title="bbox 678 5357 2258 5435">
    <p class='ocr_par' dir='ltr' id='par_1_109' title="bbox 678 5357 2258 5435">
     <span class='ocr_line' id='line_1_109' title="bbox 678 5357 2258 5435; baseline -0.003 -15"><span class='ocrx_word' id='word_1_804' title='bbox 678 5365 755 5435; x_wconf 90' lang='grc'>(1)</span> <span class='ocrx_word' id='word_1_805' title='bbox 799 5362 1114 5435; x_wconf 14' lang='grc' dir='ltr'><strong>Ούτωγγάρ,</strong></span> <span class='ocrx_word' id='word_1_806' title='bbox 1162 5365 1274 5435; x_wconf 83' lang='lat' dir='ltr'>etc.</span> <span class='ocrx_word' id='word_1_807' title='bbox 1325 5357 1474 5435; x_wconf 88' lang='lat' dir='ltr'>Editi</span> <span class='ocrx_word' id='word_1_808' title='bbox 1519 5361 1727 5435; x_wconf 84' lang='lat' dir='ltr'>contra</span> <span class='ocrx_word' id='word_1_809' title='bbox 1775 5359 2054 5435; x_wconf 83' lang='lat' dir='ltr'>codicum</span> <span class='ocrx_word' id='word_1_810' title='bbox 2108 5376 2258 5435; x_wconf 82' lang='lat' dir='ltr'>mss.</span> 
     </span>
    </p>
   </div>
   <div class='ocr_carea' id='block_1_110' title="bbox 603 5431 2264 5506">
    <p class='ocr_par' dir='ltr' id='par_1_110' title="bbox 603 5431 2264 5506">
     <span class='ocr_line' id='line_1_110' title="bbox 603 5431 2264 5506; baseline -0.005 -15"><span class='ocrx_word' id='word_1_811' title='bbox 603 5431 787 5491; x_wconf 32' lang='lat' dir='ltr'>ﬁd‘etn</span> <span class='ocrx_word' id='word_1_812' title='bbox 817 5431 1146 5489; x_wconf 73' lang='lat' dir='ltr'>hebebant:</span> <span class='ocrx_word' id='word_1_813' title='bbox 1171 5432 1542 5506; x_wconf 63' lang='grc' dir='ltr'><strong>ἐνεργουμένην</strong></span> <span class='ocrx_word' id='word_1_814' title='bbox 1574 5431 1622 5483; x_wconf 82' lang='grc' dir='ltr'>έν</span> <span class='ocrx_word' id='word_1_815' title='bbox 1666 5437 1800 5484; x_wconf 82' lang='grc' dir='ltr'><strong>πᾶσι</strong></span> <span class='ocrx_word' id='word_1_816' title='bbox 1843 5438 1952 5492; x_wconf 81' lang='grc' dir='ltr'><strong>τοῖς</strong></span> <span class='ocrx_word' id='word_1_817' title='bbox 2005 5431 2264 5486; x_wconf 78' lang='grc' dir='ltr'><strong>ἐπιτελου-</strong></span> 
     </span>
    </p>
   </div>
   <div class='ocr_carea' id='block_1_111' title="bbox 607 5504 1501 5578">
    <p class='ocr_par' dir='ltr' id='par_1_111' title="bbox 607 5504 1501 5578">
     <span class='ocr_line' id='line_1_111' title="bbox 607 5504 1501 5578; baseline -0.004 -20"><span class='ocrx_word' id='word_1_818' title='bbox 607 5511 798 5576; x_wconf 85' lang='grc' dir='ltr'><strong>μένοις.</strong></span> <span class='ocrx_word' id='word_1_819' title='bbox 829 5508 980 5558; x_wconf 75' lang='grc' dir='ltr'><strong>Οὕτω</strong></span> <span class='ocrx_word' id='word_1_820' title='bbox 999 5507 1101 5578; x_wconf 78' lang='grc' dir='ltr'><strong>γὰρ</strong></span> <span class='ocrx_word' id='word_1_821' title='bbox 1134 5504 1501 5574; x_wconf 77' lang='grc' dir='ltr'><strong>εύσεϐἠσομεν.</strong></span> 
     </span>
    </p>
   </div>
   <div class='ocr_carea' id='block_1_112' title="bbox 680 5573 2116 5650">
    <p class='ocr_par' dir='ltr' id='par_1_112' title="bbox 680 5573 2116 5650">
     <span class='ocr_line' id='line_1_112' title="bbox 680 5573 2116 5650; baseline -0.001 -19"><span class='ocrx_word' id='word_1_822' title='bbox 680 5579 757 5646; x_wconf 83' lang='grc'>(2)</span> <span class='ocrx_word' id='word_1_823' title='bbox 799 5573 1214 5650; x_wconf 57' lang='grc' dir='ltr'>Ἰςέπορεγόιιειιοιἶ</span> <span class='ocrx_word' id='word_1_824' title='bbox 1244 5573 1503 5650; x_wconf 75' lang='lat' dir='ltr'>Quidam</span> <span class='ocrx_word' id='word_1_825' title='bbox 1529 5573 1770 5630; x_wconf 84' lang='lat' dir='ltr'>codices</span> <span class='ocrx_word' id='word_1_826' title='bbox 1799 5573 2116 5649; x_wconf 80' lang='grc' dir='ltr'><strong>ὀρεγόμενοι.</strong></span> 
     </span>
    </p>
   </div>
   <div class='ocr_carea' id='block_1_113' title="bbox 680 5645 2263 5723">
    <p class='ocr_par' dir='ltr' id='par_1_113' title="bbox 680 5645 2263 5723">
     <span class='ocr_line' id='line_1_113' title="bbox 680 5645 2263 5723; baseline 0 -19"><span class='ocrx_word' id='word_1_827' title='bbox 680 5645 754 5723; x_wconf 85' lang='grc'>(3)</span> <span class='ocrx_word' id='word_1_828' title='bbox 794 5645 1103 5722; x_wconf 72' lang='grc' dir='ltr'><strong>Χαρίζέται.</strong></span> <span class='ocrx_word' id='word_1_829' title='bbox 1163 5647 1256 5703; x_wconf 88' lang='lat' dir='ltr'>Sic</span> <span class='ocrx_word' id='word_1_830' title='bbox 1311 5645 1552 5702; x_wconf 88' lang='lat' dir='ltr'>codices</span> <span class='ocrx_word' id='word_1_831' title='bbox 1607 5662 1776 5714; x_wconf 91' lang='lat' dir='ltr'>mss.,</span> <span class='ocrx_word' id='word_1_832' title='bbox 1827 5645 1962 5703; x_wconf 84' lang='lat' dir='ltr'>non</span> <span class='ocrx_word' id='word_1_833' title='bbox 1999 5651 2064 5703; x_wconf 90' lang='lat' dir='ltr'>ut</span> <span class='ocrx_word' id='word_1_834' title='bbox 2120 5647 2263 5704; x_wconf 91' lang='lat' dir='ltr'>editi</span> 
     </span>
    </p>
   </div>
   <div class='ocr_carea' id='block_1_114' title="bbox 2373 5344 3955 5435">
    <p class='ocr_par' dir='ltr' id='par_1_114' title="bbox 2373 5344 3955 5435">
     <span class='ocr_line' id='line_1_114' title="bbox 2373 5344 3955 5435; baseline -0.004 -22"><span class='ocrx_word' id='word_1_835' title='bbox 2373 5366 2681 5435; x_wconf 81' lang='grc' dir='ltr'><strong>χαρίσεται.</strong></span> <span class='ocrx_word' id='word_1_836' title='bbox 2721 5362 2849 5417; x_wconf 85' lang='lat' dir='ltr'>Mox</span> <span class='ocrx_word' id='word_1_837' title='bbox 2877 5359 3142 5435; x_wconf 79' lang='lat' dir='ltr'>ineditis</span> <span class='ocrx_word' id='word_1_838' title='bbox 3173 5363 3198 5413; x_wconf 82' lang='lat'><em>6</em></span> <span class='ocrx_word' id='word_1_839' title='bbox 3231 5363 3422 5433; x_wconf 83' lang='grc' dir='ltr'><strong>Κύριος</strong></span> <span class='ocrx_word' id='word_1_840' title='bbox 3445 5363 3584 5434; x_wconf 75' lang='grc' dir='ltr'><strong>ἠμῆν</strong></span> <span class='ocrx_word' id='word_1_841' title='bbox 3616 5349 3815 5410; x_wconf 71' lang='grc' dir='ltr'>Ἰησοῦς</span> <span class='ocrx_word' id='word_1_842' title='bbox 3843 5344 3955 5406; x_wconf 59' lang='grc' dir='ltr'>προς</span> 
     </span>
    </p>
   </div>
   <div class='ocr_carea' id='block_1_115' title="bbox 2372 5433 3931 5494">
    <p class='ocr_par' dir='ltr' id='par_1_115' title="bbox 2372 5433 3931 5494">
     <span class='ocr_line' id='line_1_115' title="bbox 2372 5433 3931 5494; baseline 0.006 -10"><span class='ocrx_word' id='word_1_843' title='bbox 2372 5433 2478 5494; x_wconf 73' lang='grc' dir='ltr'><strong>τόν,</strong></span> <span class='ocrx_word' id='word_1_844' title='bbox 2521 5437 2630 5488; x_wconf 90' lang='lat' dir='ltr'>etc.</span> <span class='ocrx_word' id='word_1_845' title='bbox 2662 5435 2896 5488; x_wconf 85' lang='lat' dir='ltr'>Veteres</span> <span class='ocrx_word' id='word_1_846' title='bbox 2926 5433 3061 5488; x_wconf 89' lang='lat' dir='ltr'>libri</span> <span class='ocrx_word' id='word_1_847' title='bbox 3093 5438 3157 5488; x_wconf 91' lang='lat' dir='ltr'>ut</span> <span class='ocrx_word' id='word_1_848' title='bbox 3185 5435 3244 5488; x_wconf 91' lang='lat' dir='ltr'>in</span> <span class='ocrx_word' id='word_1_849' title='bbox 3277 5433 3578 5489; x_wconf 79' lang='lat' dir='ltr'>contextu.</span> <span class='ocrx_word' id='word_1_850' title='bbox 3682 5493 3691 5494; x_wconf 23' lang='grc' dir='ltr'>ί</span> <span class='ocrx_word' id='word_1_851' title='bbox 3854 5469 3931 5494; x_wconf 51' lang='lat'>,1:</span> 
     </span>
    </p>
   </div>
   <div class='ocr_carea' id='block_1_116' title="bbox 2447 5471 3953 5580">
    <p class='ocr_par' dir='ltr' id='par_1_116' title="bbox 2447 5471 3953 5580">
     <span class='ocr_line' id='line_1_116' title="bbox 2447 5471 3953 5580; baseline 0.004 -6"><span class='ocrx_word' id='word_1_852' title='bbox 2447 5475 2523 5574; x_wconf 53' lang='lat' dir='ltr'>(lt)</span> <span class='ocrx_word' id='word_1_853' title='bbox 2565 5507 2715 5578; x_wconf 77' lang='grc' dir='ltr'>Παρά</span> <span class='ocrx_word' id='word_1_854' title='bbox 2745 5512 2836 5580; x_wconf 57' lang='grc' dir='ltr'>ῖρῦ</span> <span class='ocrx_word' id='word_1_855' title='bbox 2864 5510 3091 5580; x_wconf 70' lang='grc' dir='ltr'><strong>Πατρός·</strong></span> <span class='ocrx_word' id='word_1_856' title='bbox 3119 5510 3249 5580; x_wconf 65' lang='grc' dir='ltr'><strong>Περί</strong></span> <span class='ocrx_word' id='word_1_857' title='bbox 3277 5506 3334 5561; x_wconf 79' lang='lat' dir='ltr'>in</span> <span class='ocrx_word' id='word_1_858' title='bbox 3353 5471 3646 5580; x_wconf 56' lang='grc' dir='ltr'>ξῖἶιῖιὼυὲ</span> <span class='ocrx_word' id='word_1_859' title='bbox 3669 5471 3953 5580; x_wconf 55' lang='grc' dir='ltr'>ίέΐθμῗίῗῗῖ</span> 
     </span>
    </p>
   </div>
   <div class='ocr_carea' id='block_1_117' title="bbox 2372 5561 3948 5636">
    <p class='ocr_par' dir='ltr' id='par_1_117' title="bbox 2372 5561 3948 5636">
     <span class='ocr_line' id='line_1_117' title="bbox 2372 5561 3948 5636; baseline -0.007 -6"><span class='ocrx_word' id='word_1_860' title='bbox 2372 5561 2544 5632; x_wconf 76' lang='lat' dir='ltr'>cibus</span> <span class='ocrx_word' id='word_1_861' title='bbox 2572 5561 2722 5631; x_wconf 74' lang='lat' dir='ltr'>mss.</span> <span class='ocrx_word' id='word_1_862' title='bbox 2754 5561 2988 5633; x_wconf 46' lang='lat' dir='ltr'>Ibidem.</span> <span class='ocrx_word' id='word_1_863' title='bbox 3014 5561 3172 5634; x_wconf 64' lang='lat' dir='ltr'>niue</span> <span class='ocrx_word' id='word_1_864' title='bbox 3197 5561 3276 5634; x_wconf 52' lang='lat' dir='ltr'>&#39;in</span> <span class='ocrx_word' id='word_1_865' title='bbox 3323 5577 3497 5636; x_wconf 88' lang='lat' dir='ltr'>editis</span> <span class='ocrx_word' id='word_1_866' title='bbox 3548 5575 3636 5627; x_wconf 82' lang='grc' dir='ltr'><strong>καὶ</strong></span> <span class='ocrx_word' id='word_1_867' title='bbox 3676 5561 3747 5618; x_wconf 81' lang='grc' dir='ltr'>δι’</span> <span class='ocrx_word' id='word_1_868' title='bbox 3783 5561 3948 5608; x_wconf 61' lang='grc' dir='ltr'>αὐτουο</span> 
     </span>
    </p>
   </div>
   <div class='ocr_carea' id='block_1_118' title="bbox 2373 5647 3194 5720">
    <p class='ocr_par' dir='ltr' id='par_1_118' title="bbox 2373 5647 3194 5720">
     <span class='ocr_line' id='line_1_118' title="bbox 2373 5647 3194 5720; baseline -0.001 -16"><span class='ocrx_word' id='word_1_869' title='bbox 2373 5647 2728 5720; x_wconf 88' lang='lat' dir='ltr'>Conjunctio</span> <span class='ocrx_word' id='word_1_870' title='bbox 2753 5647 2926 5706; x_wconf 88' lang='lat' dir='ltr'>deest</span> <span class='ocrx_word' id='word_1_871' title='bbox 2954 5649 3017 5705; x_wconf 92' lang='lat' dir='ltr'>in</span> <span class='ocrx_word' id='word_1_872' title='bbox 3046 5664 3194 5704; x_wconf 86' lang='lat' dir='ltr'>mss.</span> 
     </span>
    </p>
   </div>
  </div>
