4154 6450
227 351 303 406 101
1546 373 1756 429 LIBER
1801 374 1890 428 DE
1933 371 2206 429 SPIRITU
2247 375 2538 436 SANCTO.

3637 398 3737 451 102

229 475 363 528 ἐπιτονό
397 485 551 531 Θεοῦ
586 487 754 558 πρὸς
804 491 882 539 τὸ
918 496 1303 566 συνέχεσθαι
1333 493 1602 570 δεομένης,
1631 501 1656 550 ὀ
1686 495 1949 572 δημιουρ-

2065 501 2129 552 ut
2148 500 2456 572 consistat,
2488 504 2590 560 Dei
2629 521 2776 562 cura
2815 511 3251 583 egeat;opifex
3283 515 3564 584 Verbum,
3607 521 3736 576 uni-

232 571 304 636 γός
349 572 536 640 Λόγος,
587 573 619 623 ὀ
694 586 1072 650 pavr/avi);
1142 591 1303 653 Θεὸς,
1345 591 1478 639 κατὰ
1540 592 1597 640 τὸ
1637 593 1823 664 μέτρον
1861 597 1955 648 τῆς

245 655 409 709 ἑκάστου
461 666 717 733 χρείας,
814 673 942 728 τήν
1025 671 1306 745 βοήθειαν
1371 675 1636 750 ἐπινέμων,
1714 678 1954 740 ποικίλας

363 754 446 801 καὶ
527 752 981 823 παντοδαπὰς
1051 760 1164 816 διὰ
1215 769 1272 818 τό
1347 775 1446 818 τῶν
1523 767 1956 842 εὐεργετουμένων

244 835 492 909 πολυειδὲς,
531 851 966 922 συμμέτρους
1035 873 1112 925 γε
1149 859 1256 927 μὴν
1315 855 1538 928 ἑκάστῳ,
1579 860 1714 909 κατὰ
1751 862 1809 909 τό
1863 867 1958 921 τῆς

245 930 392 991 locta;
459 926 831 1005 ἀναγκαῖον,
884 943 1010 1001 τὰς
1075 949 1350 1018 χορηγίας
1399 945 1680 1020 ἐπιμετρεῐ.
1741 955 1869 1009 Τοῦς
1909 947 1957 1000 έν

243 1017 294 1084 τῷ
354 1023 528 1090 σκότῳ
595 1031 707 1084 τῆς
780 1024 1064 1098 ἀγνοίας
1129 1039 1516 1108 κατεχομένους
1567 1041 1822 1109 φωτίζει·
1868 1035 1960 1090 διὰ

233 1113 369 1159 τοῦτο
417 1118 525 1181 ξῶς
599 1117 669 1166 τὸ
734 1114 1080 1178 ἀληθινὸν.
1149 1130 1326 1196 Κρίνει
1387 1130 1482 1196 (5),
1527 1130 1663 1179 κατὰ
1719 1133 1813 1186 τὴν
1862 1137 1960 1180 τῶν

242 1194 382 1267 ἰργων
431 1196 596 1261 ἀξίαν
645 1201 1050 1280 ἐιντιμετρῶν
1115 1216 1211 1270 τήν
1280 1210 1551 1266 ἀντίδοσιν
1585 1236 1598 1249 ο
1658 1212 1751 1268 διὰ
1810 1224 1966 1283 τοῦτο

251 1292 409 1360 κριτής
439 1285 694 1353 δίκαιος.
741 1293 820 1347 ⁸0
894 1302 1025 1372 γὰρ
1101 1306 1283 1376 Πατὴρ
1347 1309 1508 1376 κρίνει
1562 1302 1772 1371 οὐδένα,
1839 1305 1971 1364 ἀλλά

259 1381 334 1435 τὴν
389 1384 566 1453 κρίσιν
631 1390 853 1436 πᾶσαν
955 1385 1182 1443 δέδωκε
1234 1399 1307 1462 τῷ
1366 1395 1488 1464 Υἰῷ.
1537 1395 1847 1454 Ἀνίστησιν
1911 1395 1968 1449 ἐκ

266 1474 342 1518 τοῦ
390 1476 688 1542 πτώματος
755 1479 908 1537 τοὺς
976 1477 1092 1531 ἀπὸ
1151 1488 1242 1532 τοῦ
1289 1481 1458 1553 ὕψους
1492 1492 1584 1543 τῆς
1640 1485 1781 1549 ζωῆς
1833 1490 1965 1559 πρὸς

270 1557 506 1632 ἁμαρτίαν
586 1563 1137 1630 ὑπολισθήσαντας
1174 1591 1186 1604 ·
1259 1567 1352 1624 διὰ
1423 1581 1579 1626 τοῦτο
1654 1573 1961 1645 ἀνάστασις,

281 1652 438 1702 “iam
465 1648 523 1704 δε
554 1661 711 1706 ποιεῖ
869 1656 1064 1732 ἐπαφῇ
1105 1668 1201 1722 τῆς
1239 1657 1531 1735 δυνάμεως,
1581 1671 1674 1718 καὶ
1720 1674 1793 1736 τῷ
1827 1665 1960 1740 βου·

286 1737 456 1810 leuam
541 1740 612 1814 ὰγ
621 1745 690 1796 αθ
698 1749 886 1803 οτητο
897 1769 922 1809 ς

1009 1747 1252 1822 ἐνεργῶν.
1346 1759 1640 1826 Ποιμαίνει,
1720 1757 1935 1828 φωτίζει

2068 587 2306 654 genitus
2341 593 2492 647 Deus
2515 610 2712 667 opem,
2735 603 3032 680 quantum
3052 601 3266 673 cuique
3291 619 3446 675 opus
3480 611 3587 674 est,
3615 608 3736 663 dis-

2068 677 2357 747 tribuens,
2399 685 2567 740 varia
2615 687 2861 757 quidem
2895 693 2948 744 et
2978 677 3176 746 omnis
3214 697 3449 762 generis
3481 699 3726 768 auxilia,

2067 766 2146 822 ob
2170 769 2511 827 varietatem
2564 790 2772 832 eorum
2806 778 2910 849 qui
2939 779 3234 838 beneﬁcio
3254 785 3565 854 juvantur,
3628 789 3737 844 sed

2069 861 2266 912 tamen
2293 861 2614 934 unicuique
2629 869 3052 940 congruentiaj
3066 877 3204 927 uxta
3218 875 3590 932 necessitatis
3605 894 3733 934 mo-

2068 945 2217 1034 dum
2245 948 2691 1010 dimetitur.Eos
2721 957 2827 1027 qui
2857 957 2917 1012 in
2953 961 3214 1016 tenebris
3244 964 3603 1034 ignorantiae
3635 969 3734 1025 de-

2069 1029 2353 1109 tinentur,
2374 1040 2692 1100 illuminat:
2711 1049 3246 1119 propterealumen
3267 1071 3478 1112 verum
3495 1056 3730 1115 dicitur.

2070 1125 2346 1199 Judicat.j
2361 1136 2497 1186 uxta
2511 1147 2763 1203 operum
2780 1137 3056 1193 meritum
3072 1142 3388 1198 remetiens
3403 1146 3734 1214 praemium;

2075 1215 2155 1271 ob
2187 1216 2247 1272 id
2269 1217 2666 1290 judexjustus
2684 1223 3113 1284 dicitur.Pater
3141 1232 3296 1286 enim
3323 1235 3732 1306 neminemju-

2077 1305 2385 1376 d2cat,sed
2403 1325 2577 1367 omne
2584 1313 2888 1381 judicium
2908 1317 3065 1372 dedit
3089 1320 3319 1376 Filio“.
3351 1323 3530 1393 Erigit
3551 1341 3581 1380 e
3611 1325 3734 1381 rui-

2076 1397 2288 1468 na,qui
2310 1415 2340 1452 e
2363 1398 2726 1458 sublimitate
2744 1404 2873 1459 vitae
2887 1406 2963 1460 ad
2989 1414 3305 1478 peccatum
3319 1411 3551 1485 delapsi
3574 1418 3730 1470 sunt:

2075 1485 2156 1541 ob
2198 1486 2258 1541 id
2301 1493 2551 1545 vocatur
2596 1495 2954 1551 resurrectio
2977 1498 3046 1550 δι.
3078 1499 3294 1556 Omnia
3339 1507 3540 1558 autem
3594 1503 3737 1561 facit

2075 1581 2354 1633 contactu
2399 1580 2645 1648 virtutis,
2681 1599 2752 1638 ac
2777 1583 3079 1642 voluntate
3119 1587 3403 1645 bonitatis
3435 1607 3722 1663 operans.

2074 1665 2286 1732 Pascit,
2335 1665 2652 1737 illuminat,
2705 1671 2824 1744 alit,
2866 1674 3130 1740 deducit,
3187 1679 3480 1752 medetur,
3536 1683 3727 1752 erigit.

2073 1753 2215 1815 Quae
2263 1770 2384 1810 non
2416 1763 2575 1824 sunt,
2607 1758 2764 1828 facit,
2798 1766 2863 1818 ut
2900 1763 3036 1832 sint,
3094 1767 3336 1824 condita
3389 1777 3726 1829 conservat.

290 1836 464 1902 τρέγει,
521 1831 748 1907 ὁδηγεῖ,
825 1838 1100 1915 ἰατρεύει,
1164 1841 1460 1901 ἀνίστησιν.
1523 1846 1717 1899 Οὗσιοῖ
1778 1851 1843 1900 τὰ
1882 1856 1949 1921 μὴ

2070 1842 2190 1897 Hoc
2219 1845 2404 1900 modo
2428 1845 2594 1904 bona
2615 1865 2688 1904 ex
2719 1851 2836 1907 Deo
2869 1867 2976 1924 per
3016 1853 3228 1911 Filium
3256 1857 3334 1913 ad
3373 1875 3484 1914 nos
3517 1876 3727 1932 perve-

287 1924 424 1988 ὄντα,
460 1926 526 1976 τὰ
577 1930 903 1981 κτισθέντα
962 1935 1202 2003 συνέχει.
1270 1935 1420 1986 Οὕτω
1459 1939 1525 1988 τὰ
1586 1936 1640 1989 ἐκ
1686 1945 1778 1992 τοῦ
1819 1948 1954 1994 Θεοῦ

290 2009 458 2081 ἀγαθὰ
502 2010 603 2066 διὰ
659 2024 770 2068 τοῦ
823 2021 966 2071 Υἱοῦ
1035 2025 1168 2095 πρὸς
1225 2024 1361 2095 ἡμᾶς
1403 2022 1714 2097 ἀφικνεῖται,
1753 2028 1952 2084 πλείονι

296 2102 446 2172 τάχει
502 2107 572 2156 τὰ
639 2108 780 2158 καθ’
831 2109 1066 2162 ἕκαστον
1124 2109 1447 2186 ἐνεργοῦντος
1490 2115 1519 2173 ἡ
1576 2119 1640 2178 ὡς
1693 2117 1752 2169 ἄν
1797 2118 1950 2192 λόγος

303 2189 532 2252 ἐξίκοιτο.
586 2200 740 2249 Οὔτε
820 2201 932 2271 γὰρ
987 2201 1277 2273 ἀστραπαὶ,
1342 2207 1456 2257 οὔτε
1510 2211 1680 2277 φωτός
1735 2207 1783 2260 ἐν
1836 2208 1948 2283 ἀέρι

291 2282 429 2333 οὕτω
487 2293 694 2357 ταχεῖα
761 2283 1051 2363 διαδρομὴ
1093 2308 1104 2320 ·
1170 2292 1266 2344 οὐκ
1327 2293 1601 2368 ὀφθαλμῶν
1660 2297 1822 2360 ὀξεῖαι
1868 2302 1946 2375 ῥι·

280 2379 381 2424 παί
556 2394 568 2405 ·
645 2377 753 2428 οὐκ
813 2378 984 2431 αὐτοῦ
1036 2383 1286 2458 ἡμετέρου
1355 2389 1614 2458 νοήματος
1683 2391 1737 2440 αἱ
1802 2397 1945 2450 κινή-

279 2479 396 2522 σεις
433 2485 450 2496 -
504 2464 641 2517 ἀλλὰ
671 2467 840 2520 πλέον
881 2471 1082 2521 τούτων
1125 2471 1342 2525 ἕκαστον
1373 2483 1469 2537 τῆς
1515 2478 1652 2540 θείας
1684 2477 1945 2553 ἐνεργείας

279 2557 433 2604 κατὰ
510 2559 571 2607 τό
653 2559 841 2629 τάχος
921 2557 1172 2631 λείπεται,
1229 2563 1259 2620 ἦ
1319 2565 1544 2617 καθόσον
1619 2569 1685 2619 τὰ
1757 2572 1947 2644 νωθρό-

278 2661 434 2694 τατα
475 2653 579 2696 τῶν
633 2647 770 2722 παρ’
808 2649 939 2720 ἡμῖν
981 2649 1148 2721 ζώων,
1201 2652 1294 2704 οὐκ
1330 2652 1389 2705 ἆν
1450 2659 1670 2729 εἵποίμι,
1717 2669 1945 2727 πτηνῶν,

291 2729 437 2785 οὐδε
481 2733 697 2807 ἑινέμων,
738 2738 771 2796 ἦ
811 2746 904 2799 τῆς
959 2747 1060 2791 τῶν
1121 2741 1373 2811 οὐρανίων
1427 2753 1607 2822 φορᾶς,
1651 2747 1757 2800 ἀλλ’
1791 2751 1948 2804 αὐτοῦ

284 2829 396 2872 τοῦ
445 2824 696 2898 ἡμετέρου
745 2834 868 2894 νοῦ,
931 2832 1066 2881 κατὰ
1102 2834 1199 2888 τὴν
1247 2837 1456 2890 κίνησιν
1511 2837 1739 2910 ὑστερεῖ·
1801 2845 1952 2902 Τίνος

463 2912 524 2964 ἂν
588 2921 684 2968 καὶ
760 2921 1115 2992 παρατάσεως
1172 2917 1344 2975 δέοιτο
1399 2936 1661 2999 χρονικῆς
1718 2930 1743 2980 ό
1789 2933 1950 3003 φέρων

276 3004 360 3052 τὰ
425 3006 725 3076 σύμπαντα
763 3005 856 3075 ’(7)
923 3015 994 3078 τῷ
1040 3010 1240 3083 ῥήματι
1297 3021 1387 3074 τῆς
1439 3011 1708 3087 δυνάμεως
1767 3020 1948 3089 αὐτοῦ,

283 3097 387 3142 καὶ
472 3101 542 3164 μσς

634 3105 960 3167 σωματικῶς
1036 3097 1253 3172 ἐνεργῶν
1289 3144 1302 3170 ,
1397 3101 1538 3176 μηδὲ
1612 3113 1954 3181 χειρουργίας

2067 1931 2258 1999 niunt,
2308 1935 2537 2004 majore
2589 1937 2886 1996 celeritate
2943 1942 3005 1998 in
3051 1945 3300 2016 singulis
3345 1931 3722 2020 operantem,

2063 2037 2254 2093 quam
2282 2022 2436 2077 ullus
2459 2036 2655 2083 serm’o
2681 2030 3016 2100 exprimere
3049 2034 3262 2091 valeat.
3312 2039 3514 2110 Neque
3559 2040 3722 2097 enim

2060 2110 2324 2182 fulgura,
2357 2129 2552 2186 neque
2581 2115 2866 2189 lucis,per
2892 2136 3093 2178 aerem
3128 2127 3248 2180 tam
3277 2126 3452 2183 velox
3483 2128 3719 2185 discur-

2061 2216 2164 2254 sus
2193 2207 2298 2268 est,
2323 2217 2446 2258 non
2469 2204 2785 2262 oculorum
2812 2208 3033 2266 celeres
3058 2211 3230 2278 ictus,
3264 2230 3388 2270 non
3411 2216 3600 2289 ipsius
3630 2218 3719 2274 in-

2056 2288 2327 2346 tellectus
2348 2293 2534 2348 nostri
2566 2299 2767 2350 motus
2794 2314 2808 2352 :
2835 2298 2944 2353 sed
2965 2299 3180 2357 horum
3203 2288 3492 2377 quodque
3523 2308 3719 2378 magis

2057 2377 2312 2434 vincitur
2335 2380 2555 2438 divinae
2586 2385 2956 2456 operationis
2996 2389 3316 2462 celeritate,
3348 2410 3537 2466 quam
3587 2377 3718 2454 ani-

2055 2470 2288 2525 mantia
2308 2487 2446 2542 quas
2468 2479 2607 2528 sunt
2635 2477 2800 2546 apud
2823 2493 2934 2533 nos
2965 2481 3228 2538 maxime
3248 2485 3605 2554 segnia,non
3636 2489 3720 2549 di-

2057 2573 2191 2614 cam
2249 2561 2605 2630 volatilium,
2651 2580 2848 2638 neque
2904 2574 3247 2641 ventorum,
3301 2589 3498 2647 neque
3544 2579 3719 2635 coele-

2061 2650 2241 2704 stium
2298 2651 2540 2708 orbium
2574 2654 2826 2726 impetu,
2859 2657 2965 2713 sed
3003 2659 3193 2731 ipsius
3239 2666 3457 2720 mentis
3498 2673 3717 2725 nostra!

2061 2743 2227 2794 motu
2257 2746 2640 2811 superantur.
2673 2746 2820 2800 Nam
2840 2762 2962 2818 quo
2996 2749 3242 2806 tandem
3273 2756 3561 2826 temporis
3584 2773 3718 2829 spa-

2024 2839 2028 2842 ‘
2060 2829 2142 2882 tio
2171 2834 2344 2897 egeat
2367 2831 2472 2903 qui
2498 2838 2699 2904 portat
2740 2837 2949 2892 omnia
2998 2839 3184 2895 verbo
3207 2842 3441 2898 virtutis
3489 2862 3613 2902 suae
3644 2851 3715 2917 ⁸³,

2061 2917 2288 2989 quique
2339 2935 2452 2976 nec
2512 2923 2901 2994 corporaliter
2950 2934 3255 2999 operatur,
3328 2948 3524 3005 neque
3580 2951 3717 2993 ma-

2062 3023 2254 3062 nuum
2297 3023 2488 3080 opera
2543 3010 2620 3066 ad
2647 3014 2977 3071 creandum
3017 3032 3173 3090 opus
3212 3020 3414 3086 habet,
3461 3023 3566 3079 sed
3614 3041 3716 3081 eo-

2061 3111 2197 3152 rum
2259 3114 2396 3171 quae
2445 3098 2598 3156 ﬁunt
2655 3109 2937 3160 naturam
2990 3105 3175 3163 habet
3227 3109 3534 3168 voluntate
3593 3129 3717 3170 non

276 3180 363 3242 εἰς
433 3188 534 3240 τήν
616 3182 986 3260 δημιουργίαν
1049 3186 1396 3263 ἐπιδεόμενος,
1467 3193 1595 3246 ἀλλὰ
1650 3195 1949 3270 βουλήματι

2062 3193 2270 3244 coacta
2299 3188 2738 3261 obsequentem
2760 3193 2788 3249 ?
2817 3171 2999 3251 Sicuti
3027 3196 3251 3254 Judith:
3283 3201 3598 3272 Cogitastz‘,
3629 3204 3717 3260 in-

273 3270 571 3344 ἁϐιείστῳ,
631 3273 1034 3329 ἀκολουθοῦσαν
1074 3281 1212 3349 ἔχων
1262 3285 1354 3339 τὴν
1396 3284 1550 3353 φύσιν
1595 3293 1694 3337 τῶν
1744 3291 1948 3360 γινομέ-

269 3380 446 3429 raw;
523 3363 617 3426 Ὠς
697 3366 729 3423 ἡ
788 3362 1014 3434 Ἰονδὶθ,
1082 3369 1336 3434 Ἐνόησας
1416 3378 1568 3444 φησὶ,
1647 3381 1737 3428 καὶ
1810 3397 1951 3450 παρ-

282 3455 544 3510 amauit:
617 3473 709 3506 σοι
789 3457 964 3507 πάντα
1039 3458 1141 3509 ὅσα
1211 3457 1453 3524 ἐνόησας.
1511 3461 1687 3535 Ὀμως
1750 3469 1947 3538 μέντοι,

285 3539 380 3591 ἶνα
468 3549 546 3614 μή
630 3563 760 3596 ποτε
835 3542 891 3596 ἐκ
944 3553 1036 3598 τοῦ
1094 3550 1343 3619 μεγέθους
1399 3559 1500 3602 τῶν
1577 3553 1949 3628 ἐνεργουμένων

291 3633 777 3706 περιπασθῶμεν
845 3633 919 3695 εἰς
991 3638 1051 3687 τό
1103 3641 1466 3709 φαντασθῆναι
1516 3643 1750 3716 ἄναρχον
1818 3647 1950 3700 εἶναι

297 3723 389 3770 τόν
443 3724 670 3794 Κύριον,
714 3727 769 3775 τί
815 3743 974 3796 φησιν
1004 3727 1034 3782 ἡ
1088 3726 1324 3788 αὐτος·ωή
1359 3745 1372 3796 ;
1415 3729 1550 3802 Ἐγὼ
1599 3735 1672 3806 ζῶ
1713 3730 1806 3786 διὰ
1861 3739 1949 3789 τὸν

297 3814 526 3884 Πατέρα
558 3829 571 3840 ·
619 3815 716 3864 καὶ
776 3813 806 3870 ἡ
847 3820 940 3866 τοῦ
1005 3819 1133 3867 Θεοῦ
1189 3812 1411 3890 δύναμις
1447 3836 1460 3849 '

300 3900 430 3960 Υἰξις

1517 3821 1592 3872 Οὐ
1634 3817 1859 3876 δύναται
1923 3827 1948 3878 ὁ

504 3907 679 3953 ποιεῖν
759 3900 845 3973 ἀφ’
919 3903 1098 3957 ἐοντοῦ
1176 3902 1328 3959 οὐδέν
1359 3923 1374 3938 ⁸
1440 3913 1531 3961 καὶ
1585 3913 1613 3969 ἡ
1672 3911 1950 3976 αὐτοτελὴς

298 3993 482 4060 caeci:
511 4005 526 4018 '
579 3990 828 4049 Ἐντολήν
867 3991 1066 4061 ὒαϐον,
1133 4000 1186 4047 τί
1241 3999 1386 4065 εἴπω,
1448 4004 1537 4051 καὶ
1594 4005 1647 4052 τί
1684 4001 1896 4061 λαλήσω
1928 4022 1943 4034 ·

299 4072 412 4128 διὰ
453 4081 666 4132 πάντων
709 4083 912 4133 τούτων
967 4087 1101 4159 πρός
1145 4089 1241 4143 τὴν
1270 4093 1363 4138 τοῦ
1404 4091 1606 4161 Πατρός
1658 4091 1795 4163 ἡμᾶς
1827 4095 1945 4144 σύν-

303 4184 428 4218 εσιν
486 4165 722 4239 ὁδηγῶν,
780 4175 956 4224 καὶτὸ
1003 4175 1181 4246 θαῦμα
1216 4182 1316 4227 τῶν
1346 4182 1621 4250 γινομένων
1653 4178 1730 4232 ἐπ’
1787 4181 1943 4236 αὐτόν

297 4253 606 4330 ὦναξ-θέρων,
642 4259 728 4312 ἱνα
769 4256 806 4312 ὃ
812 4260 844 4311 ι’
877 4261 1036 4314 αὐτοῦ
1075 4268 1164 4316 τόν
1220 4269 1426 4341 Πατέρα
1463 4276 1680 4341 γνῶμεν.
1715 4271 1790 4323 Οὑ
1839 4276 1940 4347 γὰρ

297 4343 359 4397 ἐκ
389 4355 495 4409 τῆς
551 4357 658 4400 τῶν
689 4351 855 4422 ἔργων
905 4347 1161 4426 διαφορᾶς
1203 4355 1227 4405 ό
1289 4360 1464 4428 Πατὴρ
1525 4359 1812 4431 θεωρεῖται,
1870 4370 1941 4433 τῷ

305 4431 643 4496 ἰδιάζουσαν
694 4443 789 4488 καὶ
844 4447 1382 4516 κατακεχωρισμένην
1440 4443 1692 4521 ἐνέργειαν
1749 4445 1942 4502 ἐπιδεί-

2060 3278 2269 3349 quit,et
2297 3286 2518 3349 praesto
2541 3282 2799 3351 fuerunt
2831 3284 2940 3340 tibi
2964 3289 3166 3343 omnia
3194 3304 3327 3360 quae
3352 3293 3715 3361 cogitasti".

2060 3370 2336 3424 Attamen
2361 3385 2435 3426 ne
2455 3369 2606 3426 forte
2638 3388 2710 3427 ex
2727 3375 3142 3444 magnitudine
3165 3394 3375 3434 eorum
3397 3395 3533 3452 quae
3563 3381 3719 3442 ﬁunt

2058 3456 2367 3528 rapiamur
2395 3459 2457 3515 in
2476 3460 3065 3531 imaginationem,ut
3093 3472 3377 3538 putemus
3395 3472 3718 3529 Dominum

2061 3547 2358 3620 principio
2406 3565 2628 3620 carere,
2661 3551 2809 3624 quid
2848 3554 2926 3610 ait
2953 3554 3003 3610 is
3033 3557 3138 3628 qui
3165 3573 3272 3629 per
3302 3575 3365 3615 se
3392 3560 3516 3618 vita
3573 3563 3714 3619 est?

2068 3639 2173 3708 17
2195 3639 2326 3709 Ego
2356 3640 2488 3695 vivo
2510 3647 2765 3711 propter
2791 3643 3110 3700 Patrem“.
3137 3648 3205 3701 Et
3228 3648 3327 3703 Dei
3356 3649 3561 3707 virtus:
3580 3653 3719 3709 Non

2055 3733 2243 3798 potest
2275 3729 2470 3785 Filius
2499 3745 2537 3786 a
2575 3746 2637 3787 se
2671 3733 2882 3801 facere
2910 3735 3237 3806 quidquam
3269 3738 3334 3794 ⁵⁵.
3369 3740 3618 3812 Rursus,
3665 3741 3718 3797 is

2059 3817 2166 3889 qui
2187 3833 2258 3873 ex
2276 3833 2341 3874 se
2361 3819 2624 3891 perfecta
2642 3826 2730 3876 est
2760 3822 3076 3895 sapientia:
3099 3824 3462 3883 Mandatum
3489 3831 3716 3900 accepi,

2058 3906 2207 3976 quid
2231 3907 2511 3974 dicam,et
2541 3910 2689 3980 quid
2716 3911 2935 3982 loquar
2955 3914 3002 3948 ⁶⁶
3029 3929 3042 3968 :
3066 3929 3175 3984 per
3218 3914 3349 3971 haec
3375 3918 3584 3975 omnia
3609 3918 3719 3975 du-

2059 4010 2203 4051 cens
2240 4012 2350 4051 nos
2381 3997 2460 4053 ad
2499 3997 2688 4054 Patris
2716 4001 3144 4071 cognitionem,
3169 4007 3225 4060 et
3250 4003 3716 4064 admirationem

2055 4100 2266 4142 eorum
2284 4102 2420 4159 quae
2437 4087 2784 4158 gerebat,ad
2807 4089 2976 4147 illum
2994 4091 3279 4162 referens,
3306 4099 3368 4152 ut
3383 4111 3491 4167 per
3512 4097 3714 4170 ipsum

2054 4191 2499 4246 cognoscamus
2529 4179 2781 4234 Patrem.
2810 4181 2937 4236 Non
2971 4182 3129 4238 enim
3162 4199 3235 4239 ex
3263 4199 3518 4256 operum
3549 4187 3714 4246 diﬁ'e-

2053 4265 2243 4322 rentia
2273 4268 2438 4322 Pater
2462 4267 2852 4338 conspicitur,
2883 4271 3060 4342 quasi
3117 4273 3484 4344 peculiarem
3531 4280 3714 4350 atque

2055 4358 2399 4427 separatam
2418 4355 2720 4412 actionem
2741 4358 3433 4435 exhibeat(quaacunque
3453 4365 3614 4421 enim
3633 4366 3716 4422 vi-

2055 4443 2154 4499 det
2181 4447 2412 4500 Patrem
2462 4439 2805 4515 facientem,
2838 4449 2968 4504 liaac
3007 4454 3064 4505 et
3111 4451 3288 4507 Filius
3316 4453 3587 4509 similiter
3623 4455 3714 4512 fa-

308 4528 536 4578 τίνυσθαι
575 4529 711 4596 ὅσα
752 4530 859 4600 γὰρ
924 4527 1102 4602 βλέπει
1142 4535 1217 4603 (8)
1275 4538 1362 4586 τόν
1421 4540 1620 4609 πατέρα
1669 4546 1939 4609 ποιοῦντα,

2062 4534 2238 4602 cit“),
2265 4549 2480 4590 verum
2506 4549 2580 4589 ex
2609 4535 2820 4604 gloria,
2847 4552 2985 4608 quae
3007 4537 3060 4593 ei
3081 4539 3158 4594 ab
3187 4539 3497 4610 Unigenito
3525 4540 3717 4599 defer-

315 4631 485 4667 ταυτα
529 4622 629 4669 καί
691 4619 718 4668 ό
783 4621 904 4680 Υ,ἰὸς
952 4622 1141 4692 ὁμοίως
1185 4625 1366 4694 ποιεῖ),
1398 4623 1508 4677 ἀλλ’
1540 4624 1594 4677 ἐκ
1642 4635 1737 4690 τῆς
1780 4648 1943 4704 προσ·

317 4713 568 4777 quam;
626 4707 777 4777 αὖτῷ
806 4711 952 4783 παρὰ
974 4718 1065 4762 τοῦ
1096 4718 1418 4784 Μονογενοῡς
1458 4711 1620 4778 δόξης
1648 4721 1707 4769 τό
1769 4715 1944 4790 θαῦμα

310 4804 411 4847 τῶν
483 4802 783 4869 γινομένων
850 4818 1165 4871 καρπουται,
1226 4807 1352 4877 πρὸς
1430 4812 1501 4875 τῷ
1562 4809 1768 4878 μεγέθει
1840 4817 1941 4860 τῶν

303 4889 626 4959 ποιημάτων
680 4893 776 4940 καὶ
815 4886 894 4940 ἐπ’
934 4889 1072 4962 αὐτῷ
1119 4899 1192 4963 τῷ
1222 4901 1413 4966 ποιητῇ
1471 4893 1812 4969 ἀγαλλόμενος
1849 4903 1939 4950 καὶ

305 4977 611 5050 ὗψσόμενος
659 4981 810 5052 παρὰ
861 4987 962 5031 τῶν
1014 4978 1460 5052 έπιγινωσκόντων
1513 4984 1670 5038 αὐτόν
1729 4992 1938 5063 Πατέρα

381 5158 431 5192 ιθ
453 5158 638 5214 Joan.
668 5173 729 5226 ν,
764 5161 852 5214 22.

319 5229 362 5264 ⁵⁸
386 5230 567 5287 Joan.
603 5245 702 5297 xu,
738 5232 826 5285 49.

958 5160 1002 5194 ⁶¹
1032 5160 1201 5217 Joan.
1234 5176 1307 5227 χι,
1340 5165 1429 5229 25,

1544 5163 1795 5235 6’Hebr.
1823 5180 1868 5235 ι,
1895 5169 1950 5226 3.

907 5231 952 5266 ⁶⁷
974 5232 1151 5288 Joan.
1181 5249 1237 5301 v,
1270 5238 1350 5289 19.

1431 5235 1479 5269 σε
1511 5234 1691 5292 Hebr.
1718 5253 1777 5306 ιι,
1808 5234 1894 5296 10.

380 5413 465 5486 (51
487 5416 692 5484 Kpim.
726 5409 1000 5486 Plerique
1025 5410 1270 5486 codices
1299 5427 1446 5468 mss.
1479 5419 1662 5486 κρινεῖ,
1694 5415 1940 5484 judica-

322 5477 417 5532 bit.
437 5477 552 5538 Sed
586 5490 788 5539 tamen
811 5477 965 5540 nihil
997 5481 1242 5538 videtur
1263 5477 1648 5541 mutandum.

388 5555 456 5627 (ὁ)
485 5555 684 5612 Ῥιπαί.
737 5559 830 5614 Sic
854 5555 1050 5613 editio
1084 5553 1270 5627 Paris.
1311 5571 1383 5611 ac
1411 5559 1549 5627 Reg.
1604 5557 1933 5615 secundus.

330 5621 590 5706 Quinque
609 5629 708 5688 alii
727 5635 785 5688 et
813 5627 1018 5706 editio
1041 5625 1226 5706 Basil.
1256 5627 1439 5700 ῥοπαὶ.

388 5696 456 5766 (ἲ)
483 5696 556 5756 Τά
583 5708 890 5781 τάμπαντα.
933 5698 1040 5757 Sic
1074 5696 1315 5754 codices
1348 5715 1476 5771 sex,
1508 5704 1565 5757 et
1594 5700 1782 5774 paulo
1803 5706 1943 5775 post

2055 4627 2432 4695 tur,operum
2453 4623 2814 4681 miraculum
2837 4627 3200 4699 carpit,dum
3223 4633 3438 4700 praeter
3459 4646 3716 4702 operum

2055 4712 2560 4783 magnitudinem,
2579 4714 2653 4770 de
2674 4715 2807 4787 ipso
2827 4716 3008 4772 etiam
3039 4722 3282 4773 auctore
3312 4734 3569 4789 operum
3591 4720 3718 4791 glo-

2049 4805 2258 4871 riatur,
2299 4807 2354 4859 et
2383 4803 2683 4860 exaltatur
2713 4805 2791 4861 ab
2822 4805 2892 4861 iis
2922 4806 3027 4878 qui
3056 4813 3398 4875 agnoscunt
3435 4826 3574 4865 eum
3615 4813 3722 4872 Pa-

2050 4899 2201 4949 trem
2226 4893 2461 4949 Domini
2477 4893 2665 4950 nostri
2681 4896 2820 4949 Jesu
2853 4895 3063 4952 Christi
3087 4913 3100 4949 :
3143 4897 3264 4953 Per
3291 4913 3464 4969 quem
3491 4901 3717 4972 omnia,

2049 4991 2104 5041 et
2124 4991 2374 5057 propter
2391 5000 2566 5057 quem
2586 4985 2865 5041 omnia“.
2893 4984 3033 5042 Ideo
3054 4985 3198 5044 dicit
3226 4989 3514 5046 Dominus
3540 5007 3554 5047 :
3591 4991 3722 5048 0m-

2063 5166 2112 5202 ⁸³
2139 5164 2342 5222 Judith
2370 5179 2444 5232 Ix,
2473 5165 2525 5220 4.

2641 5163 2688 5200 ⁸⁸
2717 5165 2890 5223 Joan.
2919 5181 2995 5236 vi,
3045 5170 3131 5223 58.
3246 5169 3292 5205 ⁸⁵
3317 5171 3490 5228 Joan.
3521 5186 3576 5228 v.
3616 5172 3710 5232 t9.

2047 5419 2414 5493 χειρουργίας.
2446 5414 2598 5493 Ιξᾴὶῑὶ
2623 5417 2879 5493 τὰᾼπάντα
2898 5425 3094 5493 χειρῶν
3125 5423 3183 5474 et
3215 5419 3484 5493 ἐργασίας,

2123 5467 2174 5558 (‘8
2187 5496 2199 5550 ›
2229 5467 2424 5540 signa.
2446 5467 3082 5577 ᾇῖόςέιᾳιίέχιέίεοῒίίὸες
3107 5467 3328 5577 :‘ed‘it’i‘
3358 5467 3550 5577 53;...
3584 5494 3714 5577 Non

2047 5558 2240 5614 multo
2266 5565 2404 5631 post
2431 5558 2515 5614 sic
2545 5558 2892 5631 habet’Reg.
2927 5560 3232 5618 secundus
3254 5559 3328 5616 δι’
3358 5558 3419 5615 οὗ
3451 5558 3517 5617 τά
3549 5567 3718 5618 πάντα

2050 5635 2142 5683 καὶ
2174 5630 2247 5693 εἰς
2275 5630 2327 5684 ὃν
2353 5632 2422 5683 τὰ
2451 5632 2640 5686 πάντα.
2845 5630 2865 5666 ί
