4154 6376
647 333 745 387 103

2029 311 2085 366 8.
2131 304 2307 362 ΒΑΒΙΙ

2425 304 2643 360 ΜΑΟΝΙ
3919 317 4007 370 104

641 455 747 511 m‘a
766 464 898 508 mea
913 453 1020 504 tua
1050 447 1280 512 sunt,ut
1297 442 1377 500 ad
1392 443 1594 516 ipsum
1615 438 1912 510 originem
1933 450 2135 492 rerum
2165 445 2303 488 con-

2418 435 2506 481 τοῦ
2556 431 2750 502 Κυρίου
2791 430 2935 502 ἡμῶν
2968 430 3146 490 Ἰησοῦ
3200 438 3455 507 Χριστοῦ,
3499 429 3572 485 δι’
3611 434 3672 486 οὗ
3725 437 3790 488 τὰ
3836 439 4008 509 πάντα,

639 541 904 600 ditarum
929 536 1196 594 referens
1232 549 1244 588 :
1271 533 1470 588 Ettua
1501 546 1632 588 mea
1656 533 1725 597 69;
1761 534 1825 586 ut
1841 526 1980 584 inde
2013 521 2305 596 principia

641 629 886 688 creandi
917 625 1256 698 accipiens;
1308 637 1431 677 non
1485 619 1649 693 quod
1699 616 1931 674 auxiliis
1979 620 2180 669 utatur
2227 610 2306 667 ad

639 716 1247 792 operandu‘m,neque
1260 709 1428 783 quod
1451 709 1501 764 ei
1516 705 1982 780 particularibus
2003 700 2306 758 mandatis

639 791 1127 875 uniuscujusque
1180 800 1383 872 operis
1425 797 1827 853 ministerium
1859 791 2257 850 concredatur
2290 806 2303 844 :

638 913 785 954 nam
808 893 969 952 istud
999 891 1248 964 quidem
1273 887 1572 953 servile,et
1598 901 1634 942 a
1655 885 1864 940 divina
1883 882 2176 952 dignitate
2198 880 2306 935 im-

639 1001 852 1042 menso
883 985 1184 1038 semotum
1217 977 1555 1034 intervallo:
1590 974 1698 1031 sed
1730 972 1898 1047 quod
1929 971 2184 1027 Verbum
2205 985 2308 1042 pa-

641 1075 830 1132 ternis
857 1071 1035 1129 bonis
1072 1069 1341 1142 plenum,
1385 1065 1772 1138 resplendens
1813 1079 1848 1119 a
1879 1065 2068 1129 Patre,
2100 1059 2309 1115 omnia

646 1163 788 1220 facit
812 1163 890 1217 ad
922 1157 1378 1216 similitudinem
1407 1156 1536 1224 eius
1566 1154 1670 1226 qui
1693 1154 1891 1226 ipsum
1925 1149 2306 1221 genuit.Nam

640 1239 882 1323 si'juxta
911 1247 1238 1306 essentiam
1269 1244 1420 1301 nihil
1446 1243 1705 1299 differta
1726 1245 1918 1309 Patre,
1951 1254 2070 1306 nec
2101 1243 2308 1311 poten-

638 1343 721 1398 tia
744 1340 927 1397 etiam
958 1356 993 1396 a
1025 1341 1192 1394 Patre
1220 1336 1472 1390 diﬁeret.
1507 1334 1690 1389 Porro
1749 1346 2011 1404 quorum
2056 1327 2308 1401 aequalis

637 1435 728 1486 est
764 1429 1052 1502 potentia,
1096 1425 1312 1482 horum
1342 1423 1592 1480 omnino
1631 1421 1880 1494 (aqualis
1909 1423 2074 1475 estet
2099 1433 2309 1490 opera-

637 1520 740 1576 tio.
775 1518 1048 1575 Christus
1095 1514 1397 1587 siquidem
1453 1513 1553 1568 Dei
1584 1512 1774 1568 virtus
1807 1513 1918 1576 est,
1952 1515 2009 1564 et
2058 1507 2158 1562 Dei
2211 1523 2307 1562 sa-

638 1607 954 1681 pientia”.
1001 1609 1067 1662 Et
1108 1605 1195 1660 sic
1243 1603 1451 1660 omnia
1492 1618 1599 1674 per
1630 1602 1829 1673 ipsum
1863 1599 2022 1654 facta
2074 1598 2306 1664 sunt“,

637 1697 968 1768 omniaque
999 1711 1105 1768 per
1135 1695 1337 1767 ipsum
1379 1697 1439 1747 et
1465 1692 1526 1746 in
1565 1691 1768 1764 ipsum
1799 1687 2046 1745 condita
2071 1691 2212 1742 sunt
2236 1687 2306 1753 τ’,

2414 524 2503 572 καὶ
2557 515 2630 570 δι’
2679 520 2733 571 ὃν
2779 523 2846 573 τὰ
2900 525 3086 576 πάντα.
3139 524 3233 575 Διά
3290 527 3441 576 τοῦτό
3493 543 3653 595 φησιν
3715 527 3740 576 6
3792 531 3963 601 Κυριος
3993 549 4004 560 ·

2414 610 2491 660 Τὰ
2531 608 2628 681 ἐμὰ
2685 613 2853 663 πάντα
2907 613 2976 663 σοί
3015 611 3157 664 ἐστιν
3191 629 3202 641 ·
3269 613 3333 672 ὡς
3387 612 3466 664 ἐπ’
3519 612 3670 666 αὐτόν
3709 622 3798 675 τῆς
3849 614 4006 691 ἀρχῆς

2415 707 2514 750 τῶν
2573 696 3053 774 δημιουργημοίτων
3095 700 3413 774 ἁναγομένης
3447 720 3459 732 ·
3508 707 3609 756 Καὶ
3673 706 3740 755 τὰ
3796 707 3862 756 σὰ
3899 705 4006 778 ἐμεί-

2417 790 2487 850 ὡς
2551 787 2737 842 ἐκεῖθεν
2789 791 2929 862 αὐτῷ
2987 793 3065 861 (9)
3112 799 3202 851 τῆς
3269 792 3442 853 αἰτίας
3518 799 3611 845 τοῦ
3688 789 4005 870 δημιουργεῖν

2416 880 2776 946 καθηκούσης,
2827 880 2885 932 οὐ
2941 879 3208 954 βοηθείαις
3260 888 3518 956 χρωμένῳ
3576 887 3708 956 πρὸς
3763 893 3852 942 τῆν
3890 884 4004 959 ἐνέρ-

2415 989 2579 1040 γειαν,
2631 967 2754 1024 οὐδὲ
2800 979 2915 1032 ταῖς
2964 974 3101 1024 κατὰ
3153 975 3305 1046 μέρος
3367 972 3714 1045 ἐπιτροπαις’
3756 978 3846 1032 τὴν
3902 975 4005 1027 ἐκοί-

2421 1079 2543 1111 στου
2619 1063 2771 1134 ἔργου
2848 1058 3118 1113 διακονίαν
3193 1067 3551 1134 πιστευομένῳ
3587 1083 3599 1096 -
3676 1062 4008 1136 λειτουργικὸν

2417 1151 2518 1221 γὰρ
2550 1157 2703 1202 τοῦτό
2741 1169 2821 1221 γε,
2860 1156 2949 1203 καὶ
3001 1159 3094 1212 τῆς
3147 1152 3282 1211 θείας
3341 1149 3492 1214 ἀξίας
3543 1152 3849 1225 παμπληθὲς
3900 1152 4009 1206 ἀπο-

2421 1235 2534 1291 δέον
2566 1254 2580 1269 ⁶
2635 1239 2762 1291 ἀλλά
2810 1243 2911 1314 γάρ
2958 1241 3157 1314 πλήρης
3188 1242 3306 1312 (10)
3340 1243 3364 1292 6
3409 1247 3582 1312 Λόγος
3615 1250 3714 1294 τῶν
3767 1254 4008 1315 πατρικῶν

2420 1328 2649 1401 ἀγαθῶν,
2709 1338 2801 1382 τοῦ
2851 1333 3053 1405 Πατρός
3096 1329 3429 1403 ἀπολάμψας,
3485 1333 3660 1383 πάντα
3704 1341 3838 1385 ποιεῖ
3891 1337 4011 1385 κατὰ

2420 1425 2512 1478 τὴν
2551 1440 2642 1472 του
2681 1425 3022 1492 γεννήσαντος
3057 1422 3360 1493 ὁμοιότητα.
3405 1421 3466 1474 Εἰ
3516 1423 3616 1494 γάρ
3669 1421 3799 1474 κατά
3828 1427 3912 1480 τὴν
3941 1423 4010 1474 οὐ-

2423 1514 2540 1562 σίαν
2607 1510 3018 1582 ἀπαραλλάκτως
3093 1513 3226 1582 ἔχει,
3299 1509 3713 1584 ἀπαραλλάκτως
3779 1511 3874 1574 ἔξει
3934 1517 4006 1564 καὶ

2420 1602 2555 1652 κατὰ
2579 1604 2673 1658 τὴν
2725 1597 2968 1673 δύναμιν.
3000 1601 3096 1654 Ὧν
3148 1598 3206 1653 δὲ
3250 1603 3279 1659 ἡ
3338 1597 3564 1674 δύναμις
3613 1604 3730 1671 ἴση,
3784 1605 3870 1660 ἲση
3922 1622 4005 1656 που

2420 1693 2626 1752 πάντως
2647 1711 2737 1743 και
2767 1693 2796 1750 ἡ
2831 1690 3075 1766 ἐνέργεια.
3105 1694 3339 1766 Χριστὸς
3363 1694 3465 1764 γάρ
3499 1699 3634 1745 Θεοῦ
3666 1689 3903 1764 δύναμις,
3930 1697 4005 1744 καὶ

636 1802 762 1845 non
788 1786 952 1860 quod
975 1783 1424 1841 instrumentali
1445 1781 1719 1854 quodam
1741 1795 1812 1835 ac
1825 1779 2021 1835 servili
2047 1777 2307 1833 ministe-

2422 1788 2556 1833 Θεοῦ
2591 1786 2767 1854 σοφία.
2813 1787 2913 1834 Καὶ
2943 1782 3078 1834 οὕτω
3123 1783 3296 1834 πάντα
3351 1778 3422 1834 δι’
3455 1781 3620 1834 αὐτοῦ
3679 1782 3883 1853 ἐγένετο,
3929 1787 4003 1834 καὶ

635 1878 725 1934 rio
763 1877 1052 1946 fungatur
1080 1892 1093 1930 :
1122 1874 1230 1930 sed
1259 1872 1427 1946 quod
1460 1879 1750 1944 tanquam
1784 1869 2060 1926 conditor
2107 1873 2307 1940 pater-

635 1983 778 2025 nam
800 1965 1052 2038 impleat
1080 1963 1481 2020 voluntatem.

613 2144 623 2153 '
706 2151 797 2202 20.
827 2147 1035 2218 Itaque
1075 2160 1216 2200 cum
1243 2143 1323 2200 ait
1357 2159 1370 2198 :
1399 2143 1528 2214 Ego
1551 2156 1626 2198 ex
1654 2157 1746 2198 me
1766 2143 1894 2211 ipso
1917 2142 2153 2197 locutu:
2182 2155 2303 2196 non

639 2252 772 2292 sum
793 2236 864 2303 13‘;
889 2240 948 2291 et
975 2249 1220 2291 rursum
1255 2252 1268 2287 :
1303 2233 1469 2288 Sicut
1499 2232 1654 2288 dixit
1688 2231 1841 2286 mihi
1866 2233 2076 2297 Pater,
2105 2231 2192 2286 ita
2224 2231 2306 2285 ιο-

635 2326 861 2399 quor“;
886 2329 973 2380 et:
1005 2324 1216 2379 Sermo
1238 2338 1409 2394 quem
1442 2322 1696 2378 audistis
1726 2337 1846 2377 non
1875 2328 1958 2376 est
1986 2335 2172 2390 meus,
2203 2319 2306 2376 sed

638 2418 770 2484 ejus
804 2417 907 2486 qui
935 2414 1095 2468 misit
1125 2412 1290 2478 me“;
1311 2415 1367 2466 et
1387 2410 1529 2466 alibi
1558 2430 1571 2464 :
1598 2410 2107 2478 Quemadmodum
2138 2424 2306 2466 man-

646 2505 811 2561 davit
842 2503 992 2559 mihi
1021 2502 1232 2570 Pater,
1265 2503 1352 2558 sic
1372 2502 1588 2572 facio”
1614 2519 1626 2553 :
1659 2515 1783 2556 non
1812 2500 1980 2572 quod
2005 2505 2208 2556 careat
2233 2497 2302 2555 li-

645 2594 794 2652 bero
825 2594 1073 2650 arbitrio
1114 2608 1185 2648 ac
1212 2591 1535 2648 voluntatis
1564 2597 1754 2662 motu,
1787 2606 1984 2663 neque
2023 2589 2192 2663 quod
2233 2606 2305 2645 ex

634 2684 792 2742 datis
823 2684 1013 2753 signis
1035 2682 1277 2738 veniam
1309 2698 1380 2738 ac
1410 2681 1713 2737 licentiam
1737 2681 1960 2751 agendi
1981 2685 2300 2752 exspectet,

637 2775 776 2832 ideo
799 2774 1019 2832 talibus
1044 2773 1228 2828 utitur
1256 2772 1476 2829 verbis:
1503 2771 1611 2827 sed
1631 2776 1693 2826 ut
1712 2771 1973 2827 declaret
1993 2770 2306 2843 propriam

637 2864 1012 2921 voluntatem
1063 2862 1383 2934 conjuncte
1433 2866 1614 2934 atque
1647 2860 2130 2934 inseparabiliter
2161 2851 2308 2916 Patri

639 2954 1071 3012 adhaerentem.
1092 2951 1346 3007 Proinde
1376 2950 1542 3024 quod
1569 2950 1787 3006 dicitur
1814 2950 2200 3016 mandatum,
2231 2965 2308 3005 ne

638 3058 985 3100 sermonem
1014 3041 1411 3114 imperiosum
1441 3057 1547 3114 per
1581 3040 1817 3096 vocalia
1842 3056 2076 3110 organa
2114 3039 2309 3112 prola-

2419 1874 2588 1924 πάντα
2633 1868 2706 1923 δι’
2734 1871 2893 1924 αὐτοῦ
2920 1875 3007 1923 καὶ
3047 1871 3119 1933 εἰς
3149 1871 3306 1932 αὐτὸς
3337 1874 3594 1939 ἔκτισται,
3624 1871 3718 1924 οῦκ
3753 1871 4002 1946 ὀργανικὴν

2416 1980 2532 2014 τινα
2561 1957 2687 2014 οὐδὲ
2718 1958 2969 2019 δουλικὴν
3027 1963 3317 2034 ὑπηρεσίαν
3375 1961 3718 2036 πληροῦντος,
3770 1960 3890 2013 όιλλοί
3922 1957 3999 2018 δη-

2414 2059 2739 2125 μιουργικῶς
2758 2051 2816 2102 τό
2846 2053 3101 2123 πατρικὸν
3135 2050 3492 2114 ἐπιτελοῦντος
3523 2050 3741 2124 θελημα.

2485 2143 2571 2196 20.
2630 2139 2788 2193 Ὀταν
2851 2140 2938 2192 οὗν
2981 2139 3100 2214 λέγῃ
3139 2158 3151 2170 ·
3196 2140 3325 2212 Ἐγὼ
3379 2139 3432 2203 ἐξ
3471 2140 3704 2214 ἐμαυτοῦ
3764 2140 3853 2192 οὐκ
3897 2138 3998 2191 ἑλεί-

2411 2228 2594 2288 λησα·
2673 2235 2760 2282 καὶ
2835 2229 3038 2282 πάλιν’
3119 2232 3301 2293 Καθὼς
3378 2235 3554 2306 ε’ίρηκέ
3606 2250 3697 2304 μοι
3753 2231 3998 2301 (immiti,

2412 2320 2544 2372 οὕτω
2601 2319 2737 2371 λαλῶ
2767 2337 2780 2350 ·
2840 2324 2952 2388 καὶ,
3009 2318 3069 2371 Ὀ
3125 2318 3279 2391 λόγος
3344 2319 3398 2372 ὃν
3457 2319 3689 2384 ἀκούετε,
3746 2319 3838 2372 οὐκ
3873 2321 3996 2370 ἔστιν

2673 2235 2760 2282 καὶ
2835 2229 2989 2282 πάλιν
3023 2246 3038 2260 ⁸

2411 2409 2556 2482 ἐμὸς,
2618 2408 2746 2462 ἀλλὰ
2805 2417 2898 2461 τοῦ
2950 2408 3247 2482 πέμψαντός
3287 2429 3350 2483 με
3382 2427 3394 2440 ·
3439 2416 3532 2464 καὶ
3584 2410 3796 2486 ἑτέρωθι
3825 2430 3838 2443 ο
3881 2409 3993 2461 Καθ’

2413 2504 2482 2562 ὼς
2534 2501 2647 2571 (ll)
2703 2497 2981 2553 ἐνετείλατό
3045 2519 3136 2573 μοι
3195 2501 3219 2552 ό
3271 2505 3478 2576 Πατὴρ,
3544 2502 3681 2554 οὕτω
3718 2507 3846 2553 ποιῶ
3876 2515 3887 2528 ·
3923 2496 3997 2549 οὐκ

2415 2587 2760 2663 ἀπροαίρετος
2790 2589 2878 2656 ῶν,
2912 2585 3036 2642 οὐδε
3067 2588 3348 2662 ἀνόμητος,
3389 2587 3517 2644 οὐδε
3546 2594 3605 2643 τὸ
3655 2589 3708 2642 ἐκ
3755 2597 3850 2642 τῶν
3903 2606 3998 2640 οὐν⁹

2419 2680 2662 2751 θημςίτων
2721 2675 3000 2752 ἐνδόσιμον
3052 2678 3334 2752 ἀναμένων,
3383 2687 3506 2741 ταῖς
3566 2682 3834 2740 τοιαύταις
3885 2683 3999 2749 1913-

2415 2787 2504 2820 ται
2555 2775 2788 2841 φωναῖς·
2829 2768 2958 2821 ἀλλά
3014 2765 3188 2826 δηλῶν
3240 2773 3335 2828 τὴν
3393 2771 3594 2823 οἰκείαν
3631 2775 3834 2842 γνώμην
3882 2768 3997 2823 ἠνω-

2415 2861 2578 2930 μένως
2633 2862 2724 2910 καὶ
2765 2854 3102 2921 ὰδιαστοὶτως
3158 2859 3253 2911 τοῦ
3313 2864 3521 2932 Πατρός
3570 2858 3840 2932 ἐχομένην.
3887 2854 3999 2927 ’Δρα

2417 2944 2505 3000 οὖν
2545 2952 2633 3000 καὶ
2698 2953 2792 3008 τήν
2853 2948 3132 3022 λεγομένην
3189 2948 3394 3008 ἐντολὴν
3454 2955 3530 3021 μὴ
3597 2949 3743 3022 λόγον
3793 2963 3998 3020 προστα-

2417 3041 2595 3090 κτικὸν
2647 3035 2742 3091 διὰ
2807 3046 2908 3092 τῶν
2952 3047 3254 3111 φωνητικῶν
3309 3039 3547 3114 ὀργάνων
3613 3037 3999 3112 ἐξαγγελλόμενον

633 3139 763 3190 tum
781 3131 1363 3203 intelligamus,Filio
1385 3130 1548 3186 velut
1563 3130 1806 3186 subdito
1819 3130 2307 3203 praescribentem

2419 3125 2766 3201 ἐκδεχὼμεθα
2819 3128 2956 3199 (12),
3002 3133 3121 3202 περὶ
3194 3137 3295 3181 τῶν
3351 3133 3613 3188 ποιητέων
3665 3137 3736 3200 τῷ
3787 3129 3900 3198 Υἰῷ,
3949 3124 4000 3181 ὡς

638 3221 788 3296 quid
808 3223 1006 3278 facere
1024 3219 1266 3276 debeat:
1292 3219 1398 3276 sed
1415 3220 1592 3291 juxta
1613 3236 1864 3276 sensum
1885 3223 2002 3276 Deo
2030 3220 2305 3307 dignum,

636 3311 1049 3381 intelligamus
1080 3309 1410 3366 voluntatis
1462 3310 2098 3378 communicationem,
2128 3309 2311 3366 veluti

637 3400 850 3457 forma
872 3398 1218 3471 cujuspiam
1245 3399 1307 3454 in
1334 3397 1582 3472 speculo
1604 3397 2009 3469 imaginem,a
2046 3400 2220 3455 Patre
2248 3399 2310 3455 in

637 3491 856 3546 Filium
884 3489 1012 3545 sine
1044 3494 1314 3561 tempore
1333 3489 1792 3547 demanantem.
1823 3491 2009 3547 Pater
2038 3492 2196 3547 enim
2225 3491 2289 3545 di

641 3581 783 3652 tigit
811 3580 1062 3644 Filium,
1093 3585 1147 3635 et
1187 3580 1390 3634 omnia
1420 3580 1676 3635 ostendit
1701 3573 1878 3636 illi".
1912 3583 2120 3653 Itaque
2148 3596 2313 3654 quie-

636 3685 879 3742 cunque
908 3669 1098 3726 habet
1126 3670 1316 3738 Pater,
1359 3668 1483 3725 Filii
1503 3673 1646 3725 sunt
1673 3686 1686 3736 ;
1722 3685 1845 3726 non
1869 3669 2037 3743 quod
2065 3670 2195 3726 haec
2227 3669 2312 3726 illi

634 3757 927 3834 paulatim
959 3763 1324 3830 accrescant,
1363 3758 1470 3814 sed
1513 3759 1739 3814 adsunt
1770 3758 1957 3815 semel
2004 3760 2311 3816 universa.

636 3849 764 3904 Non
794 3848 956 3904 enim
981 3848 1134 3904 inter
1163 3847 1444 3904 homines
1472 3847 1578 3920 qui
1624 3853 1816 3906 artem
1864 3848 2209 3922 perdidicit,
2242 3867 2314 3908 ac

635 3936 869 3994 diutina
883 3937 1307 3994 exercitatione
1337 3937 1586 3993 firmum
1608 3939 1753 3994 artis
1775 3939 1836 3994 in
1867 3940 2074 3996 animo
2092 3940 2312 3997 ﬁxum-

633 4030 752 4100 que
781 4026 1060 4084 habitum
1089 4027 1261 4097 gerit,
1283 4026 1575 4100 deinceps
1606 4033 1806 4102 potest
1843 4029 2018 4101 juxta
2048 4031 2311 4088 scientiae

635 4114 925 4185 rationes,
951 4129 1109 4188 quas
1131 4115 1194 4171 in
1213 4119 1416 4172 mente
1436 4120 1613 4188 tenet,
1639 4132 1747 4190 per
1767 4133 1897 4174 sese
1917 4118 2179 4191 operari,
2213 4119 2312 4176 Dei

633 4219 779 4262 vero
821 4205 1136 4279 sapientia,
1205 4205 1568 4262 architectus
1637 4207 1936 4265 universa
1993 4215 2306 4277 creaturae,

635 4311 877 4368 semper
905 4295 1390 4368 perfectus,citra
1419 4295 1734 4354 doctorem
1760 4297 2026 4371 sapiens,
2062 4301 2166 4356 Dei
2195 4301 2314 4358 vir-

633 4386 750 4453 tus,
815 4388 878 4441 in
933 4401 1057 4458 quo
1097 4390 1238 4441 sunt
1285 4402 1502 4443 omnes
1552 4386 1826 4444 thesauri
1877 4389 2188 4462 sapientiae
2248 4396 2306 4448 et

2420 3219 2657 3290 ὑπηκόῳ,
2710 3219 3087 3290 νομοθετοῦντα
3115 3233 3130 3249 ⁹
3195 3217 3324 3271 ἀλλὰ
3377 3221 3675 3293 θεοπρεπῶς
3726 3224 3906 3290 νοῶμεν
3942 3213 4001 3264 9!-

2417 3305 2648 3380 λήματος
2697 3302 2948 3360 διάδοσιν
2992 3307 3096 3360 οἶόν
3149 3327 3286 3369 τινος
3335 3317 3548 3382 μορφῆς
3585 3310 3804 3382 ἔμφασιν
3837 3303 3936 3374 (l3)
3962 3297 3999 3351 έν

2419 3401 2718 3472 κατόπτρῳ,
2753 3395 2806 3448 ἐκ
2838 3399 3042 3470 Πατρός
3089 3395 3161 3458 εἰς
3191 3399 3311 3450 Υἱόν
3359 3396 3606 3472 ἀχρόνως
3647 3394 3997 3467 δείκνουμένηνο

2417 3492 2476 3538 ὀ
2531 3505 2634 3563 ’γαρ
2710 3490 2892 3560 Πατὴρ
2967 3488 3151 3558 ἀγαπᾷ
3223 3490 3310 3540 τὸν
3368 3490 3511 3556 Υιὸν,
3563 3491 3656 3540 καὶ
3707 3489 3868 3539 πάντα
3916 3477 3997 3532 δεί-

2421 3594 2604 3628 κνυσιν
2655 3575 2820 3648 αὐτῷ.
2859 3574 3021 3630 Ὥστε
3075 3579 3248 3630 πάντα
3301 3577 3402 3629 ὅσα
3462 3578 3579 3650 ἔχει
3623 3579 3650 3630 6
3698 3579 3888 3647 Πατὴρ,
3924 3573 3999 3620 τοῦ

2422 3669 2546 3720 Υἰοῦ
2622 3665 2782 3732 ἐστιν,
2832 3665 2893 3717 οὐ
2967 3668 3102 3720 κατὰ
3174 3669 3361 3740 μικρὸν
3436 3670 3840 3742 προσγινόμενα,
3910 3654 3996 3711 ἀλλ’

2424 3755 2625 3831 ἁθρόως
2683 3759 2938 3831 παρόντα.
2997 3754 3074 3808 Οὐ
3111 3757 3213 3832 γὰρ
3274 3753 3450 3814 δήπου
3491 3756 3542 3809 ἕν
3594 3759 3684 3830 μεν
3740 3753 4000 3826 ἀνθρώποις

2423 3847 2449 3898 ό
2477 3849 2570 3904 τὴν
2607 3849 2801 3918 τέχνην
2835 3841 3178 3918 ἑκδιδαχθεὶς
3215 3850 3306 3898 καὶ
3361 3850 3562 3918 παγίαν
3619 3845 3780 3906 αὐτῆς
3808 3839 3895 3896 διὰ
3924 3845 3999 3897 τῆς

2421 3939 2642 4012 χρονίας
2678 3935 2888 4008 μελέτης
2919 3937 3055 4007 ἔχων
3107 3939 3202 3994 τὴν
3259 3935 3362 3998 ἕξιν
3413 3932 3754 4010 ἕνιδρυμένην
3804 3927 3998 3984 δύναται

2420 4025 2599 4079 λοιπὸν
2673 4027 2809 4077 κατὰ
2876 4027 2998 4087 τοὺς
3071 4024 3492 4098 ἕναποκειμένους
3568 4025 3708 4097 αὐτῷ
3775 4027 3864 4084 τῆς
3912 4017 4000 4071 ἐπι·

2422 4121 2632 4189 στήμης
2687 4114 2868 4187 λόγους
2894 4115 3013 4168 καθ’
3039 4115 3220 4169 ἑαυτὸν
3277 4112 3496 4188 ἐνεργεῖν
3528 4135 3544 4151 ο
3596 4118 3627 4174 ἡ
3690 4110 3749 4168 δε
3774 4117 3862 4166 τοῦ
3896 4109 4000 4162 Θεοῦ

2424 4211 2603 4279 σοφία,
2656 4207 2682 4258 6
2740 4203 3066 4281 δημιουργὸς
3118 4207 3293 4266 πάσης
3323 4205 3436 4277 (ib)
3468 4209 3708 4272 κτίσεως,
3749 4207 3776 4256 ό
3822 4199 3908 4268 ἀεὶ,
3939 4196 4003 4248 τέο

2419 4295 2572 4368 λειος,
2607 4297 2633 4348 ό
2663 4292 2968 4357 ἀδιδάκτως
2999 4298 3179 4368 σοφὸς,
3213 4298 3243 4354 ἡ
3298 4303 3391 4348 τοῦ
3433 4303 3570 4350 Θεοῦ
3615 4291 3855 4367 δύναμις,
3898 4287 3939 4340 ἐν
3971 4281 4003 4333 ὖ

2418 4388 2608 4448 πάντες
2653 4388 2703 4439 οἱ
2757 4388 3018 4460 θησαυροὶ
3091 4393 3186 4448 τῆς
3240 4390 3427 4459 σοφίας
3491 4391 3584 4439 καὶ
3656 4392 3748 4446 τῆς
3797 4384 4005 4454 γνώσεως

635 4475 903 4564 scientiae
924 4475 1229 4540 occulti",
1257 4479 1392 4545 eget
1413 4476 1665 4548 speciali
1704 4478 1817 4548 18
1841 4479 2158 4547 mandato,
2186 4497 2307 4554 quo

2422 4475 2734 4551 ἀπόκρυφοι,
2779 4485 2875 4539 τῆς
2923 4479 3060 4529 κατὰ
3100 4481 3252 4552 μέρος
3316 4476 3637 4539 ἐπιστασίας
3700 4468 4003 4550 προσδεῖται,

634 4564 687 4639 ei
700 4563 922 4621 modus
934 4580 1007 4621 ac
1020 4580 1306 4621 mensura
1319 4565 1743 4638 operationum
1762 4569 2158 4639 praeliniatur.
2186 4572 2309 4627 Sci-

632 4637 772 4712 licet
791 4661 855 4712 tu
874 4655 1124 4729 quidem
1143 4655 1325 4712 etiam
1345 4637 1788 4728 paedagogeum
1805 4661 2040 4732 aperies
2056 4661 2117 4717 in
2143 4663 2308 4719 vani-

636 4744 754 4801 tate
785 4747 1223 4816 cogitationum
1252 4752 1510 4817 tuarum,
1545 4752 1601 4804 et
1637 4749 1801 4804 hunc
1830 4750 2078 4822 quidem
2121 4751 2306 4810 facies

705 4943 752 4977 ⁶⁹
781 4942 952 4998 Joan.
980 4957 1118 5011 xm,
1151 4944 1236 5000 to.
1351 4947 1398 4981 ⁷ο
1427 4947 1449 5001 I
1481 4948 1612 5004 Cor.
1656 4962 1699 5015 ι,
1729 4950 1819 5004 24.

632 5011 684 5050 ⁷⁸
712 5015 884 5071 Joan.
909 5029 1030 5084 XIV,
1057 5018 1145 5070 24.
1225 5017 1273 5052 ⁷⁵
1304 5016 1452 5073 ibid.
1477 5019 1564 5074 31.
1640 5011 1882 5077 π’]οᾶηο
1917 5037 1971 5090 v,
2005 5027 2093 5079 20.

706 5211 785 5285 (9)
845 5209 1014 5282 Αὐτῷ.
1073 5210 1166 5285 Sic
1228 5211 1499 5285 plerique
1555 5216 1790 5272 codices
1854 5233 2036 5285 mss.,
2094 5218 2312 5274 melius

633 5283 826 5363 multo
841 5298 1046 5369 ,quam
1097 5283 1160 5339 in
1185 5283 1445 5341 editione
1476 5288 1658 5343 Paris.
1689 5295 1746 5344 et
1777 5283 2046 5347 secunda
2085 5291 2309 5347 Basile-

634 5370 764 5411 ensr
792 5373 974 5409 αυτου.

641 5495 651 5501 _
706 5427 820 5495 (10)
851 5425 1006 5501 iam:
1031 5428 1130 5501 γαρ
1172 5427 1394 5501 πλήρης.
1428 5431 1715 5494 Quamvis
1749 5431 1986 5488 codices
2009 5450 2159 5490 mss.
2203 5433 2308 5491 ha-

635 5495 981 5579 beant-alla:
1024 5495 1228 5579 πλῆρης
1258 5495 1378 5574 γάρ,
1412 5501 1789 5574 praeferenda
1818 5509 2026 5560 tamen
2066 5505 2310 5562 videtur

637 5565 892 5643 vulgata
930 5565 1250 5643 scriptura.

713 5639 824 5709 (11)
859 5639 1069 5701 Καθώςῖ
1105 5643 1251 5700 Male
1281 5643 1343 5700 in
1388 5642 1565 5702 editis
1610 5650 1747 5704 ante
1776 5645 1939 5704 hanc
1967 5663 2182 5705 vocem
2213 5647 2324 5706 ad-

1932 4949 1978 4984 “
2021 4952 2193 5008 Joan.
2225 4969 2260 5023 ι,
2295 4956 2348 5008 3.

2417 4570 2505 4619 τόν
2553 4571 2743 4641 τρόπον
2782 4566 2924 4637 αὐτῷ
2962 4571 3053 4619 καὶ
3099 4570 3156 4619 τὸ
3222 4569 3408 4639 μέτρον
3447 4575 3549 4618 τῶν
3611 4565 3864 4639 ἐνεργειῶν
3917 4557 4006 4627 ὀρι-

2423 4660 2639 4720 ζούσης.
2672 4655 2843 4710 Ἦπου
2899 4659 2964 4708 σύ
3015 4675 3076 4727 γε
3132 4661 3222 4708 καὶ
3268 4652 3661 4728 παιδαγωγεῖον
3712 4651 3920 4713 ἀνοίξεις
3965 4661 4004 4693 εν

2418 4763 2477 4829 τῇ
2537 4760 2853 4830 ματαιότητι
2890 4774 2986 4808 σου
3042 4763 3144 4807 τῶν
3185 4753 3477 4828 λογισμῶν,
3511 4759 3603 4808 καὶ
3642 4757 3726 4808 τὸν
3764 4753 3854 4825 μὲν
3900 4760 4005 4816 πΡ⁰⁴

3678 4949 3726 4983 ⁷⁵
3759 4941 3899 5002 ibid.
3929 4939 4004 4992 50-

2461 4953 2510 4988 ⁷⁸
2538 4951 2768 5010 Coloss.
2801 4965 2838 5021 ι,
2876 4955 2960 5009 16.
3073 4952 3123 4987 ⁷³
3148 4952 3320 5008 Joan.
3353 4966 3448 5022 xu,
3477 4953 3565 5007 49.

2173 5025 2222 5060 ’³³
2258 5023 2495 5082 Coloss.
2529 5040 2588 5094 ιι,
2617 5029 2672 5082 3.

2420 5219 2582 5274 ditur
2607 5217 2954 5290 conjunctio
2980 5222 3071 5270 καί
3100 5233 3237 5290 qua;
3265 5217 3438 5274 abest
3458 5233 3495 5274 a
3525 5233 3667 5273 mss.
3715 5205 4004 5284 Aliquanto

2421 5291 2707 5364 postde
2730 5289 3502 5364 ςοάίοθεκέχρηταιφφναῖς-
3564 5357 3582 5364 -
3772 5356 3789 5364 -

2493 5363 2604 5434 (12)
2639 5347 3213 5434 Ἐκδεχὼμεθωίΰὶῦιιξ
3241 5347 3434 5418 codex
3464 5347 4002 5432 ἔπιδεχὼμεθα.Α1ἱι18

2421 5429 2802 5506 ἐπιδεχόμεθαξ
2821 5429 2832 5432 ⁷
2848 5429 2972 5489 Duo
2996 5433 3094 5489 alii
3126 5429 3476 5506 ἐκδεχόμεθα.

2644 5493 2927 5578 Ἓμφασιν.
2961 5508 3100 5561 Tres
3130 5493 3371 5578 codicés
3411 5501 3638 5561 ἔνδοσιν.

2495 5576 2615 5650 (14⁷)
2645 5576 2846 5638 ﬁdem.
2876 5580 3014 5634 Tres
3041 5594 3185 5634 mss.
3221 5576 3456 5639 ἁπάσης.
