4154 6392
643 309 744 361 115

632 439 901 510 perfugae
928 450 998 490 ac
1020 433 1512 506 praevaricatores
1543 436 1943 508 appellantur,
1975 441 2034 492 ut
2066 436 2174 506 qui
2199 452 2300 490 sa-

631 528 773 584 lutis
803 542 926 583 sum
949 528 1128 597 pacta
1149 523 1471 579 violarint?
1508 525 1833 594 Quoigitur
1871 526 2117 581 nomine
2153 541 2296 580 eum

633 615 740 688 qui
773 619 958 670 Deum
986 611 1330 680 abnegavit,
1356 629 1479 682 quo
1502 629 1639 667 eum
1668 614 1770 684 qui
1795 614 2092 668 Christum
2121 614 2304 668 abne-

633 706 816 775 gavit,
845 702 1186 776 appellem?
1210 703 1488 766 Quonam
1510 702 1646 767 alio,
1669 720 1857 775 quam
1885 704 2303 775 praevaricato-

632 795 715 850 ris
741 810 811 849 ac
834 791 1156 848 desertoris
1173 791 1201 845 ?
1223 795 1292 846 At
1317 790 1370 846 ei
1395 791 1497 863 qui
1523 792 1768 860 negavit
1790 793 2010 864 Spiritu
2032 809 2111 861 ui,
2135 792 2302 863 quod

635 899 731 938 me
759 882 849 937 vis
872 896 1094 937 nomen
1123 879 1434 952 imponere
1451 883 1478 936 ?
1497 883 1703 936 Nonne
1725 881 1840 936 hoc
1865 881 2047 946 idem,
2074 880 2302 953 quippe

633 971 739 1044 qui
759 977 1007 1044 pactum
1033 985 1171 1025 eum
1209 972 1323 1024 Deo
1351 968 1568 1025 initum
1592 970 1868 1026 violarit?
1901 974 2054 1040 Ergo
2081 987 2220 1025 cum
2249 974 2305 1025 et

633 1059 775 1115 ﬁdei
804 1061 865 1116 in
899 1059 1181 1131 Spiritum
1214 1056 1512 1130 professio
1572 1058 2018 1115 beatitudinem
2066 1059 2304 1131 pietatis

631 1150 812 1205 nobis
838 1147 1128 1218 conciliet,
1162 1152 1220 1202 et
1249 1147 1574 1219 abnegatio
1595 1149 1837 1205 crimini
1869 1149 2156 1217 abnegati
2201 1150 2302 1204 Dei

631 1238 1148 1295 faciatobnoxios:
1171 1254 1250 1294 an
1268 1253 1391 1294 non
1414 1239 1788 1295 horrendum
1807 1245 1892 1295 est
1918 1243 2114 1313 ipsum
2141 1255 2303 1296 nunc

632 1329 898 1400 rejicere,
931 1345 1056 1384 non
1100 1328 1326 1398 ignem,
1360 1345 1484 1384 non
1538 1328 1832 1400 gladium,
1867 1346 1990 1385 non
2037 1346 2300 1397 crucem,

631 1433 756 1474 non
780 1417 1040 1487 ﬂagella,
1076 1433 1201 1473 non
1227 1422 1447 1486 rotam,
1471 1434 1590 1473 non
1622 1423 1921 1474 tormenta
1945 1424 2300 1485 metuentes,

632 1508 739 1564 sed
756 1508 899 1564 solis
922 1507 1401 1580 sophismatibus
1424 1508 2002 1581 seductionibusque
2021 1509 2297 1574 istorum,

632 1597 740 1668 qui
791 1597 1032 1668 Spiritui
1098 1595 1352 1652 rebelles
1413 1601 1574 1666 sunt,
1620 1597 1952 1669 deceptos?
1995 1598 2301 1654 Testiﬁcor

633 1687 800 1742 omni
821 1686 1052 1742 homini
1073 1685 1370 1743 Christum
1394 1686 1716 1758 proﬁtenti,
1735 1692 1790 1743 et
1815 1691 2001 1742 Deum
2033 1687 2297 1758 neganti,

633 1775 800 1848 quod
832 1776 1101 1831 Christus
1129 1775 1278 1831 nihil
1322 1775 1405 1831 illi
1434 1776 1704 1848 proderit
1731 1795 1743 1844 ;
1778 1781 1883 1832 aut
1908 1779 2094 1832 Deum
2135 1777 2302 1832 invo-

631 1864 812 1935 canti,
841 1863 1055 1920 Filium
1086 1880 1225 1920 vero
1257 1864 1587 1935 spernenti,
1621 1865 1788 1938 quod
1820 1865 2015 1921 inanis
2038 1870 2125 1921 est
2147 1865 2298 1920 fides

630 1953 812 2010 illius.
855 1957 1000 2009 Item
1033 1953 1085 2010 ei
1115 1953 1220 2025 qui
1253 1953 1541 2025 Spiritum
1567 1954 1780 2026 rejicit,
1814 1954 2100 2010 testificor
2132 1953 2300 2027 quod

625 2041 777 2098 ﬁdes
804 2043 934 2113 ejus
963 2059 1085 2115 qua
1105 2041 1422 2114 proﬁtetur
1469 2046 1697 2098 Patrem
1727 2048 1783 2098 et
1823 2043 2057 2111 Filium,
2096 2043 2299 2099 inanis

627 2131 770 2185 erit:
800 2131 912 2202 23
945 2147 1134 2203 quam
1157 2147 1267 2185 nec
1297 2130 1521 2186 habere
1545 2136 1741 2203 potest
1772 2132 1888 2186 nisi
1928 2132 2110 2186 simul
2145 2127 2301 2186 adsit

628 2220 902 2290 Spiritus.
938 2223 1065 2276 Non
1099 2220 1260 2276 enim
1289 2219 1476 2276 credit
1499 2221 1561 2276 in
1596 2221 1827 2290 Filium,
1861 2222 1963 2294 qui
2010 2237 2130 2276 non
2174 2237 2300 2276 cre-

627 2306 715 2362 dit
745 2307 1019 2379 Spiritui;
1068 2323 1180 2362 nec
1237 2307 1427 2364 credit
1464 2307 1525 2363 in
1572 2309 1956 2383 Patrem,qui
2012 2325 2132 2364 non
2175 2325 2300 2364 cre'

626 2394 713 2449 dit
739 2395 900 2450 Filio.
937 2396 1064 2450 Nec
1093 2396 1248 2450 enim
1285 2401 1480 2464 potest
1501 2396 1702 2452 dicere
1724 2397 2046 2451 Dominum
2071 2399 2295 2460 Jesum,

623 2485 744 2539 nisi
767 2485 829 2539 in
857 2485 1091 2554 Spiritu
1117 2490 1327 2541 sancto
1359 2485 1407 2519 ⁹³
1433 2489 1552 2554 ,‘et.
1581 2487 1768 2542 Deum
1798 2502 1968 2542 nemo
1997 2487 2147 2542 vidit
2181 2503 2296 2541 un-

621 2588 824 2643 quam,
852 2575 955 2628 sed
983 2575 1330 2644 unigenitus
1382 2575 1598 2632 Filius.
1638 2575 1746 2647 qui
1775 2581 1860 2630 est
1904 2592 1962 2630 m
1991 2577 2128 2631 sinu
2181 2577 2298 2631 Pa-

622 2662 877 2723 tris,hic
919 2663 1089 2717 nobis
1139 2664 1541 2720 enarravit".
1595 2665 1850 2735 Insuper
1897 2663 2030 2720 talis
2080 2681 2294 2736 expers

623 2756 712 2806 est
744 2767 896 2806 verae
929 2751 1324 2807 adorationis.
1373 2755 1575 2823 Neque
1608 2752 1766 2806 enim
1802 2752 1932 2808 ﬁeri
1978 2760 2194 2824 potest,
2235 2760 2298 2808 ut

621 2839 759 2911 quis
819 2841 1028 2896 Filium
1079 2841 1314 2906 adoret,
1369 2840 1483 2895 nisi
1535 2841 1593 2896 in
1639 2841 1861 2913 Spiritu
1907 2847 2138 2908 sancto,
2191 2849 2296 2898 aut

628 2933 694 2984 ut
718 2931 951 2985 Patrem
981 2930 1246 3000 invocet,
1282 2929 1395 2985 nisi
1417 2923 1481 2985 in
1514 2930 1857 3004 adoptionis
1907 2933 2148 3002 Spiritu.

1273 3039 1500 3094 CAPUT
1543 3040 1654 3094 ΧΗ.

617 3143 924 3200 Adversus
953 3159 1046 3200 eos
1068 3145 1174 3215 qui
1192 3144 1405 3200 dicunt
1427 3145 1707 3212 sufﬁcere
1729 3144 2024 3214 baptisma
2047 3153 2288 3206 tantum

1145 3219 1207 3270 in
1235 3219 1477 3272 nomine
1511 3218 1772 3274 Domini.

690 3325 779 3378 28.
806 3321 1118 3378 Neminem
1140 3338 1280 3378 vero
1303 3323 1365 3378 in
1392 3322 1669 3380 fraudem
1690 3323 1941 3382 inducat
1963 3325 2113 3382 illud
2135 3332 2292 3400 Apo-

620 3410 775 3477 stoli,
805 3410 975 3483 quod
1007 3412 1194 3468 Patris
1233 3417 1291 3468 et
1320 3412 1574 3484 Spiritus
1607 3414 1798 3470 sancti
1844 3431 2068 3471 nomen
2098 3417 2157 3472 in
2187 3418 2293 3473 ba-

619 3498 854 3571 ptizatis
885 3500 1473 3557 commemoratione
1500 3502 1846 3558 frenuenter
1873 3504 2090 3561 omittit
2124 3523 2137 3560 :
2186 3521 2290 3562 ne-

620 3603 742 3661 que
771 3588 910 3645 ideo
940 3594 1108 3662 putet
1136 3590 1583 3648 indifferentem
1617 3609 1750 3648 esse
1771 3593 2092 3650 nominum
2124 3594 2293 3651 invo-

621 3675 943 3732 cationem.
965 3677 1560 3751 Qnicunque,inquit,
1582 3684 1644 3736 in
1665 3681 1976 3737 Christum
2000 3682 2291 3751 baptizati

620 3769 782 3835 estis,
816 3767 1128 3823 Christum
1161 3769 1446 3824 induistis
1469 3770 1516 3805 ’⁵
1545 3787 1558 3836 ;
1595 3774 1651 3826 et
1680 3786 1909 3838 rursus,
1942 3773 2293 3842 Quicunque

622 3859 685 3909 in
707 3855 949 3911 Christo
969 3856 1501 3926 baptizatiestisﬂn
1525 3864 1775 3915 mortem
1808 3855 1974 3915 illius
1999 3860 2293 3929 baptizati

622 3947 761 4000 estis
783 3947 851 4000 9⁵.
876 3948 1024 4001 Nam
1044 3946 1256 4002 Christi
1273 3947 1621 4019 appellatio,
1645 3948 1826 4004 totius
1848 3954 1937 4004 est
1956 3949 2249 4021 professio
2275 3968 2287 4006 :

623 4034 895 4091 declarat
917 4035 1219 4108 siquidem
1236 4042 1292 4093 et
1320 4034 1508 4093 Deum
1531 4038 1637 4110 qui
1658 4038 1847 4106 unxit,
1878 4044 1933 4095 et
1955 4040 2164 4096 Filium
2188 4041 2293 4113 qui

624 4128 844 4179 unctus
868 4129 975 4192 est,
1012 4133 1069 4180 et
1115 4125 1404 4197 Spiritum
1451 4133 1733 4183 sanctum
1780 4128 1885 4200 qui
1915 4134 2008 4186 est
2045 4130 2287 4186 unctio:

624 4211 1152 4285 quemadmodum
1180 4230 1216 4270 a
1246 4217 1416 4270 Petro
1438 4215 1497 4270 in
1529 4216 1687 4271 Actis
1717 4215 2062 4273 didicimus.
2085 4220 2289 4276 Jesum

622 4303 1205 4374 Na:arenum,quem
1219 4308 1399 4362 unxit
1412 4307 1566 4361 Deus
1580 4307 1820 4375 Spiritu
1835 4313 2046 4363 sancto
2059 4309 2103 4343 9"
2116 4351 2130 4365 .
2145 4311 2289 4365 ltem

622 4392 686 4448 in
717 4391 892 4464 Isaia,
923 4392 1192 4462 Spiritus
1223 4397 1458 4451 Domini
1481 4410 1664 4466 super
1687 4412 1799 4466 me,
1832 4411 1894 4452 eo
1918 4397 2083 4469 quod
2105 4403 2287 4454 unxit

697 4572 745 4607 ³³
787 4571 824 4624 l.
861 4572 990 4629 Cor.
1026 4586 1134 4640 xu,
1168 4575 1220 4628 3.
1301 4573 1349 4606 9‘
1397 4573 1576 4629 Joan.
1619 4589 1659 4645 ι,
1695 4577 1784 4630 18.

658 4819 669 4828 .
700 4749 810 4832 (43.)
838 4748 937 4832 Ἐἰς
962 4749 1109 4806 αὐτὸ.
1139 4749 1291 4806 Editi
1332 4765 1403 4807 a'c
1461 4765 1621 4805 unus
1647 4753 1884 4807 tantum
1914 4750 2106 4809 codex
2162 4769 2276 4810 ms.

629 4839 696 4879 εις
725 4837 898 4872 αυτόν.

699 4891 808 4960 (44)
839 4897 1022 4969 ’ζου-το.
1074 4892 1226 4948 Editi
1271 4895 1489 4969 ταύτην,
1548 4894 2030 4969 repugnantibus
2077 4896 2281 4969 omni:

627 4960 1072 5086 codicibus
1093 4980 1238 5018 mss.
1259 4980 1328 5020 ac
1357 4960 1492 5036 ipsa
1522 4960 1928 5038 etiam'prima
1959 4966 2279 5024 Basileensi

628 5048 659 5086 e
707 5049 723 5086 ι
754 5047 909 5086 ione.

628 5038 909 5087 editione.

702 5107 808 5169 (45)
838 5107 936 5155 Τὸν
967 5100 1026 5155 δὲ
1056 5106 1192 5155 Υἱόν.
1233 5105 1326 5160 Sic
1373 5121 1517 5162 mss.
1551 5108 1809 5164 codices.
1863 5108 2015 5165 Editi
2043 5115 2132 5161 καὶ
2187 5113 2275 5162 τὸν

629 5179 876 5248 Χριστόν.
915 5177 1028 5248 Nec
1079 5175 1265 5232 multo
1322 5183 1458 5247 post
1488 5181 1626 5248 Reg.
1671 5182 1975 5236 secundus
2005 5189 2062 5236 et
2094 5181 2275 5237 clitio

625 5246 806 5301 Paris.
831 5265 920 5297 του
954 5246 1107 5318 ἁγίου
1139 5246 1454 5319 Πνεῦμανος.
1491 5246 1597 5305 Alii
1645 5250 1788 5306 editi
1816 5259 1873 5309 et
1922 5269 2073 5309 mss.
2108 5257 2170 5308 ut
2211 5253 2274 5309 in

624 5322 929 5374 contextu.

696 5389 809 5468 (ιδ)
847 5389 904 5441 '0
927 5393 998 5468 μὴ
1027 5392 1368 5468 πιστεύσας...
1395 5393 1627 5447 Veteres
1685 5392 1916 5465 aliquot
1968 5395 2106 5468 libri
2131 5397 2157 5447 ὁ
2195 5402 2266 5468 μὴ

621 5465 898 5540 Etsi-reum.
955 5460 1181 5540 lbitiem
1238 5461 1479 5540 codices
1525 5479 1738 5518 omnes
1783 5460 1982 5540 -Κύριον
2014 5460 2266 5540 μἸησούν.

623 5529 768 5608 Editi
828 5534 1018 5608 Κύριος
1065 5532 1316 5608 Ἰησουςη
1345 5534 1522 5608 Paulo
1580 5540 1718 5608 post
1763 5550 1836 5593 eo
1863 5529 2032 5608 quod
2062 5543 2151 5596 est
2207 5540 2270 5596 in

619 5599 811 5669 editis,
846 5606 869 5654 ὸ
905 5599 1206 5674 ’μονογενὴς
1258 5606 1396 5673 Υἱὸς,
1445 5599 1774 5676 legendum
1821 5599 2058 5667 videtur
2117 5615 2267 5680 Θεὸς,

2021 315 2076 369 S.
2121 313 2370 369 BASILII
2408 315 2634 370 MAGNl

1871 4576 1920 4610 ⁹⁵
1961 4573 2085 4632 Gal.
2115 4590 2198 4646 ιιι,
2227 4579 2317 4632 27.

3885 331 3969 382 H6

2338 445 2508 492 Ατὼν
2560 441 2818 499 συνθηκας
2881 435 3454 510 παρασπονδήσαντες;
3512 448 3572 494 Τί
3624 439 3705 493 οὖν
3752 449 3865 497 εἴπω
3895 455 3970 500 τὸν

2414 523 2756 597 ἀρνησίθεον;
2804 548 2854 579 τι
2899 524 2956 579 δὲ
2991 532 3076 579 τὸν
3123 525 3568 601 ἀρνησίχριστον;
3611 536 3670 582 Τί
3719 531 3827 584 ἀλλο
3856 555 3906 604 γε
3947 538 3968 594 ἡ

2412 613 2758 688 παραϐάτην;
2799 624 2882 686 Τῷ
2942 613 3000 668 δὲ
3049 620 3104 667 τό
3152 623 3362 688 ῐινιυμα
3414 617 3738 690 ἀρνησαμένῳ
3777 627 3882 673 τίνα
3917 645 3968 694 με

2415 701 2590 774 βούλει
2637 711 2997 778 προσηγορίαν
3049 707 3268 770 θέσθαι;
3327 706 3400 756 Ού
3460 713 3544 764 τὴν
3595 708 3748 766 αὐτὴν
3779 715 3970 772 ταύτην,

2413 796 2476 852 ὡς
2515 796 2602 852 τὰς
2629 800 2757 867 πρὸς
2807 799 2932 846 Θεὸν
2973 793 3266 867 παραϐάντι
3307 796 3600 862 συνθήκας;
3634 796 3823 848 Οὔκουν
3844 801 3975 852 όπὸτε

2411 883 2500 933 καί
2539 885 2566 940 ἡ
2612 883 2862 955 ὁμολογία
2911 892 3003 945 τῆς
3059 885 3129 944 εἰς
3164 885 3290 935 αὐτὸ
3349 886 3463 954 (43)
3509 889 3725 946 πίστεως
3779 891 3860 938 τὸν
3895 897 3973 950 τῆς

2413 970 2675 1034 εὐσεϐείας
2731 975 3064 1046 μακαρισμὸν
3123 973 3374 1046 προξενεῖ,
3435 978 3520 1024 καί
3583 976 3611 1032 ἡ
3667 977 3872 1049 οἰρνησις
3922 985 3973 1048 τῇ

2412 1066 2722 1132 κατακρίσει
2763 1070 2858 1122 τῆς
2905 1059 3181 1120 ἀθεότητος
3252 1060 3548 1124 ὑποϐάλλει,
3592 1071 3698 1124 πῶς
3751 1063 3806 1115 ού
3851 1065 3978 1136 φοϐε-

2410 1152 2500 1222 ρὸν
2529 1169 2683 1201 τουτο
2738 1153 2850 1221 (44)
2905 1171 2992 1201 νυν
3051 1149 3322 1220 ἀθετῆσαι,
3360 1151 3418 1202 ού
3466 1171 3591 1226 πυρ,
3632 1152 3688 1203 ού
3734 1151 3885 1224 ξίφος,
3931 1154 3978 1204 ού

2415 1241 2660 1311 σταυρὸν,
2723 1239 2781 1290 ού
2826 1243 3107 1310 μάστιγας,
3140 1240 3196 1291 οὐ
3257 1244 3472 1312 τροχὸν,
3506 1241 3563 1292 ού
3623 1240 3979 1313 στρεῶωτήρια

2413 1325 2750 1397 φόϐηθέντας,
2796 1327 2921 1380 ἀλλὰ
2955 1334 3247 1402 σορίσμασι
3303 1335 3481 1401 μόνοις
3531 1349 3619 1382 και
3670 1337 3979 1403 παραγωγαῖς

2411 1426 2508 1469 τῶν
2562 1423 3015 1492 πνευματομςίχων
3072 1424 3602 1493 παρακρουσθένταςς
3667 1425 3977 1494 Μαρτύρομαι

2409 1514 2564 1560 παντὶ
2609 1509 2861 1582 ἀνθρώπῳ
2907 1509 3240 1582 όμολογουντι
3305 1515 3556 1584 Χριστὸν,
3616 1517 3702 1564 καὶ
3749 1515 3829 1562 τόν
3869 1515 3977 1564 Θεὸν

2409 1595 2721 1670 ἀρνουμένῳ,
2779 1600 2856 1651 ὅτι
2935 1604 3160 1672 Χριστὸς
3235 1599 3390 1652 αὐτὸν
3440 1597 3590 1652 ούδεν
3642 1599 3897 1671 ὠφελήσει·
3951 1600 3974 1656 ἦ

2412 1690 2539 1738 Θεὸν
2584 1685 2968 1760 ἐπικαλουμένῳ
3028 1692 3114 1740 τὸν
3161 1685 3233 1741 ’δε
3281 1691 3400 1742 Υἱὸν
3448 1690 3558 1760 (45)
3615 1687 3882 1755 ἀθετουντι,
3911 1689 3978 1751 ὅτι

2338 1790 2381 1847 Β
2411 1781 2611 1846 ματαία
2681 1775 2819 1828 ἐστὶν
2867 1778 2896 1833 ἡ
2971 1782 3150 1838 πίστις
3209 1776 3390 1829 αὐτου·
3441 1781 3530 1830 καὶ
3586 1784 3656 1847 τῷ
3695 1780 3751 1828 τὸ
3794 1783 3974 1847 Πνενμα

2410 1869 2827 1938 παραιτουμένῳ,
2862 1867 2940 1917 ὅτι
2989 1868 3018 1924 ἡ
3054 1867 3119 1928 εἰς
3150 1872 3358 1941 Πατέρα
3413 1873 3503 1920 καὶ
3541 1870 3658 1920 Υἱόν
3713 1885 3877 1927 πιστις
3906 1865 3977 1915 αύ-

2410 1960 2482 2024 τῷ
2531 1954 2604 2014 εἰς
2651 1959 2792 2006 κενὸν
2824 1953 3168 2021 ἀποϐήσεται,
3209 1957 3269 2014 ἣν
3324 1953 3450 2008 οὐδὲ
3482 1959 3619 2028 ἔχειν
3664 1952 3888 2019 δύναται,
3914 1959 3971 2025 μὴ

2414 2049 2780 2119 συμπαρόντος
2830 2064 2920 2096 του
2975 2048 3287 2118 Πνεύματος.
3346 2045 3420 2097 Ού
3484 2047 3718 2100 πιστεύει
3769 2048 3852 2116 μεν
3889 2046 3972 2114 γὰρ

2412 2132 2482 2192 εἰς
2507 2135 2625 2186 Υίὸν
2653 2134 2677 2184 ό
2705 2138 2777 2205 μὴ
2811 2137 3068 2185 πιστεύων
3099 2143 3169 2204 τῷ
3227 2138 3511 2207 Πνεύματιο
3554 2135 3611 2188 ού
3664 2135 3885 2186 πιστεύει
3926 2127 3973 2182 δε

2413 2221 2478 2280 εἰς
2520 2226 2727 2296 Πατέρα
2765 2224 2788 2273 ό
2834 2228 2905 2294 μὴ
2941 2226 3232 2284 πιστεύσας
3257 2227 3371 2294 (46)
3428 2231 3502 2294 τῷ
3556 2225 3677 2293 Υἰῷ.
3735 2224 3855 2273 Οὔτε
3889 2221 3971 2292 γὰρ

2414 2306 2634 2362 δύναται
2690 2311 2847 2364 εἰπεῖν
2914 2315 3101 2385 Κύριον
3147 2313 3354 2370 Ἰησουν
3407 2313 3452 2365 εἰ
3514 2317 3585 2386 μὴ
3644 2312 3691 2365 ἐν
3748 2312 3977 2380 ΙΙνεύματί

2411 2398 2563 2472 ἁγίῳ·
2636 2407 2745 2465 καὶ,
2825 2405 2952 2454 Θεὸν
3032 2399 3200 2462 οὐδεὶς
3266 2401 3462 2476 ἑώρακε
3537 2407 3758 2468 πώποτε,
3807 2397 3973 2450 ἀλλ’ὁ

2408 2496 2682 2560 μονογενὴς
2741 2492 2871 2556 Υἱὸς,
2934 2492 2958 2542 ὁ
3019 2492 3085 2542 ὢν
3172 2490 3220 2542 ἐν
3279 2497 3388 2552 τοῖς
3461 2491 3674 2552 κόλποις
3734 2508 3818 2540 του
3894 2493 3974 2538 Πα-

2407 2582 2547 2650 τρὸς,
2599 2579 2745 2638 οὗτος
2821 2581 2945 2651 ἡμῖν
3015 2582 3125 2650 (47)
3193 2579 3515 2651 ἇξηγήσατο.
3588 2579 3830 2651 ’Δμοιρός
3885 2573 3975 2626 ἐστι

2406 2674 2495 2720 καὶ
2524 2677 2614 2729 τῆς
2668 2669 2916 2730 ἀληθινῆς
2946 2676 3348 2742 προσκυνήσεως
3394 2673 3418 2722 ὸ
3451 2686 3701 2729 τοιουτος.
3733 2669 3857 2720 Οὔτε
3892 2667 3974 2736 γὰρ

2407 2761 2524 2809 Υἱὸν
2573 2765 2938 2832 προσκυνᾶσαι
3007 2756 3228 2812 δυνατὸν
3268 2759 3311 2812 εἰ
3368 2766 3439 2832 μὴ
3495 2761 3609 2827 (48)
3662 2758 3709 2810 ἐν
3751 2759 3976 2827 Πνεύματι

2407 2847 2557 2918 ἁγίῳ,
2593 2850 2706 2898 οὔτε
2769 2847 3181 2902 ἐπικαλέσασθαι
3243 2845 3469 2902 δυνατόν
3499 2855 3586 2902 τόν
3621 2851 3815 2922 Πατέρα
3849 2845 3889 2896 εἰ
3913 2847 3970 2914 μὴ

2405 2934 2453 2986 ἐν
2484 2944 2555 3005 τῷ
2586 2944 2675 2995 τῆς
2707 2939 2972 2998 υἱοθεσίας
3005 2941 3288 3009 Πνεύματι.

2947 3051 3336 3099 ΚΕΦΔΛΔΙΟΝ
3377 3045 3474 3099 ΙΒ’.

2333 3148 2373 3202 C
2407 3153 2537 3222 Πρὸς
2585 3154 2700 3210 τούς
2753 3149 2992 3222 λέγοντας
3048 3149 3277 3228 ἐξαρκεῖν
3331 3157 3421 3204 καὶ
3489 3158 3644 3226 μόνον
3699 3154 3754 3202 τό
3793 3148 3858 3208 εἱς
3903 3148 3974 3196 τόν

2930 3227 3118 3294 Κύριον
3137 3222 3147 3228 ’
3183 3222 3493 3295 βάπτισμαέ

2471 3331 2559 3383 28.
2599 3335 2698 3382 Καὶ
2745 3325 2948 3401 μηδένα
2994 3333 3408 3404 παρακρούεσθαι)
3450 3336 3513 3385 τὸ
3543 3351 3635 3384 του
3666 3325 3978 3388 ’Δποστόλου,

2401 3421 2464 3477 ὡς
2521 3421 2577 3469 τὸ
2628 3420 2789 3491 ὸνομα
2841 3439 2931 3472 τον
2980 3424 3178 3494 Πατρός
3223 3422 3337 3490 (49)
3377 3426 3469 3474 καὶ
3531 3441 3624 3474 του
3658 3421 3806 3490 οἷγίου
3839 3416 3977 3469 Πνεύ·

2400 3526 2562 3577 ματος
2616 3506 2700 3558 ἐπὶ
2752 3517 2844 3569 τῆς
2896 3527 2984 3560 του
3062 3506 3431 3580 βαπτίσματος
3493 3515 3706 3583 μνήμης
3759 3504 3977 3560 πολλάκις

2400 3595 2901 3669 παραλιμπάνοντος,
2971 3594 3110 3668 μηδὲ
3178 3594 3272 3649 διὰ
3356 3619 3514 3652 τουτο
3602 3599 3975 3672 ἁπαρατήρητον

2401 3684 2587 3736 οἰέσθω
2645 3689 2738 3742 τὴν
2801 3685 3073 3743 ἐπίκλησιν
3141 3685 3270 3739 εἶναι
3325 3695 3424 3738 τῶν
3490 3687 3768 3760 ὀνομάτων.
3819 3683 3972 3744 Ὀσοι,

2401 3779 2578 3846 φησιν,
2637 3775 2704 3834 εὶς
2776 3779 3004 3849 Χριστὸν
3085 3774 3458 3833 ἐϐαπτίσθητε.
3537 3779 3764 3851 Χριστὸν
3820 3766 3977 3824 ἐνεδύ-

2404 3865 2587 3914 σασθε’
2657 3867 2747 3914 καὶ
2831 3863 3004 3914 πάλιν·
3097 3863 3256 3916 ⁶Οσοι
3341 3864 3407 3925 εἰς
3485 3869 3717 3940 Χριστὸν
3798 3860 3978 3914 ἐϐαπτί-

2404 3954 2579 4018 σθητε,
2625 3953 2693 4014 εἰς
2747 3957 2833 4004 τὸν
2883 3955 3099 4005 θάνατον
3160 3954 3316 4006 αὐτου
3373 3953 3746 4013 ἐϐαπτίσθητε.
3803 3952 3855 4004 Ἡ
3895 3949 3976 4019 γὰρ

2401 4061 2490 4092 του
2523 4050 2758 4117 Χριστου
2807 4048 3139 4118 προσηγορία
3178 4063 3272 4096 του
3318 4051 3516 4122 παντὸς
3546 4044 3688 4098 ἔστιν
3734 4038 3973 4116 ὁμολογία

2402 4127 2557 4188 δηλοῖ
2582 4134 2682 4206 γὰρ
2714 4136 2800 4183 τὸν
2847 4151 2901 4184 τε
2935 4137 3205 4207 χρέο-αντα
3255 4137 3406 4199 Θεὸν,
3439 4153 3530 4187 και
3584 4139 3671 4186 τόν
3717 4131 3981 4205 χρισθέντα

2399 4222 2537 4287 Υὶὸν,
2579 4227 2668 4273 καὶ
2719 4225 2778 4273 τὸ
2823 4227 3040 4295 χρίσμα
3063 4225 3122 4273 τὸ
3178 4229 3406 4294 Πνευμα,
3436 4227 3502 4285 ὡς
3544 4226 3690 4296 παρὰ
3737 4211 3980 4293 Πέτρουέν

2398 4318 2509 4370 ταῖς
2567 4311 2792 4382 Προίξεσι
2849 4314 3252 4384 μεμαθήκαμεν,
3318 4311 3527 4370 Ἰησουν
3593 4318 3681 4366 τόν
3748 4310 3845 4363 ἀπὸ
3894 4311 3982 4359 Να-

2399 4400 2573 4472 ζαρὲτ,
2627 4399 2678 4450 όν
2738 4403 2950 4474 ἔχρισεν
2998 4401 3112 4474 (50)
3183 4401 3209 4452 ὁ
3269 4405 3399 4463 Θεὸς
3453 4412 3528 4474 τῷ
3597 4403 3855 4474 Πνεύματι
3921 4397 3982 4460 τῷ

2396 4578 2444 4613 ⁹⁶
2476 4579 2746 4643 Rom.v1,
2781 4582 2833 4634 3.
2913 4579 2959 4614 ⁸⁷
3004 4580 3134 4635 Act.
3168 4592 3221 4646 x,
3258 4582 3349 4636 38.

2392 4753 2547 4836 utin
2557 4754 2767 4836 capite
2794 4758 2964 4836 segto
2993 4754 3177 4836 hujus
3201 4755 3340 4813 libri
3365 4755 3797 4836 restituim_us'.ﬂ
3877 4821 3888 4836 β
3933 4822 3940 4830 ι

2399 4897 2411 4909 ,
2461 4823 2758 4909 (βηοῦτος
2788 4827 2933 4899 ἡμῖν.
2991 4823 3092 4884 [ια
3129 4843 3282 4886 mss.
3340 4829 3608 4887 codices.
3649 4824 3803 4886 Editi
3831 4823 3973 4879 αὐτὸς

2389 4916 2534 4959 ημιν.

2461 4972 2564 5037 (48)
2608 4969 2666 5022 Ei
2693 4975 2782 5042 μή.
2819 4973 2978 5025 Hanc
3007 4969 3289 5042 voculam
3321 4971 3364 5023 εἰ
3409 4971 3504 5028 bis
3534 4971 3743 5042 inAhac
3777 4966 3968 5042 verbo:

2385 5055 2522 5112 rum
2549 5034 2981 5112 complexione
3033 5041 3404 5105 addidimus,
3456 5058 3528 5101 ac
3582 5039 3804 5094 δυνατόν
3843 5034 3969 5110 post

2385 5109 2814 5169 ἐπικαλέσασθαι.
2846 5113 3194 5170 auctoribus
3219 5115 3484 5187 antiquis
3513 5113 3846 5187 codicibus.

2454 5187 2564 5251 (49)
2603 5191 2704 5236 Του
2748 5189 2970 5259 Πατρός.
3008 5187 3147 5259 Tres
3204 5185 3443 5259 codices
3465 5185 3713 5259 addth
3757 5185 3844 5235 καὶ
3883 5193 3965 5229 του

2384 5257 2525 5319 rica,
2556 5270 2692 5328 quae
2713 5256 2893 5311 voces
2931 5257 2994 5311 in
3016 5256 3355 5313 Colbertino
3380 5257 3613 5314 deletae.
3784 5327 3792 5328 ί
3929 5322 3935 5328 ,

2453 5325 2694 5402 (δΟλὋΥ
2734 5331 2966 5402 ἔκρυψε
3003 5327 3153 5390 Εάίιὶ
3207 5331 3270 5388 ὡς
3314 5331 3535 5402 ἔχρισεν
3568 5327 3797 5402 αὑτόν-ό
3849 5325 3961 5376 Θεὸς

2383 5399 2643 5469 Πνεύμοίτι
2668 5398 2822 5470 ἁγίῳ.
2850 5399 2965 5455 Sed
2984 5415 3196 5455 omnes
3218 5398 3456 5457 codices
3477 5418 3620 5458 mss.
3645 5405 3713 5455 ut
3741 5398 3800 5454 in
3825 5407 3966 5450 con-

2379 5474 2554 5525 textu.
2581 5471 2848 5544 Eosdem
2866 5471 3177 5544 sequimur
3196 5472 3256 5527 in
3288 5473 3402 5531 hac
3435 5488 3599 5544 voce,
3635 5472 3835 5535 εἵνεκεν,
3858 5478 3965 5538 pro

2378 5556 2450 5598 eo
2479 5541 2646 5614 quod
2684 5548 2811 5600 erat
2835 5543 2899 5600 in
2937 5541 3111 5600 éditis
3135 5543 3323 5600 ἕνεκεν.
