4154 6420
556 262 656 316 128

1933 261 1992 317 S.
2026 257 2281 322 ΒΑδιιιι
2317 257 2538 322 ΙΛΟΝΙ
3837 254 3931 312 124

550 383 798 439 ciebant
826 383 908 440 ad
927 383 1116 455 illum,
1147 385 1545 442 servabantur
1563 388 1631 441 ²¹.
1666 384 1947 442 Similiter
1971 389 2028 441 et
2066 400 2202 458 quae

2319 401 2398 442 τες
2452 381 2518 441 εἰς
2567 381 2722 434 αὐτόν
2754 376 3090 441 διεσώζοντο.
3127 377 3281 430 Ούτω
3315 372 3382 435 δή
3429 379 3524 428 καὶ
3569 377 3637 428 τὰ
3676 379 3796 451 περὶ
3849 383 3934 438 τῆς

551 471 626 527 de
676 472 907 530 eductis
962 473 1239 530 lsraelitis
1289 475 1530 547 scripta.
1573 475 1650 531 ad
1699 473 2206 546 signiﬁcationem

552 577 766 616 eorum
810 562 914 634 qui
953 563 1258 635 baptismo
1301 563 1450 620 salvi
1480 564 1651 629 ﬁunt,
1681 569 1930 620 narrata
1963 567 2105 618 sunt
2136 564 2203 615 ³³.

553 651 800 706 Servata
819 653 1132 707 suntenim
1151 653 1549 709 lsraelitarum
1573 653 2209 726 primogenita,quem-

552 738 888 795 admodum
907 746 960 796 et
980 741 1425 812 baptizatorum
1439 759 1713 816 corpora,
1739 759 1877 797 cum
1893 741 2084 810 gratia
2104 740 2207 796 da-

552 831 646 883 tur
675 828 748 882 iis
774 829 878 900 qui
904 831 1197 900 sanguine
1226 829 1444 900 signati
1465 831 1727 888 fuerunt.
1757 830 2014 900 Sanguis
2044 829 2206 886 enim

551 916 821 987 pecudis,
836 918 1034 986 ﬁgura
1050 919 1362 990 sanguinis
1375 920 1621 976 Christi:
1645 920 2048 993 primogenita
2069 933 2206 974 vero

550 1011 732 1079 typus
752 1007 1034 1074 hominis,
1057 1008 1162 1081 qui
1185 1009 1415 1081 primus
1455 1011 1735 1066 conditus
1759 1016 1846 1066 est
1870 1027 1883 1077 ;
1916 1009 2022 1082 qui
2049 1023 2206 1080 quo-

552 1095 716 1151 niam
750 1097 1090 1153 necessario
1122 1098 1182 1153 in
1227 1098 1401 1154 nobis
1445 1104 1553 1170 est,
1612 1099 1760 1155 dum
1806 1098 2207 1155 successionis

552 1185 704 1240 serie
737 1201 927 1258 usque
956 1185 1035 1242 ad
1061 1185 1244 1242 ﬁnem
1276 1189 1716 1254 transmittitur,
1761 1189 1896 1245 ideo
1927 1189 1987 1243 in
2014 1187 2208 1243 Adam

551 1289 763 1328 omnes
784 1275 1078 1330 morimur
1099 1277 1167 1345 ³³,
1188 1282 1242 1331 et
1263 1278 1538 1346 regnavit
1569 1294 1731 1334 mors
1782 1294 1976 1350 usque
2006 1277 2084 1334 ad
2131 1275 2210 1332 le-

550 1360 638 1432 gis
665 1364 1278 1435 consummationem,
1305 1371 1362 1421 et
1387 1367 1598 1422 Christi
1646 1367 2000 1423 adventum.
2053 1367 2208 1422 Con-

550 1457 784 1508 servata
806 1459 1010 1509 autem
1043 1460 1184 1510 sunt
1215 1471 1250 1511 a
1281 1458 1400 1512 Deo
1429 1455 1852 1528 primogenita,
1877 1473 1951 1511 ne
1983 1471 2055 1511 ea
2082 1461 2208 1510 tan-

549 1545 714 1610 geret
733 1542 1079 1612 exstinctor,
1103 1549 1168 1598 ut
1193 1543 1627 1614 ostenderetur,
1651 1560 1762 1600 nos
1786 1544 1914 1616 jam
1937 1559 2060 1598 non
2082 1556 2207 1597 am-

549 1627 704 1699 plius
736 1631 890 1686 mori
920 1630 980 1686 iu
1013 1631 1231 1697 Adam,
1260 1632 1365 1704 qui
1411 1632 1472 1688 in
1505 1633 1734 1688 Christo
1778 1631 2058 1689 viviﬁcati
2113 1645 2208 1685 su-

548 1734 706 1776 mus.
731 1720 1021 1775 Caeterum
1045 1737 1213 1776 mare
1239 1727 1294 1777 et
1314 1722 1557 1788 nebula,
1586 1724 1644 1778 in
1670 1720 2206 1794 przesentiquidem
2239 1737 2278 1791 Β

545 1807 873 1864 inducebat
893 1809 969 1865 ad
986 1809 1168 1865 ﬁdem
1201 1827 1305 1882 per
1322 1811 1787 1867 admirationem
1814 1829 1826 1878 ;
1856 1812 1917 1866 in
1936 1811 2206 1865 futurum

546 1901 771 1964 autem,
797 1903 1090 1971 tanquam
1130 1903 1311 1971 typus
1356 1901 1612 1969 gratiam
1649 1906 1966 1956 venturam
2002 1898 2206 1970 praesi-

547 1985 795 2055 gnabat.
813 1988 951 2055 Qms
963 1991 1223 2058 sapiens,
1251 1997 1303 2044 et
1325 1991 1631 2060 intelliget
1653 1990 1778 2046 haec
1801 1991 1846 2024 ²¹ο
1863 1987 2207 2060 ?quomodo

543 2091 734 2145 mare,
757 2093 864 2149 per
883 2077 1145 2148 ﬁguram
1168 2079 1493 2151 baptisma,
1524 2095 1814 2152 separans
1843 2095 1878 2135 a
1899 2079 2206 2134 Pharaone

542 2166 1069 2238 quemadmodum
1081 2175 1138 2224 et
1153 2169 1465 2225 lavacrum
1495 2170 1611 2226 hoc
1631 2186 1667 2224 a
1683 2168 1909 2225 diaboli
1937 2167 2207 2242 tyranni-

543 2253 638 2309 de.
665 2254 814 2311 lllud
844 2257 1318 2314 occidithostem
1350 2258 1411 2313 in
1431 2275 1582 2328 sese,
1610 2260 1863 2314 moritur
1887 2263 1941 2313 et
1970 2256 2065 2313 hic
2095 2255 2206 2312 ini-

546 2342 943 2417 micitia,quas
977 2345 1158 2402 nobis
1187 2347 1296 2402 fuit
1320 2363 1460 2402 cum
1502 2350 1642 2403 Deo.
1678 2347 1768 2403 Ab
1813 2346 1915 2402 illo
1943 2344 2208 2419 populus

546 2431 686 2488 exiit
707 2431 930 2489 illaesus
958 2451 970 2502 ;
997 2435 1377 2492 ascendimus
1403 2441 1460 2492 et
1486 2453 1596 2492 nos
1618 2437 1695 2493 ab
1718 2437 1891 2508 aquis
1912 2440 2204 2508 tanquam

546 2536 618 2576 ex
646 2522 900 2578 mortuis
931 2524 1070 2592 vivi,
1097 2525 1316 2581 servati
1361 2541 1467 2598 per
1499 2527 1753 2595 gratiam
1794 2529 1924 2597 ejus
1962 2525 2066 2597 qui
2109 2541 2206 2581 vo-

545 2610 705 2666 cavit
733 2627 871 2670 nos.
903 2614 1102 2670 Nubes
1133 2619 1340 2670 autem
1373 2615 1592 2671 umbra
1623 2616 1765 2672 doni
1789 2616 2062 2688 Spiritus,
2102 2615 2207 2687 qui

545 2698 867 2758 libidinum
898 2703 1215 2760 ﬂammam
1247 2705 1677 2762 mortiﬁcando
1726 2705 2006 2762 membra
2038 2704 2203 2762 refri-

544 2793 733 2858 gerat.

2320 472 2586 542 ἐξαγωγῆς
2653 470 2764 544 (70)
2818 488 2910 521 του
2944 466 3159 539 Ἰσραὴλ
3191 465 3262 526 εἰς
3311 461 3535 520 ἔνδειξιν
3576 472 3678 516 τῶν
3711 461 3806 516 διὰ
3847 472 3933 516 τού

2322 559 2694 632 βαπτισματος
2772 558 3074 630 σωζομένων
3147 557 3446 627 ἱστόρηται.
3531 554 3768 610 Διεσώθη
3836 556 3931 627 γὰρ

2317 657 2416 700 τῶν
2468 648 2805 720 Ἰσραηλιτῶν
2860 649 2925 698 τὰ
2974 648 3300 719 πρωτότοκα,
3351 644 3424 704 ὡς
3485 646 3579 694 καὶ
3618 650 3721 692 τῶν
3751 639 3935 714 βαπτι-

2321 740 2542 810 ζομένων
2602 739 2665 788 τὰ
2720 742 2959 808 σώματα,
3036 729 3319 804 διδομένης
3368 731 3487 802 (71)
3546 739 3640 792 τῆς
3714 733 3933 804 χάριτος

2315 833 2425 888 τοῖς
2503 827 2872 897 σημειωθεῑσιν
2955 825 3055 876 ὑπὸ
3111 829 3201 875 τοῦ
3258 822 3502 894 αἳματος.
3560 822 3632 872 Τὸ
3691 823 3782 893 μὲν
3838 823 3931 895 γὰρ

2317 916 2449 988 αἷμα
2477 924 2567 967 τοῦ
2607 913 2872 987 προϐάτου
2901 915 3058 974 τύπος
3096 919 3187 964 τοῦ
3237 912 3462 984 αἵματος
3527 917 3623 962 τοῦ
3679 917 3932 983 Χριστοῦ.

2316 1007 2381 1058 τὰ
2456 1001 2516 1058 δὲ
2594 1008 2900 1079 πρωτότοκα
2974 1005 3136 1064 τύπος
3200 1008 3291 1053 τοῦ
3370 997 3819 1072 πρωτοπλάστου·
3888 997 3934 1059 ὃς

2317 1090 2499 1153 ἐπειδὴ
2555 1091 2852 1164 ἁναγκαιως
2900 1095 3026 1165 ἡμῖν
3080 1089 3370 1166 ἐνυπάρχει
3419 1096 3486 1162 τῇ
3521 1085 3813 1160 ἀκολουθίᾳ
3844 1096 3936 1150 τῆς

2322 1179 2594 1254 διαδοχῆς
2643 1187 2806 1255 μέχρι
2853 1181 3029 1242 τέλους
3079 1182 3584 1255 παραπεμπόμενος,
3650 1172 3746 1230 διὰ
3787 1177 3934 1231 τοῦτο

2323 1272 2372 1327 ἐν
2412 1281 2484 1342 τῷ
2543 1269 2716 1344 Ἀδὰμ
2769 1273 2950 1332 πάντες
2997 1269 3412 1341 ἀποθνήσκομεν,
3471 1272 3564 1320 καὶ
3608 1266 3935 1319 ἐϐασῦιευσεν

2318 1362 2344 1413 ὁ
2395 1363 2608 1420 θάνατος
2657 1362 2771 1429 (72)
2825 1365 2989 1434 μέχρι
3039 1366 3136 1420 τῆς
3159 1365 3250 1410 τοῦ
3276 1361 3438 1429 νόμου
3479 1354 3819 1429 πληρώσεως,
3850 1361 3934 1408 καὶ

2316 1457 2408 1509 τῆς
2463 1445 2836 1524 τοῦδΧριστοῦ
2891 1453 3207 1522 παρουσίας.
3266 1447 3562 1518 Διετηρήθη
3599 1441 3659 1497 δε
3698 1447 3810 1515 (73)
3839 1445 3933 1495 ὑπό

2317 1545 2409 1590 τοῦ
2461 1543 2586 1591 Θεοῦ
2640 1539 2705 1589 τὰ
2775 1541 3100 1612 πρωτότοκα,
3159 1542 3250 1587 τοῦ
3299 1539 3370 1607 μή
3433 1536 3603 1606 θίγειν
3671 1535 3758 1584 τὸν
3819 1531 3928 1584 ὀλο-

2321 1629 2584 1699 θρεύοντα,
2641 1626 2712 1687 εἰς
2768 1623 2986 1689 ἔνδειξιν
3011 1619 3123 1678 ’τοῦ
3178 1629 3366 1697 μηκέτι
3410 1626 3555 1697 ημᾶς
3587 1621 3929 1680 ἀποθνήσκειν

2318 1713 2365 1766 ἐν
2440 1723 2512 1784 τῷ
2573 1712 2765 1786 ’Δδὰμ,
2828 1719 2949 1778 τοὺς
3009 1715 3427 1776 ξωοποιηθέντας
3483 1711 3533 1764 ἐν
3593 1709 3670 1784 τῷ
3695 1718 3924 1784 Χριστῷ.

2324 1811 2364 1857 Η
2422 1801 2480 1856 δὲ
2545 1803 2792 1856 θάλασσα
2847 1803 2936 1856 κάι
2993 1807 3022 1862 ἡ
3072 1803 3248 1877 νεφέλη
3308 1807 3442 1879 πρὸς
3498 1805 3592 1875 μὲν
3650 1804 3709 1853 τό
3768 1803 3923 1874 παρὸν

2319 1894 2387 1954 εἰς
2442 1898 2622 1947 πίστιν
2681 1892 2826 1966 ἐνῆγε
2881 1891 2974 1946 διὰ
3029 1902 3125 1955 τῆς
3176 1892 3577 1955 καταπλήξεως·
3631 1895 3763 1965 πρὸς
3788 1887 3846 1942 δὲ
3873 1893 3925 1940 τὸ

2317 1982 2495 2055 μέλλον
2581 1985 2650 2046 ὡς
2718 1985 2874 2044 τύπος
2951 1987 3046 2041 τήν
3112 1981 3359 2055 ἐσομένην
3413 1984 3585 2056 χάριν
3634 1984 3924 2054 προύπεσή·

2316 2091 2486 2144 μαινε.
2557 2077 2648 2133 Τίς
2707 2075 2887 2144 σοφὸς,
2954 2078 3043 2125 καὶ
3125 2077 3337 2131 συνήσει
3413 2090 3590 2124 ταυτα
3649 2086 3664 2138 ;
3720 2077 3825 2129 πῶς
3896 2070 3922 2124 ἠ

2319 2161 2560 2214 θάλασσα
2602 2159 2886 2234 βάπτισμα
2931 2170 3186 2230 τυπικῶς,
3242 2164 3529 2235 χωρισμὸν
3579 2167 3810 2213 ποιοῦσα
3840 2165 3923 2209 τοῦ

2317 2256 2524 2323 Φαραὼ,
2579 2253 2648 2312 ὡς
2700 2256 2788 2302 καὶ
2845 2255 2904 2302 τὸ
2933 2249 3148 2325 λουτρόν
3186 2258 3338 2304 τοῦτο
3368 2258 3468 2313 τῆς
3498 2244 3812 2322 τυραννίδος
3840 2252 3925 2298 τοῦ

2318 2336 2590 2395 διαϐόλου.
2651 2340 2966 2394 ’Δπέκτεινεν
3025 2338 3189 2398 ἐκείνη
3247 2339 3297 2392 ἐν
3345 2339 3508 2416 ἑαυτῇ
3572 2343 3660 2392 τόν
3718 2336 3920 2410 ἐχθρόν·

2316 2429 2636 2488 ἀποθνήσκει
2706 2435 2795 2482 καὶ
2858 2425 2962 2482 ὧδε
3013 2430 3042 2487 ἡ
3115 2431 3285 2505 ἔχθρα
3335 2431 3487 2502 ἡμῶν
3557 2430 3588 2488 ἦ
3656 2427 3729 2488 εἰς
3780 2428 3918 2478 Θεὸν.

2319 2518 2554 2582 Ἐξῆλθεν
2602 2517 2690 2572 ἀπ’
2756 2517 2952 2582 ἐκείνης
3014 2520 3224 2582 ἀπαθὴς
3292 2519 3318 2571 ὁ
3381 2518 3528 2580 λαός·
3593 2515 3920 2586 ἀναϐαίνομεν

2314 2613 2405 2661 καὶ
2455 2609 2605 2679 ἡμεῖς
2654 2610 2724 2670 ὡς
2771 2608 2826 2661 ἐκ
2879 2617 3067 2680 νεκρῶν
3121 2611 3309 2672 ζῶντες
3369 2605 3477 2661 ἀπὸ
3558 2615 3653 2660 τοῦ
3712 2601 3914 2666 ὕδατος,

2314 2699 2504 2773 χάριτι
2589 2699 2833 2760 σωθέντες
2895 2703 2958 2770 τῇ
3020 2704 3112 2750 τοῦ
3168 2697 3490 2761 καλέσαντος
3538 2699 3700 2771 ἡμᾶς.
3758 2694 3815 2748 Ἡ
3866 2688 3918 2744 δὲ

2313 2786 2487 2858 νεφελη
2555 2790 2682 2840 σκιὰ
2728 2795 2818 2848 τῆς
2884 2785 2940 2840 ἐκ
2991 2793 3084 2840 τοῦ
3109 2790 3406 2861 Πνεύματος
3454 2783 3682 2863 δωρεᾶς,
3713 2791 3803 2837 τοῦ
3831 2785 3915 2839 τὴν

2314 2880 2480 2949 φλόγα
2535 2885 2635 2928 τῶν
2679 2878 2859 2930 παθῶν
2914 2873 3008 2930 διὰ
3051 2884 3147 2940 τῆς
3187 2882 3490 2953 νεκρὼσεως
3514 2886 3618 2940 τῷν
3647 2874 3810 2950 μελῶν
3837 2890 3915 2923 κα-

2311 2965 2664 3038 ταψύχοντος.

615 3057 702 3111 32.
734 3057 888 3122 Quid
915 3057 1095 3129 igitur
1113 3057 1139 3111 τ
1161 3075 1307 3114 num
1340 3061 1484 3132 quia
1515 3060 1712 3133 typice
1741 3060 1804 3116 in
1827 3063 2077 3133 Moysen
2096 3060 2202 3118 ba-

2383 3059 2474 3113 32.
2530 3061 2594 3110 Τί
2640 3053 2730 3109 οὖν
2763 3074 2778 3123 ;
2809 3052 2996 3116 ἐπειδὴ
3049 3065 3284 3120 τυπικῶς
3332 3057 3407 3121 εἰς
3448 3065 3687 3117 Μωῡσῆν
3715 3053 3914 3109 ἐϐαπτί-

541 3146 750 3216 ptizati
796 3151 956 3215 sunt,
990 3147 1127 3204 ideo
1160 3149 1379 3219 exigua
1405 3153 1491 3206 est
1522 3151 1713 3220 gratia
1741 3150 2128 3224 baptismatis
2175 3150 2204 3206 ἳ

544 3235 700 3291 Sane
729 3235 844 3292 hoc
873 3241 1049 3308 pacto
1078 3252 1188 3293 nec
1213 3236 1378 3292 aliud
1399 3237 1812 3311 quidquamin
1829 3240 2048 3296 nostris
2075 3256 2204 3312 my-

541 3323 735 3379 steriis
760 3323 936 3380 fuerit
957 3341 1271 3394 magnum,
1306 3325 1355 3380 si
1402 3325 1569 3398 quod
1598 3327 1659 3383 in
1715 3327 1967 3400 singulis
2009 3343 2201 3398 augu-

540 3417 701 3467 stum
728 3417 838 3482 est,
856 3430 964 3484 per
991 3415 1398 3486 praecedentes
1415 3416 2203 3490 ﬁgurasdeprimamus.'Ac

541 3515 618 3556 ne
659 3502 757 3557 Dei
793 3502 1040 3574 quidem
1093 3519 1236 3573 erga
1283 3504 1562 3561 homines
1607 3506 1867 3564 charitas
1907 3523 2202 3578 magnum

541 3589 836 3662 quiddam
866 3597 923 3648 et
953 3592 1259 3660 eximium,
1287 3593 1393 3666 qui
1417 3594 1792 3666 unigenitum
1807 3596 2016 3654 Filium
2038 3597 2204 3656 dedit

541 3693 654 3749 pro
683 3681 946 3752 peccatis
967 3683 1191 3738 nostris
1227 3699 1239 3737 :
1274 3683 1778 3756 quandoquidem
1809 3691 1864 3742 et
1893 3686 2202 3744 Abraham

539 3765 664 3824 ﬁlio
687 3785 798 3826 suo
819 3785 942 3826 non
975 3771 1328 3843 pepercit".
1363 3775 1481 3828 Nec
1521 3773 1759 3830 Domini
1805 3776 2009 3848 passio
2067 3776 2199 3850 glo-

481 3856 489 3863 ’
537 3856 702 3914 riosa
731 3876 744 3926 ;
770 3858 1070 3932 siquidem
1104 3860 1260 3917 aries
1289 3861 1424 3918 loco
1455 3865 1626 3918 Isaac
1654 3862 1911 3920 victimae
1937 3865 2200 3936 ﬁguram

540 3945 888 4018 explevit".
922 3951 1123 4021 Neque
1153 3949 1485 4006 descensus
1515 3952 1594 4007 ad
1614 3951 1839 4009 inferos
1859 3953 2196 4023 horribilis;

541 4035 792 4106 quando
832 4036 1084 4108 quidem
1108 4039 1294 4095 Jonas
1333 4040 1527 4094 tribus
1561 4040 1802 4111 diebus,
1840 4058 1910 4098 ac
1951 4043 2199 4100 totidem

538 4123 840 4194 noctibus,
864 4125 1074 4181 mortis
1123 4126 1384 4197 ﬁguram
1428 4129 1596 4201 prius
1636 4130 1978 4202 explevit".
2031 4133 2199 4191 Idem

540 4228 684 4283 ergo
701 4212 843 4270 facit
862 4219 919 4270 et
935 4214 1009 4270 de
1030 4215 1418 4288 baptismate,
1447 4218 1551 4290 qui
1577 4219 1886 4276 veritatem
1907 4237 2047 4278 cum
2068 4239 2199 4280 um-

536 4301 649 4359 bra
670 4309 1006 4376 comparat,
1033 4310 1088 4360 et
1115 4321 1254 4361 cum
1284 4306 1494 4377 ﬁguris
1525 4307 1752 4365 confert
1773 4326 1846 4366 ea
1869 4327 2006 4383 quae
2049 4311 2199 4382 ﬁgu-

536 4391 619 4448 ris
649 4393 1095 4465 signiﬁcantur,
1124 4411 1194 4451 ac
1216 4411 1322 4467 per
1347 4399 1592 4468 Moysen
1613 4403 1670 4454 et
1689 4414 1858 4455 mare
1875 4401 1984 4471 27
2014 4405 2196 4458 totam

538 4481 718 4538 simul
747 4483 1162 4555 evangelicam
1186 4484 1704 4556 dispensationem
1731 4487 1966 4546 elevare
1989 4505 2198 4561 aggre-

537 4571 716 4629 ditur.
749 4575 900 4630 Nam
925 4589 1062 4647 quae
1088 4579 1481 4648 peccatorum
1529 4577 1830 4647 remissio,
1879 4594 2018 4653 quas
2062 4580 2196 4639 vitae

2319 3147 2545 3212 σθησαν,
2600 3141 2694 3198 διὰ
2736 3164 2894 3198 τουτο
2942 3148 3109 3219 μικρὰ
3151 3147 3266 3217 (74)
3318 3149 3346 3206 η
3419 3155 3517 3200 τοῦ
3554 3145 3915 3220 βαπτίσματος

2313 3237 2474 3309 χάρις
2528 3252 2540 3303 ;
2603 3235 2756 3287 Οὕτω
2811 3238 2902 3308 μὲν
2960 3231 3047 3288 οὖν
3077 3233 3196 3289 οὐδ’
3227 3236 3286 3289 ἂν
3311 3237 3435 3290 ἄλλο
3469 3257 3522 3290 τι
3559 3241 3697 3312 μέγα
3724 3238 3800 3292 εἴη
3824 3239 3913 3286 τῶν

2313 3325 2596 3399 ἡμετέρων,
2651 3327 2791 3400 εἰπερ
2844 3328 2902 3376 τὸ
2962 3323 3011 3378 ἐν
3070 3325 3270 3399 ἑκάστῳ
3317 3331 3506 3400 σεμνὸν
3554 3334 3666 3388 τοῖς
3739 3325 3911 3380 τύποις

2312 3410 2804 3488 προδιαϐάλλοιμεν.
2863 3417 2997 3468 Οὔτε
3047 3422 3150 3490 γὰρ
3213 3417 3242 3474 ἠ
3311 3416 3379 3478 εἰς
3445 3416 3751 3490 ἀνθρώπους
3825 3415 3910 3462 τοῦ

2315 3510 2448 3557 Θεοῦ
2505 3501 2685 3576 ἀγάπη
2747 3508 2883 3577 μέγα
2919 3523 2968 3556 τι
3011 3508 3102 3557 καὶ
3157 3506 3432 3579 ὑπερφυὲς,
3470 3505 3526 3568 ὃς
3557 3509 3645 3558 τὸν
3675 3505 3906 3578 μονογενῆ

2313 3591 2430 3645 Υιὸν
2471 3588 2660 3646 ἔδωκεν
2704 3594 2831 3668 ὑπὲρ
2885 3602 2986 3645 τῶν
3040 3593 3307 3669 ἁμαρτιῶν
3362 3597 3536 3668 ἡμῶνο
3589 3589 3768 3650 ἐπειδὴ
3828 3579 3908 3641 καιἱ

2314 3679 2552 3756 Ἀϐραὰμ
2602 3689 2695 3734 τοῦ
2751 3678 2892 3734 ἰδίου
2949 3684 3065 3735 υἱοῦ
3122 3683 3216 3736 οὐκ
3259 3682 3521 3756 ἐφείσατο·
3559 3679 3685 3737 οὐδὲ
3730 3683 3784 3733 τὸ
3821 3682 3907 3730 πᾶ·

2313 3772 2396 3831 θος
2425 3778 2517 3823 τοῦ
2550 3775 2746 3846 Κυρίου
2785 3767 3012 3834 ἔνδοξονο
3055 3768 3236 3832 ἐπειδὴ
3282 3771 3547 3846 πρόϐατον
3596 3771 3710 3825 ἀντὶ
3739 3767 3908 3824 Ἰσαὰκ

2310 3863 2397 3911 τὸν
2450 3863 2612 3914 τύπον
2657 3859 2882 3933 ἐπλήρου
2944 3869 3040 3922 τῆς
3089 3868 3412 3936 προσφορᾶς·
3472 3866 3593 3917 οὔτε
3622 3863 3652 3920 ἡ
3687 3859 3758 3918 εἰς
3784 3851 3908 3928 ᾅδου

2309 3946 2539 4012 κάθοδος
2617 3949 2828 4027 φοϐεράν
2908 3947 3086 4011 ἐπειδὴ
3141 3951 3318 4014 Ἰωνᾶς
3368 3951 3419 4004 ἐν
3475 3955 3649 4028 τρισὶν
3707 3950 3908 4021 ἡμέραις

2309 4045 2400 4092 καὶ
2457 4043 2744 4102 τοσαύταις
2793 4039 2908 4103 νυξὶ
2960 4048 3050 4094 τοῦ
3097 4042 3319 4094 θανάτου
3367 4044 3458 4094 τόν
3511 4045 3674 4095 τύπον
3716 4032 3906 4111 προιξε·

2308 4128 2538 4203 πλήρου.
2615 4128 2816 4184 Ταύτὸν
2863 4133 3034 4182 τοίνυν
3090 4137 3235 4183 ποιεῖ
3287 4135 3377 4182 καὶ
3427 4128 3516 4184 ἐπὶ
3571 4135 3664 4182 τοῦ
3721 4123 3905 4198 βαπτί-

2312 4238 2513 4292 σματος
2565 4219 2590 4272 ό
2631 4227 2692 4292 τῇ
2747 4224 2874 4290 σκιᾴ
2933 4223 3221 4292 συγκρίνων
3273 4224 3366 4280 την
3398 4219 3669 4285 ἀλήθειαν,
3700 4215 3905 4268 καὶτοῖς

2308 4312 2494 4373 τύποις
2567 4307 2910 4385 παραϐάλλων
2975 4311 3043 4363 τα
3104 4309 3230 4385 παρ’
3282 4309 3452 4363 αὐτων
3535 4309 3899 4382 σημαινόμενα,

2307 4404 2398 4451 καὶ
2457 4395 2550 4452 διὰ
2597 4401 2862 4462 Μωυσέως
2917 4403 3007 4451 καὶ
3050 4407 3142 4460 τῆς
3210 4398 3483 4461 θαλάσσης
3538 4405 3714 4451 πᾶσαν
3779 4393 3899 4462 ὁμοῦ

2308 4486 2583 4565 διασύρειν
2653 4493 2749 4547 τήν
2823 4487 3166 4560 εύαγγελικήν
3237 4489 3536 4562 οἰκονομίαν
3595 4487 3886 4560 ἐπιχειρῶν.

2306 4583 2441 4635 Ποία
2478 4582 2583 4656 γὰρ
2631 4579 2815 4654 ἄφεσις
2855 4581 3293 4658 παραπτωμάτων
3334 4579 3450 4652 (72)
3506 4597 3520 4646 ;
3579 4582 3706 4632 ποία
3766 4575 3893 4637 ζωῆς

607 4751 654 4832 ³]
683 4753 1005 4832 Num._xxn,
1029 4754 1086 4811 9.
1161 4756 1209 4792 ”
1239 4754 1431 4814 Exod.
1461 4770 1563 4825 xu,
1601 4760 1685 4815 t3.
1761 4758 1810 4794 ³³
1839 4760 1861 4815 I
1893 4760 2025 4817 Cor.
2054 4775 2157 4832 xv,
2182 4764 2273 4819 22.
2350 4760 2399 4796 ²⁴
2425 4760 2700 4827 Ose.x1v,
2736 4761 2822 4816 10.
2899 4758 2949 4795 ⁸⁵
2979 4759 3124 4818 Gen.
3163 4773 3314 4830 xxiii,
3366 4761 3450 4816 16.
3526 4759 3576 4797 ²⁶
3600 4753 3746 4816 ibid.
3806 4750 3890 4808 l3:

538 4821 584 4856 ³⁷
616 4822 752 4878 Jon.
775 4839 834 4893 ιι,
864 4829 913 4881 1.

605 5019 724 5100 (17.0)
764 5018 1785 5100 1505291279.“consentiuntin__hac
1834 5041 1990 5100 voce
2044 5013 2192 5100 mss.

538 5088 832 5171 codices.
873 5088 1024 5171 Editi
1069 5088 1414 5171 dragons/«375;.
1475 5095 1758 5168 Displicet
1802 5098 2194 5171 Combeﬁsio

538 5162 770 5239 Erasmi
817 5162 1252 5239 interpretatio,
1302 5162 1452 5239 quia
1504 5162 1628 5224 non
1678 5167 1881 5226 statim
1911 5169 1986 5227 de
2035 5171 2197 5228 exitu

539 5232 946 5314 lsraelitarum
974 5232 1247 5314 loquitur
1262 5232 1514 5314 Basilius
1539 5256 1551 5294 :
1581 5239 1691 5296 sed
1709 5239 1810 5314 illa
1828 5241 2198 5314 primogeni-

535 5310 737 5363 torum
794 5305 957 5365 salus
1004 5305 1093 5363 est
1139 5308 1298 5367 velut
1349 5308 1588 5367 initium
1650 5305 1848 5368 exitus
1901 5305 2193 5373 Israelita-

535 5393 694 5433 rum.

623 5449 733 5532 $3.1)
749 5445 1062 5532 Αιδεηξένηςο
1110 5449 1945 5532 ἓθβς.Ρτέηριιεβιαδιδοιιένης-

612 5519 724 5588 (72)
743 5519 808 5600 ξφ
850 5519 1082 5582 θάνατος.
1113 5519 1540 5581 Εάῑιῖιιᾶόιιιιι
1566 5522 1668 5580 ἀπό
1700 5519 1896 5600 Ἀδάμ,
1929 5527 2037 5585 sed
2063 5527 2194 5590 hac

539 5587 759 5646 deSunt
778 5589 842 5646 in
860 5607 1006 5651 mss.

2375 5029 2488 5104 ('73)
2517 5036 2736 5104 Διετηρή
2748 5032 2832 5104 θη,
2859 5026 2940 5087 δέ.
2971 5031 3082 5088 Pro
3110 5028 3485 5104 hisvocibus
3514 5033 3633 5104 tres
3663 5018 3888 5104 codicgg

2301 5087 2390 5226 ’ἑᾳῖ
2425 5087 2877 5164 ἔάώξιτοᾟειῶσ
2920 5087 3063 5175 post
3086 5087 3337 5161 codices
3372 5087 3529 5160 mss.
3556 5103 3736 5172 θίγειν,
3758 5087 3889 5148 editi

2338 5193 2506 5226 ηογειν.
3263 5193 3268 5202 ’

2338 5193 2506 5232 η’γειν.
3263 5193 3268 5202 ¹

2534 5250 2735 5320 Μικρή.
2781 5247 2922 5320 Tres
2968 5243 3210 5320 codices
3261 5250 3479 5320 μικρόνέ
3508 5240 3710 5320 _Pa,ulo

2302 5298 2680 5375 missoin;
2694 5298 3272 5375 mammeata...“
3286 5298 3434 5375 mss.
3447 5298 3630 5374 mea
3639 5326 3740 5384 παρ
3748 5298 3888 5358 uisca-

2301 5386 2497 5462 λοιμεν,
2520 5389 2682 5446 unde
2708 5392 3021 5461 Erasmus,
3053 5391 3106 5462 si
3129 5391 3538 5462 conferamus.
3679 5453 3690 5462 ,

2364 5460 2486 5544 (⁷⁵)
2549 5460 3014 5539 Παραπτωμάτωνέ
3074 5461 3331 5524 Quidam
3385 5460 3620 5521 codices
3667 5460 3882 5526 ἁμαρτη-
