4154 6388
588 304 683 358 131

585 441 726 482 mus
757 423 1091 481 illustratur
1113 435 1326 478 eorum
1360 422 1466 495 qui
1517 421 1923 495 baptizantur.
1955 420 2162 489 Itaque
2193 414 2241 470 si

583 531 709 588 qua
734 517 825 570 est
848 512 1044 584 gratia
1068 511 1131 567 in
1161 527 1343 583 aqua,
1374 526 1498 567 non
1524 516 1612 566 est
1630 526 1704 566 ex
1734 508 1925 581 ipsius
1946 521 2121 579 aqua;
2137 519 2242 559 na-

580 610 736 671 tura,
768 602 874 659 sed
904 616 977 658 ex
1012 600 1266 674 Spiritus
1292 600 1636 673 praesentia.
1664 603 1790 656 Non
1822 597 1982 653 enim
2022 597 2116 651 est
2137 593 2245 649 ba-

581 693 839 766 ptismus
862 689 1159 764 depositio
1189 689 1460 745 sordium
1492 686 1901 761 corporis,sed
1930 684 2239 741 conscien-

580 782 677 839 tiae
696 782 874 838 boum
889 778 1278 849 interrogatio
1298 778 1465 851 apud
1486 778 1957 849 Deum“.ltaque
1987 773 2066 831 ad
2104 788 2241 828 eam

580 873 787 941 vitam,
830 885 969 943 quas
1012 874 1102 925 est
1152 885 1224 925 ex
1252 869 1712 933 resurrectione,
1740 879 2093 939 praeparans
2130 877 2244 917 nos

583 959 1092 1025 Dominus,totam
1114 957 1525 1027 evangelicam
1547 955 2068 1012 conversationem
2098 967 2242 1024 pro-

581 1051 784 1122 ponit;
814 1052 1021 1105 utnon
1073 1048 1427 1112 irascamur,
1460 1051 1526 1103 ut
1573 1045 1879 1103 malorum
1920 1042 2241 1099 tolerantes

582 1140 773 1195 simus
793 1142 851 1194 et
871 1152 909 1192 a
945 1136 1325 1209 voluptatum
1350 1150 1557 1191 amore
1590 1135 1742 1207 puri,
1767 1138 1894 1190 uta
1915 1131 2112 1187 studio
2142 1146 2244 1202 pe-

581 1226 773 1282 cuniae
811 1240 1012 1280 mores
1036 1224 1155 1280 sint
1197 1222 1388 1288 liberi,
1438 1222 1858 1295 praescribens,
1891 1220 1973 1277 ita
2002 1224 2067 1275 ut
2103 1235 2241 1290 quae

577 1314 726 1371 illud
755 1313 1045 1370 saeculum
1068 1312 1242 1384 juxta
1265 1317 1548 1368 naturam
1573 1311 1939 1385 possidet,ea
1959 1325 2071 1363 nos
2097 1323 2245 1379 prae-

578 1403 868 1476 cipientes
899 1419 972 1458 ex
1002 1402 1190 1458 animi
1210 1400 1559 1457 inductione
1585 1396 2243 1473 peragamusJ’roinde

579 1493 628 1549 si
657 1492 793 1565 quis
822 1490 1115 1547 deﬁniens
1136 1490 1297 1545 dicat
1328 1490 1711 1560 Evangelium
1738 1505 1870 1545 esse
1908 1489 2059 1553 vitae,
2104 1502 2240 1558 qua:

578 1586 668 1638 est
692 1597 765 1637 ex
792 1579 1537 1649 resurrectioneﬁguram,
1568 1580 1715 1634 mihi
1735 1591 2131 1650 nequaquam
2160 1575 2243 1629 vi-

577 1672 792 1728 deatur
820 1685 858 1726 a
885 1674 1049 1727 recto
1078 1669 1379 1726 aberrare.
1407 1670 1494 1725 Ad
1522 1684 1777 1741 scopum
1817 1667 1998 1737 igitur
2044 1680 2239 1721 rever-

577 1767 799 1818 tamur.

1957 295 2016 351 S.
2056 289 2311 347 BASILII
2348 286 2567 346 IAGNI

3831 296 3921 355 132

2273 417 2319 469 Α
2356 413 2504 474 ζωῆς
2557 413 2703 484 ἡμῶν
2763 414 3128 484 ἐνεργουμένης
3192 407 3288 463 διὰ
3353 418 3444 464 τοῦ
3516 416 3815 487 Πνεύματος.
3853 420 3923 474 Ἐν

2349 506 2523 574 τρισὶν
2578 496 2667 552 οὖν
2723 497 3072 571 καταδύσεσι,
3106 505 3197 553 καὶ
3257 499 3549 574 ἰσαρίθμοις
3599 511 3705 565 ταῖς
3744 504 3925 568 ἐπικλή.

2351 608 2488 655 σεσι,
2523 593 2590 662 μό
2644 594 2777 662 μέγα
2830 596 3123 664 μυστήριον
3176 597 3269 642 τοῦ
3329 589 3693 664 βαπτίσματος
3730 594 3925 649 τελειοῦ-

2345 698 2454 751 ται,
2509 680 2592 731 ἱνα
2644 684 2733 732 καὶ
2782 681 2807 732 ό
2845 687 2936 732 τοῦ
2991 681 3215 733 θανάτου
3267 683 3424 741 τύπος
3470 678 3801 756 ἐξεικονισθῇ,
3846 691 3925 738 καὶ

2344 775 2407 841 τῇ
2458 764 2756 841 παραδόσει
2808 764 2900 829 ἓῆς
2941 769 3256 840 θεογνωσίας
3280 770 3374 830 τὰς
3403 766 3587 840 ψυχὰς
3617 773 3923 842 φωτισθῶσιν

2345 858 2394 910 οἰ
2426 856 3003 931 βαπτίζόμενοι’”Ωστε
3035 861 3080 909 εἴ
3102 862 3180 919 τίς
3225 855 3367 909 ἔστιν
3420 858 3468 910 εν
3512 866 3584 928 τῷ
3635 854 3789 912 ὕδατι
3826 863 3924 932 χοὶ-

2344 966 2444 1019 ρις,
2497 947 2592 999 οὐκ
2641 947 2696 999 ἐκ
2751 954 2848 1008 τῆς
2910 950 3113 1019 φύσεώς
3175 946 3288 999 ἐστι
3337 954 3426 1000 τοῦ
3488 944 3698 1013 ὕδατος,
3736 947 3836 1001 ἀλλ’
3883 950 3931 1002 ἐκ

2345 1044 2440 1098 τῆς
2489 1046 2581 1089 του
2614 1039 2910 1109 Πνεύματος
2964 1041 3277 1111 παρουσίας.
3321 1036 3395 1088 Οὐ
3452 1038 3553 1109 γάρ
3598 1035 3707 1089 ἐστι
3760 1040 3815 1089 τό
3845 1035 3932 1110 βά-

2345 1143 2553 1197 πτισμα
2614 1124 2782 1197 ῥύπου
2839 1128 3032 1200 σαρκός
3090 1123 3361 1194 ἀπόθεσις,
3423 1123 3556 1177 ἀλλὰ
3602 1121 3931 1188 συνειδήσεως

2347 1213 2550 1285 ἀγαθῆς
2608 1215 2920 1289 ἐπερώτημα
2964 1215 3038 1276 εἰς
3094 1219 3244 1269 Θεὸν.
3282 1218 3419 1287 Πρὸς
3467 1210 3556 1267 οὖν
3604 1217 3690 1266 τόν
3732 1213 3782 1276 ἐξ
3826 1212 3930 1266 ἀνα-

2349 1306 2581 1365 στάσεως
2622 1303 2738 1377 βίον
2786 1304 3116 1378 καταρτίξων
3162 1307 3302 1376 ἡμᾶς
3333 1307 3359 1356 ό
3411 1311 3618 1378 Κύριος,
3657 1308 3747 1363 τήν
3796 1304 3931 1376 εὐαγ-

2344 1394 2555 1465 γελικὴν
2603 1401 2777 1446 πᾶσαν
2837 1394 3092 1446 ἐκτίθεται
3141 1392 3429 1459 πολιτείαν,
3459 1398 3518 1446 τό
3557 1392 3822 1467 ἀόργητον,
3881 1396 3932 1445 τὸ

2345 1483 2670 1547 ἀνεξίκακον,
2701 1487 2759 1535 τό
2809 1479 3111 1554 φιληδονίας
3166 1482 3471 1557 ἀρρύπωτον
3510 1484 3649 1554 (91),
3702 1486 3758 1535 τὸ
3805 1481 3935 1554 ἀφιλ-

2346 1578 2571 1647 άργυρον
2621 1582 2714 1625 τοῦ
2769 1577 2964 1648 τρόπου
3004 1574 3291 1645 νομοθετῶν
3327 1589 3339 1602 ·
3391 1575 3527 1624 ὥστε
3570 1572 3699 1647 οἱπερ
3745 1573 3770 1622 ό
3824 1570 3932 1622 αἰὼν

2347 1663 2534 1724 ἐκεῖνος
2582 1666 2714 1715 κατά
2742 1667 2855 1720 τὴν
2922 1681 3077 1734 φυσιν
3134 1666 3408 1729 κέκτηται,
3456 1668 3623 1714 ταῦτα
3675 1658 3933 1734 προλαϐόν-

2344 1772 2440 1813 τας
2490 1755 2628 1823 ἠμᾶς
2675 1752 2731 1804 ἐκ
2784 1757 3135 1825 προαιρέσεως
3190 1753 3496 1826 κατορθουν.
3554 1750 3616 1803 Εἰ
3660 1754 3820 1802 τοίνυν
3862 1768 3932 1809 τις

577 1850 909 1923 ὀργιζόμενος
939 1851 1074 1901 εἴποι
1125 1852 1184 1900 τὸ
1230 1846 1542 1919 Εὐαγγελιον
1570 1844 1699 1899 εἶναι
1728 1854 1820 1898 τοῦ
1852 1845 1903 1908 ἕξ
1950 1844 2283 1903 ἀναστάσεως
2314 1841 2436 1914 βίου
2462 1837 2919 1916 προδιατυπωσιν,
2952 1840 3047 1893 οὐκ
3089 1842 3150 1893 οἶν
3188 1860 3280 1914 μοι
3313 1837 3445 1914 δοκῇ
3482 1843 3596 1910 (92)
3623 1845 3712 1892 τοῦ
3754 1843 3932 1911 προσή-

578 1958 752 2000 κοντος
774 1938 1043 2013 ἁμαρτεῖν.
1069 1938 1187 1991 Ἐπὶ
1211 1934 1299 1990 οὖν
1325 1941 1413 1989 τὸν
1443 1940 1637 1989 σκοπόν
1661 1935 2059 2008 ἑφανε”λθωμεν.·

649 2033 737 2085 36.
778 2032 886 2084 Per
928 2027 1216 2100 Spiritum
1273 2030 1554 2083 sanctum
1584 2026 1852 2081 daturin
1882 2023 2237 2097 paradisum

578 2119 697 2190 3o
740 2117 1051 2183 restitutio,
1103 2117 1183 2173 ad
1219 2132 1475 2186 regnum
1500 2116 1790 2172 caelorum
1817 2130 2129 2178 ascensus,
2176 2113 2239 2168 in

572 2207 963 2279 adoptionem
992 2205 1255 2262 ﬁliorum
1288 2205 1516 2261 reditus
1551 2222 1563 2260 :
1593 2205 1771 2261 datur
1797 2203 2024 2260 ﬁducia
2049 2205 2239 2259 Deum

575 2294 924 2367 appellandi
974 2298 1203 2351 Patrem
1238 2310 1438 2363 suum,
1472 2298 1816 2350 consortem
1844 2292 1973 2348 ﬁeri
2026 2291 2237 2362 gratias

516 2380 519 2383 ’
576 2383 1008 2455 Christi,ﬁlium
1032 2383 1183 2439 lucis
1213 2382 1524 2455 appellari,
1548 2388 1786 2439 aeterna:
1817 2381 2021 2453 gloriae
2055 2380 2238 2453 parti-

576 2475 775 2546 cipem
827 2489 979 2543 esse,
1035 2477 1095 2528 et
1139 2478 1203 2529 ut
1260 2472 1448 2528 semel
1486 2474 1695 2528 omnia
1735 2473 1959 2541 dicam,
1991 2486 2121 2526 esse
2176 2469 2239 2524 in

574 2563 746 2618 omni
777 2560 1212 2617 benedictionis
1249 2559 1645 2634 plenitudine,
1680 2566 1809 2616 tum
1847 2560 1910 2615 in
1957 2557 2238 2631 praesenti

574 2652 691 2708 hoc
741 2650 986 2720 saeculo,
1018 2655 1148 2706 tum
1187 2650 1248 2705 in
1306 2649 1554 2705 futuro:
1610 2650 2017 2721 repositorum
2062 2646 2240 2703 nobis

572 2747 637 2803 in
667 2739 982 2813 promissis
1004 2739 1332 2802 bonorum,
1356 2754 1493 2811 qum
1524 2755 1632 2812 per
1653 2739 1839 2794 ﬁdem
1860 2736 2119 2794 fruenda
2144 2752 2241 2792 cx-

575 2834 940 2902 spectamus,
987 2829 1239 2900 perinde
1285 2829 1468 2901 quasi
1529 2829 1657 2899 jam
1715 2828 1933 2895 adsint,
1981 2826 2238 2897 gratiam

573 2918 736 2975 velut
764 2919 826 2974 in
853 2918 1101 2990 speculo
1132 2918 1628 2991 contemplantes.
1683 2920 1836 2974 Nam
1894 2918 1944 2973 si
1980 2917 2114 2973 talis
2152 2925 2240 2977 est

573 3009 858 3075 arrhabo,
892 3007 1073 3081 quale
1121 3014 1215 3064 est
1241 3008 1391 3064 illud
1414 3007 1583 3081 quod
1622 3008 1954 3080 perfectum
2003 3013 2091 3064 est
2116 3007 2144 3061 ?
2183 3012 2252 3063 et'

571 3100 624 3155 si
653 3103 833 3155 tanta:
867 3104 1007 3154 sunt
1036 3098 1479 3171 primitiaeque:
1508 3098 1618 3154 erit
1647 3098 1827 3155 totius
1858 3113 2240 3154 consumma-

571 3186 697 3243 tio?
724 3192 977 3260 Insuper
1005 3196 1062 3242 et
1090 3186 1250 3243 illinc
1282 3187 1670 3255 cognoscitur
1726 3193 2028 3259 quantum
2085 3187 2239 3242 inter

572 3293 708 3333 eam
740 3277 999 3347 gratiam
1029 3293 1165 3348 quae
1196 3292 1233 3331 a
1259 3275 1481 3347 Spiritu
1509 3276 1933 3347 proﬁciscitur,
1966 3282 2023 3332 et
2046 3275 2239 3349 bapti-

572 3381 799 3429 smum,
836 3366 942 3436 qui
998 3380 1164 3436 aqua
1212 3369 1470 3431 constat,
1522 3366 1596 3420 sit
1637 3364 2023 3435 discriminis,
2071 3360 2239 3437 quod

570 3457 832 3510 Joannes
879 3454 1126 3527 quidem
1152 3454 1479 3526 baptizavit
1506 3455 1567 3510 in
1611 3471 1776 3528 aqua
1807 3456 1886 3511 ad
1938 3457 2236 3527 poeniten-

571 3543 738 3625 tiam,
793 3543 1081 3599 Dominus
1132 3550 1334 3599 autem
1391 3548 1593 3601 noster
1629 3547 1799 3600 Jesus
1854 3546 2121 3601 Christus
2176 3546 2237 3601 in

574 3631 795 3703 Spiritu
825 3633 1204 3703 sancto.Ego
1232 3633 1526 3704 equidem,
1557 3634 2013 3706 inquit,baplz':o
2046 3651 2145 3690 vos
2174 3637 2237 3690 in

570 3737 734 3794 aqua
763 3723 845 3780 ad
872 3724 1283 3792 penitentiam
1316 3741 1328 3778 :
1370 3725 1477 3794 qui
1504 3730 1701 3780 autem
1729 3731 1865 3794 post
1915 3741 2007 3781 me
2048 3732 2234 3793 venit,

564 3814 874 3882 potentior
894 3828 986 3869 me
1013 3819 1116 3878 est;
1147 3815 1321 3882 cujus
1351 3828 1474 3868 non
1508 3828 1639 3869 sum
1670 3815 1893 3883 dignus
1918 3821 1986 3869 ut
2014 3821 2236 3884 gestem

573 3902 1009 3957 calceamenta:
1027 3903 1152 3971 ipse
1170 3917 1271 3958 vos
1301 3903 1626 3972 baptizabit
1657 3904 1718 3957 in
1738 3903 1979 3971 Spirztu
2002 3909 2231 3969 sancto,

577 3993 631 4045 et
664 3990 795 4059 igni
818 3989 896 4057 “;
926 3989 1088 4059 ignis
1117 3990 1491 4063 baptismum
1522 3991 1940 4063 probationem
1971 4008 2106 4065 qua:
2135 3992 2237 4048 ﬁet

572 4078 633 4133 in
654 4078 905 4148 judicio,
937 4079 1165 4143 (licens,
1200 4081 1726 4152 quemadmodum
1757 4083 2080 4154 Apostolus
2110 4084 2192 4139 ait
2219 4101 2230 4138 :

578 4167 1059 4239 Uniuscujusque
1077 4184 1153 4238 op
1176 4172 1429 4240 usquale
1453 4172 1553 4237 sit,
1600 4172 1754 4240 ignis
1778 4172 2055 4240 probabit
2080 4174 2149 4240 ‘9;
2181 4179 2238 4228 et

574 4272 785 4313 rursus
818 4272 831 4307 :
865 4258 1004 4313 Dies
1034 4259 1193 4314 enim
1212 4259 1572 4327 declarabit,
1603 4261 1764 4330 quod
1799 4262 1863 4316 in
1899 4263 2038 4332 igne
2061 4268 2235 4331 pate-

568 4347 639 4416 ﬁt
659 4348 730 4400 5°.
761 4348 893 4402 Jam
924 4362 1065 4402 vero
1090 4352 1230 4403 sunt
1253 4348 1550 4413 nonnulli,
1589 4349 1774 4421 quiin
1805 4351 2236 4406 certaminibus

565 4452 679 4510 pro
733 4438 973 4509 pietate,
1023 4452 1233 4494 revera
1274 4454 1403 4495 non
1453 4438 1783 4495 imitatione
1821 4446 2078 4496 mortem
2126 4456 2237 4513 pro

496 4584 499 4585 ν
569 4526 806 4583 Christo
837 4527 1130 4599 perpessi,
1154 4527 1303 4582 nihil
1322 4526 1618 4598 symbolis
1653 4545 1788 4599 quae
1819 4537 1959 4585 sunt
1985 4530 2045 4585 iu
2076 4527 2238 4602 aqua

573 4630 730 4686 opus
777 4616 1124 4673 habuerunt
1159 4617 1238 4672 ad
1278 4617 1555 4683 salutem,
1583 4617 1872 4673 nimirum
1904 4620 1964 4674 in
1994 4621 2237 4692 proprio

570 4703 863 4776 baptizati
892 4708 1209 4776 sanguine.
1239 4709 1441 4779 Neque
1470 4708 1602 4767 haec
1648 4707 1731 4764 ita
1775 4706 2010 4780 loquor,
2071 4710 2238 4782 quod

569 4808 749 4865 aquas
771 4795 1077 4868 baptisma
1109 4813 1417 4870 spernam,
1441 4798 1549 4854 sed
1595 4801 1661 4853 ut
1690 4798 1944 4855 istorum
1972 4802 2238 4857 rationes

647 4991 736 5046 ‘7]
771 4991 923 5045 Petr.
949 5007 1033 5056 ιιι,
1066 4993 1154 5046 21.
1232 4993 1279 5026 ’⁵³
1312 4995 1512 5051 Matth.
1546 5011 1625 5063 ιιι,
1653 4995 1738 5049 11.
1819 4997 1864 5030 ’θ
1898 4997 2071 5053 ICor.
2100 4997 2187 5053 13.

790 5185 1301 5266 Ἀῤῥύπωτονεριιο
1322 5189 1562 5246 codices
1592 5207 1740 5266 mss.
1771 5191 2024 5266 ἄῤῥυπον.

576 5325 610 5379 δ
648 5260 755 5346 (9:2)
791 5259 947 5330 Δοκῇ.
985 5260 1077 5315 Sic
1123 5259 1259 5315 libri
1310 5267 1555 5329 veteres,
1589 5259 1814 5317 melius
1839 5259 2042 5334 'quam
2093 5263 2234 5320 editi

615 5348 743 5379 οκει-

615 5348 721 5380 οκει
732 5373 743 5384 .

641 5402 755 5471 (93)
787 5401 1121 5457 'Eautrvata
1144 5401 1384 5457 codices
1407 5420 1554 5460 mss.
1580 5402 1731 5459 Editi
1764 5404 1968 5456 ἑαυτοῦ.
2004 5406 2228 5462 Ibidem

586 5471 729 5547 Reg.
755 5480 1032 5547 quartus.
1069 5482 1163 5547 τῆς
1183 5480 1362 5546 χαρᾶς
1382 5482 1473 5525 του
1508 5482 1762 5547 Χριστόν.

648 5545 760 5614 (94)
789 5546 1053 5600 Τοσαύτη.
1075 5544 1166 5598 sic
1187 5544 1451 5614 quatuor
1470 5544 1710 5601 codices
1734 5563 1747 5599 :
1771 5545 1869 5601 alii
1895 5565 2034 5603 cum
2056 5548 2229 5603 editis

584 5613 819 5669 τοιαύτη.
855 5614 1079 5669 Ibidem
1129 5613 1310 5671 editio
1343 5616 1702 5673 Basileensis
1731 5622 1806 5677 τίς
1849 5620 1879 5677 ὴ
1919 5628 2014 5671 τοῦ
2072 5620 2228 5691 λόγου

2274 2024 2317 2076 Β
2423 2026 2510 2077 36.
2568 2024 2664 2074 Διά
2714 2023 3012 2093 Πνεύματος
3038 2020 3192 2093 ἁγίου
3242 2022 3272 2079 ἠ
3312 2020 3380 2081 εἰς
3410 2015 3731 2096 παράδεισον
3760 2015 3931 2070 ἀποκα-

2350 2112 2608 2172 τάστασις
2644 2129 2656 2141 ο
2714 2113 2743 2168 ἡ
2806 2110 2879 2172 εἰς
2927 2108 3204 2182 βασιλείαν
3253 2109 3485 2184 οὐρανῶν
3532 2105 3717 2169 ἄνοδος
3745 2129 3756 2140 ·
3796 2108 3824 2165 ἠ
3870 2106 3931 2167 εἰς

2349 2203 2614 2253 υἱοθεσίαν
2673 2197 2920 2261 ἐπάνοδος
2953 2221 2965 2234 ·
3043 2202 3073 2258 η
3134 2199 3409 2274 παρρησία
3462 2207 3554 2253 τοῦ
3612 2197 3777 2251 καλεῖν
3826 2197 3929 2249 ἐαυ-

2348 2300 2448 2342 τῶν
2503 2292 2618 2362 (93)
2660 2296 2867 2366 Πατέρα
2929 2294 3017 2342 τόν
3071 2294 3221 2359 Θεὸν,
3271 2293 3514 2342 κοινωνὸν
3564 2290 3799 2361 γενέσθαι
3849 2294 3953 2348 τῆς,

2351 2383 2576 2454 χάριτος
2625 2387 2716 2433 τοῦ
2773 2386 3030 2454 Χριστοῦ,
3089 2384 3263 2432 τέκνον
3340 2383 3510 2451 φωτὸς
3581 2375 3929 2451 χρηματίζειν,

2352 2466 2507 2532 δόξης
2539 2467 2719 2522 ἀϊδίου
2750 2473 3008 2542 μετέχειν,
3034 2473 3125 2521 καὶ
3151 2468 3476 2532 ἁπαξαπλῶς
3533 2466 3584 2521 ἐν
3624 2471 3776 2520 παντὶ
3815 2464 3933 2519 πλη-

2348 2565 2555 2632 ρώματι
2606 2560 2839 2631 εὐλογίας
2894 2560 3135 2630 γενέσθαι
3166 2561 3215 2610 ἓν
3253 2577 3308 2611 τε
3364 2567 3445 2629 τῷ
3483 2558 3631 2610 αἰῶνι
3658 2558 3816 2626 τούτῳ
3860 2556 3933 2604 καὶ

2350 2648 2398 2700 ἐν
2451 2658 2522 2720 τῷ
2587 2648 2816 2722 μέλλοντι
2854 2665 2867 2682 ⁸
2925 2657 3024 2700 τῶν
3088 2647 3138 2701 ἄν
3197 2646 3537 2720 ἐπαγγελίαις
3612 2646 3931 2717 ἀποκειμένων

2350 2742 2474 2811 ἡμῖν
2542 2738 2770 2811 ἀγαθῶν,
2832 2737 2899 2789 ὧν
2963 2735 3058 2790 διὰ
3111 2742 3341 2798 πίστεως
3399 2734 3806 2809 ἀπεκδεχόμεθα
3856 2736 3932 2789 τὴν

2349 2829 2658 2893 ἀπόλαυσιν,
2693 2833 2757 2889 ὡς
2808 2826 2915 2886 ἤδη
2943 2831 3225 2902 πορόντων,
3292 2832 3384 2885 τὴν
3445 2830 3608 2903 χάριν
3656 2821 3933 2898 ἓνοπτριξό-

2348 2938 2510 2991 μενοι.
2570 2918 2631 2972 Εἰ
2677 2922 2779 2992 γὰρ
2839 2919 2865 2973 ό
2906 2916 3146 2992 ἀρραϐὼν
3201 2925 3463 2986 τοιοῦτος,
3525 2917 3699 2975 ἡλίκον
3748 2916 3810 2966 τὸ
3861 2912 3933 2961 τί·

2349 3010 2478 3062 λειον
2508 3024 2521 3075 ;
2574 3016 2665 3061 καὶ
2695 3008 2739 3060 εἰ
2763 3010 2792 3065 ἡ
2828 3005 3047 3081 ἀπαρχὴ
3080 3009 3314 3064 τοσαύτη
3342 3008 3487 3078 (94),
3536 3011 3613 3067 τίς
3654 3008 3683 3064 ἡ
3717 3010 3802 3056 τοῦ
3830 2999 3931 3053 ὅλου

2349 3097 2656 3171 πλήρωσιςο
2718 3096 2834 3150 Ἔτι
2880 3094 3114 3148 κάκεῖθεν
3192 3104 3287 3156 τῆς
3353 3095 3466 3149 ἀπὸ
3522 3102 3612 3149 τοῦ
3669 3095 3935 3165 Πνεύματος

2270 3162 2311 3217 C
2352 3162 2570 3261 χάριτος
2620 3190 2752 3260 πρὸς
2823 3189 2882 3237 τό
2937 3184 2986 3237 έν
3040 3180 3201 3237 ὕδατι
3260 3183 3555 3259 βάπτισμα
3602 3162 3844 3257 γνώριμον
3886 3180 3936 3228 τὸ

2353 3274 2602 3349 διάφορον
2633 3296 2645 3309 ·
2686 3278 2766 3328 ότι
2817 3274 3058 3336 Ἰωάννης
3114 3277 3204 3347 μεν
3254 3273 3540 3329 ἐϐάπτισεν
3600 3273 3649 3326 ἄν
3691 3268 3841 3325 ὕδατι
3878 3266 3937 3327 εἰς

2349 3368 2641 3439 μετάνοιαν,
2675 3368 2700 3417 ό
2751 3362 2810 3418 δε
2858 3368 3047 3437 Κύριος
3076 3367 3221 3437 ἡμῶν
3250 3364 3469 3429 Ἰησοῦς
3526 3367 3750 3440 Χριστὸς
3792 3359 3836 3412 ίν
3877 3363 3937 3426 τῷ

2352 3460 2613 3529 ιινεύματι
2661 3464 2733 3527 τῷ
2780 3456 2914 3527 ἁγίῳ
2952 3458 3089 3527 (95).
3123 3456 3253 3527 Ἐγὼ
3310 3458 3400 3528 μεν
3456 3455 3559 3531 γὰρ
3609 3457 3759 3528 ὑμᾶς,
3804 3452 3934 3522 φησὶ,

2351 3545 2598 3619 βαπτίζω
2656 3543 2704 3597 ἐν
2762 3541 2920 3597 ὕδατι
2969 3543 3036 3604 εἰς
3092 3547 3367 3616 μετάνοιαν
3399 3560 3411 3572 ·
3453 3546 3480 3597 ό
3537 3541 3598 3597 δε
3638 3544 3800 3596 ὀπίσω
3849 3554 3935 3610 μου

2350 3636 2627 3709 ἐρχόμενος
2706 3635 3049 3708 ἰσχυρότερός
3122 3636 3223 3706 μού
3302 3633 3451 3686 ἐστιν
3484 3652 3496 3665 ο
3562 3634 3622 3686 οὗ
3691 3630 3781 3684 οὐκ
3848 3625 3933 3697 εἰμὶ

2350 3727 2520 3786 ἱκανός
2595 3727 2661 3778 τά
2735 3721 3059 3797 ὑποδήματα
3148 3722 3427 3796 βαστάσαι
3483 3742 3495 3755 ’
3578 3723 3727 3783 αὐτὸς
3818 3719 3935 3790 ὑμᾶς

2348 3814 2602 3887 βαπτίσει
2676 3814 2724 3867 ἐν
2793 3816 3055 3886 Πνεύματι
3102 3813 3254 3884 ἁγίῳ.
3331 3819 3423 3867 καὶ
3497 3817 3672 3887 πυρί⁹
3735 3811 3790 3861 τὸ
3857 3810 3933 3857 τοῦ

2344 3909 2505 3977 πυρὸς
2545 3904 2826 3977 βάπτισμα
2864 3908 2958 3961 τὴν
3012 3902 3060 3954 ἐν
3090 3911 3152 3975 τῇ
3187 3908 3363 3976 κρίσει
3419 3902 3751 3977 δοκιμασίαν
3778 3898 3935 3967 λέγων,

2345 3997 2481 4047 καθά
2557 4014 2715 4067 φησιν
2791 3996 2815 4045 ό
2892 3992 3206 4054 Ἀπόστολος
3253 4011 3265 4024 ’
3347 3994 3608 4048 Ἐκάστου
3682 3995 3749 4063 τὸ*
3809 3989 3936 4062 ἔργον

2346 4086 2521 4139 ὁποῖόν
2598 4085 2730 4152 ἐστι,
2808 4088 2866 4137 τό
2940 4092 3045 4157 πῦρ
3122 4084 3250 4135 αὐτὸ
3316 4088 3429 4149 (96)
3492 4081 3808 4156 δοκιμάσει·
3863 4078 3937 4127 καὶ

2346 4175 2499 4227 πάλιν
2533 4192 2545 4203 ο
2587 4175 2645 4227 Ἠ
2690 4177 2793 4248 γὰρ
2856 4178 3028 4249 ἡμέρα
3095 4170 3352 4240 δηλώσει,
3415 4176 3501 4226 ὅτι
3550 4173 3598 4225 ἐν
3658 4173 3784 4244 πυρὶ
3825 4164 3939 4217 ἀπο-

2346 4264 2684 4319 καλύπτεται.
2730 4260 2869 4322 Ἤδη
2925 4260 2985 4316 δὲ
3042 4282 3174 4324 τινες
3226 4262 3274 4315 ἐν
3340 4269 3451 4324 τοῖς
3518 4264 3647 4337 ὑπερ
3700 4254 3937 4313 εὐσεϐείας

2348 4353 2570 4426 ἀγῶσιν,
2621 4353 2837 4425 ἀληθείᾳ
2893 4358 2982 4405 καὶ
3034 4353 3093 4405 οὐ
3140 4357 3364 4425 μιμήσει
3414 4357 3508 4405 τὸν
3546 4353 3673 4425 ὑπὲρ
3721 4347 3936 4422 Χριστοῦ

2351 4446 2567 4496 θάνατον
2614 4445 2955 4512 ὑποστάντες,
2989 4439 3140 4495 οὐδὲν
3193 4450 3291 4493 τῶν
3347 4441 3402 4495 ἐκ
3460 4450 3552 4495 τοῦ
3600 4436 3785 4497 ὕδατος
3821 4451 3934 4504 συμ-

2348 4532 2508 4585 ϐόλων
2571 4533 2644 4595 εἰς
2698 4537 2962 4606 σωτηρίαν
3021 4528 3402 4601 ἐπεδεήθησαν,
3455 4533 3505 4584 ἐν
3562 4538 3635 4601 τῷ
3686 4524 3802 4597 ἰδίῳ
3863 4524 3934 4573 ai-

2348 4644 2472 4691 ματι
2506 4623 2903 4697 βαπτισθέντες.
2963 4627 3061 4675 Καὶ
3118 4621 3213 4673 οὐκ
3268 4619 3461 4673 ἀθετῶν
3517 4623 3576 4673 τό
3608 4619 3655 4672 ἐν
3691 4624 3762 4688 τῷ
3792 4609 3936 4665 ὕδατι

2351 4712 2655 4786 βάπτισμα,
2695 4720 2865 4764 ταῦτα
2918 4711 3070 4782 λέγω,
3149 4708 3277 4763 ἀλλά
3325 4716 3447 4772 τοὺς
3496 4710 3782 4781 λογισμοὺς
3824 4701 3935 4753 καθ-

2352 4811 2510 4877 αιρῶν
2579 4811 2680 4855 τῶν
2733 4800 3082 4875 ἐπαιρομένων
3134 4799 3272 4853 κατά
3326 4808 3416 4853 τοῦ
3500 4800 3812 4872 Πνεύματος,
3856 4792 3936 4841 καὶ

2706 3635 3049 3708 ἰσχυρότερός
3122 3636 3223 3706 μού
3302 3633 3496 3686 ἐστιν*

3578 3723 3727 3783 αὐτὸς

2267 4303 2312 4356 D

2266 4997 2314 5032 ⁵ο
2334 4996 2482 5053 ibid.

2344 5192 2634 5265 πλήρωσις,
2669 5208 2807 5264 quae
2830 5190 3016 5246 verba
3049 5190 3422 5265 sicreddidit
3452 5191 3734 5265 Erasmus
3763 5198 3774 5236 ε
3808 5179 3935 5257 0αᾷ

2344 5258 2460 5320 erit
2492 5265 2658 5320 verbi
2675 5258 3113 5334 consummatio
3134 5264 3161 5318 ?
3194 5262 3380 5318 Paulo
3402 5267 3543 5334 post
3564 5258 3845 5315 addimus
3875 5266 3934 5305 εις

2341 5338 2615 5407 μετάνοιαν
2639 5351 2710 5389 ex
2734 5334 2938 5407 tribus
2955 5333 3285 5407 codicibus.

2415 5411 2527 5475 (95)
2558 5414 2640 5476 Τῷ
2674 5406 2826 5478 ἀγίῳ.
2864 5405 3013 5461 Editi
3034 5405 3268 5461 addunt
3287 5410 3377 5458 καὶ
3407 5412 3479 5474 τῷ
3506 5405 3655 5478 πυρί.
3682 5395 3795 5453 Sed
3814 5393 3932 5450 hinc

2342 5478 2403 5533 in
2434 5478 2601 5533 nullo
2631 5477 2835 5532 codice
2865 5494 2977 5532 ms.

2413 5552 2524 5619 (96)
2570 5549 2726 5601 Αὐτό-
2782 5549 3016 5619 Legitur
3044 5563 3117 5604 ea
3146 5563 3265 5604 vox
3297 5548 3359 5604 in
3406 5550 3542 5603 cod.
3588 5540 3845 5598 Colbert.
3882 5535 3933 5588 et

2339 5618 2479 5693 Reg.
2507 5618 2745 5694 quinto,
2765 5618 2941 5677 abest
2968 5619 3047 5676 ab
3078 5618 3228 5675 aliis.
