4154 6428
270 354 340 409 133
1513 358 1714 414 LIBER
1753 354 1843 412 DE
1883 350 2152 413 SPIRITU
2193 354 2484 417 SANCTO.

3582 365 3688 421 134

286 480 530 555 μιγνύντων
595 478 672 531 τά
740 480 1005 556 ἄμικτα,
1073 487 1170 537 καὶ
1232 482 1628 560 παρισαζόντων
1676 480 1788 552 (97)
1852 483 1915 532 τὰ

2031 478 2333 553 dejiciam,
2351 483 2457 557 qui
2482 484 2772 542 adversus
2806 485 3057 559 Spiritus
3084 472 3429 556 eriguntur;
3457 488 3685 561 quique

306 574 642 629 ὶσυνιίκαοτα,

840 782 1258 833 κεψΑΛΑιοΝ
1297 782 1378 842 Ῑς.

307 889 406 941 ὀτι
431 885 750 960 ἀχώριστον
785 881 874 960 ἐπὶ
899 886 1096 946 πάσης
1126 883 1318 947 ἐννοίας
1347 886 1668 960 Πατρόςμκαὶ
1711 885 1835 960 Υἰοῦ
1864 886 1920 936 τό

364 951 508 1031 ἅγιον
536 951 784 1029 Πνεῦμα,
958 976 1018 1031 τε
1061 964 1156 1017 τῆς
1191 964 1290 1031 τῷν
1314 951 1509 1014 νοητῶν
1541 951 1916 1031 δημιουργίας,

363 1025 445 1083 καὶ
474 1029 562 1104 ἐπὶ
745 1035 854 1080 τῶν
898 1025 1189 1104 ἀνθρώπων
1219 1026 1530 1100 οἰκονομίας,
1570 1025 1660 1079 καὶ
1698 1025 1791 1079 ἐπί
1830 1032 1921 1087 τῆς

360 1097 819 1177 προσδοκωμένης
843 1097 1095 1176 κρίσεως.

362 1294 445 1347 3⁸7.
489 1290 614 1343 Ἐπὶ
647 1283 746 1340 οὖν
801 1288 862 1340 τό
912 1285 967 1350 ἐξ
1003 1284 1184 1363 ἀρχῆς
1213 1284 1514 1360 ἔπανίωμεν,
1555 1287 1695 1348 ὅπως
1733 1282 1783 1338 ἕν
1820 1290 1919 1337 πᾶ-

302 1402 381 1436 σιν
416 1381 731 1456 ὶχὼριστόν
770 1376 892 1433 ἔστι
940 1380 1032 1429 καὶ
1072 1373 1395 1430 ἀδιάστατον
1424 1375 1685 1437 παντελῶς
1716 1378 1922 1449 Πατρός

294 1477 383 1525 καὶ
421 1474 543 1525 Υἰοῦ
572 1471 639 1521 τὸ
684 1468 843 1539 ἅγιον
884 1472 1116 1540 Πνεῦμα.
1148 1467 1230 1521 Ἐν
1268 1475 1340 1539 τῷ
1369 1465 1601 1542 περὶτοῦ
1634 1469 1918 1540 χαρίσμα-

291 1582 380 1624 τος
436 1567 542 1611 τῶν
605 1557 880 1629 γλωσσῶν
943 1560 1108 1628 τόπῳ,
1174 1557 1464 1628 Κορινθίοις
1526 1554 1833 1607 ἐπιστέλλων
1891 1556 1917 1606 6

284 1649 487 1710 Παῦλος
554 1648 710 1719 (98).
787 1645 906 1699 Ἐὰν
987 1647 1209 1714 πάντες,
1280 1650 1448 1718 φησὶ,
1515 1645 1912 1720 προφητεύητε,

280 1740 490 1798 εἰσέλθῃ
551 1733 618 1791 δέ
674 1755 764 1798 τις
812 1735 930 1807 (99)
985 1736 1205 1796 ἄπιστος
1258 1736 1288 1794 ἣ
1352 1732 1585 1802 ἰδιώτης,
1646 1733 1916 1806 ἕὶὲγχεται

2031 572 2424 629 commiscent
2442 589 2563 631 non
2597 575 2928 639 miscenda,
2951 579 3006 632 et
3032 570 3251 632 similia
3277 576 3520 645 faciunt,
3545 593 3683 651 quae

2030 663 2552 734 comparationem
2582 670 2895 737 respuunt.

2656 783 2879 838 CAPUT
2913 785 3048 840 XVI.

2032 882 2202 961 Quod
2230 886 2304 961 in
2356 887 2519 943 omni
2559 888 2801 945 notione
2841 890 3109 957 Spiritus
3162 896 3407 946 sanctus
3449 891 3686 961 insepa-

2101 955 2313 1029 rabilis
2355 964 2438 1014 est
2488 975 2525 1015 a
2562 961 2751 1016 Patre
2785 966 2839 1016 et
2878 955 3052 1029 Filio,
3095 962 3218 1018 sive
3263 964 3326 1016 in
3381 955 3687 1020 creatione

2097 1026 2576 1098 intelligibilium
2622 1026 3067 1099 creaturarum,
3117 1035 3239 1089 sive
3286 1038 3347 1089 in
3388 1036 3684 1091 humana-

2097 1112 2235 1153 rum
2281 1115 2482 1157 rerum
2521 1103 2979 1173 dispensatione,
3013 1105 3137 1160 sive
3163 1107 3226 1160 in
3244 1105 3482 1175 judicio
3523 1107 3684 1178 quod

2099 1177 2507 1240 exspectatur.

2100 1288 2188 1341 37.
2249 1287 2335 1343 Ad
2393 1288 2456 1345 id
2508 1289 2687 1360 igitur
2746 1290 2913 1363 quod
2966 1291 3133 1348 initio
3184 1291 3525 1349 institutum
3594 1297 3684 1349 est

2027 1373 2369 1445 redeamus,
2419 1379 2584 1451 quod
2635 1379 2915 1436 videlicet
2970 1380 3030 1436 in
3084 1379 3368 1437 omnibus
3429 1381 3680 1455 Spiritus

1978 1525 1989 1535 ,
2029 1469 2276 1519 sanctus
2322 1466 2745 1539 inseparabilis
2789 1473 2844 1525 et
2884 1485 3138 1542 prorsus
3183 1470 3569 1526 indistractus
3610 1462 3684 1525 Sit

2029 1567 2065 1607 a
2094 1554 2265 1610 Patre
2296 1560 2352 1611 et
2382 1556 2543 1612 Filio.
2583 1557 2803 1613 Paulus
2850 1558 3167 1615 Corinthiis
3216 1559 3486 1630 scribens
3518 1575 3589 1615 eo
3617 1559 3682 1614 in

2026 1639 2159 1696 loco
2204 1641 2263 1697 in
2313 1659 2435 1715 quo
2479 1644 2554 1701 de
2596 1645 2759 1701 dono
2798 1645 3144 1717 linguarum
3178 1651 3415 1715 tractat,
3455 1647 3575 1704 ait:
3617 1646 3684 1703 Si

2028 1745 2228 1788 omnes
2253 1734 2645 1802 prophetetis,
2675 1735 3062 1805 ingrediatur
3105 1742 3301 1793 autem
3341 1737 3562 1808 aliquis
3590 1737 3682 1792 in-

270 1831 381 1882 ὑπὸ
440 1829 692 1897 πάντων,
766 1823 1097 1898 ἀνακρίνεται
1173 1824 1273 1878 ύπό
1338 1827 1581 1894 πάντων,
1647 1826 1712 1877 τὰ
1784 1844 1915 1899 κρυ-

2030 1819 2240 1892 ﬁdelis,
2288 1828 2396 1878 aut
2442 1823 2654 1893 idiota,
2695 1825 2982 1891 arguitur
3019 1826 3094 1882 ab
3133 1828 3427 1889 omnibus,
3460 1826 3684 1895 dijudi-

262 1921 386 1972 πτὰ
433 1926 533 1978 τῆς
590 1910 839 1992 καρδίας
899 1913 1060 1966 αύτοῦ
1122 1917 1312 1989 φανερὰ
1362 1917 1598 1985 γίνεται·
1642 1917 1733 1966 καὶ
1786 1914 1917 1965 οὕτω

262 2012 453 2061 πεσὼν
544 2005 641 2059 ἐπὶ
732 2006 1017 2077 πρόσωπον
1050 2045 1063 2070 ,
1148 2008 1508 2075 προσκυνήσει
1590 2010 1663 2074 τῷ
1753 2009 1865 2073 Θεῷ
1899 2044 1913 2070 ,

272 2095 660 2169 εἰσαγγέλλων,
715 2092 802 2147 ὅτι
858 2093 884 2145 6
948 2094 1078 2154 Θεὸς
1129 2094 1285 2155 ὅντως
1340 2089 1388 2144 ἓν
1454 2092 1576 2164 ύμῖν
1632 2092 1793 2146 ἔστιν.
1857 2092 1919 2143 Εἰ

276 2192 450 2239 τοίνυν
497 2182 560 2238 ἐκ
605 2189 716 2246 τῆς
763 2185 1090 2258 προφητείας
1158 2188 1257 2244 τῆς
1310 2182 1445 2233 κατὰ
1495 2186 1590 2239 τήν
1656 2175 1916 2255 διαίρεσιν

275 2285 380 2328 τῶν
426 2274 812 2349 χαρισμάτων
869 2277 964 2324 τοῦ
1033 2272 1323 2344 Πνεύματος
1374 2268 1761 2346 ἐνεργουμένης,
1804 2268 1915 2322 ἑπι-

261 2372 608 2438 Ὶινέισκεται
651 2364 681 2415 6
735 2364 873 2424 Θεὸς
920 2359 969 2414 ἐν
1020 2367 1127 2422 τοῖς
1175 2365 1465 2434 προφήταις
1511 2356 1661 2427 εἶναι,
1701 2358 1915 2433 βουλευ-

264 2457 579 2508 σὰσθωσαν
631 2453 788 2505 οὗτόι
837 2454 998 2505 ποίαν
1036 2455 1220 2525 χώραν
1254 2444 1614 2504 ’ἀποδώσουσι
1649 2456 1721 2522 τῷ
1761 2452 1917 2503 Πνεύο

266 2565 410 2619 ματι
476 2551 556 2615 τῷ
608 2543 794 2615 ἁγίῳ·
852 2545 1070 2616 πότερον
1126 2543 1255 2614 μετὰ
1306 2545 1434 2594 Θεοῦ
1486 2541 1702 2593 τάσσειν
1731 2542 1832 2611 (1),
1882 2537 1912 2598 ἦ

271 2639 418 2708 πρὸς
471 2638 566 2691 τὴν
613 2636 800 2685 κτίσιν
852 2629 1058 2693 ἕξωθεῖν
1118 2627 1470 2704 δικαιότερον.
1521 2635 1623 2682 Καὶ
1675 2631 1735 2682 τό
1789 2631 1915 2704 πρός

282 2726 581 2796 Erinyn?”
638 2723 748 2774 ὑπὸ
822 2724 1023 2793 Πέτρου
1053 2734 1067 2749 ⁸
1131 2722 1196 2772 Τί
1257 2719 1336 2771 ὅτι
1406 2719 1734 2791 συνεφωνήθη
1792 2719 1913 2791 ύμῖν

284 2814 551 2887 πειράσαι
608 2814 668 2865 τό
753 2817 972 2883 Πνεῦμα
1046 2812 1105 2862 τό
1186 2808 1371 2881 ἄγιον;
1451 2808 1543 2860 ούκ
1620 2806 1915 2879 ἐψεύσασθε

278 2901 607 2979 ἀνθρώποις,
660 2899 800 2954 ἄλλὰ
860 2904 1015 2971 Θεῷ’
1074 2895 1361 2969 δείκνυσιν,
1403 2900 1485 2951 ὅτι
1539 2901 1607 2951 τὰ
1661 2898 1794 2951 αύτοξ
1844 2898 1914 2961 εἰς

278 2996 347 3044 τὸ
377 2997 591 3065 Πνεῦμα
630 2993 696 3044 τό
738 2990 893 3061 ἅγιον
919 2993 1009 3041 καὶ
1039 2989 1107 3051 εἰς
1136 2992 1257 3043 Θεόν
1296 2987 1410 3041 ἐστι
1438 2991 1501 3041 τὰ
1539 2987 1910 3061 ἁμαρτήματα.

284 3086 392 3135 Καὶ
428 3082 574 3133 circa
610 3076 664 3133 δ’
711 3077 773 3131 ἂν
820 3081 881 3130 τό
928 3081 1151 3150 συναφὲς
1186 3082 1276 3130 καὶ
1303 3074 1601 3150 ἀδιαίρετον
1639 3081 1775 3130 κατὰ
1816 3083 1912 3130 πᾶ-

276 3189 382 3222 σαν
434 3169 706 3245 ἰνέργειαν
756 3167 859 3221 ἀπὸ
909 3170 1117 3241 Πατρός
1170 3171 1260 3219 καὶ
1307 3170 1432 3220 Υἱοῦ
1478 3173 1568 3219 τοῦ
1619 3168 1914 3240 Πνεύματος
1953 3192 1995 3249 C

269 3254 651 3331 διδαχθείης.
697 3256 1059 3331 Ἐνεργοῦντος
1089 3257 1159 3326 (2)
1208 3256 1297 3307 τοῦ
1337 3260 1472 3308 Θεοῦ
1514 3257 1605 3316 τὰς
1632 3246 1914 3329 διαιρέσεις

268 3352 382 3401 τῶν
440 3347 862 3422 ἐνεργημάτων,
923 3348 1015 3397 καὶ
1074 3352 1164 3398 τοῦ
1224 3348 1417 3418 Κυρίου
1473 3346 1564 3407 τὰς
1628 3338 1915 3419 διαιρέσεις

271 3445 382 3488 τῶν
439 3433 763 3504 διακονιῶν,
828 3435 1163 3509 συμπάρεστι
1220 3436 1280 3486 τό
1332 3434 1481 3505 ἅγιον
1537 3439 1764 3506 Πνεῦμα,
1820 3436 1912 3491 τὴν

274 3522 551 3600 διανομὴν
600 3534 711 3579 τῶν
759 3526 1118 3600 χαρισμάτων
1165 3526 1295 3597 πρός
1350 3528 1445 3581 τὴν
1495 3521 1642 3586 ἀξίαν
1694 3523 1911 3575 ἑκάστου

276 3614 649 3679 αὐτεξουσίως
700 3613 1028 3685 οἰκονομοῦν·
1086 3615 1368 3686 Διαιρέσεις
1424 3613 1544 3687 γὰρ,
1599 3617 1748 3684 φησὶ,
1808 3630 1912 3684 χα-

274 3708 564 3779 ρισμάτων
619 3703 751 3769 εἰσὶ,
809 3707 869 3754 τό
929 3697 989 3755 δέ
1047 3701 1175 3754 αύτό
1243 3707 1472 3774 Πνεῦμα.
1546 3706 1645 3754 Καὶ
1711 3696 1911 3775 διαιρέ-

276 3812 395 3854 σεις
469 3788 768 3845 διακονιῶν
836 3791 989 3859 εἰσιν,
1059 3791 1086 3843 6
1149 3786 1209 3843 dit
1280 3789 1436 3852 αύτός
1518 3794 1732 3864 Κύριος.
1812 3795 1912 3844 Καὶ

273 3879 584 3957 διαιρέσεις
653 3879 1021 3954 ἔνεργημάτων
1089 3879 1255 3948 εἰσίν,
1325 3880 1350 3932 6
1419 3874 1477 3932 δέ
1544 3878 1701 3942 αύτός
1764 3884 1909 3943 Θεὸς,

271 3975 301 4025 6
376 3972 601 4047 ἰνεργῶν
660 3972 730 4023 τὰ
782 3972 955 4023 πάντα
1014 3968 1063 4023 ἐν
1120 3975 1276 4027 πᾶσι.
1332 3965 1513 4022 Ταῦτα
1579 3964 1640 4022 δὲ
1704 3969 1907 4038 πάντα,

272 4068 470 4134 φησιν,
531 4058 734 4134 ἰνεργεῖ
782 4063 841 4113 τό
900 4060 950 4113 ἓν
1006 4064 1097 4112 καὶ
1162 4062 1218 4111 τό
1286 4058 1413 4111 αύτό
1479 4063 1706 4131 Πνεῦμα,
1771 4055 1910 4111 διαι-

283 4160 414 4226 ροῦν
468 4148 588 4225 ἰδίᾳ
636 4151 869 4223 ἑκάστῳ,
919 4151 1095 4212 καθὼς
1142 4146 1410 4223 βούλεται,
1463 4148 1538 4201 Ού
1578 4153 1675 4221 μὴν
1725 4145 1907 4208 ἐπειδὴ

287 4249 493 4316 πρῶτον
556 4241 790 4293 ἐνταῦθα
844 4244 939 4292 τοῦ
992 4241 1290 4312 Πνεύματος
1343 4239 1368 4291 ὁ
1429 4236 1739 4299 Ἀπόστολος
1801 4236 1911 4292 ἕπε-

284 4333 523 4403 μνέσθη,
554 4335 649 4383 καὶ
704 4324 945 4405 δεύτερον
994 4335 1088 4381 τοῦ
1118 4329 1262 4396 Υἱοῦ,
1293 4346 1383 4380 και
1422 4331 1595 4403 τρίτον
1634 4334 1727 4380 τοῦ
1776 4335 1911 4381 Θεοῦ

285 4428 365 4475 καὶ
420 4421 670 4495 Πατρός,
723 4415 835 4478 ἤδη
893 4422 1003 4494 χρή
1054 4417 1280 4471 καθόλου
1329 4419 1560 4490 νομίζειν
1622 4416 1911 4490 ἀντεστρα-

292 4512 406 4580 οθαι
447 4515 555 4569 τήν
604 4507 783 4570 τάξιν.
827 4506 957 4561 Ἀπὸ
986 4509 1087 4583 γὰρ
1118 4516 1215 4569 τῆς
1257 4508 1511 4582 ἡμετέρας
1544 4509 1781 4578 σχέσεως
1815 4511 1910 4565 τὴν
1946 4550 1986 4604 D

299 4596 459 4671 ἀρχὴν
500 4597 693 4653 ΰιϐεν
724 4618 738 4631 ο
792 4592 970 4655 ἐπειδὴ
1018 4592 1405 4669 ὑποδεχόμενοι
1456 4598 1522 4647 τὰ
1561 4592 1727 4670 δῶρα,
1761 4604 1908 4670 πρῶ-

298 4705 371 4740 τον
416 4690 826 4760 ἐντυγχάνομεν
874 4695 947 4757 τῷ
995 4682 1333 4758 διανέμοντι·
1380 4681 1492 4737 εἶτα
1530 4684 1794 4756 ἐννοοῦμεν
1825 4687 1910 4736 τόν

295 4775 680 4831 ἁποστεῦαντα
705 4794 719 4806 ⁶
762 4774 878 4829 εἷτα
921 4775 1178 4848 ἀνάγομεν
1222 4779 1313 4833 τὴν
1362 4773 1646 4847 ἐνθύμησιν
1692 4773 1778 4826 ἐπὶ
1815 4777 1910 4832 τὴν

286 4874 456 4940 πηγὴν
488 4872 587 4920 καὶ
618 4866 797 4920 αἰτίαν
827 4873 930 4919 τῶν
961 4864 1197 4937 ἀγαθῶν.

346 5063 395 5099 ³¹
440 5065 461 5120 1
489 5064 627 5121 Cor.
663 5077 786 5129 x17,
817 5061 912 5131 2i,
945 5060 1038 5115 25.
1116 5059 1165 5094 ⁵³
1203 5059 1332 5116 Act.
1364 5075 1422 5120 ν.
1454 5061 1507 5118 9.
1536 5058 1589 5114 4.

344 5244 459 5317 (οη
500 5243 943 5317 Παρισαζόντων.
967 5238 1064 5295 Sic
1085 5251 1299 5293 omnes
1320 5238 1561 5293 codices
1585 5252 1755 5300 mss.,
1774 5249 1899 5291 non

292 5320 341 5370 ut
367 5315 509 5373 editi
537 5315 999 5378 παρεικαζόντιυν.

344 5372 552 5459 (98th
597 5372 824 5450 Παῦλος.
856 5379 1296 5459 ίϐοωὺοῆεξιιε
1342 5378 1669 5459 legendum
1727 5382 1899 5459 putat

284 5452 471 5516 διὶοῖό
491 5463 723 5527 Παῦλοςτ
749 5458 873 5519 sed
899 5452 1261 5531 necessaria
1279 5466 1401 5507 non
1422 5455 1512 5506 est
1530 5452 1894 5531 emendatip,

285 5532 447 5605 modo
470 5524 703 5597 ίηίίίυάι
736 5532 946 5605 hujus
989 5524 1215 5605 capitis
1240 5537 1364 5605 non
1395 5527 1708 5605 sumatur,_
1730 5527 1794 5605 ut
1829 5524 1897 5603 in

468 5592 702 5671 ῖιῖᾚιῖ
726 5592 987 5666 ἷθέδὶε,
1024 5592 1162 5674 ότὲως
1193 5592 1608 5674 iy__1ra'_zctv_,_sed
1654 5592 1734 5674 ab
1757 5592 1895 5674 “his,

272 5676 342 5733 ἐπὶ
375 5664 447 5740 ei;
469 5664 560 5757 ἒξ,
590 5664 688 5746 Ῐιῖ
717 5664 799 5740 in
844 5664 1180 5757 veteribus
1221 5665 1413 5724 libris.
1447 5666 1678 5721 Habent
1716 5664 1899 5720 etiam

2027 1914 2206 1966 catur
2232 1911 2308 1967 ab
2350 1910 2625 1969 omnibus
2649 1929 2669 1969 .·
2704 1916 2944 1970 occulta
2976 1915 3174 1971 cordis
3204 1918 3331 1986 ejus
3354 1917 3680 1985 manifesta

2023 1999 2199 2071 ﬁunt,
2251 2005 2431 2072 atque
2477 2003 2564 2058 ita
2608 2004 2933 2073 procidens
2986 2005 3050 2059 in
3097 2005 3342 2074 faciem,
3398 2005 3680 2061 adorabit

2024 2090 2232 2157 Deum,
2263 2093 2626 2148 renuntians
2661 2093 2822 2164 quod
2850 2095 3007 2150 Deus
3049 2095 3126 2149 sit
3164 2109 3298 2151 vere
3324 2096 3387 2151 in
3420 2093 3582 2150 vobis
3604 2095 3674 2149 ⁸³.

2024 2180 2251 2251 Itaque,
2285 2179 2333 2234 si
2363 2195 2434 2235 ex
2464 2181 2803 2254 prophetia,
2832 2197 2967 2254 quae
2994 2182 3166 2253 juxta
3194 2182 3678 2239 distributionem

2025 2265 2330 2324 donorum
2364 2267 2614 2342 Spiritus
2646 2269 2860 2339 editur,
2899 2271 3248 2341 agnoscitur
3278 2274 3433 2327 Deus
3456 2271 3517 2327 in
3545 2287 3679 2344 pro-

2023 2354 2218 2429 phetis
2245 2357 2355 2428 31
2388 2373 2545 2424 esse,
2579 2359 2922 2416 consultent
2945 2359 3039 2415 isti
3067 2376 3250 2433 quem
3278 2348 3482 2416 locum
3514 2359 3679 2416 attri-

2022 2446 2227 2503 buturi
2275 2447 2394 2503 sint
2448 2449 2691 2522 Spiritui
2740 2455 2996 2506 sancto':
3053 2455 3255 2506 utrum
3308 2450 3541 2523 aequius
3603 2451 3681 2507 sit

2022 2534 2192 2591 illum
2226 2552 2365 2592 cum
2397 2540 2515 2593 Deo
2538 2539 2814 2609 jungere,
2849 2555 2925 2596 an
2958 2540 3034 2595 ad
3066 2544 3478 2596 creaturarum
3518 2539 3675 2595 ordi-

2022 2639 2163 2680 nem
2203 2626 2539 2683 extrudere.
2573 2628 2727 2693 Quin
2758 2633 2812 2683 et
2853 2627 2967 2684 ista
3015 2630 3164 2685 Petri
3205 2628 3283 2685 ad
3316 2628 3677 2701 Sapphiram

2022 2713 2226 2783 verba,
2260 2715 2416 2783 Quid
2456 2721 2540 2772 est
2577 2717 2739 2788 quod
2783 2719 3056 2774 convenit
3095 2720 3256 2774 inter
3296 2733 3396 2774 vos
3444 2724 3680 2775 tentare

2020 2802 2314 2873 Spiritum
2354 2809 2629 2861 sanctum
2655 2809 2680 2859 .9
2708 2820 2829 2861 non
2868 2806 3104 2862 mentiti
3145 2809 3281 2862 estis
3314 2807 3671 2878 hominibus,

2021 2892 2125 2949 sed
2152 2894 2272 2949 Deo
2294 2894 2342 2929 ⁸³
2369 2893 2697 2950 ostendunt
2729 2894 2944 2951 eadem
2969 2897 3031 2951 in
3059 2895 3342 2969 Spiritum
3374 2900 3674 2961 sanctum,

2021 2985 2075 3037 et
2103 2979 2163 3036 iu
2196 2984 2383 3037 Deum
2433 2999 2563 3038 esse
2593 2988 2862 3055 peccata.
2896 2989 3087 3057 Atque
3126 2985 3241 3041 hoc
3284 2984 3467 3040 etiam
3496 2989 3675 3057 pacto

2021 3070 2251 3127 discere
2276 3072 2522 3143 poteris.
2558 3071 2843 3146 Spiritum
2872 3079 3150 3129 sanctum
3181 3074 3242 3129 in
3272 3073 3436 3129 omni
3465 3090 3678 3146 opera-

2021 3159 2181 3215 tione
2228 3160 2622 3231 conjunctum
2667 3165 2722 3218 et
2753 3162 3223 3235 inseparabilem
3268 3178 3399 3218 esse
3431 3178 3467 3218 a
3506 3166 3675 3219 Patre

2021 3252 2079 3304 et
2116 3248 2278 3305 Filio.
2312 3252 2459 3306 Cum
2496 3254 2649 3306 Deus
2685 3250 2862 3307 efﬁcit
2892 3250 3345 3308 distributiones
3376 3251 3675 3325 operatio-

2019 3352 2192 3405 num,
2224 3354 2294 3393 ac
2326 3338 2615 3395 Dominus
2651 3339 2976 3396 divisiones
3025 3341 3556 3407 ministrationum,
3603 3340 3677 3396 si-

2021 3427 2147 3484 mul
2170 3427 2344 3484 adest
2372 3430 2625 3501 Spiritus
2657 3436 2920 3498 sanctus,
2956 3431 3338 3503 partitionem
3372 3430 3675 3487 donorum

2020 3531 2131 3587 pro
2169 3516 2466 3590 cujusque
2509 3518 2800 3588 dignitate
2845 3520 3093 3592 proprio
3141 3518 3388 3575 arbitrio
3436 3519 3678 3592 dispen-

2020 3621 2182 3661 sans.
2216 3607 2396 3677 Nam,
2427 3607 2639 3680 inquit,
2668 3607 2987 3666 divisiones
3011 3611 3305 3666 donorum
3331 3616 3490 3673 sunt,
3521 3609 3675 3667 idem

2018 3700 2215 3752 autem
2249 3696 2539 3765 Spiritus.
2587 3697 2666 3752 Et
2710 3698 3030 3754 divisiones
3073 3698 3672 3755 administrationum

2017 3791 2178 3849 sunt,
2211 3785 2365 3842 idem
2409 3792 2608 3843 autem
2647 3788 2955 3843 Dominus.
2988 3788 3069 3843 Et
3098 3788 3423 3844 divisiones
3468 3802 3674 3857 opera-
3732 3782 3737 3788 ’

2020 3877 2246 3932 tionum
2275 3882 2437 3946 sunt,
2468 3877 2621 3933 idem
2663 3882 2863 3934 autem
2897 3879 3075 3945 Deus,
3106 3877 3207 3948 qui
3231 3884 3521 3947 operatur
3554 3893 3675 3933 om-

2017 3968 2123 4022 nia
2161 3968 2224 4021 in
2278 3966 2568 4022 omnibus.
2597 3968 2743 4023 Haec
2786 3973 2986 4023 autem
3035 3968 3255 4034 omnia,
3299 3967 3511 4041 inquit,
3545 3982 3676 4037 ope-

2017 4062 2201 4113 ratur
2256 4072 2411 4111 unus
2463 4062 2519 4113 et
2572 4056 2726 4113 idem
2770 4058 3058 4127 Spiritus,
3108 4057 3376 4114 dividens
3428 4059 3675 4115 seorsim

2019 4138 2252 4218 cuique,
2274 4151 2455 4216 prout
2486 4146 2618 4202 vult
2640 4147 2708 4200 ⁵⁸.
2737 4151 3012 4203 Attamen
3046 4162 3169 4202 non
3199 4146 3493 4219 quoniam
3525 4152 3680 4220 Apo-

2020 4234 2214 4291 stolus
2240 4235 2437 4307 primo
2456 4235 2590 4291 loco
2619 4236 2895 4291 meminit
2927 4236 3199 4309 Spiritus,
3223 4237 3491 4292 secundo
3526 4236 3673 4305 Filii,

2018 4324 2191 4381 tertio
2246 4324 2345 4380 Dei
2396 4328 2451 4379 et
2501 4324 2710 4391 Patris,
2762 4325 3039 4397 protinus
3092 4329 3330 4397 oportet
3376 4324 3678 4398 suspicari

2017 4413 2293 4470 ordinem
2325 4414 2576 4470 omnino
2622 4415 2932 4470 inversum
2964 4430 3114 4470 esse.
3149 4419 3196 4469 A
3237 4417 3447 4470 nostra
3496 4413 3678 4486 siqui-

2017 4502 2158 4560 dem
2210 4502 2567 4559 habitudine
2622 4504 2882 4576 sumpsit
2935 4503 3273 4559 exordium.
3327 4506 3476 4558 Nam
3533 4518 3674 4558 cum

2017 4593 2184 4649 dona
2224 4591 2596 4664 accipimus;
2625 4592 2804 4659 nobis
2842 4593 2892 4648 is
2920 4593 3023 4664 qui
3064 4590 3382 4659 distribuit,
3415 4591 3680 4649 occurrit

2018 4683 2319 4756 primum;
2374 4698 2518 4737 mox
2571 4683 2912 4751 cogitamus
2965 4698 3105 4737 eum
3156 4682 3263 4754 qui
3315 4682 3519 4749 misit;
3574 4699 3681 4755 po-

2018 4776 2242 4827 stremo
2287 4771 2711 4840 cogitationem
2758 4768 3146 4842 perducimus
3196 4769 3273 4825 ad
3306 4769 3533 4827 fontem
3573 4786 3681 4828 au-

2020 4867 2372 4935 ctoremque
2402 4860 2732 4917 bonorum.

1667 5058 1716 5093 ⁵³
1758 5058 1779 5112 1
1810 5058 1940 5113 Cor.
1974 5072 2070 5125 xu,
2105 5058 2255 5113 4-11.

2008 5234 2202 5315 editi6
2232 5232 2629 5315 agro-5.1119»;
2661 5233 2767 5315 sed
2798 5233 3037 5315 cpdices
3073 5251 3218 5315 mss.
3252 5240 3319 5292 ut
3344 5236 3680 5315 edidimus.

2079 5310 2190 5377 (99)
2236 5300 2449 5377 Εἰσέλθῃ
2480 5300 2541 5356 δέ
2568 5300 2667 5377 τις.
2702 5305 2853 5360 lllud
2883 5310 2962 5368 τίς
2993 5320 3065 5361 ex
3107 5307 3298 5362 tribus
3362 5307 3682 5362 codicibus

2006 5376 2374 5437 addidimus.
2390 5376 2447 5431 et
2463 5376 2646 5450 paulo
2669 5383 2805 5448 past
2828 5383 2943 5450 tres
2965 5377 3063 5432 alii
3086 5383 3175 5429 καὶ
3197 5378 3331 5430 οὓτω
3355 5382 3421 5430 τὰ
3448 5379 3679 5450 κρυπτά.

2078 5449 2155 5521 (1)
2192 5453 2439 5502 Τάσσειν.
2473 5448 2565 5503 Sic
2598 5464 2749 5504 mss.
2780 5448 2921 5503 Edili
2959 5451 3293 5502 συντάσσειν.
3324 5448 3512 5504 Paulb
3545 5454 3685 5521 post

2008 5519 2149 5574 editi
2176 5521 2467 5593 Σάπφειραν
2496 5538 2598 5571 τοω
2632 5525 2849 5593 Πέτρου.
2884 5522 3016 5573 Mss.
3050 5526 3112 5575 ut
3142 5522 3203 5575 in
3234 5525 3421 5593 testu.

2083 5594 2157 5660 (‘2)
2199 5590 2575 5663 Ἐνερσχόυντος.
2611 5590 2744 5647 Post
2779 5591 2944 5663 hanc
2992 5606 3197 5646 vocem
3249 5590 3392 5646 editi
3447 5590 3684 5648 addunt

2008 5664 2133 5737 γάρ,
2160 5662 2325 5735 quod
2348 5661 2419 5719 in
2448 5663 2750 5719 veteribus
2770 5661 2939 5718 libris
2969 5677 3095 5718 non
3126 5662 3447 5734 reperitur.

2569 5790 2603 5806 θ’
