  <div class='ocr_page' id='page_1' title='image "/cluster/home/n/w/nwhite01/storage/ocr_20150623/32:no.4/coo.31924054869296/075.png"; bbox 0 0 4154 6390; ppageno 0'>
   <div class='ocr_carea' id='block_1_1' title="bbox 610 300 2269 369">
    <p class='ocr_par' dir='ltr' id='par_1_1' title="bbox 610 300 2269 364">
     <span class='ocr_line' id='line_1_1' title="bbox 610 300 2269 364; baseline -0.004 -1"><span class='ocrx_word' id='word_1_1' title='bbox 610 309 709 364; x_wconf 79' lang='grc'>135</span> <span class='ocrx_word' id='word_1_2' title='bbox 1981 301 2039 358; x_wconf 93' lang='lat' dir='ltr'>S.</span> <span class='ocrx_word' id='word_1_3' title='bbox 2079 300 2269 356; x_wconf 76' lang='lat' dir='ltr'>BASIL</span> 
     </span>
    </p>
   </div>
   <div class='ocr_carea' id='block_1_2' title="bbox 2379 300 3934 369">
    <p class='ocr_par' dir='ltr' id='par_1_2' title="bbox 2379 300 3934 369">
     <span class='ocr_line' id='line_1_2' title="bbox 2379 300 3934 369; baseline 0.007 -11"><span class='ocrx_word' id='word_1_4' title='bbox 2379 300 2608 359; x_wconf 68' lang='lat' dir='ltr'>IAGNL</span> <span class='ocrx_word' id='word_1_5' title='bbox 3849 314 3934 369; x_wconf 76' lang='lat' dir='ltr'>I36</span> 
     </span>
    </p>
   </div>
   <div class='ocr_carea' id='block_1_3' title="bbox 679 425 2354 488">
    <p class='ocr_par' dir='ltr' id='par_1_3' title="bbox 679 425 2354 488">
     <span class='ocr_line' id='line_1_3' title="bbox 679 425 2354 488; baseline -0.005 0"><span class='ocrx_word' id='word_1_6' title='bbox 679 435 766 488; x_wconf 86' lang='lat'>38.</span> <span class='ocrx_word' id='word_1_7' title='bbox 809 433 939 488; x_wconf 82' lang='lat' dir='ltr'>Jam</span> <span class='ocrx_word' id='word_1_8' title='bbox 990 431 1170 487; x_wconf 85' lang='lat' dir='ltr'>etiam</span> <span class='ocrx_word' id='word_1_9' title='bbox 1220 446 1290 485; x_wconf 80' lang='lat' dir='ltr'>ex</span> <span class='ocrx_word' id='word_1_10' title='bbox 1341 429 1520 486; x_wconf 81' lang='lat' dir='ltr'>rebus</span> <span class='ocrx_word' id='word_1_11' title='bbox 1558 427 1724 484; x_wconf 88' lang='lat' dir='ltr'>initio</span> <span class='ocrx_word' id='word_1_12' title='bbox 1773 425 2032 483; x_wconf 88' lang='lat' dir='ltr'>conditis</span> <span class='ocrx_word' id='word_1_13' title='bbox 2064 425 2267 482; x_wconf 90' lang='lat' dir='ltr'>discas</span> <span class='ocrx_word' id='word_1_14' title='bbox 2307 429 2354 481; x_wconf 80' lang='grc' dir='ltr'><strong>Α</strong></span> 
     </span>
    </p>
   </div>
   <div class='ocr_carea' id='block_1_4' title="bbox 604 515 2266 594">
    <p class='ocr_par' dir='ltr' id='par_1_4' title="bbox 604 515 2266 594">
     <span class='ocr_line' id='line_1_4' title="bbox 604 515 2266 594; baseline -0.004 -17"><span class='ocrx_word' id='word_1_15' title='bbox 604 521 743 578; x_wconf 91' lang='lat' dir='ltr'>licet</span> <span class='ocrx_word' id='word_1_16' title='bbox 789 519 1041 594; x_wconf 86' lang='lat' dir='ltr'>Spiritus</span> <span class='ocrx_word' id='word_1_17' title='bbox 1087 536 1227 576; x_wconf 91' lang='lat' dir='ltr'>cum</span> <span class='ocrx_word' id='word_1_18' title='bbox 1275 523 1442 575; x_wconf 88' lang='lat' dir='ltr'>Patre</span> <span class='ocrx_word' id='word_1_19' title='bbox 1471 522 1526 574; x_wconf 92' lang='lat' dir='ltr'>et</span> <span class='ocrx_word' id='word_1_20' title='bbox 1570 517 1711 574; x_wconf 86' lang='lat' dir='ltr'>Filio</span> <span class='ocrx_word' id='word_1_21' title='bbox 1749 515 2266 572; x_wconf 83' lang='lat' dir='ltr'>communionem.</span> 
     </span>
    </p>
   </div>
   <div class='ocr_carea' id='block_1_5' title="bbox 608 605 2270 684">
    <p class='ocr_par' dir='ltr' id='par_1_5' title="bbox 608 605 2270 684">
     <span class='ocr_line' id='line_1_5' title="bbox 608 605 2270 684; baseline -0.005 -16"><span class='ocrx_word' id='word_1_22' title='bbox 608 615 758 668; x_wconf 74' lang='lat' dir='ltr'>Nam</span> <span class='ocrx_word' id='word_1_23' title='bbox 790 627 955 684; x_wconf 69' lang='lat' dir='ltr'>purae</span> <span class='ocrx_word' id='word_1_24' title='bbox 988 615 1043 666; x_wconf 89' lang='lat' dir='ltr'>ct</span> <span class='ocrx_word' id='word_1_25' title='bbox 1069 609 1466 679; x_wconf 86' lang='lat' dir='ltr'>intelligentes</span> <span class='ocrx_word' id='word_1_26' title='bbox 1513 612 1568 662; x_wconf 90' lang='lat' dir='ltr'>et</span> <span class='ocrx_word' id='word_1_27' title='bbox 1599 605 2114 680; x_wconf 76' lang='lat' dir='ltr'>supermundana:</span> <span class='ocrx_word' id='word_1_28' title='bbox 2157 605 2270 660; x_wconf 85' lang='lat' dir='ltr'>vir-</span> 
     </span>
    </p>
   </div>
   <div class='ocr_carea' id='block_1_6' title="bbox 607 694 2271 769">
    <p class='ocr_par' dir='ltr' id='par_1_6' title="bbox 607 694 2271 769">
     <span class='ocr_line' id='line_1_6' title="bbox 607 694 2271 769; baseline -0.005 -13"><span class='ocrx_word' id='word_1_29' title='bbox 607 705 792 769; x_wconf 88' lang='lat' dir='ltr'>tutes,</span> <span class='ocrx_word' id='word_1_30' title='bbox 847 705 1069 756; x_wconf 68' lang='lat' dir='ltr'>sanctae</span> <span class='ocrx_word' id='word_1_31' title='bbox 1128 704 1255 754; x_wconf 89' lang='lat' dir='ltr'>tum</span> <span class='ocrx_word' id='word_1_32' title='bbox 1309 702 1475 764; x_wconf 80' lang='lat' dir='ltr'>Sunt,</span> <span class='ocrx_word' id='word_1_33' title='bbox 1533 702 1660 752; x_wconf 91' lang='lat' dir='ltr'>tum</span> <span class='ocrx_word' id='word_1_34' title='bbox 1724 694 2143 758; x_wconf 81' lang='lat' dir='ltr'>nominantur,</span> <span class='ocrx_word' id='word_1_35' title='bbox 2197 710 2271 749; x_wconf 75' lang='lat' dir='ltr'>ex</span> 
     </span>
    </p>
   </div>
   <div class='ocr_carea' id='block_1_7' title="bbox 611 783 2269 860">
    <p class='ocr_par' dir='ltr' id='par_1_7' title="bbox 611 783 2269 860">
     <span class='ocr_line' id='line_1_7' title="bbox 611 783 2269 860; baseline -0.005 -15"><span class='ocrx_word' id='word_1_36' title='bbox 611 790 809 860; x_wconf 89' lang='lat' dir='ltr'>gratia</span> <span class='ocrx_word' id='word_1_37' title='bbox 841 805 875 845; x_wconf 91' lang='lat' dir='ltr'>a</span> <span class='ocrx_word' id='word_1_38' title='bbox 919 788 1138 860; x_wconf 90' lang='lat' dir='ltr'>Spiritu</span> <span class='ocrx_word' id='word_1_39' title='bbox 1171 791 1380 844; x_wconf 90' lang='lat' dir='ltr'>sancto</span> <span class='ocrx_word' id='word_1_40' title='bbox 1409 785 1608 842; x_wconf 85' lang='lat' dir='ltr'>infusa</span> <span class='ocrx_word' id='word_1_41' title='bbox 1641 783 2103 840; x_wconf 78' lang='lat' dir='ltr'>sanctimoniam</span> <span class='ocrx_word' id='word_1_42' title='bbox 2131 798 2269 838; x_wconf 90' lang='lat' dir='ltr'>con-</span> 
     </span>
    </p>
   </div>
   <div class='ocr_carea' id='block_1_8' title="bbox 611 871 2270 947">
    <p class='ocr_par' dir='ltr' id='par_1_8' title="bbox 611 871 2270 947">
     <span class='ocr_line' id='line_1_8' title="bbox 611 871 2270 947; baseline -0.004 -14"><span class='ocrx_word' id='word_1_43' title='bbox 611 885 851 936; x_wconf 72' lang='lat' dir='ltr'>secutae.</span> <span class='ocrx_word' id='word_1_44' title='bbox 904 880 1096 944; x_wconf 82' lang='lat' dir='ltr'>Quare</span> <span class='ocrx_word' id='word_1_45' title='bbox 1145 875 1379 933; x_wconf 90' lang='lat' dir='ltr'>silentio</span> <span class='ocrx_word' id='word_1_46' title='bbox 1426 873 1868 947; x_wconf 63' lang='lat' dir='ltr'>praetermissys</span> <span class='ocrx_word' id='word_1_47' title='bbox 1917 877 2009 929; x_wconf 90' lang='lat' dir='ltr'>est</span> <span class='ocrx_word' id='word_1_48' title='bbox 2050 871 2270 928; x_wconf 85' lang='lat' dir='ltr'>modus</span> 
     </span>
    </p>
   </div>
   <div class='ocr_carea' id='block_1_9' title="bbox 612 953 2270 1028">
    <p class='ocr_par' dir='ltr' id='par_1_9' title="bbox 612 953 2270 1028">
     <span class='ocr_line' id='line_1_9' title="bbox 612 953 2270 1028; baseline -0.004 -5"><span class='ocrx_word' id='word_1_49' title='bbox 612 967 929 1024; x_wconf 88' lang='lat' dir='ltr'>creationis</span> <span class='ocrx_word' id='word_1_50' title='bbox 967 965 1298 1022; x_wconf 73' lang='lat' dir='ltr'>caelestium</span> <span class='ocrx_word' id='word_1_51' title='bbox 1346 965 1673 1028; x_wconf 90' lang='lat' dir='ltr'>virtutum;</span> <span class='ocrx_word' id='word_1_52' title='bbox 1707 953 1852 1019; x_wconf 87' lang='lat' dir='ltr'>nam</span> <span class='ocrx_word' id='word_1_53' title='bbox 1900 979 1972 1018; x_wconf 84' lang='lat' dir='ltr'>ex</span> <span class='ocrx_word' id='word_1_54' title='bbox 2019 961 2270 1017; x_wconf 89' lang='lat' dir='ltr'>sensibi-</span> 
     </span>
    </p>
   </div>
   <div class='ocr_carea' id='block_1_10' title="bbox 608 1051 2270 1126">
    <p class='ocr_par' dir='ltr' id='par_1_10' title="bbox 608 1051 2270 1126">
     <span class='ocr_line' id='line_1_10' title="bbox 608 1051 2270 1126; baseline -0.004 -14"><span class='ocrx_word' id='word_1_55' title='bbox 608 1057 767 1113; x_wconf 90' lang='lat' dir='ltr'>libus</span> <span class='ocrx_word' id='word_1_56' title='bbox 799 1062 1032 1114; x_wconf 87' lang='lat' dir='ltr'>tantum</span> <span class='ocrx_word' id='word_1_57' title='bbox 1073 1058 1404 1111; x_wconf 79' lang='lat' dir='ltr'>creatorem</span> <span class='ocrx_word' id='word_1_58' title='bbox 1448 1051 1624 1110; x_wconf 88' lang='lat' dir='ltr'>nobis</span> <span class='ocrx_word' id='word_1_59' title='bbox 1656 1051 1892 1126; x_wconf 89' lang='lat' dir='ltr'>aperuit</span> <span class='ocrx_word' id='word_1_60' title='bbox 1921 1051 1969 1107; x_wconf 88' lang='lat' dir='ltr'>is</span> <span class='ocrx_word' id='word_1_61' title='bbox 1997 1052 2102 1124; x_wconf 85' lang='lat' dir='ltr'>qui</span> <span class='ocrx_word' id='word_1_62' title='bbox 2131 1067 2270 1107; x_wconf 89' lang='lat' dir='ltr'>con-</span> 
     </span>
    </p>
   </div>
   <div class='ocr_carea' id='block_1_11' title="bbox 610 1139 2270 1216">
    <p class='ocr_par' dir='ltr' id='par_1_11' title="bbox 610 1139 2270 1216">
     <span class='ocr_line' id='line_1_11' title="bbox 610 1139 2270 1216; baseline -0.004 -15"><span class='ocrx_word' id='word_1_63' title='bbox 610 1145 717 1201; x_wconf 89' lang='lat' dir='ltr'>diti</span> <span class='ocrx_word' id='word_1_64' title='bbox 775 1145 937 1201; x_wconf 82' lang='lat' dir='ltr'><strong>orbis</strong></span> <span class='ocrx_word' id='word_1_65' title='bbox 991 1143 1347 1216; x_wconf 79' lang='lat' dir='ltr'>conscripsit</span> <span class='ocrx_word' id='word_1_66' title='bbox 1397 1142 1736 1199; x_wconf 83' lang='lat' dir='ltr'>historiam.</span> <span class='ocrx_word' id='word_1_67' title='bbox 1797 1144 1880 1198; x_wconf 87' lang='lat' dir='ltr'>Tu</span> <span class='ocrx_word' id='word_1_68' title='bbox 1930 1156 2104 1205; x_wconf 76' lang='lat' dir='ltr'>vero,</span> <span class='ocrx_word' id='word_1_69' title='bbox 2165 1139 2270 1212; x_wconf 88' lang='lat' dir='ltr'>qui</span> 
     </span>
    </p>
   </div>
   <div class='ocr_carea' id='block_1_12' title="bbox 609 1229 2270 1302">
    <p class='ocr_par' dir='ltr' id='par_1_12' title="bbox 609 1229 2270 1302">
     <span class='ocr_line' id='line_1_12' title="bbox 609 1229 2270 1302; baseline -0.005 -10"><span class='ocrx_word' id='word_1_70' title='bbox 609 1234 953 1292; x_wconf 82' lang='lat' dir='ltr'>facultatem</span> <span class='ocrx_word' id='word_1_71' title='bbox 983 1234 1172 1290; x_wconf 89' lang='lat' dir='ltr'>habes</span> <span class='ocrx_word' id='word_1_72' title='bbox 1213 1249 1287 1289; x_wconf 80' lang='lat' dir='ltr'>ex</span> <span class='ocrx_word' id='word_1_73' title='bbox 1329 1231 1665 1288; x_wconf 89' lang='lat' dir='ltr'>visibilibus</span> <span class='ocrx_word' id='word_1_74' title='bbox 1703 1229 2025 1287; x_wconf 80' lang='lat' dir='ltr'>invisibilia</span> <span class='ocrx_word' id='word_1_75' title='bbox 2062 1229 2270 1302; x_wconf 88' lang='lat' dir='ltr'>depre-</span> 
     </span>
    </p>
   </div>
   <div class='ocr_carea' id='block_1_13' title="bbox 607 1318 2270 1396">
    <p class='ocr_par' dir='ltr' id='par_1_13' title="bbox 607 1318 2270 1396">
     <span class='ocr_line' id='line_1_13' title="bbox 607 1318 2270 1396; baseline -0.004 -13"><span class='ocrx_word' id='word_1_76' title='bbox 607 1324 937 1396; x_wconf 87' lang='lat' dir='ltr'>hendendi,</span> <span class='ocrx_word' id='word_1_77' title='bbox 985 1323 1257 1395; x_wconf 83' lang='lat' dir='ltr'>gloriﬁca</span> <span class='ocrx_word' id='word_1_78' title='bbox 1299 1321 1682 1378; x_wconf 87' lang='lat' dir='ltr'>Conditorem</span> <span class='ocrx_word' id='word_1_79' title='bbox 1737 1321 1797 1377; x_wconf 90' lang='lat' dir='ltr'>in</span> <span class='ocrx_word' id='word_1_80' title='bbox 1854 1336 1977 1392; x_wconf 87' lang='lat' dir='ltr'>quo</span> <span class='ocrx_word' id='word_1_81' title='bbox 2027 1318 2270 1376; x_wconf 85' lang='lat' dir='ltr'>condita</span> 
     </span>
    </p>
   </div>
   <div class='ocr_carea' id='block_1_14' title="bbox 611 1409 2269 1485">
    <p class='ocr_par' dir='ltr' id='par_1_14' title="bbox 611 1409 2269 1485">
     <span class='ocr_line' id='line_1_14' title="bbox 611 1409 2269 1485; baseline -0.004 -13"><span class='ocrx_word' id='word_1_82' title='bbox 611 1422 752 1472; x_wconf 89' lang='lat' dir='ltr'>sunt</span> <span class='ocrx_word' id='word_1_83' title='bbox 790 1414 1018 1481; x_wconf 87' lang='lat' dir='ltr'>omnia,</span> <span class='ocrx_word' id='word_1_84' title='bbox 1053 1413 1177 1469; x_wconf 90' lang='lat' dir='ltr'>sive</span> <span class='ocrx_word' id='word_1_85' title='bbox 1209 1416 1558 1485; x_wconf 87' lang='lat' dir='ltr'>potestates,</span> <span class='ocrx_word' id='word_1_86' title='bbox 1593 1411 1718 1467; x_wconf 91' lang='lat' dir='ltr'>sive</span> <span class='ocrx_word' id='word_1_87' title='bbox 1765 1409 2110 1477; x_wconf 78' lang='lat' dir='ltr'>invisibilia,</span> <span class='ocrx_word' id='word_1_88' title='bbox 2143 1410 2269 1465; x_wconf 83' lang='lat' dir='ltr'>sive</span> 
     </span>
    </p>
   </div>
   <div class='ocr_carea' id='block_1_15' title="bbox 607 1498 2270 1580">
    <p class='ocr_par' dir='ltr' id='par_1_15' title="bbox 607 1498 2270 1580">
     <span class='ocr_line' id='line_1_15' title="bbox 607 1498 2270 1580; baseline -0.004 -19"><span class='ocrx_word' id='word_1_89' title='bbox 607 1506 1003 1580; x_wconf 81' lang='lat' dir='ltr'>principatus,</span> <span class='ocrx_word' id='word_1_90' title='bbox 1055 1504 1182 1558; x_wconf 91' lang='lat' dir='ltr'>sive</span> <span class='ocrx_word' id='word_1_91' title='bbox 1240 1506 1590 1574; x_wconf 84' lang='lat' dir='ltr'>potestates,</span> <span class='ocrx_word' id='word_1_92' title='bbox 1650 1501 1775 1555; x_wconf 85' lang='lat' dir='ltr'>sive</span> <span class='ocrx_word' id='word_1_93' title='bbox 1833 1500 2097 1570; x_wconf 83' lang='lat' dir='ltr'>virtutes,</span> <span class='ocrx_word' id='word_1_94' title='bbox 2149 1498 2270 1554; x_wconf 87' lang='lat' dir='ltr'>sive</span> 
     </span>
    </p>
   </div>
   <div class='ocr_carea' id='block_1_16' title="bbox 607 1588 2272 1664">
    <p class='ocr_par' dir='ltr' id='par_1_16' title="bbox 607 1588 2272 1664">
     <span class='ocr_line' id='line_1_16' title="bbox 607 1588 2272 1664; baseline -0.004 -14"><span class='ocrx_word' id='word_1_95' title='bbox 607 1594 833 1664; x_wconf 81' lang='lat' dir='ltr'>throni,</span> <span class='ocrx_word' id='word_1_96' title='bbox 868 1594 990 1648; x_wconf 83' lang='lat' dir='ltr'>sive</span> <span class='ocrx_word' id='word_1_97' title='bbox 1040 1591 1578 1655; x_wconf 68' lang='lat' dir='ltr'>dominationes“,</span> <span class='ocrx_word' id='word_1_98' title='bbox 1615 1595 1670 1645; x_wconf 92' lang='lat' dir='ltr'>et</span> <span class='ocrx_word' id='word_1_99' title='bbox 1708 1589 1752 1646; x_wconf 89' lang='lat' dir='ltr'>si</span> <span class='ocrx_word' id='word_1_100' title='bbox 1790 1605 1926 1662; x_wconf 71' lang='lat' dir='ltr'>qua:</span> <span class='ocrx_word' id='word_1_101' title='bbox 1971 1588 2103 1645; x_wconf 69' lang='lat' dir='ltr'>aliae</span> <span class='ocrx_word' id='word_1_102' title='bbox 2134 1593 2272 1644; x_wconf 90' lang='lat' dir='ltr'>sunt</span> 
     </span>
    </p>
   </div>
   <div class='ocr_carea' id='block_1_17' title="bbox 607 1679 2266 1754">
    <p class='ocr_par' dir='ltr' id='par_1_17' title="bbox 607 1679 2266 1754">
     <span class='ocr_line' id='line_1_17' title="bbox 607 1679 2266 1754; baseline -0.005 -13"><span class='ocrx_word' id='word_1_103' title='bbox 607 1683 935 1742; x_wconf 86' lang='lat' dir='ltr'>rationales</span> <span class='ocrx_word' id='word_1_104' title='bbox 988 1685 1241 1747; x_wconf 62' lang='lat' dir='ltr'>naturae,</span> <span class='ocrx_word' id='word_1_105' title='bbox 1285 1697 1421 1754; x_wconf 71' lang='lat' dir='ltr'>quae</span> <span class='ocrx_word' id='word_1_106' title='bbox 1469 1679 1769 1736; x_wconf 86' lang='lat' dir='ltr'>nominari</span> <span class='ocrx_word' id='word_1_107' title='bbox 1822 1694 1945 1735; x_wconf 90' lang='lat' dir='ltr'>non</span> <span class='ocrx_word' id='word_1_108' title='bbox 1993 1682 2266 1752; x_wconf 88' lang='lat' dir='ltr'>possunt.</span> 
     </span>
    </p>
   </div>
   <div class='ocr_carea' id='block_1_18' title="bbox 2459 422 3937 504">
    <p class='ocr_par' dir='ltr' id='par_1_18' title="bbox 2459 422 3937 504">
     <span class='ocr_line' id='line_1_18' title="bbox 2459 422 3937 504; baseline 0.005 -23"><span class='ocrx_word' id='word_1_109' title='bbox 2459 429 2548 484; x_wconf 84' lang='lat'>38.</span> <span class='ocrx_word' id='word_1_110' title='bbox 2591 427 2787 487; x_wconf 71' lang='grc' dir='ltr'><strong>Μάοοις</strong></span> <span class='ocrx_word' id='word_1_111' title='bbox 2829 422 2878 479; x_wconf 77' lang='grc' dir='ltr'>δ’</span> <span class='ocrx_word' id='word_1_112' title='bbox 2929 424 2988 478; x_wconf 85' lang='grc' dir='ltr'>ἆν</span> <span class='ocrx_word' id='word_1_113' title='bbox 3037 430 3131 486; x_wconf 74' lang='grc' dir='ltr'><strong>τὴν</strong></span> <span class='ocrx_word' id='word_1_114' title='bbox 3175 431 3303 503; x_wconf 82' lang='grc' dir='ltr'><strong>πρὸς</strong></span> <span class='ocrx_word' id='word_1_115' title='bbox 3355 432 3557 504; x_wconf 87' lang='grc' dir='ltr'><strong>Πατέρα</strong></span> <span class='ocrx_word' id='word_1_116' title='bbox 3596 436 3681 484; x_wconf 82' lang='grc' dir='ltr'>καὶ</span> <span class='ocrx_word' id='word_1_117' title='bbox 3722 435 3828 486; x_wconf 80' lang='grc' dir='ltr'><strong>Υίὸν</strong></span> <span class='ocrx_word' id='word_1_118' title='bbox 3862 445 3937 490; x_wconf 75' lang='grc' dir='ltr'><strong>τοῦ</strong></span> 
     </span>
    </p>
   </div>
   <div class='ocr_carea' id='block_1_19' title="bbox 2388 517 3936 597">
    <p class='ocr_par' dir='ltr' id='par_1_19' title="bbox 2388 517 3936 597">
     <span class='ocr_line' id='line_1_19' title="bbox 2388 517 3936 597; baseline 0.005 -29"><span class='ocrx_word' id='word_1_119' title='bbox 2388 519 2684 588; x_wconf 74' lang='grc' dir='ltr'><strong>Πνευματος</strong></span> <span class='ocrx_word' id='word_1_120' title='bbox 2741 521 3012 568; x_wconf 75' lang='grc' dir='ltr'>κοινωνίαν</span> <span class='ocrx_word' id='word_1_121' title='bbox 3059 523 3148 569; x_wconf 85' lang='grc' dir='ltr'>καὶ</span> <span class='ocrx_word' id='word_1_122' title='bbox 3198 517 3244 570; x_wconf 75' lang='grc' dir='ltr'><strong>ἐν</strong></span> <span class='ocrx_word' id='word_1_123' title='bbox 3296 526 3394 570; x_wconf 88' lang='grc' dir='ltr'>τῶν</span> <span class='ocrx_word' id='word_1_124' title='bbox 3443 522 3515 590; x_wconf 71' lang='grc'>(4)</span> <span class='ocrx_word' id='word_1_125' title='bbox 3562 517 3936 597; x_wconf 66' lang='grc' dir='ltr'><strong>δημιουργημα-</strong></span> 
     </span>
    </p>
   </div>
   <div class='ocr_carea' id='block_1_20' title="bbox 2381 604 3936 686">
    <p class='ocr_par' dir='ltr' id='par_1_20' title="bbox 2381 604 3936 686">
     <span class='ocr_line' id='line_1_20' title="bbox 2381 604 3936 686; baseline 0.008 -31"><span class='ocrx_word' id='word_1_126' title='bbox 2381 624 2480 656; x_wconf 89' lang='grc' dir='ltr'>των</span> <span class='ocrx_word' id='word_1_127' title='bbox 2528 614 2626 657; x_wconf 88' lang='grc' dir='ltr'>τῶν</span> <span class='ocrx_word' id='word_1_128' title='bbox 2669 605 2720 668; x_wconf 82' lang='grc' dir='ltr'>ἐξ</span> <span class='ocrx_word' id='word_1_129' title='bbox 2769 604 2960 677; x_wconf 73' lang='grc' dir='ltr'><strong>ἀρχῆς.</strong></span> <span class='ocrx_word' id='word_1_130' title='bbox 3005 608 3068 659; x_wconf 83' lang='grc' dir='ltr'>Αἱ</span> <span class='ocrx_word' id='word_1_131' title='bbox 3111 608 3212 680; x_wconf 74' lang='grc' dir='ltr'>γὰρ</span> <span class='ocrx_word' id='word_1_132' title='bbox 3263 609 3490 680; x_wconf 72' lang='grc' dir='ltr'><strong>καθαραὶ</strong></span> <span class='ocrx_word' id='word_1_133' title='bbox 3535 616 3619 662; x_wconf 81' lang='grc' dir='ltr'>καὶ</span> <span class='ocrx_word' id='word_1_134' title='bbox 3661 619 3820 686; x_wconf 83' lang='grc' dir='ltr'><strong>νοεραὶ</strong></span> <span class='ocrx_word' id='word_1_135' title='bbox 3861 622 3936 668; x_wconf 61' lang='grc' dir='ltr'><strong>καὶ</strong></span> 
     </span>
    </p>
   </div>
   <div class='ocr_carea' id='block_1_21' title="bbox 2379 691 3935 773">
    <p class='ocr_par' dir='ltr' id='par_1_21' title="bbox 2379 691 3935 773">
     <span class='ocr_line' id='line_1_21' title="bbox 2379 691 3935 773; baseline 0.006 -29"><span class='ocrx_word' id='word_1_136' title='bbox 2379 695 2726 767; x_wconf 72' lang='grc' dir='ltr'><strong>ὑπερκόσμιοι</strong></span> <span class='ocrx_word' id='word_1_137' title='bbox 2775 691 3019 766; x_wconf 75' lang='grc' dir='ltr'><strong>δυνάμεις</strong></span> <span class='ocrx_word' id='word_1_138' title='bbox 3075 696 3226 766; x_wconf 74' lang='grc' dir='ltr'><strong>ἅγιαι</strong></span> <span class='ocrx_word' id='word_1_139' title='bbox 3272 701 3362 748; x_wconf 90' lang='grc' dir='ltr'>καί</span> <span class='ocrx_word' id='word_1_140' title='bbox 3412 697 3511 749; x_wconf 81' lang='grc' dir='ltr'><strong>εἱσι</strong></span> <span class='ocrx_word' id='word_1_141' title='bbox 3556 704 3642 752; x_wconf 81' lang='grc' dir='ltr'>καὶ</span> <span class='ocrx_word' id='word_1_142' title='bbox 3690 699 3935 773; x_wconf 74' lang='grc' dir='ltr'><strong>ὀνομάζον-</strong></span> 
     </span>
    </p>
   </div>
   <div class='ocr_carea' id='block_1_22' title="bbox 2378 784 3934 860">
    <p class='ocr_par' dir='ltr' id='par_1_22' title="bbox 2378 784 3934 860">
     <span class='ocr_line' id='line_1_22' title="bbox 2378 784 3934 860; baseline 0.007 -26"><span class='ocrx_word' id='word_1_143' title='bbox 2378 803 2485 852; x_wconf 92' lang='grc' dir='ltr'><strong>ται,</strong></span> <span class='ocrx_word' id='word_1_144' title='bbox 2536 784 2590 836; x_wconf 82' lang='grc' dir='ltr'><strong>ἐκ</strong></span> <span class='ocrx_word' id='word_1_145' title='bbox 2637 793 2731 844; x_wconf 76' lang='grc' dir='ltr'><strong>τῆς</strong></span> <span class='ocrx_word' id='word_1_146' title='bbox 2779 787 2922 859; x_wconf 88' lang='grc' dir='ltr'>παρά</span> <span class='ocrx_word' id='word_1_147' title='bbox 2978 792 3068 837; x_wconf 79' lang='grc' dir='ltr'><strong>τοῦ</strong></span> <span class='ocrx_word' id='word_1_148' title='bbox 3119 785 3271 857; x_wconf 75' lang='grc' dir='ltr'><strong>ᾁγίου</strong></span> <span class='ocrx_word' id='word_1_149' title='bbox 3330 790 3620 860; x_wconf 75' lang='grc' dir='ltr'><strong>Πνεύματος</strong></span> <span class='ocrx_word' id='word_1_150' title='bbox 3671 788 3934 854; x_wconf 71' lang='grc' dir='ltr'><strong>ἐνδοθείσης</strong></span> 
     </span>
    </p>
   </div>
   <div class='ocr_carea' id='block_1_23' title="bbox 2377 873 3933 948">
    <p class='ocr_par' dir='ltr' id='par_1_23' title="bbox 2377 873 3933 948">
     <span class='ocr_line' id='line_1_23' title="bbox 2377 873 3933 948; baseline 0.006 -24"><span class='ocrx_word' id='word_1_151' title='bbox 2377 876 2602 946; x_wconf 76' lang='grc' dir='ltr'><strong>χάριτος</strong></span> <span class='ocrx_word' id='word_1_152' title='bbox 2667 877 2750 925; x_wconf 88' lang='grc' dir='ltr'>τόν</span> <span class='ocrx_word' id='word_1_153' title='bbox 2820 873 3083 947; x_wconf 74' lang='grc' dir='ltr'>ἁγιασμόν</span> <span class='ocrx_word' id='word_1_154' title='bbox 3157 880 3484 948; x_wconf 83' lang='grc' dir='ltr'><strong>κεκτημέναι.</strong></span> <span class='ocrx_word' id='word_1_155' title='bbox 3549 877 3702 932; x_wconf 68' lang='grc' dir='ltr'><strong>Ὠστε</strong></span> <span class='ocrx_word' id='word_1_156' title='bbox 3769 881 3933 934; x_wconf 77' lang='grc' dir='ltr'><strong>ἀποσε-</strong></span> 
     </span>
    </p>
   </div>
   <div class='ocr_carea' id='block_1_24' title="bbox 2383 965 3935 1042">
    <p class='ocr_par' dir='ltr' id='par_1_24' title="bbox 2383 965 3935 1042">
     <span class='ocr_line' id='line_1_24' title="bbox 2383 965 3935 1042; baseline 0.005 -29"><span class='ocrx_word' id='word_1_157' title='bbox 2383 967 2642 1019; x_wconf 81' lang='grc' dir='ltr'><strong>σιωπηται</strong></span> <span class='ocrx_word' id='word_1_158' title='bbox 2695 965 2784 1035; x_wconf 72' lang='grc' dir='ltr'>μὲν</span> <span class='ocrx_word' id='word_1_159' title='bbox 2833 965 2857 1013; x_wconf 98' lang='lat'>6</span> <span class='ocrx_word' id='word_1_160' title='bbox 2915 967 3099 1037; x_wconf 79' lang='grc' dir='ltr'>τρόπος</span> <span class='ocrx_word' id='word_1_161' title='bbox 3153 972 3243 1024; x_wconf 78' lang='grc' dir='ltr'><strong>τῆς</strong></span> <span class='ocrx_word' id='word_1_162' title='bbox 3297 968 3514 1028; x_wconf 82' lang='grc' dir='ltr'><strong>κτίσεως</strong></span> <span class='ocrx_word' id='word_1_163' title='bbox 3565 976 3662 1018; x_wconf 85' lang='grc' dir='ltr'>τῶν</span> <span class='ocrx_word' id='word_1_164' title='bbox 3717 967 3935 1042; x_wconf 69' lang='grc' dir='ltr'><strong>οὐρανίων</strong></span> 
     </span>
    </p>
   </div>
   <div class='ocr_carea' id='block_1_25' title="bbox 2380 1047 3938 1126">
    <p class='ocr_par' dir='ltr' id='par_1_25' title="bbox 2380 1047 3938 1126">
     <span class='ocr_line' id='line_1_25' title="bbox 2380 1047 3938 1126; baseline 0.003 -23"><span class='ocrx_word' id='word_1_165' title='bbox 2380 1047 2685 1124; x_wconf 73' lang='grc' dir='ltr'><strong>δυνάμεων·</strong></span> <span class='ocrx_word' id='word_1_166' title='bbox 2749 1049 2849 1103; x_wconf 79' lang='grc' dir='ltr'><strong>ἀπὸ</strong></span> <span class='ocrx_word' id='word_1_167' title='bbox 2903 1055 3003 1126; x_wconf 81' lang='grc' dir='ltr'><strong>γὰρ</strong></span> <span class='ocrx_word' id='word_1_168' title='bbox 3058 1061 3156 1104; x_wconf 83' lang='grc' dir='ltr'>τῶν</span> <span class='ocrx_word' id='word_1_169' title='bbox 3211 1053 3472 1110; x_wconf 76' lang='grc' dir='ltr'>αἰσθητῶν</span> <span class='ocrx_word' id='word_1_170' title='bbox 3525 1058 3673 1126; x_wconf 82' lang='grc' dir='ltr'><strong>μόνον</strong></span> <span class='ocrx_word' id='word_1_171' title='bbox 3727 1058 3806 1106; x_wconf 87' lang='grc' dir='ltr'><strong>τὸν</strong></span> <span class='ocrx_word' id='word_1_172' title='bbox 3858 1063 3938 1113; x_wconf 75' lang='grc' dir='ltr'>Δη-</span> 
     </span>
    </p>
   </div>
   <div class='ocr_carea' id='block_1_26' title="bbox 2379 1142 3941 1216">
    <p class='ocr_par' dir='ltr' id='par_1_26' title="bbox 2379 1142 3941 1216">
     <span class='ocr_line' id='line_1_26' title="bbox 2379 1142 3941 1216; baseline 0.003 -24"><span class='ocrx_word' id='word_1_173' title='bbox 2379 1143 2630 1214; x_wconf 86' lang='grc' dir='ltr'><strong>μιουργόν</strong></span> <span class='ocrx_word' id='word_1_174' title='bbox 2675 1142 2798 1212; x_wconf 74' lang='grc' dir='ltr'><strong>ἡμῖν</strong></span> <span class='ocrx_word' id='word_1_175' title='bbox 2849 1143 2874 1192; x_wconf 93' lang='lat'>6</span> <span class='ocrx_word' id='word_1_176' title='bbox 2924 1145 3016 1199; x_wconf 76' lang='grc' dir='ltr'><strong>τὴν</strong></span> <span class='ocrx_word' id='word_1_177' title='bbox 3055 1148 3398 1214; x_wconf 86' lang='grc' dir='ltr'><strong>κοσμογονίαν</strong></span> <span class='ocrx_word' id='word_1_178' title='bbox 3419 1144 3495 1212; x_wconf 72' lang='grc'>(4)</span> <span class='ocrx_word' id='word_1_179' title='bbox 3539 1143 3941 1216; x_wconf 58' lang='grc' dir='ltr'><strong>συγγραψάμενος</strong></span> 
     </span>
    </p>
   </div>
   <div class='ocr_carea' id='block_1_27' title="bbox 2381 1225 3943 1306">
    <p class='ocr_par' dir='ltr' id='par_1_27' title="bbox 2381 1225 3943 1306">
     <span class='ocr_line' id='line_1_27' title="bbox 2381 1225 3943 1306; baseline 0.002 -25"><span class='ocrx_word' id='word_1_180' title='bbox 2381 1228 2699 1300; x_wconf 59' lang='grc' dir='ltr'><strong>ἀπεκάλυψε.</strong></span> <span class='ocrx_word' id='word_1_181' title='bbox 2762 1233 2828 1282; x_wconf 77' lang='grc' dir='ltr'>Σὺ</span> <span class='ocrx_word' id='word_1_182' title='bbox 2880 1225 2978 1295; x_wconf 67' lang='grc' dir='ltr'><strong>δὲ,</strong></span> <span class='ocrx_word' id='word_1_183' title='bbox 3035 1232 3171 1302; x_wconf 70' lang='grc' dir='ltr'><strong>ἔχων</strong></span> <span class='ocrx_word' id='word_1_184' title='bbox 3227 1227 3449 1304; x_wconf 76' lang='grc' dir='ltr'><strong>δύναμιν</strong></span> <span class='ocrx_word' id='word_1_185' title='bbox 3516 1230 3567 1282; x_wconf 89' lang='grc' dir='ltr'><strong>ἐκ</strong></span> <span class='ocrx_word' id='word_1_186' title='bbox 3621 1239 3714 1282; x_wconf 88' lang='grc' dir='ltr'>τῶν</span> <span class='ocrx_word' id='word_1_187' title='bbox 3769 1233 3943 1306; x_wconf 78' lang='grc' dir='ltr'><strong>ὁρατῶν</strong></span> 
     </span>
    </p>
   </div>
   <div class='ocr_carea' id='block_1_28' title="bbox 2381 1316 3942 1392">
    <p class='ocr_par' dir='ltr' id='par_1_28' title="bbox 2381 1316 3942 1392">
     <span class='ocr_line' id='line_1_28' title="bbox 2381 1316 3942 1392; baseline 0.003 -22"><span class='ocrx_word' id='word_1_188' title='bbox 2381 1317 2788 1389; x_wconf 68' lang='grc' dir='ltr'>ἀναλογίζεσθαι</span> <span class='ocrx_word' id='word_1_189' title='bbox 2833 1322 2898 1371; x_wconf 74' lang='grc' dir='ltr'>τα</span> <span class='ocrx_word' id='word_1_190' title='bbox 2944 1317 3164 1392; x_wconf 88' lang='grc' dir='ltr'><strong>ἀόρατα,</strong></span> <span class='ocrx_word' id='word_1_191' title='bbox 3207 1316 3398 1383; x_wconf 75' lang='grc' dir='ltr'><strong>δόξαζε</strong></span> <span class='ocrx_word' id='word_1_192' title='bbox 3446 1324 3532 1372; x_wconf 82' lang='grc' dir='ltr'>τόν</span> <span class='ocrx_word' id='word_1_193' title='bbox 3577 1325 3790 1378; x_wconf 73' lang='grc' dir='ltr'><strong>Ποιητην</strong></span> <span class='ocrx_word' id='word_1_194' title='bbox 3835 1322 3942 1392; x_wconf 76' lang='grc' dir='ltr'><strong>ενῷ</strong></span> 
     </span>
    </p>
   </div>
   <div class='ocr_carea' id='block_1_29' title="bbox 2379 1408 3944 1484">
    <p class='ocr_par' dir='ltr' id='par_1_29' title="bbox 2379 1408 3944 1484">
     <span class='ocr_line' id='line_1_29' title="bbox 2379 1408 3944 1484; baseline 0.001 -24"><span class='ocrx_word' id='word_1_195' title='bbox 2379 1408 2593 1466; x_wconf 77' lang='grc' dir='ltr'>ἐκτίσθη</span> <span class='ocrx_word' id='word_1_196' title='bbox 2650 1411 2714 1459; x_wconf 80' lang='grc' dir='ltr'><strong>τὰ</strong></span> <span class='ocrx_word' id='word_1_197' title='bbox 2763 1411 2972 1476; x_wconf 72' lang='grc' dir='ltr'><strong>πάντα,</strong></span> <span class='ocrx_word' id='word_1_198' title='bbox 3024 1412 3124 1461; x_wconf 82' lang='grc' dir='ltr'><strong>εἶτε</strong></span> <span class='ocrx_word' id='word_1_199' title='bbox 3172 1411 3373 1484; x_wconf 80' lang='grc' dir='ltr'><strong>όρατά,</strong></span> <span class='ocrx_word' id='word_1_200' title='bbox 3431 1412 3527 1462; x_wconf 84' lang='grc' dir='ltr'><strong>εἴτε</strong></span> <span class='ocrx_word' id='word_1_201' title='bbox 3585 1408 3807 1482; x_wconf 87' lang='grc' dir='ltr'><strong>ἀόρατα,</strong></span> <span class='ocrx_word' id='word_1_202' title='bbox 3864 1413 3944 1462; x_wconf 81' lang='grc' dir='ltr'><strong>εἶτε</strong></span> 
     </span>
    </p>
   </div>
   <div class='ocr_carea' id='block_1_30' title="bbox 2381 1495 3944 1572">
    <p class='ocr_par' dir='ltr' id='par_1_30' title="bbox 2381 1495 3944 1572">
     <span class='ocr_line' id='line_1_30' title="bbox 2381 1495 3944 1572; baseline 0.001 -22"><span class='ocrx_word' id='word_1_203' title='bbox 2381 1497 2568 1571; x_wconf 77' lang='grc' dir='ltr'><strong>ἀρχαὶ,</strong></span> <span class='ocrx_word' id='word_1_204' title='bbox 2602 1501 2700 1550; x_wconf 83' lang='grc' dir='ltr'><strong>εἶτε</strong></span> <span class='ocrx_word' id='word_1_205' title='bbox 2746 1498 2998 1565; x_wconf 80' lang='grc' dir='ltr'><strong>ἐξουσίαι,</strong></span> <span class='ocrx_word' id='word_1_206' title='bbox 3036 1501 3130 1551; x_wconf 80' lang='grc' dir='ltr'><strong>εἴτε</strong></span> <span class='ocrx_word' id='word_1_207' title='bbox 3180 1495 3448 1572; x_wconf 76' lang='grc' dir='ltr'><strong>δυνάμεις,</strong></span> <span class='ocrx_word' id='word_1_208' title='bbox 3491 1502 3588 1551; x_wconf 81' lang='grc' dir='ltr'><strong>εἴτε</strong></span> <span class='ocrx_word' id='word_1_209' title='bbox 3637 1501 3816 1571; x_wconf 77' lang='grc' dir='ltr'><strong>θρόνοι,</strong></span> <span class='ocrx_word' id='word_1_210' title='bbox 3862 1504 3944 1552; x_wconf 87' lang='grc' dir='ltr'><strong>εἶτε</strong></span> 
     </span>
    </p>
   </div>
   <div class='ocr_carea' id='block_1_31' title="bbox 2379 1587 3940 1662">
    <p class='ocr_par' dir='ltr' id='par_1_31' title="bbox 2379 1587 3940 1662">
     <span class='ocr_line' id='line_1_31' title="bbox 2379 1587 3940 1662; baseline 0.001 -23"><span class='ocrx_word' id='word_1_211' title='bbox 2379 1592 2705 1659; x_wconf 76' lang='grc' dir='ltr'>κυριότητες,</span> <span class='ocrx_word' id='word_1_212' title='bbox 2753 1593 2842 1639; x_wconf 80' lang='grc' dir='ltr'>καὶ</span> <span class='ocrx_word' id='word_1_213' title='bbox 2888 1591 2932 1639; x_wconf 84' lang='grc' dir='ltr'><strong>εἴ</strong></span> <span class='ocrx_word' id='word_1_214' title='bbox 2979 1592 3104 1648; x_wconf 82' lang='grc' dir='ltr'><strong>τινές</strong></span> <span class='ocrx_word' id='word_1_215' title='bbox 3151 1587 3282 1640; x_wconf 82' lang='grc' dir='ltr'><strong>εἰσιν</strong></span> <span class='ocrx_word' id='word_1_216' title='bbox 3328 1589 3496 1662; x_wconf 77' lang='grc' dir='ltr'><strong>ἕτεραι</strong></span> <span class='ocrx_word' id='word_1_217' title='bbox 3532 1587 3734 1659; x_wconf 73' lang='grc' dir='ltr'><strong>λογικαὶ</strong></span> <span class='ocrx_word' id='word_1_218' title='bbox 3772 1591 3940 1661; x_wconf 72' lang='grc' dir='ltr'><strong>φύσεις,</strong></span> 
     </span>
    </p>
   </div>
   <div class='ocr_carea' id='block_1_32' title="bbox 2381 1674 3942 1750">
    <p class='ocr_par' dir='ltr' id='par_1_32' title="bbox 2381 1674 3942 1750">
     <span class='ocr_line' id='line_1_32' title="bbox 2381 1674 3942 1750; baseline -0.001 -20"><span class='ocrx_word' id='word_1_219' title='bbox 2381 1677 2921 1750; x_wconf 78' lang='grc' dir='ltr'><strong>ἀκατονόμαστοι(5).</strong></span> <span class='ocrx_word' id='word_1_220' title='bbox 2959 1677 3037 1731; x_wconf 87' lang='grc' dir='ltr'><strong>Ἐν</strong></span> <span class='ocrx_word' id='word_1_221' title='bbox 3071 1674 3129 1730; x_wconf 75' lang='grc' dir='ltr'><strong>δε</strong></span> <span class='ocrx_word' id='word_1_222' title='bbox 3176 1685 3236 1750; x_wconf 75' lang='grc' dir='ltr'><strong>τῇ</strong></span> <span class='ocrx_word' id='word_1_223' title='bbox 3288 1681 3482 1730; x_wconf 82' lang='grc' dir='ltr'><strong>τούτων</strong></span> <span class='ocrx_word' id='word_1_224' title='bbox 3531 1682 3696 1730; x_wconf 88' lang='grc' dir='ltr'><strong>κτίσει</strong></span> <span class='ocrx_word' id='word_1_225' title='bbox 3733 1677 3942 1735; x_wconf 77' lang='grc' dir='ltr'><strong>ἐννόησον</strong></span> 
     </span>
    </p>
   </div>
   <div class='ocr_carea' id='block_1_33' title="bbox 611 1767 2269 1843">
    <p class='ocr_par' dir='ltr' id='par_1_33' title="bbox 611 1767 2269 1840">
     <span class='ocr_line' id='line_1_33' title="bbox 611 1767 2269 1840; baseline -0.002 -13"><span class='ocrx_word' id='word_1_226' title='bbox 611 1777 674 1828; x_wconf 82' lang='grc' dir='ltr'>ιιι</span> <span class='ocrx_word' id='word_1_227' title='bbox 717 1773 938 1829; x_wconf 90' lang='lat' dir='ltr'>horum</span> <span class='ocrx_word' id='word_1_228' title='bbox 988 1777 1192 1826; x_wconf 89' lang='lat' dir='ltr'>autem</span> <span class='ocrx_word' id='word_1_229' title='bbox 1241 1770 1541 1825; x_wconf 89' lang='lat' dir='ltr'>creatione</span> <span class='ocrx_word' id='word_1_230' title='bbox 1590 1769 1788 1839; x_wconf 87' lang='lat' dir='ltr'>cogita</span> <span class='ocrx_word' id='word_1_231' title='bbox 1843 1767 1993 1823; x_wconf 90' lang='lat' dir='ltr'>mihi</span> <span class='ocrx_word' id='word_1_232' title='bbox 2049 1768 2269 1840; x_wconf 84' lang='lat' dir='ltr'>prima-</span> 
     </span>
    </p>
   </div>
   <div class='ocr_carea' id='block_1_34' title="bbox 2379 1767 3943 1843">
    <p class='ocr_par' dir='ltr' id='par_1_34' title="bbox 2380 1767 3943 1842">
     <span class='ocr_line' id='line_1_34' title="bbox 2380 1767 3943 1842; baseline -0.002 -21"><span class='ocrx_word' id='word_1_233' title='bbox 2380 1788 2468 1841; x_wconf 90' lang='grc' dir='ltr'>μοι</span> <span class='ocrx_word' id='word_1_234' title='bbox 2516 1773 2608 1826; x_wconf 74' lang='grc' dir='ltr'><strong>τὴν</strong></span> <span class='ocrx_word' id='word_1_235' title='bbox 2657 1771 3114 1842; x_wconf 70' lang='grc' dir='ltr'>προκαταρκτικὴν</span> <span class='ocrx_word' id='word_1_236' title='bbox 3163 1767 3334 1819; x_wconf 84' lang='grc' dir='ltr'><strong>αἰτίαν</strong></span> <span class='ocrx_word' id='word_1_237' title='bbox 3381 1776 3481 1820; x_wconf 89' lang='grc' dir='ltr'>τῶν</span> <span class='ocrx_word' id='word_1_238' title='bbox 3537 1771 3819 1840; x_wconf 88' lang='grc' dir='ltr'><strong>γινομένων,</strong></span> <span class='ocrx_word' id='word_1_239' title='bbox 3872 1771 3943 1818; x_wconf 87' lang='grc' dir='ltr'>τόν</span> 
     </span>
    </p>
   </div>
   <div class='ocr_carea' id='block_1_35' title="bbox 608 1855 2272 1931">
    <p class='ocr_par' dir='ltr' id='par_1_35' title="bbox 608 1855 2272 1931">
     <span class='ocr_line' id='line_1_35' title="bbox 608 1855 2272 1931; baseline -0.004 -12"><span class='ocrx_word' id='word_1_240' title='bbox 608 1863 763 1919; x_wconf 89' lang='lat' dir='ltr'>riam</span> <span class='ocrx_word' id='word_1_241' title='bbox 813 1877 1066 1916; x_wconf 89' lang='lat' dir='ltr'>causam</span> <span class='ocrx_word' id='word_1_242' title='bbox 1115 1876 1326 1916; x_wconf 91' lang='lat' dir='ltr'>eorum</span> <span class='ocrx_word' id='word_1_243' title='bbox 1367 1875 1503 1931; x_wconf 69' lang='lat' dir='ltr'>quae</span> <span class='ocrx_word' id='word_1_244' title='bbox 1544 1859 1715 1924; x_wconf 84' lang='lat' dir='ltr'>ﬁunt,</span> <span class='ocrx_word' id='word_1_245' title='bbox 1760 1860 2032 1924; x_wconf 87' lang='lat' dir='ltr'>Patrem;</span> <span class='ocrx_word' id='word_1_246' title='bbox 2066 1855 2272 1913; x_wconf 85' lang='lat' dir='ltr'>condi-</span> 
     </span>
    </p>
   </div>
   <div class='ocr_carea' id='block_1_36' title="bbox 609 1947 2265 2021">
    <p class='ocr_par' dir='ltr' id='par_1_36' title="bbox 609 1947 2265 2021">
     <span class='ocr_line' id='line_1_36' title="bbox 609 1947 2265 2021; baseline -0.005 -14"><span class='ocrx_word' id='word_1_247' title='bbox 609 1951 842 2015; x_wconf 88' lang='lat' dir='ltr'>tricem,</span> <span class='ocrx_word' id='word_1_248' title='bbox 878 1949 1088 2005; x_wconf 89' lang='lat' dir='ltr'>Filium</span> <span class='ocrx_word' id='word_1_249' title='bbox 1118 1969 1130 2017; x_wconf 91' lang='lat'>;</span> <span class='ocrx_word' id='word_1_250' title='bbox 1165 1948 1596 2021; x_wconf 89' lang='lat' dir='ltr'>perfectriccm,</span> <span class='ocrx_word' id='word_1_251' title='bbox 1631 1947 1913 2020; x_wconf 89' lang='lat' dir='ltr'>Spiritum</span> <span class='ocrx_word' id='word_1_252' title='bbox 1947 1950 2265 2002; x_wconf 90' lang='lat' dir='ltr'>sanctum:</span> 
     </span>
    </p>
   </div>
   <div class='ocr_carea' id='block_1_37' title="bbox 607 2034 2271 2112">
    <p class='ocr_par' dir='ltr' id='par_1_37' title="bbox 607 2034 2271 2112">
     <span class='ocr_line' id='line_1_37' title="bbox 607 2034 2271 2112; baseline -0.004 -15"><span class='ocrx_word' id='word_1_253' title='bbox 607 2046 674 2097; x_wconf 88' lang='lat' dir='ltr'>ut</span> <span class='ocrx_word' id='word_1_254' title='bbox 720 2039 1026 2096; x_wconf 81' lang='lat' dir='ltr'>voluntate</span> <span class='ocrx_word' id='word_1_255' title='bbox 1075 2038 1325 2112; x_wconf 85' lang='lat' dir='ltr'>quidem</span> <span class='ocrx_word' id='word_1_256' title='bbox 1373 2037 1561 2092; x_wconf 86' lang='lat' dir='ltr'>Patris</span> <span class='ocrx_word' id='word_1_257' title='bbox 1609 2037 1728 2092; x_wconf 86' lang='lat' dir='ltr'>sint</span> <span class='ocrx_word' id='word_1_258' title='bbox 1778 2034 2271 2092; x_wconf 86' lang='lat' dir='ltr'>administratorii</span> 
     </span>
    </p>
   </div>
   <div class='ocr_carea' id='block_1_38' title="bbox 610 2125 2272 2202">
    <p class='ocr_par' dir='ltr' id='par_1_38' title="bbox 610 2125 2272 2202">
     <span class='ocr_line' id='line_1_38' title="bbox 610 2125 2272 2202; baseline -0.003 -18"><span class='ocrx_word' id='word_1_259' title='bbox 610 2129 890 2202; x_wconf 88' lang='lat' dir='ltr'>spiritus,</span> <span class='ocrx_word' id='word_1_260' title='bbox 947 2127 1070 2184; x_wconf 81' lang='lat' dir='ltr'>Filii</span> <span class='ocrx_word' id='word_1_261' title='bbox 1128 2143 1269 2183; x_wconf 88' lang='lat' dir='ltr'>vero</span> <span class='ocrx_word' id='word_1_262' title='bbox 1331 2126 1682 2198; x_wconf 88' lang='lat' dir='ltr'>operatione</span> <span class='ocrx_word' id='word_1_263' title='bbox 1739 2125 2151 2197; x_wconf 85' lang='lat' dir='ltr'>perducantur</span> <span class='ocrx_word' id='word_1_264' title='bbox 2206 2128 2272 2179; x_wconf 89' lang='lat' dir='ltr'>ut</span> 
     </span>
    </p>
   </div>
   <div class='ocr_carea' id='block_1_39' title="bbox 611 2213 2269 2290">
    <p class='ocr_par' dir='ltr' id='par_1_39' title="bbox 611 2213 2269 2290">
     <span class='ocr_line' id='line_1_39' title="bbox 611 2213 2269 2290; baseline -0.004 -16"><span class='ocrx_word' id='word_1_265' title='bbox 611 2218 751 2286; x_wconf 89' lang='lat' dir='ltr'>sint,</span> <span class='ocrx_word' id='word_1_266' title='bbox 783 2217 1034 2290; x_wconf 87' lang='lat' dir='ltr'>Spiritus</span> <span class='ocrx_word' id='word_1_267' title='bbox 1065 2221 1266 2272; x_wconf 89' lang='lat' dir='ltr'>autem</span> <span class='ocrx_word' id='word_1_268' title='bbox 1296 2215 1619 2288; x_wconf 81' lang='lat' dir='ltr'>praesentia</span> <span class='ocrx_word' id='word_1_269' title='bbox 1648 2213 2056 2286; x_wconf 82' lang='lat' dir='ltr'>perﬁciantur.</span> <span class='ocrx_word' id='word_1_270' title='bbox 2092 2216 2269 2269; x_wconf 91' lang='lat' dir='ltr'>Porro</span> 
     </span>
    </p>
   </div>
   <div class='ocr_carea' id='block_1_40' title="bbox 612 2302 2269 2378">
    <p class='ocr_par' dir='ltr' id='par_1_40' title="bbox 612 2302 2269 2378">
     <span class='ocr_line' id='line_1_40' title="bbox 612 2302 2269 2378; baseline -0.004 -15"><span class='ocrx_word' id='word_1_271' title='bbox 612 2306 969 2378; x_wconf 80' lang='lat' dir='ltr'>angelorum</span> <span class='ocrx_word' id='word_1_272' title='bbox 1017 2305 1300 2378; x_wconf 87' lang='lat' dir='ltr'>perfectio</span> <span class='ocrx_word' id='word_1_273' title='bbox 1341 2308 1427 2360; x_wconf 90' lang='lat' dir='ltr'>est</span> <span class='ocrx_word' id='word_1_274' title='bbox 1473 2302 1905 2375; x_wconf 84' lang='lat' dir='ltr'>sanctiﬁcatio,</span> <span class='ocrx_word' id='word_1_275' title='bbox 1955 2308 2011 2358; x_wconf 91' lang='lat' dir='ltr'>et</span> <span class='ocrx_word' id='word_1_276' title='bbox 2045 2303 2108 2358; x_wconf 90' lang='lat' dir='ltr'>in</span> <span class='ocrx_word' id='word_1_277' title='bbox 2156 2302 2269 2358; x_wconf 85' lang='lat' dir='ltr'>hac</span> 
     </span>
    </p>
   </div>
   <div class='ocr_carea' id='block_1_41' title="bbox 611 2391 2271 2470">
    <p class='ocr_par' dir='ltr' id='par_1_41' title="bbox 611 2391 2271 2470">
     <span class='ocr_line' id='line_1_41' title="bbox 611 2391 2271 2470; baseline -0.004 -18"><span class='ocrx_word' id='word_1_278' title='bbox 611 2395 1082 2470; x_wconf 85' lang='lat' dir='ltr'>perseverantia.</span> <span class='ocrx_word' id='word_1_279' title='bbox 1113 2400 1192 2450; x_wconf 81' lang='lat' dir='ltr'>Ac</span> <span class='ocrx_word' id='word_1_280' title='bbox 1224 2409 1402 2449; x_wconf 90' lang='lat' dir='ltr'>nemo</span> <span class='ocrx_word' id='word_1_281' title='bbox 1439 2409 1534 2448; x_wconf 90' lang='lat' dir='ltr'>me</span> <span class='ocrx_word' id='word_1_282' title='bbox 1565 2391 1768 2448; x_wconf 88' lang='lat' dir='ltr'>credat</span> <span class='ocrx_word' id='word_1_283' title='bbox 1795 2397 1912 2448; x_wconf 90' lang='lat' dir='ltr'>tres</span> <span class='ocrx_word' id='word_1_284' title='bbox 1947 2391 2271 2461; x_wconf 87' lang='lat' dir='ltr'>originales</span> 
     </span>
    </p>
   </div>
   <div class='ocr_carea' id='block_1_42' title="bbox 610 2481 2270 2558">
    <p class='ocr_par' dir='ltr' id='par_1_42' title="bbox 610 2481 2270 2558">
     <span class='ocr_line' id='line_1_42' title="bbox 610 2481 2270 2558; baseline -0.004 -16"><span class='ocrx_word' id='word_1_285' title='bbox 610 2485 976 2558; x_wconf 82' lang='lat' dir='ltr'>hypostases</span> <span class='ocrx_word' id='word_1_286' title='bbox 1024 2498 1271 2556; x_wconf 88' lang='lat' dir='ltr'>ponere,</span> <span class='ocrx_word' id='word_1_287' title='bbox 1303 2487 1406 2538; x_wconf 92' lang='lat' dir='ltr'>aut</span> <span class='ocrx_word' id='word_1_288' title='bbox 1448 2481 1570 2536; x_wconf 85' lang='lat' dir='ltr'>l-‘ilii</span> <span class='ocrx_word' id='word_1_289' title='bbox 1614 2481 2028 2553; x_wconf 89' lang='lat' dir='ltr'>operationem</span> <span class='ocrx_word' id='word_1_290' title='bbox 2071 2481 2270 2536; x_wconf 86' lang='lat' dir='ltr'>dicere</span> 
     </span>
    </p>
   </div>
   <div class='ocr_carea' id='block_1_43' title="bbox 609 2570 2266 2646">
    <p class='ocr_par' dir='ltr' id='par_1_43' title="bbox 609 2570 2266 2646">
     <span class='ocr_line' id='line_1_43' title="bbox 609 2570 2266 2646; baseline -0.004 -16"><span class='ocrx_word' id='word_1_291' title='bbox 609 2573 1050 2646; x_wconf 83' lang='lat' dir='ltr'>imperfectam.</span> <span class='ocrx_word' id='word_1_292' title='bbox 1080 2570 1444 2644; x_wconf 87' lang='lat' dir='ltr'>Principium</span> <span class='ocrx_word' id='word_1_293' title='bbox 1477 2570 1638 2626; x_wconf 91' lang='lat' dir='ltr'>enim</span> <span class='ocrx_word' id='word_1_294' title='bbox 1681 2585 1891 2626; x_wconf 90' lang='lat' dir='ltr'>eorum</span> <span class='ocrx_word' id='word_1_295' title='bbox 1923 2586 2059 2642; x_wconf 76' lang='lat' dir='ltr'>quae</span> <span class='ocrx_word' id='word_1_296' title='bbox 2105 2574 2266 2640; x_wconf 88' lang='lat' dir='ltr'>sunt,</span> 
     </span>
    </p>
   </div>
   <div class='ocr_carea' id='block_1_44' title="bbox 610 2659 2270 2733">
    <p class='ocr_par' dir='ltr' id='par_1_44' title="bbox 610 2659 2270 2733">
     <span class='ocr_line' id='line_1_44' title="bbox 610 2659 2270 2733; baseline -0.002 -15"><span class='ocrx_word' id='word_1_297' title='bbox 610 2679 800 2719; x_wconf 83' lang='lat' dir='ltr'>unum</span> <span class='ocrx_word' id='word_1_298' title='bbox 847 2667 954 2730; x_wconf 90' lang='lat' dir='ltr'>est,</span> <span class='ocrx_word' id='word_1_299' title='bbox 1005 2677 1111 2733; x_wconf 90' lang='lat' dir='ltr'>per</span> <span class='ocrx_word' id='word_1_300' title='bbox 1165 2660 1376 2716; x_wconf 83' lang='lat' dir='ltr'>Filium</span> <span class='ocrx_word' id='word_1_301' title='bbox 1423 2659 1692 2715; x_wconf 91' lang='lat' dir='ltr'>condens</span> <span class='ocrx_word' id='word_1_302' title='bbox 1740 2663 1796 2715; x_wconf 90' lang='lat' dir='ltr'>et</span> <span class='ocrx_word' id='word_1_303' title='bbox 1845 2659 2162 2731; x_wconf 77' lang='lat' dir='ltr'>per-ficiens</span> <span class='ocrx_word' id='word_1_304' title='bbox 2207 2659 2270 2714; x_wconf 88' lang='lat' dir='ltr'>in</span> 
     </span>
    </p>
   </div>
   <div class='ocr_carea' id='block_1_45' title="bbox 614 2749 2268 2825">
    <p class='ocr_par' dir='ltr' id='par_1_45' title="bbox 614 2749 2268 2825">
     <span class='ocr_line' id='line_1_45' title="bbox 614 2749 2268 2825; baseline -0.004 -15"><span class='ocrx_word' id='word_1_305' title='bbox 614 2752 854 2825; x_wconf 91' lang='lat' dir='ltr'>Spiritu.</span> <span class='ocrx_word' id='word_1_306' title='bbox 889 2754 972 2805; x_wconf 86' lang='lat' dir='ltr'>Ac</span> <span class='ocrx_word' id='word_1_307' title='bbox 999 2765 1108 2806; x_wconf 91' lang='lat' dir='ltr'>nec</span> <span class='ocrx_word' id='word_1_308' title='bbox 1139 2753 1327 2820; x_wconf 89' lang='lat' dir='ltr'>Pater,</span> <span class='ocrx_word' id='word_1_309' title='bbox 1362 2749 1464 2822; x_wconf 92' lang='lat' dir='ltr'>qui</span> <span class='ocrx_word' id='word_1_310' title='bbox 1496 2754 1779 2822; x_wconf 87' lang='lat' dir='ltr'>operatur</span> <span class='ocrx_word' id='word_1_311' title='bbox 1808 2749 2016 2806; x_wconf 90' lang='lat' dir='ltr'>omnia</span> <span class='ocrx_word' id='word_1_312' title='bbox 2046 2749 2108 2804; x_wconf 92' lang='lat' dir='ltr'>in</span> <span class='ocrx_word' id='word_1_313' title='bbox 2137 2765 2268 2804; x_wconf 85' lang='lat' dir='ltr'>om-</span> 
     </span>
    </p>
   </div>
   <div class='ocr_carea' id='block_1_46' title="bbox 609 2838 2269 2912">
    <p class='ocr_par' dir='ltr' id='par_1_46' title="bbox 609 2838 2269 2912">
     <span class='ocr_line' id='line_1_46' title="bbox 609 2838 2269 2912; baseline -0.001 -16"><span class='ocrx_word' id='word_1_314' title='bbox 609 2841 816 2911; x_wconf 90' lang='lat' dir='ltr'>nibus,</span> <span class='ocrx_word' id='word_1_315' title='bbox 847 2839 1262 2912; x_wconf 83' lang='lat' dir='ltr'>imperfectam</span> <span class='ocrx_word' id='word_1_316' title='bbox 1310 2838 1534 2894; x_wconf 91' lang='lat' dir='ltr'>habeat</span> <span class='ocrx_word' id='word_1_317' title='bbox 1581 2838 2035 2910; x_wconf 86' lang='lat' dir='ltr'>operationem:</span> <span class='ocrx_word' id='word_1_318' title='bbox 2070 2855 2269 2911; x_wconf 90' lang='lat' dir='ltr'>neque</span> 
     </span>
    </p>
   </div>
   <div class='ocr_carea' id='block_1_47' title="bbox 611 2926 2270 3000">
    <p class='ocr_par' dir='ltr' id='par_1_47' title="bbox 611 2926 2270 3000">
     <span class='ocr_line' id='line_1_47' title="bbox 611 2926 2270 3000; baseline -0.001 -14"><span class='ocrx_word' id='word_1_319' title='bbox 611 2929 790 2986; x_wconf 88' lang='lat' dir='ltr'>Filius</span> <span class='ocrx_word' id='word_1_320' title='bbox 840 2929 1394 2985; x_wconf 85' lang='lat' dir='ltr'>inconsummatam</span> <span class='ocrx_word' id='word_1_321' title='bbox 1426 2926 1813 2995; x_wconf 83' lang='lat' dir='ltr'>creationem,</span> <span class='ocrx_word' id='word_1_322' title='bbox 1848 2927 1961 2982; x_wconf 91' lang='lat' dir='ltr'>nisi</span> <span class='ocrx_word' id='word_1_323' title='bbox 1987 2944 2023 2984; x_wconf 89' lang='lat' dir='ltr'>a</span> <span class='ocrx_word' id='word_1_324' title='bbox 2049 2927 2270 3000; x_wconf 86' lang='lat' dir='ltr'>Spiritu</span> 
     </span>
    </p>
   </div>
   <div class='ocr_carea' id='block_1_48' title="bbox 607 3013 2271 3092">
    <p class='ocr_par' dir='ltr' id='par_1_48' title="bbox 607 3013 2271 3092">
     <span class='ocr_line' id='line_1_48' title="bbox 607 3013 2271 3092; baseline -0.002 -17"><span class='ocrx_word' id='word_1_325' title='bbox 607 3019 972 3092; x_wconf 76' lang='lat' dir='ltr'>perficiatur.</span> <span class='ocrx_word' id='word_1_326' title='bbox 1007 3019 1126 3073; x_wconf 87' lang='lat' dir='ltr'>Hoc</span> <span class='ocrx_word' id='word_1_327' title='bbox 1170 3017 1331 3072; x_wconf 88' lang='lat' dir='ltr'>enim</span> <span class='ocrx_word' id='word_1_328' title='bbox 1375 3013 1550 3088; x_wconf 83' lang='lat' dir='ltr'>pacto</span> <span class='ocrx_word' id='word_1_329' title='bbox 1598 3032 1708 3071; x_wconf 91' lang='lat' dir='ltr'>nec</span> <span class='ocrx_word' id='word_1_330' title='bbox 1753 3019 1925 3072; x_wconf 91' lang='lat' dir='ltr'>Pater</span> <span class='ocrx_word' id='word_1_331' title='bbox 1967 3033 2121 3088; x_wconf 88' lang='lat' dir='ltr'>opus</span> <span class='ocrx_word' id='word_1_332' title='bbox 2166 3016 2271 3072; x_wconf 85' lang='lat' dir='ltr'>ha-</span> 
     </span>
    </p>
   </div>
   <div class='ocr_carea' id='block_1_49' title="bbox 2337 1853 3944 1932">
    <p class='ocr_par' dir='ltr' id='par_1_49' title="bbox 2337 1853 3944 1932">
     <span class='ocr_line' id='line_1_49' title="bbox 2337 1853 3944 1932; baseline -0.002 -21"><span class='ocrx_word' id='word_1_333' title='bbox 2337 1855 2348 1867; x_wconf 69' lang='grc'><strong><em>⁸</em></strong></span> <span class='ocrx_word' id='word_1_334' title='bbox 2382 1862 2624 1932; x_wconf 83' lang='grc' dir='ltr'><strong>Πατέρα·</strong></span> <span class='ocrx_word' id='word_1_335' title='bbox 2669 1862 2760 1915; x_wconf 75' lang='grc' dir='ltr'>την</span> <span class='ocrx_word' id='word_1_336' title='bbox 2810 1853 3220 1932; x_wconf 66' lang='grc' dir='ltr'><strong>δημιουργικὴν,</strong></span> <span class='ocrx_word' id='word_1_337' title='bbox 3253 1861 3340 1910; x_wconf 87' lang='grc' dir='ltr'>τόν</span> <span class='ocrx_word' id='word_1_338' title='bbox 3385 1859 3502 1910; x_wconf 84' lang='grc' dir='ltr'><strong>Υίόν</strong></span> <span class='ocrx_word' id='word_1_339' title='bbox 3528 1875 3540 1888; x_wconf 88' lang='grc'><strong>·</strong></span> <span class='ocrx_word' id='word_1_340' title='bbox 3586 1862 3678 1916; x_wconf 76' lang='grc' dir='ltr'><strong>τὴν</strong></span> <span class='ocrx_word' id='word_1_341' title='bbox 3715 1857 3944 1910; x_wconf 74' lang='grc' dir='ltr'><strong>τελειωτι-</strong></span> 
     </span>
    </p>
   </div>
   <div class='ocr_carea' id='block_1_50' title="bbox 2379 1944 3948 2022">
    <p class='ocr_par' dir='ltr' id='par_1_50' title="bbox 2379 1944 3948 2022">
     <span class='ocr_line' id='line_1_50' title="bbox 2379 1944 3948 2022; baseline -0.001 -23"><span class='ocrx_word' id='word_1_342' title='bbox 2379 1953 2496 2015; x_wconf 68' lang='grc' dir='ltr'><strong>κήν,</strong></span> <span class='ocrx_word' id='word_1_343' title='bbox 2525 1951 2583 1999; x_wconf 89' lang='grc' dir='ltr'>τό</span> <span class='ocrx_word' id='word_1_344' title='bbox 2613 1954 2856 2018; x_wconf 70' lang='grc' dir='ltr'><strong>Πνεῦμα·</strong></span> <span class='ocrx_word' id='word_1_345' title='bbox 2900 1949 3033 1998; x_wconf 81' lang='grc' dir='ltr'><strong>ὥστε</strong></span> <span class='ocrx_word' id='word_1_346' title='bbox 3060 1944 3358 2019; x_wconf 73' lang='grc' dir='ltr'><strong>βουλήματι</strong></span> <span class='ocrx_word' id='word_1_347' title='bbox 3404 1950 3494 2021; x_wconf 76' lang='grc' dir='ltr'>μεν</span> <span class='ocrx_word' id='word_1_348' title='bbox 3535 1955 3624 2000; x_wconf 77' lang='grc' dir='ltr'><strong>τοῦ</strong></span> <span class='ocrx_word' id='word_1_349' title='bbox 3674 1951 3861 2022; x_wconf 83' lang='grc' dir='ltr'><strong>Πατρός</strong></span> <span class='ocrx_word' id='word_1_350' title='bbox 3895 1950 3948 1998; x_wconf 84' lang='grc' dir='ltr'><strong>τὰ</strong></span> 
     </span>
    </p>
   </div>
   <div class='ocr_carea' id='block_1_51' title="bbox 2379 2034 3947 2110">
    <p class='ocr_par' dir='ltr' id='par_1_51' title="bbox 2379 2034 3947 2110">
     <span class='ocr_line' id='line_1_51' title="bbox 2379 2034 3947 2110; baseline -0.002 -21"><span class='ocrx_word' id='word_1_351' title='bbox 2379 2037 2711 2109; x_wconf 74' lang='grc' dir='ltr'><strong>λειτουργικὰ</strong></span> <span class='ocrx_word' id='word_1_352' title='bbox 2774 2038 3044 2108; x_wconf 74' lang='grc' dir='ltr'><strong>πνεύματα</strong></span> <span class='ocrx_word' id='word_1_353' title='bbox 3107 2037 3386 2110; x_wconf 73' lang='grc' dir='ltr'><strong>ὑπάρχειν,</strong></span> <span class='ocrx_word' id='word_1_354' title='bbox 3456 2037 3680 2110; x_wconf 73' lang='grc' dir='ltr'><strong>ἐνεργείᾳ</strong></span> <span class='ocrx_word' id='word_1_355' title='bbox 3739 2034 3792 2089; x_wconf 75' lang='grc' dir='ltr'><strong>δε</strong></span> <span class='ocrx_word' id='word_1_356' title='bbox 3844 2038 3947 2088; x_wconf 76' lang='grc' dir='ltr'>1⁸ὶοὺ</span> 
     </span>
    </p>
   </div>
   <div class='ocr_carea' id='block_1_52' title="bbox 2381 2123 3949 2201">
    <p class='ocr_par' dir='ltr' id='par_1_52' title="bbox 2381 2123 3949 2201">
     <span class='ocr_line' id='line_1_52' title="bbox 2381 2123 3949 2201; baseline -0.003 -22"><span class='ocrx_word' id='word_1_357' title='bbox 2381 2128 2452 2188; x_wconf 81' lang='grc' dir='ltr'>εἰς</span> <span class='ocrx_word' id='word_1_358' title='bbox 2497 2130 2554 2178; x_wconf 88' lang='grc' dir='ltr'><strong>τὸ</strong></span> <span class='ocrx_word' id='word_1_359' title='bbox 2601 2123 2729 2178; x_wconf 84' lang='grc' dir='ltr'><strong>εἶναι</strong></span> <span class='ocrx_word' id='word_1_360' title='bbox 2773 2127 3122 2198; x_wconf 70' lang='grc' dir='ltr'><strong>παράγεσθαι,</strong></span> <span class='ocrx_word' id='word_1_361' title='bbox 3150 2131 3419 2201; x_wconf 82' lang='grc' dir='ltr'><strong>παρουσίᾳ</strong></span> <span class='ocrx_word' id='word_1_362' title='bbox 3460 2123 3520 2179; x_wconf 72' lang='grc' dir='ltr'><strong>δε</strong></span> <span class='ocrx_word' id='word_1_363' title='bbox 3550 2133 3640 2179; x_wconf 76' lang='grc' dir='ltr'><strong>τοῦ</strong></span> <span class='ocrx_word' id='word_1_364' title='bbox 3686 2128 3949 2197; x_wconf 75' lang='grc' dir='ltr'><strong>Πνεύματος</strong></span> 
     </span>
    </p>
   </div>
   <div class='ocr_carea' id='block_1_53' title="bbox 2380 2213 3946 2288">
    <p class='ocr_par' dir='ltr' id='par_1_53' title="bbox 2380 2213 3946 2288">
     <span class='ocr_line' id='line_1_53' title="bbox 2380 2213 3946 2288; baseline 0 -18"><span class='ocrx_word' id='word_1_365' title='bbox 2380 2217 2728 2272; x_wconf 71' lang='grc' dir='ltr'><strong>τελειοῦσθαι.</strong></span> <span class='ocrx_word' id='word_1_366' title='bbox 2785 2215 3058 2278; x_wconf 73' lang='grc' dir='ltr'><strong>Τελείωσις</strong></span> <span class='ocrx_word' id='word_1_367' title='bbox 3107 2213 3166 2267; x_wconf 66' lang='grc' dir='ltr'><strong>δι</strong></span> <span class='ocrx_word' id='word_1_368' title='bbox 3216 2215 3445 2288; x_wconf 76' lang='grc' dir='ltr'><strong>ἀγγέλων</strong></span> <span class='ocrx_word' id='word_1_369' title='bbox 3497 2217 3758 2288; x_wconf 74' lang='grc' dir='ltr'><strong>ἁγιασμὸς</strong></span> <span class='ocrx_word' id='word_1_370' title='bbox 3804 2220 3880 2266; x_wconf 79' lang='grc' dir='ltr'>καὶ</span> <span class='ocrx_word' id='word_1_371' title='bbox 3924 2216 3946 2270; x_wconf 73' lang='grc' dir='ltr'><strong>ἡ</strong></span> 
     </span>
    </p>
   </div>
   <div class='ocr_carea' id='block_1_54' title="bbox 2382 2302 3950 2378">
    <p class='ocr_par' dir='ltr' id='par_1_54' title="bbox 2382 2302 3950 2378">
     <span class='ocr_line' id='line_1_54' title="bbox 2382 2302 3950 2378; baseline -0.005 -18"><span class='ocrx_word' id='word_1_372' title='bbox 2382 2307 2430 2360; x_wconf 80' lang='grc' dir='ltr'><strong>ἐν</strong></span> <span class='ocrx_word' id='word_1_373' title='bbox 2482 2309 2646 2378; x_wconf 73' lang='grc' dir='ltr'><strong>τούτῳ</strong></span> <span class='ocrx_word' id='word_1_374' title='bbox 2706 2302 2958 2378; x_wconf 71' lang='grc' dir='ltr'><strong>διαμονή.</strong></span> <span class='ocrx_word' id='word_1_375' title='bbox 3015 2310 3115 2358; x_wconf 76' lang='grc' dir='ltr'>Καὶ</span> <span class='ocrx_word' id='word_1_376' title='bbox 3166 2303 3360 2377; x_wconf 80' lang='grc' dir='ltr'><strong>μηδεὶς</strong></span> <span class='ocrx_word' id='word_1_377' title='bbox 3411 2305 3602 2358; x_wconf 80' lang='grc' dir='ltr'><strong>οἰέσθω</strong></span> <span class='ocrx_word' id='word_1_378' title='bbox 3653 2325 3714 2377; x_wconf 82' lang='grc' dir='ltr'>με</span> <span class='ocrx_word' id='word_1_379' title='bbox 3768 2304 3794 2363; x_wconf 69' lang='grc' dir='ltr'><em>ἦ</em></span> <span class='ocrx_word' id='word_1_380' title='bbox 3841 2310 3950 2377; x_wconf 82' lang='grc' dir='ltr'><strong>τρεῖς</strong></span> 
     </span>
    </p>
   </div>
   <div class='ocr_carea' id='block_1_55' title="bbox 2383 2393 3948 2468">
    <p class='ocr_par' dir='ltr' id='par_1_55' title="bbox 2383 2393 3948 2468">
     <span class='ocr_line' id='line_1_55' title="bbox 2383 2393 3948 2468; baseline -0.004 -20"><span class='ocrx_word' id='word_1_381' title='bbox 2383 2394 2512 2448; x_wconf 86' lang='grc' dir='ltr'><strong>εἶναι</strong></span> <span class='ocrx_word' id='word_1_382' title='bbox 2566 2395 2727 2467; x_wconf 84' lang='grc' dir='ltr'><strong>λέγειν</strong></span> <span class='ocrx_word' id='word_1_383' title='bbox 2782 2393 3012 2468; x_wconf 75' lang='grc' dir='ltr'><strong>ἀρχικὰς</strong></span> <span class='ocrx_word' id='word_1_384' title='bbox 3076 2395 3411 2462; x_wconf 72' lang='grc' dir='ltr'><strong>ὑποστάσεις,</strong></span> <span class='ocrx_word' id='word_1_385' title='bbox 3476 2395 3505 2453; x_wconf 70' lang='grc' dir='ltr'><em>ἦ</em></span> <span class='ocrx_word' id='word_1_386' title='bbox 3563 2394 3706 2453; x_wconf 81' lang='grc' dir='ltr'><strong>ἀτελῆ</strong></span> <span class='ocrx_word' id='word_1_387' title='bbox 3766 2395 3948 2466; x_wconf 70' lang='grc' dir='ltr'><strong>φάσκειν</strong></span> 
     </span>
    </p>
   </div>
   <div class='ocr_carea' id='block_1_56' title="bbox 2380 2485 3948 2560">
    <p class='ocr_par' dir='ltr' id='par_1_56' title="bbox 2380 2485 3948 2560">
     <span class='ocr_line' id='line_1_56' title="bbox 2380 2485 3948 2560; baseline -0.005 -22"><span class='ocrx_word' id='word_1_388' title='bbox 2380 2492 2471 2538; x_wconf 85' lang='grc' dir='ltr'><strong>τοῦ</strong></span> <span class='ocrx_word' id='word_1_389' title='bbox 2519 2487 2642 2538; x_wconf 76' lang='grc' dir='ltr'><strong>Υίοῡ</strong></span> <span class='ocrx_word' id='word_1_390' title='bbox 2692 2489 2784 2543; x_wconf 74' lang='grc' dir='ltr'>την</span> <span class='ocrx_word' id='word_1_391' title='bbox 2837 2485 3110 2559; x_wconf 75' lang='grc' dir='ltr'><strong>ἐνέργειαν.</strong></span> <span class='ocrx_word' id='word_1_392' title='bbox 3147 2485 3318 2556; x_wconf 80' lang='grc' dir='ltr'>Ἀρχὴ</span> <span class='ocrx_word' id='word_1_393' title='bbox 3370 2487 3474 2560; x_wconf 83' lang='grc' dir='ltr'><strong>γὰρ</strong></span> <span class='ocrx_word' id='word_1_394' title='bbox 3523 2493 3624 2537; x_wconf 85' lang='grc' dir='ltr'>τῶν</span> <span class='ocrx_word' id='word_1_395' title='bbox 3665 2489 3808 2537; x_wconf 79' lang='grc' dir='ltr'><strong>ὄντων</strong></span> <span class='ocrx_word' id='word_1_396' title='bbox 3852 2487 3948 2554; x_wconf 84' lang='grc' dir='ltr'><strong>μία,</strong></span> 
     </span>
    </p>
   </div>
   <div class='ocr_carea' id='block_1_57' title="bbox 2382 2569 3942 2647">
    <p class='ocr_par' dir='ltr' id='par_1_57' title="bbox 2382 2569 3942 2647">
     <span class='ocr_line' id='line_1_57' title="bbox 2382 2569 3942 2647; baseline -0.002 -21"><span class='ocrx_word' id='word_1_397' title='bbox 2382 2570 2455 2626; x_wconf 75' lang='grc' dir='ltr'>δι’</span> <span class='ocrx_word' id='word_1_398' title='bbox 2507 2577 2627 2626; x_wconf 74' lang='grc' dir='ltr'><strong>Υίοῡ</strong></span> <span class='ocrx_word' id='word_1_399' title='bbox 2678 2569 3100 2647; x_wconf 76' lang='grc' dir='ltr'><strong>δημιουργοῦσα,</strong></span> <span class='ocrx_word' id='word_1_400' title='bbox 3151 2578 3239 2625; x_wconf 87' lang='grc' dir='ltr'>καὶ</span> <span class='ocrx_word' id='word_1_401' title='bbox 3279 2573 3551 2626; x_wconf 75' lang='grc' dir='ltr'><strong>τε&gt;.ειοῦσα</strong></span> <span class='ocrx_word' id='word_1_402' title='bbox 3592 2573 3640 2626; x_wconf 84' lang='grc' dir='ltr'><strong>ἐν</strong></span> <span class='ocrx_word' id='word_1_403' title='bbox 3689 2574 3942 2644; x_wconf 73' lang='grc' dir='ltr'><strong>Πνιυματι.</strong></span> 
     </span>
    </p>
   </div>
   <div class='ocr_carea' id='block_1_58' title="bbox 2383 2661 3948 2738">
    <p class='ocr_par' dir='ltr' id='par_1_58' title="bbox 2383 2661 3948 2738">
     <span class='ocr_line' id='line_1_58' title="bbox 2383 2661 3948 2738; baseline -0.005 -22"><span class='ocrx_word' id='word_1_404' title='bbox 2383 2668 2482 2716; x_wconf 79' lang='grc' dir='ltr'>Καὶ</span> <span class='ocrx_word' id='word_1_405' title='bbox 2539 2667 2655 2716; x_wconf 72' lang='grc' dir='ltr'><strong>οὔτε</strong></span> <span class='ocrx_word' id='word_1_406' title='bbox 2713 2667 2918 2738; x_wconf 73' lang='grc' dir='ltr'><strong>Πατὴρ,</strong></span> <span class='ocrx_word' id='word_1_407' title='bbox 2977 2663 3001 2714; x_wconf 92' lang='lat'>6</span> <span class='ocrx_word' id='word_1_408' title='bbox 3058 2665 3125 2714; x_wconf 79' lang='grc' dir='ltr'>τὰ</span> <span class='ocrx_word' id='word_1_409' title='bbox 3177 2665 3346 2715; x_wconf 80' lang='grc' dir='ltr'><strong>πάντα</strong></span> <span class='ocrx_word' id='word_1_410' title='bbox 3411 2662 3464 2715; x_wconf 81' lang='grc' dir='ltr'><strong>ἐν</strong></span> <span class='ocrx_word' id='word_1_411' title='bbox 3521 2669 3680 2715; x_wconf 84' lang='grc' dir='ltr'><strong>πᾶσιν</strong></span> <span class='ocrx_word' id='word_1_412' title='bbox 3745 2661 3948 2733; x_wconf 79' lang='grc' dir='ltr'><strong>ἐνεργῶν,</strong></span> 
     </span>
    </p>
   </div>
   <div class='ocr_carea' id='block_1_59' title="bbox 2381 2744 3951 2826">
    <p class='ocr_par' dir='ltr' id='par_1_59' title="bbox 2381 2744 3951 2826">
     <span class='ocr_line' id='line_1_59' title="bbox 2381 2744 3951 2826; baseline -0.001 -21"><span class='ocrx_word' id='word_1_413' title='bbox 2381 2751 2532 2811; x_wconf 72' lang='grc' dir='ltr'><strong>ἀτελῆ</strong></span> <span class='ocrx_word' id='word_1_414' title='bbox 2586 2755 2699 2824; x_wconf 76' lang='grc' dir='ltr'><strong>ἔχει</strong></span> <span class='ocrx_word' id='word_1_415' title='bbox 2745 2757 2836 2811; x_wconf 73' lang='grc' dir='ltr'><strong>τὴν</strong></span> <span class='ocrx_word' id='word_1_416' title='bbox 2878 2753 3128 2826; x_wconf 79' lang='grc' dir='ltr'><strong>ἐνέργειαν</strong></span> <span class='ocrx_word' id='word_1_417' title='bbox 3155 2769 3167 2780; x_wconf 72' lang='grc' dir='ltr'><strong>ο</strong></span> <span class='ocrx_word' id='word_1_418' title='bbox 3201 2755 3318 2804; x_wconf 70' lang='grc' dir='ltr'><strong>οὔτε</strong></span> <span class='ocrx_word' id='word_1_419' title='bbox 3361 2755 3485 2815; x_wconf 75' lang='grc' dir='ltr'><strong>Υἱός</strong></span> <span class='ocrx_word' id='word_1_420' title='bbox 3536 2751 3708 2811; x_wconf 60' lang='grc' dir='ltr'><strong>ἃλιπῆ</strong></span> <span class='ocrx_word' id='word_1_421' title='bbox 3758 2754 3844 2808; x_wconf 74' lang='grc' dir='ltr'><strong>τὴν</strong></span> <span class='ocrx_word' id='word_1_422' title='bbox 3871 2744 3951 2804; x_wconf 76' lang='grc' dir='ltr'><strong>δη·</strong></span> 
     </span>
    </p>
   </div>
   <div class='ocr_carea' id='block_1_60' title="bbox 2379 2841 3949 2917">
    <p class='ocr_par' dir='ltr' id='par_1_60' title="bbox 2379 2841 3949 2917">
     <span class='ocr_line' id='line_1_60' title="bbox 2379 2841 3949 2917; baseline -0.004 -22"><span class='ocrx_word' id='word_1_423' title='bbox 2379 2847 2678 2917; x_wconf 86' lang='grc' dir='ltr'><strong>μιουργίαν,</strong></span> <span class='ocrx_word' id='word_1_424' title='bbox 2748 2846 2819 2915; x_wconf 81' lang='grc' dir='ltr'><strong>μὴ</strong></span> <span class='ocrx_word' id='word_1_425' title='bbox 2884 2841 3237 2912; x_wconf 78' lang='grc' dir='ltr'><strong>τε).ειουμένην</strong></span> <span class='ocrx_word' id='word_1_426' title='bbox 3303 2844 3452 2915; x_wconf 86' lang='grc' dir='ltr'>παρά</span> <span class='ocrx_word' id='word_1_427' title='bbox 3511 2849 3604 2895; x_wconf 83' lang='grc' dir='ltr'><strong>τοῦ</strong></span> <span class='ocrx_word' id='word_1_428' title='bbox 3671 2843 3949 2912; x_wconf 75' lang='grc' dir='ltr'><strong>Πνευματος.</strong></span> 
     </span>
    </p>
   </div>
   <div class='ocr_carea' id='block_1_61' title="bbox 2381 2927 3954 3006">
    <p class='ocr_par' dir='ltr' id='par_1_61' title="bbox 2381 2927 3954 3006">
     <span class='ocr_line' id='line_1_61' title="bbox 2381 2927 3954 3006; baseline -0.003 -24"><span class='ocrx_word' id='word_1_429' title='bbox 2381 2934 2532 2984; x_wconf 73' lang='grc' dir='ltr'><strong>Οὖτῶ</strong></span> <span class='ocrx_word' id='word_1_430' title='bbox 2575 2935 2672 3006; x_wconf 81' lang='grc' dir='ltr'><strong>γὰρ</strong></span> <span class='ocrx_word' id='word_1_431' title='bbox 2728 2931 2788 2982; x_wconf 79' lang='grc' dir='ltr'><strong>ἂν</strong></span> <span class='ocrx_word' id='word_1_432' title='bbox 2838 2935 3190 3006; x_wconf 70' lang='grc' dir='ltr'><strong>οὗτε-Πατὴρ</strong></span> <span class='ocrx_word' id='word_1_433' title='bbox 3245 2927 3603 3005; x_wconf 80' lang='grc' dir='ltr'><strong>προσδεηθείη</strong></span> <span class='ocrx_word' id='word_1_434' title='bbox 3655 2934 3794 2999; x_wconf 85' lang='grc' dir='ltr'><strong>Υίου,</strong></span> <span class='ocrx_word' id='word_1_435' title='bbox 3840 2930 3954 3001; x_wconf 78' lang='grc' dir='ltr'><strong>μόνῳ</strong></span> 
     </span>
    </p>
   </div>
   <div class='ocr_carea' id='block_1_62' title="bbox 2378 3017 3954 3094">
    <p class='ocr_par' dir='ltr' id='par_1_62' title="bbox 2378 3017 3954 3094">
     <span class='ocr_line' id='line_1_62' title="bbox 2378 3017 3954 3094; baseline -0.005 -20"><span class='ocrx_word' id='word_1_436' title='bbox 2378 3031 2448 3092; x_wconf 78' lang='grc' dir='ltr'><strong>τῷ</strong></span> <span class='ocrx_word' id='word_1_437' title='bbox 2495 3021 2650 3074; x_wconf 78' lang='grc' dir='ltr'><strong>Θέλειν</strong></span> <span class='ocrx_word' id='word_1_438' title='bbox 2683 3017 3042 3094; x_wconf 72' lang='grc' dir='ltr'><strong>δημιουργῶν,</strong></span> <span class='ocrx_word' id='word_1_439' title='bbox 3077 3019 3186 3072; x_wconf 67' lang='grc' dir='ltr'>ἀλλ’</span> <span class='ocrx_word' id='word_1_440' title='bbox 3218 3022 3358 3093; x_wconf 83' lang='grc' dir='ltr'><strong>ὅμως</strong></span> <span class='ocrx_word' id='word_1_441' title='bbox 3401 3021 3539 3074; x_wconf 63' lang='grc' dir='ltr'><strong>θέλει</strong></span> <span class='ocrx_word' id='word_1_442' title='bbox 3566 3022 3644 3092; x_wconf 82' lang='grc'>(6)</span> <span class='ocrx_word' id='word_1_443' title='bbox 3680 3018 3769 3073; x_wconf 76' lang='grc' dir='ltr'>διὰ</span> <span class='ocrx_word' id='word_1_444' title='bbox 3812 3020 3916 3070; x_wconf 79' lang='grc' dir='ltr'><strong>Υίου</strong></span> <span class='ocrx_word' id='word_1_445' title='bbox 3943 3035 3954 3046; x_wconf 83' lang='lat'><strong><em>°</em></strong></span> 
     </span>
    </p>
   </div>
   <div class='ocr_carea' id='block_1_63' title="bbox 609 3105 2269 3195">
    <p class='ocr_par' dir='ltr' id='par_1_63' title="bbox 609 3106 2267 3179">
     <span class='ocr_line' id='line_1_63' title="bbox 609 3106 2267 3179; baseline -0.001 -13"><span class='ocrx_word' id='word_1_446' title='bbox 609 3109 777 3166; x_wconf 90' lang='lat' dir='ltr'>bebit</span> <span class='ocrx_word' id='word_1_447' title='bbox 823 3107 987 3179; x_wconf 89' lang='lat' dir='ltr'>Filio,</span> <span class='ocrx_word' id='word_1_448' title='bbox 1023 3107 1151 3163; x_wconf 91' lang='lat' dir='ltr'>sola</span> <span class='ocrx_word' id='word_1_449' title='bbox 1193 3106 1506 3162; x_wconf 74' lang='lat' dir='ltr'>voluntate</span> <span class='ocrx_word' id='word_1_450' title='bbox 1552 3122 1764 3162; x_wconf 84' lang='lat' dir='ltr'>creans</span> <span class='ocrx_word' id='word_1_451' title='bbox 1792 3125 1804 3174; x_wconf 90' lang='lat'>;</span> <span class='ocrx_word' id='word_1_452' title='bbox 1837 3108 1952 3178; x_wconf 79' lang='lat'><strong>32</strong></span> <span class='ocrx_word' id='word_1_453' title='bbox 2003 3112 2267 3164; x_wconf 89' lang='lat' dir='ltr'>attamen</span> 
     </span>
    </p>
   </div>
   <div class='ocr_carea' id='block_1_64' title="bbox 2379 3105 3957 3195">
    <p class='ocr_par' dir='ltr' id='par_1_64' title="bbox 2381 3105 3957 3185">
     <span class='ocr_line' id='line_1_64' title="bbox 2381 3105 3957 3185; baseline -0.004 -23"><span class='ocrx_word' id='word_1_454' title='bbox 2381 3111 2487 3162; x_wconf 66' lang='grc' dir='ltr'><strong>σῦς-⁸</strong></span> <span class='ocrx_word' id='word_1_455' title='bbox 2537 3110 2597 3162; x_wconf 76' lang='grc' dir='ltr'><strong>ἂν</strong></span> <span class='ocrx_word' id='word_1_456' title='bbox 2653 3115 2924 3185; x_wconf 81' lang='grc' dir='ltr'><strong>συνεργίας</strong></span> <span class='ocrx_word' id='word_1_457' title='bbox 2967 3112 3046 3179; x_wconf 79' lang='grc'>(7)</span> <span class='ocrx_word' id='word_1_458' title='bbox 3099 3105 3484 3184; x_wconf 82' lang='grc' dir='ltr'><strong>προσδεηθείη,</strong></span> <span class='ocrx_word' id='word_1_459' title='bbox 3536 3110 3652 3163; x_wconf 79' lang='grc' dir='ltr'><strong>καθ’</strong></span> <span class='ocrx_word' id='word_1_460' title='bbox 3705 3110 3957 3182; x_wconf 78' lang='grc' dir='ltr'><strong>ὁμοιότητα</strong></span> 
     </span>
    </p>
   </div>
   <div class='ocr_carea' id='block_1_65' title="bbox 607 3195 2270 3269">
    <p class='ocr_par' dir='ltr' id='par_1_65' title="bbox 607 3195 2270 3269">
     <span class='ocr_line' id='line_1_65' title="bbox 607 3195 2270 3269; baseline -0.001 -14"><span class='ocrx_word' id='word_1_461' title='bbox 607 3199 732 3256; x_wconf 85' lang='lat' dir='ltr'>vult</span> <span class='ocrx_word' id='word_1_462' title='bbox 759 3213 962 3254; x_wconf 89' lang='lat' dir='ltr'>creare</span> <span class='ocrx_word' id='word_1_463' title='bbox 1011 3213 1118 3269; x_wconf 89' lang='lat' dir='ltr'>per</span> <span class='ocrx_word' id='word_1_464' title='bbox 1150 3196 1380 3251; x_wconf 80' lang='lat' dir='ltr'>Filium.</span> <span class='ocrx_word' id='word_1_465' title='bbox 1416 3198 1616 3267; x_wconf 75' lang='lat' dir='ltr'>Neque</span> <span class='ocrx_word' id='word_1_466' title='bbox 1665 3195 1842 3251; x_wconf 89' lang='lat' dir='ltr'>Filius</span> <span class='ocrx_word' id='word_1_467' title='bbox 1874 3197 2072 3266; x_wconf 84' lang='lat' dir='ltr'>egebit</span> <span class='ocrx_word' id='word_1_468' title='bbox 2105 3197 2270 3253; x_wconf 80' lang='lat' dir='ltr'>auxi-</span> 
     </span>
    </p>
   </div>
   <div class='ocr_carea' id='block_1_66' title="bbox 605 3283 2269 3359">
    <p class='ocr_par' dir='ltr' id='par_1_66' title="bbox 605 3283 2269 3359">
     <span class='ocr_line' id='line_1_66' title="bbox 605 3283 2269 3359; baseline -0.001 -15"><span class='ocrx_word' id='word_1_469' title='bbox 605 3288 923 3359; x_wconf 83' lang='lat' dir='ltr'>lio,-juxta</span> <span class='ocrx_word' id='word_1_470' title='bbox 980 3285 1165 3342; x_wconf 89' lang='lat' dir='ltr'>Patris</span> <span class='ocrx_word' id='word_1_471' title='bbox 1213 3283 1667 3340; x_wconf 89' lang='lat' dir='ltr'>similitudinem</span> <span class='ocrx_word' id='word_1_472' title='bbox 1721 3301 2001 3357; x_wconf 87' lang='lat' dir='ltr'>operans,</span> <span class='ocrx_word' id='word_1_473' title='bbox 2050 3286 2157 3342; x_wconf 88' lang='lat' dir='ltr'>sed</span> <span class='ocrx_word' id='word_1_474' title='bbox 2213 3293 2269 3343; x_wconf 91' lang='lat' dir='ltr'>et</span> 
     </span>
    </p>
   </div>
   <div class='ocr_carea' id='block_1_67' title="bbox 610 3374 2270 3446">
    <p class='ocr_par' dir='ltr' id='par_1_67' title="bbox 610 3374 2270 3446">
     <span class='ocr_line' id='line_1_67' title="bbox 610 3374 2270 3446; baseline -0.001 -13"><span class='ocrx_word' id='word_1_475' title='bbox 610 3377 786 3434; x_wconf 82' lang='lat' dir='ltr'>Filius</span> <span class='ocrx_word' id='word_1_476' title='bbox 812 3375 939 3430; x_wconf 87' lang='lat' dir='ltr'>vult</span> <span class='ocrx_word' id='word_1_477' title='bbox 962 3391 1067 3446; x_wconf 90' lang='lat' dir='ltr'>per</span> <span class='ocrx_word' id='word_1_478' title='bbox 1097 3374 1382 3445; x_wconf 82' lang='lat' dir='ltr'>Spiritum</span> <span class='ocrx_word' id='word_1_479' title='bbox 1405 3374 1691 3446; x_wconf 85' lang='lat' dir='ltr'>perlicere</span> <span class='ocrx_word' id='word_1_480' title='bbox 1716 3393 1728 3430; x_wconf 91' lang='lat'><strong>:</strong></span> <span class='ocrx_word' id='word_1_481' title='bbox 1763 3391 1903 3431; x_wconf 88' lang='lat' dir='ltr'>nam</span> <span class='ocrx_word' id='word_1_482' title='bbox 1943 3377 2127 3432; x_wconf 80' lang='lat' dir='ltr'>Verbo</span> <span class='ocrx_word' id='word_1_483' title='bbox 2158 3379 2270 3432; x_wconf 87' lang='lat' dir='ltr'>Do-</span> 
     </span>
    </p>
   </div>
   <div class='ocr_carea' id='block_1_68' title="bbox 606 3464 2268 3535">
    <p class='ocr_par' dir='ltr' id='par_1_68' title="bbox 606 3464 2268 3535">
     <span class='ocr_line' id='line_1_68' title="bbox 606 3464 2268 3535; baseline 0.001 -14"><span class='ocrx_word' id='word_1_484' title='bbox 606 3467 758 3522; x_wconf 83' lang='lat' dir='ltr'>mim’</span> <span class='ocrx_word' id='word_1_485' title='bbox 785 3465 924 3520; x_wconf 75' lang='lat' dir='ltr'>caeli</span> <span class='ocrx_word' id='word_1_486' title='bbox 946 3465 1183 3532; x_wconf 77' lang='lat' dir='ltr'>ﬁrmati</span> <span class='ocrx_word' id='word_1_487' title='bbox 1211 3469 1374 3530; x_wconf 83' lang='lat' dir='ltr'>sunt,</span> <span class='ocrx_word' id='word_1_488' title='bbox 1407 3469 1462 3519; x_wconf 83' lang='lat' dir='ltr'>et</span> <span class='ocrx_word' id='word_1_489' title='bbox 1503 3464 1736 3532; x_wconf 79' lang='lat' dir='ltr'>Spiritu</span> <span class='ocrx_word' id='word_1_490' title='bbox 1768 3467 1891 3520; x_wconf 76' lang='lat' dir='ltr'>oris</span> <span class='ocrx_word' id='word_1_491' title='bbox 1922 3468 2050 3535; x_wconf 83' lang='lat' dir='ltr'>ejus</span> <span class='ocrx_word' id='word_1_492' title='bbox 2080 3469 2268 3523; x_wconf 82' lang='lat' dir='ltr'>omnis</span> 
     </span>
    </p>
   </div>
   <div class='ocr_carea' id='block_1_69' title="bbox 608 3553 2269 3625">
    <p class='ocr_par' dir='ltr' id='par_1_69' title="bbox 608 3553 2269 3625">
     <span class='ocr_line' id='line_1_69' title="bbox 608 3553 2269 3625; baseline 0 -13"><span class='ocrx_word' id='word_1_493' title='bbox 608 3556 803 3612; x_wconf 75' lang='lat' dir='ltr'>virtu:</span> <span class='ocrx_word' id='word_1_494' title='bbox 833 3569 1037 3610; x_wconf 79' lang='lat' dir='ltr'>eorum</span> <span class='ocrx_word' id='word_1_495' title='bbox 1060 3554 1129 3608; x_wconf 77' lang='grc'>⁵⁵.</span> <span class='ocrx_word' id='word_1_496' title='bbox 1166 3555 1370 3624; x_wconf 83' lang='lat' dir='ltr'>Itaque</span> <span class='ocrx_word' id='word_1_497' title='bbox 1403 3568 1512 3608; x_wconf 92' lang='lat' dir='ltr'>nec</span> <span class='ocrx_word' id='word_1_498' title='bbox 1545 3553 1803 3608; x_wconf 84' lang='lat' dir='ltr'>Verbum</span> <span class='ocrx_word' id='word_1_499' title='bbox 1835 3561 1925 3610; x_wconf 91' lang='lat' dir='ltr'>est</span> <span class='ocrx_word' id='word_1_500' title='bbox 1969 3555 2269 3625; x_wconf 78' lang='lat' dir='ltr'>signiﬁca-</span> 
     </span>
    </p>
   </div>
   <div class='ocr_carea' id='block_1_70' title="bbox 606 3641 2262 3717">
    <p class='ocr_par' dir='ltr' id='par_1_70' title="bbox 606 3641 2262 3717">
     <span class='ocr_line' id='line_1_70' title="bbox 606 3641 2262 3717; baseline 0.001 -17"><span class='ocrx_word' id='word_1_501' title='bbox 606 3644 730 3700; x_wconf 89' lang='lat' dir='ltr'>tiva</span> <span class='ocrx_word' id='word_1_502' title='bbox 751 3643 904 3700; x_wconf 89' lang='lat' dir='ltr'>aeris</span> <span class='ocrx_word' id='word_1_503' title='bbox 932 3641 1244 3715; x_wconf 89' lang='lat' dir='ltr'>percussio</span> <span class='ocrx_word' id='word_1_504' title='bbox 1265 3658 1374 3714; x_wconf 89' lang='lat' dir='ltr'>per</span> <span class='ocrx_word' id='word_1_505' title='bbox 1397 3641 1559 3698; x_wconf 86' lang='lat' dir='ltr'>vocis</span> <span class='ocrx_word' id='word_1_506' title='bbox 1578 3644 1975 3700; x_wconf 89' lang='lat' dir='ltr'>instrumenta</span> <span class='ocrx_word' id='word_1_507' title='bbox 2002 3645 2262 3717; x_wconf 87' lang='lat' dir='ltr'>prolata:</span> 
     </span>
    </p>
   </div>
   <div class='ocr_carea' id='block_1_71' title="bbox 607 3729 2267 3806">
    <p class='ocr_par' dir='ltr' id='par_1_71' title="bbox 607 3729 2267 3806">
     <span class='ocr_line' id='line_1_71' title="bbox 607 3729 2267 3806; baseline 0.001 -17"><span class='ocrx_word' id='word_1_508' title='bbox 607 3749 718 3789; x_wconf 92' lang='lat' dir='ltr'>ncc</span> <span class='ocrx_word' id='word_1_509' title='bbox 775 3732 1026 3804; x_wconf 85' lang='lat' dir='ltr'>Spiritus</span> <span class='ocrx_word' id='word_1_510' title='bbox 1084 3731 1204 3786; x_wconf 89' lang='lat' dir='ltr'>oris</span> <span class='ocrx_word' id='word_1_511' title='bbox 1260 3729 1481 3786; x_wconf 83' lang='lat' dir='ltr'>halitus</span> <span class='ocrx_word' id='word_1_512' title='bbox 1539 3732 1814 3803; x_wconf 88' lang='lat' dir='ltr'>partibus</span> <span class='ocrx_word' id='word_1_513' title='bbox 1868 3735 2267 3806; x_wconf 86' lang='lat' dir='ltr'>respiratoriis</span> 
     </span>
    </p>
   </div>
   <div class='ocr_carea' id='block_1_72' title="bbox 607 3820 2271 3896">
    <p class='ocr_par' dir='ltr' id='par_1_72' title="bbox 607 3820 2271 3896">
     <span class='ocr_line' id='line_1_72' title="bbox 607 3820 2271 3896; baseline 0.002 -18"><span class='ocrx_word' id='word_1_514' title='bbox 607 3823 881 3878; x_wconf 83' lang='lat' dir='ltr'>etﬂatus:</span> <span class='ocrx_word' id='word_1_515' title='bbox 917 3820 1024 3876; x_wconf 88' lang='lat' dir='ltr'>sed</span> <span class='ocrx_word' id='word_1_516' title='bbox 1057 3820 1316 3877; x_wconf 85' lang='lat' dir='ltr'>Verbum</span> <span class='ocrx_word' id='word_1_517' title='bbox 1347 3825 1438 3876; x_wconf 89' lang='lat' dir='ltr'>est</span> <span class='ocrx_word' id='word_1_518' title='bbox 1481 3821 1649 3892; x_wconf 87' lang='lat' dir='ltr'>quod</span> <span class='ocrx_word' id='word_1_519' title='bbox 1690 3821 1749 3877; x_wconf 91' lang='lat' dir='ltr'>in</span> <span class='ocrx_word' id='word_1_520' title='bbox 1795 3823 2090 3896; x_wconf 86' lang='lat' dir='ltr'>principio</span> <span class='ocrx_word' id='word_1_521' title='bbox 2142 3830 2271 3881; x_wconf 88' lang='lat' dir='ltr'>erat</span> 
     </span>
    </p>
   </div>
   <div class='ocr_carea' id='block_1_73' title="bbox 608 3911 2268 3984">
    <p class='ocr_par' dir='ltr' id='par_1_73' title="bbox 608 3911 2268 3984">
     <span class='ocr_line' id='line_1_73' title="bbox 608 3911 2268 3984; baseline 0.002 -17"><span class='ocrx_word' id='word_1_522' title='bbox 608 3911 772 3984; x_wconf 88' lang='lat' dir='ltr'>apud</span> <span class='ocrx_word' id='word_1_523' title='bbox 816 3913 1028 3977; x_wconf 90' lang='lat' dir='ltr'>Deum,</span> <span class='ocrx_word' id='word_1_524' title='bbox 1061 3915 1118 3965; x_wconf 88' lang='lat' dir='ltr'>et</span> <span class='ocrx_word' id='word_1_525' title='bbox 1164 3913 1316 3965; x_wconf 89' lang='lat' dir='ltr'>Deus</span> <span class='ocrx_word' id='word_1_526' title='bbox 1348 3915 1477 3966; x_wconf 89' lang='lat' dir='ltr'>erat</span> <span class='ocrx_word' id='word_1_527' title='bbox 1497 3913 1564 3968; x_wconf 71' lang='lat'>5°.</span> <span class='ocrx_word' id='word_1_528' title='bbox 1601 3911 1853 3983; x_wconf 89' lang='lat' dir='ltr'>Spiritus</span> <span class='ocrx_word' id='word_1_529' title='bbox 1896 3919 2098 3970; x_wconf 88' lang='lat' dir='ltr'>autem</span> <span class='ocrx_word' id='word_1_530' title='bbox 2148 3915 2268 3970; x_wconf 91' lang='lat' dir='ltr'>oris</span> 
     </span>
    </p>
   </div>
   <div class='ocr_carea' id='block_1_74' title="bbox 607 3999 2265 4074">
    <p class='ocr_par' dir='ltr' id='par_1_74' title="bbox 607 3999 2265 4074">
     <span class='ocr_line' id='line_1_74' title="bbox 607 3999 2265 4074; baseline 0.004 -20"><span class='ocrx_word' id='word_1_531' title='bbox 607 4000 729 4068; x_wconf 90' lang='lat' dir='ltr'>Dei,</span> <span class='ocrx_word' id='word_1_532' title='bbox 759 3999 1010 4071; x_wconf 90' lang='lat' dir='ltr'>Spiritus</span> <span class='ocrx_word' id='word_1_533' title='bbox 1042 4004 1130 4054; x_wconf 90' lang='lat' dir='ltr'>est</span> <span class='ocrx_word' id='word_1_534' title='bbox 1174 3999 1460 4069; x_wconf 87' lang='lat' dir='ltr'>veritatis,</span> <span class='ocrx_word' id='word_1_535' title='bbox 1497 4000 1663 4072; x_wconf 89' lang='lat' dir='ltr'>quia</span> <span class='ocrx_word' id='word_1_536' title='bbox 1694 4004 1860 4057; x_wconf 86' lang='lat' dir='ltr'>Patre</span> <span class='ocrx_word' id='word_1_537' title='bbox 1906 4003 2176 4074; x_wconf 88' lang='lat' dir='ltr'>procedit</span> <span class='ocrx_word' id='word_1_538' title='bbox 2196 4007 2265 4061; x_wconf 69' lang='lat'>57.</span> 
     </span>
    </p>
   </div>
   <div class='ocr_carea' id='block_1_75' title="bbox 609 4087 2264 4161">
    <p class='ocr_par' dir='ltr' id='par_1_75' title="bbox 609 4087 2264 4161">
     <span class='ocr_line' id='line_1_75' title="bbox 609 4087 2264 4161; baseline 0.003 -16"><span class='ocrx_word' id='word_1_539' title='bbox 609 4093 814 4161; x_wconf 82' lang='lat' dir='ltr'>Itaque</span> <span class='ocrx_word' id='word_1_540' title='bbox 881 4088 994 4144; x_wconf 89' lang='lat' dir='ltr'>tria</span> <span class='ocrx_word' id='word_1_541' title='bbox 1055 4087 1376 4157; x_wconf 81' lang='lat' dir='ltr'>intelligis,</span> <span class='ocrx_word' id='word_1_542' title='bbox 1433 4089 1833 4146; x_wconf 88' lang='lat' dir='ltr'>mandantem</span> <span class='ocrx_word' id='word_1_543' title='bbox 1902 4093 2264 4160; x_wconf 83' lang='lat' dir='ltr'>Dominum,</span> 
     </span>
    </p>
   </div>
   <div class='ocr_carea' id='block_1_76' title="bbox 607 4175 2267 4253">
    <p class='ocr_par' dir='ltr' id='par_1_76' title="bbox 607 4175 2267 4253">
     <span class='ocr_line' id='line_1_76' title="bbox 607 4175 2267 4253; baseline 0.004 -19"><span class='ocrx_word' id='word_1_544' title='bbox 607 4193 818 4235; x_wconf 87' lang='lat' dir='ltr'>creans</span> <span class='ocrx_word' id='word_1_545' title='bbox 850 4175 1134 4242; x_wconf 85' lang='lat' dir='ltr'>Verbum,</span> <span class='ocrx_word' id='word_1_546' title='bbox 1165 4181 1222 4233; x_wconf 88' lang='lat' dir='ltr'>et</span> <span class='ocrx_word' id='word_1_547' title='bbox 1267 4177 1732 4236; x_wconf 80' lang='lat' dir='ltr'>confirmantem</span> <span class='ocrx_word' id='word_1_548' title='bbox 1783 4182 2090 4253; x_wconf 85' lang='lat' dir='ltr'>Spiritum.</span> <span class='ocrx_word' id='word_1_549' title='bbox 2124 4185 2267 4249; x_wconf 70' lang='lat' dir='ltr'>Quze</span> 
     </span>
    </p>
   </div>
   <div class='ocr_carea' id='block_1_77' title="bbox 606 4266 2269 4342">
    <p class='ocr_par' dir='ltr' id='par_1_77' title="bbox 606 4266 2269 4342">
     <span class='ocr_line' id='line_1_77' title="bbox 606 4266 2269 4342; baseline 0.004 -18"><span class='ocrx_word' id='word_1_550' title='bbox 606 4283 787 4341; x_wconf 90' lang='lat' dir='ltr'>porro</span> <span class='ocrx_word' id='word_1_551' title='bbox 809 4266 927 4324; x_wconf 91' lang='lat' dir='ltr'>alia</span> <span class='ocrx_word' id='word_1_552' title='bbox 956 4267 1148 4339; x_wconf 90' lang='lat' dir='ltr'>possit</span> <span class='ocrx_word' id='word_1_553' title='bbox 1176 4283 1304 4322; x_wconf 88' lang='lat' dir='ltr'>esse</span> <span class='ocrx_word' id='word_1_554' title='bbox 1333 4268 1733 4338; x_wconf 82' lang='lat' dir='ltr'>confirmatio,</span> <span class='ocrx_word' id='word_1_555' title='bbox 1757 4287 1946 4342; x_wconf 89' lang='lat' dir='ltr'>quam</span> <span class='ocrx_word' id='word_1_556' title='bbox 1967 4273 2026 4328; x_wconf 91' lang='lat' dir='ltr'>in</span> <span class='ocrx_word' id='word_1_557' title='bbox 2055 4275 2269 4330; x_wconf 87' lang='lat' dir='ltr'>sancti-</span> 
     </span>
    </p>
   </div>
   <div class='ocr_carea' id='block_1_78' title="bbox 605 4355 2264 4437">
    <p class='ocr_par' dir='ltr' id='par_1_78' title="bbox 605 4355 2264 4437">
     <span class='ocr_line' id='line_1_78' title="bbox 605 4355 2264 4437; baseline 0.005 -24"><span class='ocrx_word' id='word_1_558' title='bbox 605 4357 813 4413; x_wconf 87' lang='lat' dir='ltr'>monia</span> <span class='ocrx_word' id='word_1_559' title='bbox 839 4355 1154 4430; x_wconf 82' lang='lat' dir='ltr'>perfectio;</span> <span class='ocrx_word' id='word_1_560' title='bbox 1179 4357 1657 4414; x_wconf 85' lang='lat' dir='ltr'>confirmationis</span> <span class='ocrx_word' id='word_1_561' title='bbox 1688 4375 1835 4417; x_wconf 91' lang='lat' dir='ltr'>voce</span> <span class='ocrx_word' id='word_1_562' title='bbox 1865 4363 2264 4437; x_wconf 80' lang='lat' dir='ltr'>significante,</span> 
     </span>
    </p>
   </div>
   <div class='ocr_carea' id='block_1_79' title="bbox 2380 3195 3957 3274">
    <p class='ocr_par' dir='ltr' id='par_1_79' title="bbox 2380 3195 3957 3274">
     <span class='ocr_line' id='line_1_79' title="bbox 2380 3195 3957 3274; baseline -0.006 -21"><span class='ocrx_word' id='word_1_563' title='bbox 2380 3208 2470 3254; x_wconf 73' lang='grc' dir='ltr'><strong>τοῦ</strong></span> <span class='ocrx_word' id='word_1_564' title='bbox 2523 3204 2727 3273; x_wconf 86' lang='grc' dir='ltr'><strong>Πατρός</strong></span> <span class='ocrx_word' id='word_1_565' title='bbox 2779 3198 3028 3274; x_wconf 80' lang='grc' dir='ltr'><strong>ἐνεργῶν·</strong></span> <span class='ocrx_word' id='word_1_566' title='bbox 3082 3198 3211 3252; x_wconf 78' lang='grc' dir='ltr'>ἀλλά</span> <span class='ocrx_word' id='word_1_567' title='bbox 3258 3203 3346 3252; x_wconf 83' lang='grc' dir='ltr'>καὶ</span> <span class='ocrx_word' id='word_1_568' title='bbox 3394 3203 3521 3261; x_wconf 77' lang='grc' dir='ltr'><strong>Υἱός</strong></span> <span class='ocrx_word' id='word_1_569' title='bbox 3570 3199 3697 3252; x_wconf 71' lang='grc' dir='ltr'><strong>ϐέλει</strong></span> <span class='ocrx_word' id='word_1_570' title='bbox 3747 3195 3833 3250; x_wconf 75' lang='grc' dir='ltr'><strong>διὰ</strong></span> <span class='ocrx_word' id='word_1_571' title='bbox 3884 3202 3957 3246; x_wconf 68' lang='grc' dir='ltr'><strong>τοῦ</strong></span> 
     </span>
    </p>
   </div>
   <div class='ocr_carea' id='block_1_80' title="bbox 2382 3285 3957 3364">
    <p class='ocr_par' dir='ltr' id='par_1_80' title="bbox 2382 3285 3957 3364">
     <span class='ocr_line' id='line_1_80' title="bbox 2382 3285 3957 3364; baseline -0.005 -22"><span class='ocrx_word' id='word_1_572' title='bbox 2382 3294 2673 3362; x_wconf 74' lang='grc' dir='ltr'><strong>Πνευματος</strong></span> <span class='ocrx_word' id='word_1_573' title='bbox 2721 3289 2940 3341; x_wconf 74' lang='grc' dir='ltr'><strong>τελειοῦν</strong></span> <span class='ocrx_word' id='word_1_574' title='bbox 2967 3305 2978 3318; x_wconf 92' lang='grc'><strong>·</strong></span> <span class='ocrx_word' id='word_1_575' title='bbox 3030 3294 3114 3359; x_wconf 81' lang='grc' dir='ltr'>Τῷ</span> <span class='ocrx_word' id='word_1_576' title='bbox 3163 3294 3318 3360; x_wconf 80' lang='grc' dir='ltr'><strong>Λόγῳ</strong></span> <span class='ocrx_word' id='word_1_577' title='bbox 3357 3292 3462 3360; x_wconf 72' lang='grc' dir='ltr'>γὰρ</span> <span class='ocrx_word' id='word_1_578' title='bbox 3505 3293 3698 3364; x_wconf 76' lang='grc' dir='ltr'><strong>Κυρίου</strong></span> <span class='ocrx_word' id='word_1_579' title='bbox 3742 3289 3788 3340; x_wconf 80' lang='grc' dir='ltr'>οἱ</span> <span class='ocrx_word' id='word_1_580' title='bbox 3822 3285 3957 3358; x_wconf 69' lang='grc' dir='ltr'><strong>οὐρα-</strong></span> 
     </span>
    </p>
   </div>
   <div class='ocr_carea' id='block_1_81' title="bbox 2378 3380 3958 3454">
    <p class='ocr_par' dir='ltr' id='par_1_81' title="bbox 2378 3380 3958 3454">
     <span class='ocr_line' id='line_1_81' title="bbox 2378 3380 3958 3454; baseline -0.004 -24"><span class='ocrx_word' id='word_1_581' title='bbox 2378 3385 2456 3432; x_wconf 81' lang='grc' dir='ltr'>νοὶ</span> <span class='ocrx_word' id='word_1_582' title='bbox 2515 3380 2922 3454; x_wconf 72' lang='grc' dir='ltr'><strong>ἐστερεώθησαν,</strong></span> <span class='ocrx_word' id='word_1_583' title='bbox 2975 3383 3066 3430; x_wconf 84' lang='grc' dir='ltr'>καὶ</span> <span class='ocrx_word' id='word_1_584' title='bbox 3123 3386 3194 3448; x_wconf 76' lang='grc' dir='ltr'><strong>τῷ</strong></span> <span class='ocrx_word' id='word_1_585' title='bbox 3251 3381 3522 3450; x_wconf 75' lang='grc' dir='ltr'><strong>Πνευματι</strong></span> <span class='ocrx_word' id='word_1_586' title='bbox 3577 3386 3671 3430; x_wconf 70' lang='grc' dir='ltr'><strong>τοῦ</strong></span> <span class='ocrx_word' id='word_1_587' title='bbox 3731 3381 3958 3447; x_wconf 79' lang='grc' dir='ltr'><strong>στόματός</strong></span> 
     </span>
    </p>
   </div>
   <div class='ocr_carea' id='block_1_82' title="bbox 3470 3464 3958 3534">
    <p class='ocr_par' dir='ltr' id='par_1_82' title="bbox 3470 3464 3958 3534">
     <span class='ocr_line' id='line_1_82' title="bbox 3470 3464 3958 3534; baseline -0.002 -13"><span class='ocrx_word' id='word_1_588' title='bbox 3470 3472 3607 3521; x_wconf 70' lang='grc' dir='ltr'><strong>Οὔτε</strong></span> <span class='ocrx_word' id='word_1_589' title='bbox 3673 3464 3756 3520; x_wconf 74' lang='grc' dir='ltr'><strong>οὖν</strong></span> <span class='ocrx_word' id='word_1_590' title='bbox 3820 3469 3958 3534; x_wconf 78' lang='grc' dir='ltr'><strong>Λόγος</strong></span> 
     </span>
    </p>
   </div>
   <div class='ocr_carea' id='block_1_83' title="bbox 2381 3553 3958 3634">
    <p class='ocr_par' dir='ltr' id='par_1_83' title="bbox 2381 3553 3958 3634">
     <span class='ocr_line' id='line_1_83' title="bbox 2381 3553 3958 3634; baseline -0.014 -23"><span class='ocrx_word' id='word_1_591' title='bbox 2381 3559 2525 3634; x_wconf 85' lang='grc' dir='ltr'><strong>ἀέρος</strong></span> <span class='ocrx_word' id='word_1_592' title='bbox 2577 3561 2808 3618; x_wconf 73' lang='grc' dir='ltr'><strong>τύπωσις</strong></span> <span class='ocrx_word' id='word_1_593' title='bbox 2867 3563 3186 3630; x_wconf 66' lang='grc' dir='ltr'><strong>σημαντικὴ,</strong></span> <span class='ocrx_word' id='word_1_594' title='bbox 3250 3553 3344 3610; x_wconf 73' lang='grc' dir='ltr'>διὰ</span> <span class='ocrx_word' id='word_1_595' title='bbox 3397 3567 3705 3628; x_wconf 66' lang='grc' dir='ltr'>φωνητικὼν</span> <span class='ocrx_word' id='word_1_596' title='bbox 3757 3556 3958 3631; x_wconf 62' lang='grc' dir='ltr'>ὀργάνων</span> 
     </span>
    </p>
   </div>
   <div class='ocr_carea' id='block_1_84' title="bbox 2379 3464 3391 3539">
    <p class='ocr_par' dir='ltr' id='par_1_84' title="bbox 2379 3464 3391 3539">
     <span class='ocr_line' id='line_1_84' title="bbox 2379 3464 3391 3539; baseline 0 -17"><span class='ocrx_word' id='word_1_597' title='bbox 2379 3469 2539 3522; x_wconf 66' lang='grc' dir='ltr'><strong>αὐτόν</strong></span> <span class='ocrx_word' id='word_1_598' title='bbox 2603 3475 2752 3522; x_wconf 80' lang='grc' dir='ltr'><strong>πᾶσα</strong></span> <span class='ocrx_word' id='word_1_599' title='bbox 2811 3471 2839 3526; x_wconf 77' lang='grc' dir='ltr'>ἡ</span> <span class='ocrx_word' id='word_1_600' title='bbox 2911 3464 3136 3539; x_wconf 69' lang='grc' dir='ltr'><strong>δυναμις</strong></span> <span class='ocrx_word' id='word_1_601' title='bbox 3197 3468 3391 3522; x_wconf 73' lang='grc' dir='ltr'><strong>αὐτῶν.</strong></span> 
     </span>
    </p>
   </div>
   <div class='ocr_carea' id='block_1_85' title="bbox 2380 3646 3956 3723">
    <p class='ocr_par' dir='ltr' id='par_1_85' title="bbox 2380 3646 3956 3723">
     <span class='ocr_line' id='line_1_85' title="bbox 2380 3646 3956 3723; baseline -0.005 -22"><span class='ocrx_word' id='word_1_602' title='bbox 2380 3649 2734 3723; x_wconf 73' lang='grc' dir='ltr'><strong>ἐκφερομένη’</strong></span> <span class='ocrx_word' id='word_1_603' title='bbox 2791 3646 2905 3700; x_wconf 70' lang='grc' dir='ltr'><strong>οὒτε</strong></span> <span class='ocrx_word' id='word_1_604' title='bbox 2961 3654 3171 3720; x_wconf 73' lang='grc' dir='ltr'><strong>Πνεῦμα</strong></span> <span class='ocrx_word' id='word_1_605' title='bbox 3231 3651 3492 3720; x_wconf 87' lang='grc' dir='ltr'><strong>στόματος</strong></span> <span class='ocrx_word' id='word_1_606' title='bbox 3547 3646 3726 3721; x_wconf 83' lang='grc' dir='ltr'><strong>ἀτμὸς,</strong></span> <span class='ocrx_word' id='word_1_607' title='bbox 3785 3646 3835 3698; x_wconf 83' lang='grc' dir='ltr'><strong>ἐκ</strong></span> <span class='ocrx_word' id='word_1_608' title='bbox 3875 3649 3956 3693; x_wconf 80' lang='grc' dir='ltr'>τῶν</span> 
     </span>
    </p>
   </div>
   <div class='ocr_carea' id='block_1_86' title="bbox 2381 3734 3958 3811">
    <p class='ocr_par' dir='ltr' id='par_1_86' title="bbox 2381 3734 3958 3811">
     <span class='ocr_line' id='line_1_86' title="bbox 2381 3734 3958 3811; baseline -0.003 -21"><span class='ocrx_word' id='word_1_609' title='bbox 2381 3737 2802 3790; x_wconf 84' lang='grc' dir='ltr'><strong>ἀναπνευστικῶν</strong></span> <span class='ocrx_word' id='word_1_610' title='bbox 2847 3745 3015 3811; x_wconf 85' lang='grc' dir='ltr'><strong>μερῶν</strong></span> <span class='ocrx_word' id='word_1_611' title='bbox 3073 3737 3415 3808; x_wconf 73' lang='grc' dir='ltr'><strong>ἐξωοουμενος</strong></span> <span class='ocrx_word' id='word_1_612' title='bbox 3447 3759 3458 3770; x_wconf 92' lang='grc'>·</span> <span class='ocrx_word' id='word_1_613' title='bbox 3511 3735 3640 3789; x_wconf 64' lang='grc' dir='ltr'>ἀλλὰ</span> <span class='ocrx_word' id='word_1_614' title='bbox 3688 3740 3843 3806; x_wconf 80' lang='grc' dir='ltr'><strong>Λόγος</strong></span> <span class='ocrx_word' id='word_1_615' title='bbox 3884 3734 3958 3804; x_wconf 63' lang='grc' dir='ltr'><strong>μὶν</strong></span> 
     </span>
    </p>
   </div>
   <div class='ocr_carea' id='block_1_87' title="bbox 2381 3825 3961 3903">
    <p class='ocr_par' dir='ltr' id='par_1_87' title="bbox 2381 3825 3961 3903">
     <span class='ocr_line' id='line_1_87' title="bbox 2381 3825 3961 3903; baseline -0.006 -21"><span class='ocrx_word' id='word_1_616' title='bbox 2381 3831 2406 3880; x_wconf 88' lang='grc' dir='ltr'>ό</span> <span class='ocrx_word' id='word_1_617' title='bbox 2453 3832 2585 3903; x_wconf 84' lang='grc' dir='ltr'><strong>πρὸς</strong></span> <span class='ocrx_word' id='word_1_618' title='bbox 2640 3831 2767 3880; x_wconf 80' lang='grc' dir='ltr'><strong>Θεὸν</strong></span> <span class='ocrx_word' id='word_1_619' title='bbox 2820 3827 2888 3877; x_wconf 85' lang='grc' dir='ltr'><strong>ὠν</strong></span> <span class='ocrx_word' id='word_1_620' title='bbox 2944 3827 2990 3880; x_wconf 80' lang='grc' dir='ltr'><strong>ἐν</strong></span> <span class='ocrx_word' id='word_1_621' title='bbox 3050 3825 3218 3902; x_wconf 77' lang='grc' dir='ltr'><strong>ἀρχῇ,</strong></span> <span class='ocrx_word' id='word_1_622' title='bbox 3276 3832 3366 3879; x_wconf 77' lang='grc' dir='ltr'>καὶ</span> <span class='ocrx_word' id='word_1_623' title='bbox 3421 3832 3559 3890; x_wconf 77' lang='grc' dir='ltr'><strong>Θεὸς</strong></span> <span class='ocrx_word' id='word_1_624' title='bbox 3616 3832 3719 3878; x_wconf 77' lang='grc' dir='ltr'><strong>ὧν·</strong></span> <span class='ocrx_word' id='word_1_625' title='bbox 3781 3832 3961 3892; x_wconf 80' lang='grc' dir='ltr'><strong>Πνευμα</strong></span> 
     </span>
    </p>
   </div>
   <div class='ocr_carea' id='block_1_88' title="bbox 2381 3912 3962 3990">
    <p class='ocr_par' dir='ltr' id='par_1_88' title="bbox 2381 3912 3962 3990">
     <span class='ocr_line' id='line_1_88' title="bbox 2381 3912 3962 3990; baseline -0.004 -20"><span class='ocrx_word' id='word_1_626' title='bbox 2381 3915 2440 3970; x_wconf 73' lang='grc' dir='ltr'><strong>δε</strong></span> <span class='ocrx_word' id='word_1_627' title='bbox 2491 3923 2746 3990; x_wconf 84' lang='grc' dir='ltr'><strong>στόματος</strong></span> <span class='ocrx_word' id='word_1_628' title='bbox 2795 3925 2927 3971; x_wconf 71' lang='grc' dir='ltr'><strong>Θεοῦ</strong></span> <span class='ocrx_word' id='word_1_629' title='bbox 2972 3920 3030 3969; x_wconf 86' lang='grc' dir='ltr'>τό</span> <span class='ocrx_word' id='word_1_630' title='bbox 3085 3924 3295 3990; x_wconf 87' lang='grc' dir='ltr'><strong>Πνευμα</strong></span> <span class='ocrx_word' id='word_1_631' title='bbox 3343 3927 3438 3978; x_wconf 72' lang='grc' dir='ltr'><strong>τῆς</strong></span> <span class='ocrx_word' id='word_1_632' title='bbox 3487 3917 3753 3979; x_wconf 75' lang='grc' dir='ltr'><strong>ἀληθείας,</strong></span> <span class='ocrx_word' id='word_1_633' title='bbox 3785 3916 3808 3968; x_wconf 89' lang='lat'>6</span> <span class='ocrx_word' id='word_1_634' title='bbox 3843 3912 3962 3985; x_wconf 77' lang='grc' dir='ltr'><strong>παρὰ</strong></span> 
     </span>
    </p>
   </div>
   <div class='ocr_carea' id='block_1_89' title="bbox 2379 4003 3962 4081">
    <p class='ocr_par' dir='ltr' id='par_1_89' title="bbox 2379 4003 3962 4081">
     <span class='ocr_line' id='line_1_89' title="bbox 2379 4003 3962 4081; baseline -0.004 -21"><span class='ocrx_word' id='word_1_635' title='bbox 2379 4015 2471 4061; x_wconf 74' lang='grc' dir='ltr'><strong>τοῦ</strong></span> <span class='ocrx_word' id='word_1_636' title='bbox 2536 4012 2742 4080; x_wconf 86' lang='grc' dir='ltr'><strong>Πατρός</strong></span> <span class='ocrx_word' id='word_1_637' title='bbox 2816 4007 3168 4080; x_wconf 77' lang='grc' dir='ltr'><strong>ἐκπορεύεται.</strong></span> <span class='ocrx_word' id='word_1_638' title='bbox 3235 4012 3368 4081; x_wconf 89' lang='grc' dir='ltr'><strong>Τρία</strong></span> <span class='ocrx_word' id='word_1_639' title='bbox 3429 4012 3606 4060; x_wconf 85' lang='grc' dir='ltr'><strong>τοίνυν</strong></span> <span class='ocrx_word' id='word_1_640' title='bbox 3671 4013 3834 4073; x_wconf 86' lang='grc' dir='ltr'><strong>νοεῖς,</strong></span> <span class='ocrx_word' id='word_1_641' title='bbox 3890 4003 3962 4053; x_wconf 76' lang='grc' dir='ltr'><strong>τὸν</strong></span> 
     </span>
    </p>
   </div>
   <div class='ocr_carea' id='block_1_90' title="bbox 2380 4091 3963 4172">
    <p class='ocr_par' dir='ltr' id='par_1_90' title="bbox 2380 4091 3963 4172">
     <span class='ocr_line' id='line_1_90' title="bbox 2380 4091 3963 4172; baseline -0.004 -22"><span class='ocrx_word' id='word_1_642' title='bbox 2380 4099 2788 4172; x_wconf 78' lang='grc' dir='ltr'><strong>προστάσσοντα</strong></span> <span class='ocrx_word' id='word_1_643' title='bbox 2841 4100 3050 4170; x_wconf 69' lang='grc' dir='ltr'><strong>Κύριον,</strong></span> <span class='ocrx_word' id='word_1_644' title='bbox 3096 4101 3182 4148; x_wconf 86' lang='grc' dir='ltr'>τόν</span> <span class='ocrx_word' id='word_1_645' title='bbox 3234 4093 3673 4172; x_wconf 76' lang='grc' dir='ltr'><strong>ὃημιουργοῡντα</strong></span> <span class='ocrx_word' id='word_1_646' title='bbox 3712 4099 3888 4166; x_wconf 63' lang='grc' dir='ltr'><strong>Λόγον,</strong></span> <span class='ocrx_word' id='word_1_647' title='bbox 3918 4091 3963 4140; x_wconf 82' lang='grc' dir='ltr'>τό</span> 
     </span>
    </p>
   </div>
   <div class='ocr_carea' id='block_1_91' title="bbox 2384 4182 3964 4261">
    <p class='ocr_par' dir='ltr' id='par_1_91' title="bbox 2384 4182 3964 4261">
     <span class='ocr_line' id='line_1_91' title="bbox 2384 4182 3964 4261; baseline -0.008 -20"><span class='ocrx_word' id='word_1_648' title='bbox 2384 4195 2617 4261; x_wconf 75' lang='grc' dir='ltr'><strong>στερεοῦν</strong></span> <span class='ocrx_word' id='word_1_649' title='bbox 2649 4187 2721 4258; x_wconf 88' lang='grc'>(8)</span> <span class='ocrx_word' id='word_1_650' title='bbox 2757 4192 2814 4239; x_wconf 89' lang='grc' dir='ltr'>τό</span> <span class='ocrx_word' id='word_1_651' title='bbox 2859 4194 3090 4259; x_wconf 72' lang='grc' dir='ltr'><strong>Πνεῦμα.</strong></span> <span class='ocrx_word' id='word_1_652' title='bbox 3133 4191 3192 4239; x_wconf 89' lang='grc' dir='ltr'><strong>Τί</strong></span> <span class='ocrx_word' id='word_1_653' title='bbox 3223 4182 3273 4238; x_wconf 70' lang='grc' dir='ltr'>δ’</span> <span class='ocrx_word' id='word_1_654' title='bbox 3318 4185 3377 4237; x_wconf 82' lang='grc' dir='ltr'><strong>ἂν</strong></span> <span class='ocrx_word' id='word_1_655' title='bbox 3427 4187 3554 4238; x_wconf 66' lang='grc' dir='ltr'><strong>ἄλλο</strong></span> <span class='ocrx_word' id='word_1_656' title='bbox 3596 4189 3671 4243; x_wconf 85' lang='grc' dir='ltr'><strong>εἵη</strong></span> <span class='ocrx_word' id='word_1_657' title='bbox 3719 4187 3964 4256; x_wconf 77' lang='grc' dir='ltr'><strong>στερέωσις</strong></span> 
     </span>
    </p>
   </div>
   <div class='ocr_carea' id='block_1_92' title="bbox 2369 4271 3966 4352">
    <p class='ocr_par' dir='ltr' id='par_1_92' title="bbox 2369 4271 3966 4352">
     <span class='ocr_line' id='line_1_92' title="bbox 2369 4271 3966 4352; baseline -0.003 -25"><span class='ocrx_word' id='word_1_658' title='bbox 2369 4280 2408 4352; x_wconf 42' lang='grc' dir='ltr'><strong>,ἡ</strong></span> <span class='ocrx_word' id='word_1_659' title='bbox 2459 4279 2485 4334; x_wconf 75' lang='grc' dir='ltr'>η</span> <span class='ocrx_word' id='word_1_660' title='bbox 2547 4279 2683 4330; x_wconf 83' lang='grc' dir='ltr'>κατά</span> <span class='ocrx_word' id='word_1_661' title='bbox 2732 4281 2818 4328; x_wconf 81' lang='grc' dir='ltr'>τόν</span> <span class='ocrx_word' id='word_1_662' title='bbox 2859 4277 3122 4348; x_wconf 78' lang='grc' dir='ltr'><strong>ἁγιασμόν</strong></span> <span class='ocrx_word' id='word_1_663' title='bbox 3175 4275 3456 4347; x_wconf 69' lang='grc' dir='ltr'><strong>τελείωσις,</strong></span> <span class='ocrx_word' id='word_1_664' title='bbox 3501 4281 3560 4328; x_wconf 86' lang='grc' dir='ltr'>τό</span> <span class='ocrx_word' id='word_1_665' title='bbox 3601 4271 3857 4327; x_wconf 79' lang='grc' dir='ltr'><strong>ἀνένδοτον</strong></span> <span class='ocrx_word' id='word_1_666' title='bbox 3894 4274 3966 4318; x_wconf 71' lang='grc' dir='ltr'>καὶ</span> 
     </span>
    </p>
   </div>
   <div class='ocr_carea' id='block_1_93' title="bbox 2379 4365 3965 4442">
    <p class='ocr_par' dir='ltr' id='par_1_93' title="bbox 2379 4365 3965 4442">
     <span class='ocr_line' id='line_1_93' title="bbox 2379 4365 3965 4442; baseline -0.001 -23"><span class='ocrx_word' id='word_1_667' title='bbox 2379 4370 2630 4442; x_wconf 79' lang='grc' dir='ltr'><strong>ἄτρεπτον</strong></span> <span class='ocrx_word' id='word_1_668' title='bbox 2692 4372 2780 4418; x_wconf 84' lang='grc' dir='ltr'>καὶ</span> <span class='ocrx_word' id='word_1_669' title='bbox 2841 4371 3040 4438; x_wconf 86' lang='grc' dir='ltr'><strong>παγίως</strong></span> <span class='ocrx_word' id='word_1_670' title='bbox 3105 4365 3468 4440; x_wconf 79' lang='grc' dir='ltr'><strong>ἐρηρεισμένον</strong></span> <span class='ocrx_word' id='word_1_671' title='bbox 3537 4365 3588 4418; x_wconf 84' lang='grc' dir='ltr'><strong>ἐν</strong></span> <span class='ocrx_word' id='word_1_672' title='bbox 3655 4365 3830 4436; x_wconf 68' lang='grc' dir='ltr'><strong>ἁγαθῲ</strong></span> <span class='ocrx_word' id='word_1_673' title='bbox 3886 4367 3965 4417; x_wconf 75' lang='grc' dir='ltr'><strong>τῆς</strong></span> 
     </span>
    </p>
   </div>
   <div class='ocr_carea' id='block_1_94' title="bbox 607 4445 2269 4552">
    <p class='ocr_par' dir='ltr' id='par_1_94' title="bbox 607 4445 2265 4516">
     <span class='ocr_line' id='line_1_94' title="bbox 607 4445 2265 4516; baseline 0.005 -14"><span class='ocrx_word' id='word_1_674' title='bbox 607 4447 1032 4516; x_wconf 87' lang='lat' dir='ltr'>constantiam,</span> <span class='ocrx_word' id='word_1_675' title='bbox 1084 4445 1634 4504; x_wconf 89' lang='lat' dir='ltr'>immutabilitatem</span> <span class='ocrx_word' id='word_1_676' title='bbox 1685 4455 1741 4506; x_wconf 89' lang='lat' dir='ltr'>ct</span> <span class='ocrx_word' id='word_1_677' title='bbox 1788 4451 2152 4510; x_wconf 87' lang='lat' dir='ltr'>soliditatem</span> <span class='ocrx_word' id='word_1_678' title='bbox 2205 4456 2265 4511; x_wconf 91' lang='lat' dir='ltr'>in</span> 
     </span>
    </p>
   </div>
   <div class='ocr_carea' id='block_1_95' title="bbox 2379 4445 3963 4552">
    <p class='ocr_par' dir='ltr' id='par_1_95' title="bbox 2381 4451 3963 4552">
     <span class='ocr_line' id='line_1_95' title="bbox 2381 4451 3963 4532; baseline -0.007 -22"><span class='ocrx_word' id='word_1_679' title='bbox 2381 4464 2700 4532; x_wconf 82' lang='grc' dir='ltr'><strong>στερεώσεως</strong></span> <span class='ocrx_word' id='word_1_680' title='bbox 2764 4456 3162 4529; x_wconf 44' lang='lat' dir='ltr'>(insuavia-mg;</span> <span class='ocrx_word' id='word_1_681' title='bbox 3229 4455 3526 4528; x_wconf 80' lang='grc' dir='ltr'><strong>Ἀγίασμός</strong></span> <span class='ocrx_word' id='word_1_682' title='bbox 3597 4451 3656 4508; x_wconf 75' lang='grc' dir='ltr'><strong>ὃε</strong></span> <span class='ocrx_word' id='word_1_683' title='bbox 3721 4453 3812 4506; x_wconf 65' lang='grc' dir='ltr'><strong>οὐκ</strong></span> <span class='ocrx_word' id='word_1_684' title='bbox 3863 4453 3963 4502; x_wconf 68' lang='grc' dir='ltr'><strong>ἄνευ</strong></span> 
     </span>
     <span class='ocr_line' id='line_1_96' title="bbox 2497 4537 3917 4552; baseline 0 0"><span class='ocrx_word' id='word_1_685' title='bbox 2497 4551 2502 4552; x_wconf 63' lang='lat'><strong><em>,</em></strong></span> <span class='ocrx_word' id='word_1_686' title='bbox 2789 4547 2800 4552; x_wconf 89' lang='lat'><strong>_</strong></span> <span class='ocrx_word' id='word_1_687' title='bbox 2902 4551 2907 4552; x_wconf 63' lang='lat'><strong><em>,</em></strong></span> <span class='ocrx_word' id='word_1_688' title='bbox 3051 4548 3058 4552; x_wconf 90' lang='lat'>.</span> <span class='ocrx_word' id='word_1_689' title='bbox 3212 4547 3229 4552; x_wconf 85' lang='lat'><em>_</em></span> <span class='ocrx_word' id='word_1_690' title='bbox 3437 4551 3443 4552; x_wconf 61' lang='lat'><strong><em>,</em></strong></span> <span class='ocrx_word' id='word_1_691' title='bbox 3673 4544 3683 4552; x_wconf 90' lang='lat'>.</span> <span class='ocrx_word' id='word_1_692' title='bbox 3803 4550 3818 4552; x_wconf 96' lang='lat'>_</span> <span class='ocrx_word' id='word_1_693' title='bbox 3899 4537 3917 4552; x_wconf 76' lang='lat'>.</span> 
     </span>
    </p>
   </div>
   <div class='ocr_carea' id='block_1_96' title="bbox 608 4533 2266 4617">
    <p class='ocr_par' dir='ltr' id='par_1_96' title="bbox 608 4533 2266 4617">
     <span class='ocr_line' id='line_1_97' title="bbox 608 4533 2266 4617; baseline 0.006 -26"><span class='ocrx_word' id='word_1_694' title='bbox 608 4534 821 4594; x_wconf 85' lang='lat' dir='ltr'>bono?</span> <span class='ocrx_word' id='word_1_695' title='bbox 868 4533 1268 4593; x_wconf 87' lang='lat' dir='ltr'>Sanctiﬁcatio</span> <span class='ocrx_word' id='word_1_696' title='bbox 1318 4541 1519 4592; x_wconf 90' lang='lat' dir='ltr'>autem</span> <span class='ocrx_word' id='word_1_697' title='bbox 1568 4553 1692 4593; x_wconf 90' lang='lat' dir='ltr'>non</span> <span class='ocrx_word' id='word_1_698' title='bbox 1731 4543 1819 4596; x_wconf 91' lang='lat' dir='ltr'>cst</span> <span class='ocrx_word' id='word_1_699' title='bbox 1859 4540 2090 4614; x_wconf 88' lang='lat' dir='ltr'>absque</span> <span class='ocrx_word' id='word_1_700' title='bbox 2140 4546 2266 4617; x_wconf 75' lang='lat' dir='ltr'>Spi-</span> 
     </span>
    </p>
   </div>
   <div class='ocr_carea' id='block_1_97' title="bbox 677 4733 1704 4805">
    <p class='ocr_par' dir='ltr' id='par_1_97' title="bbox 677 4733 1704 4805">
     <span class='ocr_line' id='line_1_98' title="bbox 677 4733 1704 4805; baseline 0.005 -17"><span class='ocrx_word' id='word_1_701' title='bbox 677 4736 724 4770; x_wconf 68' lang='lat'>5‘</span> <span class='ocrx_word' id='word_1_702' title='bbox 765 4733 886 4791; x_wconf 91' lang='lat' dir='ltr'>Col.</span> <span class='ocrx_word' id='word_1_703' title='bbox 921 4751 956 4801; x_wconf 82' lang='grc' dir='ltr'>ι,</span> <span class='ocrx_word' id='word_1_704' title='bbox 993 4738 1080 4792; x_wconf 81' lang='grc' dir='ltr'><strong>1ο.</strong></span> <span class='ocrx_word' id='word_1_705' title='bbox 1159 4735 1206 4770; x_wconf 70' lang='grc'>⁵³</span> <span class='ocrx_word' id='word_1_706' title='bbox 1247 4733 1402 4790; x_wconf 86' lang='lat' dir='ltr'>Psal.</span> <span class='ocrx_word' id='word_1_707' title='bbox 1437 4751 1617 4805; x_wconf 74' lang='lat' dir='ltr'>xxvii,</span> <span class='ocrx_word' id='word_1_708' title='bbox 1651 4741 1704 4794; x_wconf 88' lang='lat'><em>6.</em></span> 
     </span>
    </p>
   </div>
   <div class='ocr_carea' id='block_1_98' title="bbox 1785 4741 2200 4810">
    <p class='ocr_par' dir='ltr' id='par_1_98' title="bbox 1785 4741 2200 4810">
     <span class='ocr_line' id='line_1_99' title="bbox 1785 4741 2200 4810; baseline 0.01 -15"><span class='ocrx_word' id='word_1_709' title='bbox 1785 4741 1832 4772; x_wconf 66' lang='lat'>5&quot;</span> <span class='ocrx_word' id='word_1_710' title='bbox 1870 4741 2040 4796; x_wconf 84' lang='lat' dir='ltr'>Joan.</span> <span class='ocrx_word' id='word_1_711' title='bbox 2077 4758 2114 4810; x_wconf 85' lang='grc' dir='ltr'>ι,</span> <span class='ocrx_word' id='word_1_712' title='bbox 2153 4748 2200 4799; x_wconf 85' lang='grc'><strong>1.</strong></span> 
     </span>
    </p>
   </div>
   <div class='ocr_carea' id='block_1_99' title="bbox 657 4911 2275 4989">
    <p class='ocr_par' dir='ltr' id='par_1_99' title="bbox 657 4911 2275 4989">
     <span class='ocr_line' id='line_1_100' title="bbox 657 4911 2275 4989; baseline 0.011 -30"><span class='ocrx_word' id='word_1_713' title='bbox 657 4912 749 4989; x_wconf 24' lang='grc'>’(3)</span> <span class='ocrx_word' id='word_1_714' title='bbox 792 4911 881 4962; x_wconf 81' lang='grc' dir='ltr'><strong>Ἐκ</strong></span> <span class='ocrx_word' id='word_1_715' title='bbox 927 4912 1232 4989; x_wconf 29' lang='grc' dir='ltr'><strong>τῶντΕλάίῐί</strong></span> <span class='ocrx_word' id='word_1_716' title='bbox 1277 4913 1374 4968; x_wconf 88' lang='lat' dir='ltr'>hic</span> <span class='ocrx_word' id='word_1_717' title='bbox 1423 4918 1656 4989; x_wconf 81' lang='lat' dir='ltr'>ponunt</span> <span class='ocrx_word' id='word_1_718' title='bbox 1707 4915 1758 4977; x_wconf 83' lang='grc' dir='ltr'>ἐξ</span> <span class='ocrx_word' id='word_1_719' title='bbox 1802 4915 1999 4988; x_wconf 70' lang='grc' dir='ltr'><strong>ἀρχῆς,</strong></span> <span class='ocrx_word' id='word_1_720' title='bbox 2033 4920 2139 4974; x_wconf 87' lang='lat' dir='ltr'>sed</span> <span class='ocrx_word' id='word_1_721' title='bbox 2179 4938 2275 4976; x_wconf 85' lang='lat' dir='ltr'>co-</span> 
     </span>
    </p>
   </div>
   <div class='ocr_carea' id='block_1_100' title="bbox 605 4981 2263 5058">
    <p class='ocr_par' dir='ltr' id='par_1_100' title="bbox 605 4981 2263 5058">
     <span class='ocr_line' id='line_1_101' title="bbox 605 4981 2263 5058; baseline 0.005 -22"><span class='ocrx_word' id='word_1_722' title='bbox 605 4981 769 5058; x_wconf 74' lang='lat' dir='ltr'>dices</span> <span class='ocrx_word' id='word_1_723' title='bbox 818 4998 969 5039; x_wconf 89' lang='lat' dir='ltr'>mss.</span> <span class='ocrx_word' id='word_1_724' title='bbox 1005 4987 1070 5037; x_wconf 85' lang='lat' dir='ltr'>ut</span> <span class='ocrx_word' id='word_1_725' title='bbox 1114 4984 1193 5058; x_wconf 77' lang='lat' dir='ltr'>in</span> <span class='ocrx_word' id='word_1_726' title='bbox 1221 4981 1623 5040; x_wconf 46' lang='lat' dir='ltr'>textufPaulo</span> <span class='ocrx_word' id='word_1_727' title='bbox 1668 4981 2032 5058; x_wconf 62' lang='lat' dir='ltr'>post&#39;éditio</span> <span class='ocrx_word' id='word_1_728' title='bbox 2079 4994 2263 5056; x_wconf 87' lang='lat' dir='ltr'>Paris,</span> 
     </span>
    </p>
   </div>
   <div class='ocr_carea' id='block_1_101' title="bbox 606 5049 2264 5141">
    <p class='ocr_par' dir='ltr' id='par_1_101' title="bbox 606 5049 2264 5141">
     <span class='ocr_line' id='line_1_102' title="bbox 606 5049 2264 5141; baseline 0.009 -37"><span class='ocrx_word' id='word_1_729' title='bbox 606 5049 934 5141; x_wconf 32' lang='lat' dir='ltr'>éfﬁoast‘cca</span> <span class='ocrx_word' id='word_1_730' title='bbox 970 5054 1160 5141; x_wconf 35' lang='lat' dir='ltr'>quod,</span> <span class='ocrx_word' id='word_1_731' title='bbox 1181 5054 1242 5140; x_wconf 60' lang='lat' dir='ltr'>in</span> <span class='ocrx_word' id='word_1_732' title='bbox 1272 5071 1394 5141; x_wconf 67' lang='lat' dir='ltr'>uno</span> <span class='ocrx_word' id='word_1_733' title='bbox 1426 5049 1898 5141; x_wconf 49' lang='lat' dir='ltr'>tantu‘nrcodice</span> <span class='ocrx_word' id='word_1_734' title='bbox 1929 5063 2222 5141; x_wconf 84' lang='lat' dir='ltr'>reperitur</span> <span class='ocrx_word' id='word_1_735' title='bbox 2252 5049 2264 5121; x_wconf 70' lang='grc' dir='ltr'>ξ</span> 
     </span>
    </p>
   </div>
   <div class='ocr_carea' id='block_1_102' title="bbox 603 5122 2269 5190">
    <p class='ocr_par' dir='ltr' id='par_1_102' title="bbox 603 5122 2269 5190">
     <span class='ocr_line' id='line_1_103' title="bbox 603 5122 2269 5190; baseline 0.003 -5"><span class='ocrx_word' id='word_1_736' title='bbox 603 5123 702 5181; x_wconf 85' lang='lat' dir='ltr'>alii</span> <span class='ocrx_word' id='word_1_737' title='bbox 733 5122 1036 5184; x_wconf 65' lang='grc' dir='ltr'><strong>ἐνδοθείσῆς</strong></span> <span class='ocrx_word' id='word_1_738' title='bbox 1071 5123 1164 5178; x_wconf 87' lang='lat' dir='ltr'>vel</span> <span class='ocrx_word' id='word_1_739' title='bbox 1208 5122 1468 5186; x_wconf 69' lang='grc' dir='ltr'><strong>ὃοοείσης.</strong></span> <span class='ocrx_word' id='word_1_740' title='bbox 1501 5129 1688 5184; x_wconf 78' lang='lat' dir='ltr'>[labet</span> <span class='ocrx_word' id='word_1_741' title='bbox 1718 5131 1898 5187; x_wconf 87' lang='lat' dir='ltr'>ctiam</span> <span class='ocrx_word' id='word_1_742' title='bbox 1925 5122 2108 5189; x_wconf 78' lang='lat' dir='ltr'>editio</span> <span class='ocrx_word' id='word_1_743' title='bbox 2166 5139 2269 5190; x_wconf 68' lang='lat' dir='ltr'>lia-</span> 
     </span>
    </p>
   </div>
   <div class='ocr_carea' id='block_1_103' title="bbox 605 5193 1227 5256">
    <p class='ocr_par' dir='ltr' id='par_1_103' title="bbox 605 5193 1227 5256">
     <span class='ocr_line' id='line_1_104' title="bbox 605 5193 1227 5256; baseline -0.008 -4"><span class='ocrx_word' id='word_1_744' title='bbox 605 5196 879 5252; x_wconf 89' lang='lat' dir='ltr'>sileensis</span> <span class='ocrx_word' id='word_1_745' title='bbox 906 5193 1174 5253; x_wconf 74' lang='grc' dir='ltr'><strong>ένὸοθείση</strong></span> <span class='ocrx_word' id='word_1_746' title='bbox 1190 5217 1227 5256; x_wconf 89' lang='grc' dir='ltr'><strong>ς.</strong></span> 
     </span>
    </p>
   </div>
   <div class='ocr_carea' id='block_1_104' title="bbox 672 5267 2262 5348">
    <p class='ocr_par' dir='ltr' id='par_1_104' title="bbox 672 5267 2262 5348">
     <span class='ocr_line' id='line_1_105' title="bbox 672 5267 2262 5348; baseline 0.006 -26"><span class='ocrx_word' id='word_1_747' title='bbox 672 5270 749 5348; x_wconf 74' lang='grc'>(4)</span> <span class='ocrx_word' id='word_1_748' title='bbox 791 5272 1171 5348; x_wconf 55' lang='grc' dir='ltr'><strong>ἰξοσμογονίαν.</strong></span> <span class='ocrx_word' id='word_1_749' title='bbox 1209 5267 1373 5348; x_wconf 69' lang='lat' dir='ltr'>(loli).</span> <span class='ocrx_word' id='word_1_750' title='bbox 1420 5275 1475 5325; x_wconf 83' lang='lat' dir='ltr'>et</span> <span class='ocrx_word' id='word_1_751' title='bbox 1507 5286 1663 5326; x_wconf 86' lang='lat' dir='ltr'>unus</span> <span class='ocrx_word' id='word_1_752' title='bbox 1697 5276 1836 5344; x_wconf 78' lang='lat' dir='ltr'>Reg.</span> <span class='ocrx_word' id='word_1_753' title='bbox 1873 5282 2262 5348; x_wconf 80' lang='grc' dir='ltr'><strong>κοσμογένειαν.</strong></span> 
     </span>
    </p>
   </div>
   <div class='ocr_carea' id='block_1_105' title="bbox 603 5335 1982 5411">
    <p class='ocr_par' dir='ltr' id='par_1_105' title="bbox 603 5335 1982 5411">
     <span class='ocr_line' id='line_1_106' title="bbox 603 5335 1982 5411; baseline -0.008 -17"><span class='ocrx_word' id='word_1_754' title='bbox 603 5335 766 5396; x_wconf 78' lang='lat' dir='ltr'>Alius</span> <span class='ocrx_word' id='word_1_755' title='bbox 799 5335 940 5407; x_wconf 69' lang='lat' dir='ltr'>Reg.</span> <span class='ocrx_word' id='word_1_756' title='bbox 975 5335 1340 5411; x_wconf 77' lang='grc' dir='ltr'><strong>κοσμοποιίαν,</strong></span> <span class='ocrx_word' id='word_1_757' title='bbox 1779 5335 1809 5344; x_wconf 63' lang='grc' dir='ltr'>ν</span> <span class='ocrx_word' id='word_1_758' title='bbox 1973 5335 1982 5348; x_wconf 83' lang='grc'><strong><em>⁸</em></strong></span> 
     </span>
    </p>
   </div>
   <div class='ocr_carea' id='block_1_106' title="bbox 675 5411 2268 5485">
    <p class='ocr_par' dir='ltr' id='par_1_106' title="bbox 675 5411 2268 5485">
     <span class='ocr_line' id='line_1_107' title="bbox 675 5411 2268 5485; baseline 0.014 -31"><span class='ocrx_word' id='word_1_759' title='bbox 675 5411 753 5478; x_wconf 78' lang='lat'>(5)</span> <span class='ocrx_word' id='word_1_760' title='bbox 797 5411 1262 5485; x_wconf 55' lang='grc' dir='ltr'><strong>ίΑκατόνόμαστοι.</strong></span> <span class='ocrx_word' id='word_1_761' title='bbox 1300 5412 1540 5485; x_wconf 70' lang='lat' dir='ltr'>Siotres</span> <span class='ocrx_word' id='word_1_762' title='bbox 1571 5413 1803 5485; x_wconf 83' lang='lat' dir='ltr'>antiqui</span> <span class='ocrx_word' id='word_1_763' title='bbox 1844 5417 2104 5474; x_wconf 90' lang='lat' dir='ltr'>codices.</span> <span class='ocrx_word' id='word_1_764' title='bbox 2142 5419 2268 5475; x_wconf 83' lang='lat' dir='ltr'>Col-</span> 
     </span>
    </p>
   </div>
   <div class='ocr_carea' id='block_1_107' title="bbox 602 5479 2266 5563">
    <p class='ocr_par' dir='ltr' id='par_1_107' title="bbox 602 5479 2266 5563">
     <span class='ocr_line' id='line_1_108' title="bbox 602 5479 2266 5563; baseline 0.004 -31"><span class='ocrx_word' id='word_1_765' title='bbox 602 5479 1421 5563; x_wconf 40' lang='grc' dir='ltr'><strong>Ιδθΐι.,ἀκατο›νόμαστόι,υςι1ξίἰ</strong></span> <span class='ocrx_word' id='word_1_766' title='bbox 1462 5479 1907 5557; x_wconf 53' lang='grc' dir='ltr'><strong>ἀκατανόμαστοι.</strong></span> <span class='ocrx_word' id='word_1_767' title='bbox 1941 5492 2071 5545; x_wconf 75' lang='lat' dir='ltr'>Mox</span> <span class='ocrx_word' id='word_1_768' title='bbox 2124 5491 2266 5547; x_wconf 72' lang='lat' dir='ltr'>editi</span> 
     </span>
    </p>
   </div>
   <div class='ocr_carea' id='block_1_108' title="bbox 605 5553 1953 5630">
    <p class='ocr_par' dir='ltr' id='par_1_108' title="bbox 605 5553 1953 5630">
     <span class='ocr_line' id='line_1_109' title="bbox 605 5553 1953 5630; baseline 0.009 -30"><span class='ocrx_word' id='word_1_769' title='bbox 605 5557 904 5630; x_wconf 40' lang='lat' dir='ltr'>ﬂeti-lucinam</span> <span class='ocrx_word' id='word_1_770' title='bbox 937 5553 1128 5630; x_wconf 70' lang='lat' dir='ltr'>quiuq</span> <span class='ocrx_word' id='word_1_771' title='bbox 1139 5553 1375 5630; x_wconf 78' lang='lat' dir='ltr'>ue__libri</span> <span class='ocrx_word' id='word_1_772' title='bbox 1392 5561 1631 5630; x_wconf 58' lang='lat' dir='ltr'>veteres</span> <span class='ocrx_word' id='word_1_773' title='bbox 1653 5553 1953 5630; x_wconf 67' lang='grc' dir='ltr'><strong>γινομένων.</strong></span> 
     </span>
    </p>
   </div>
   <div class='ocr_carea' id='block_1_109' title="bbox 680 5622 2261 5710">
    <p class='ocr_par' dir='ltr' id='par_1_109' title="bbox 680 5622 2261 5710">
     <span class='ocr_line' id='line_1_110' title="bbox 680 5622 2261 5710; baseline 0.012 -36"><span class='ocrx_word' id='word_1_774' title='bbox 680 5623 757 5691; x_wconf 83' lang='grc'>(6)</span> <span class='ocrx_word' id='word_1_775' title='bbox 797 5622 976 5696; x_wconf 79' lang='grc' dir='ltr'><strong>Ὀμωξ</strong></span> <span class='ocrx_word' id='word_1_776' title='bbox 1025 5622 1174 5682; x_wconf 61' lang='grc' dir='ltr'><strong>θέλει.</strong></span> <span class='ocrx_word' id='word_1_777' title='bbox 1211 5625 1310 5683; x_wconf 91' lang='lat' dir='ltr'>Hic</span> <span class='ocrx_word' id='word_1_778' title='bbox 1337 5625 1481 5710; x_wconf 28' lang='lat' dir='ltr'>edi-ti</span> <span class='ocrx_word' id='word_1_779' title='bbox 1530 5632 1588 5686; x_wconf 87' lang='lat' dir='ltr'>et</span> <span class='ocrx_word' id='word_1_780' title='bbox 1647 5622 1823 5697; x_wconf 80' lang='lat' dir='ltr'>infra,</span> <span class='ocrx_word' id='word_1_781' title='bbox 1857 5630 1960 5687; x_wconf 91' lang='lat' dir='ltr'>ubi</span> <span class='ocrx_word' id='word_1_782' title='bbox 1987 5631 2064 5690; x_wconf 86' lang='lat' dir='ltr'>de</span> <span class='ocrx_word' id='word_1_783' title='bbox 2097 5633 2261 5706; x_wconf 87' lang='lat' dir='ltr'>Filio,</span> 
     </span>
    </p>
   </div>
   <div class='ocr_carea' id='block_1_110' title="bbox 2381 4537 3964 4622">
    <p class='ocr_par' dir='ltr' id='par_1_110' title="bbox 2381 4537 3964 4622">
     <span class='ocr_line' id='line_1_111' title="bbox 2381 4537 3964 4622; baseline -0.006 -22"><span class='ocrx_word' id='word_1_784' title='bbox 2381 4551 2695 4620; x_wconf 72' lang='grc' dir='ltr'><strong>Πνεύματος.</strong></span> <span class='ocrx_word' id='word_1_785' title='bbox 2728 4547 2803 4599; x_wconf 64' lang='grc' dir='ltr'>Οὐ</span> <span class='ocrx_word' id='word_1_786' title='bbox 2852 4551 2952 4622; x_wconf 69' lang='grc' dir='ltr'>γὰρ</span> <span class='ocrx_word' id='word_1_787' title='bbox 3000 4548 3150 4619; x_wconf 70' lang='grc' dir='ltr'><strong>φύσει</strong></span> <span class='ocrx_word' id='word_1_788' title='bbox 3194 4547 3345 4617; x_wconf 62' lang='grc' dir='ltr'><strong>ἅγιαι</strong></span> <span class='ocrx_word' id='word_1_789' title='bbox 3388 4551 3443 4598; x_wconf 87' lang='grc' dir='ltr'>αί</span> <span class='ocrx_word' id='word_1_790' title='bbox 3496 4555 3597 4599; x_wconf 88' lang='grc' dir='ltr'>τῶν</span> <span class='ocrx_word' id='word_1_791' title='bbox 3629 4544 3850 4617; x_wconf 66' lang='grc' dir='ltr'><strong>οὐρανῶν</strong></span> <span class='ocrx_word' id='word_1_792' title='bbox 3888 4537 3964 4592; x_wconf 73' lang='grc' dir='ltr'>ὃν·</span> 
     </span>
    </p>
   </div>
   <div class='ocr_carea' id='block_1_111' title="bbox 2281 4746 2789 4816">
    <p class='ocr_par' dir='ltr' id='par_1_111' title="bbox 2281 4746 2789 4816">
     <span class='ocr_line' id='line_1_112' title="bbox 2281 4746 2789 4816; baseline 0 -16"><span class='ocrx_word' id='word_1_793' title='bbox 2281 4746 2322 4780; x_wconf 63' lang='grc'>⁵7</span> <span class='ocrx_word' id='word_1_794' title='bbox 2367 4747 2540 4803; x_wconf 82' lang='lat' dir='ltr'>Joan.</span> <span class='ocrx_word' id='word_1_795' title='bbox 2572 4761 2667 4816; x_wconf 77' lang='lat' dir='ltr'>xv,</span> <span class='ocrx_word' id='word_1_796' title='bbox 2701 4749 2789 4800; x_wconf 76' lang='lat'>25.</span> 
     </span>
    </p>
   </div>
   <div class='ocr_carea' id='block_1_112' title="bbox 2386 4912 3972 4995">
    <p class='ocr_par' dir='ltr' id='par_1_112' title="bbox 2386 4912 3972 4995">
     <span class='ocr_line' id='line_1_113' title="bbox 2386 4912 3972 4995; baseline -0.007 -16"><span class='ocrx_word' id='word_1_797' title='bbox 2386 4923 2620 4979; x_wconf 89' lang='lat' dir='ltr'>addunt</span> <span class='ocrx_word' id='word_1_798' title='bbox 2649 4927 2738 4975; x_wconf 88' lang='grc' dir='ltr'>καὶ</span> <span class='ocrx_word' id='word_1_799' title='bbox 2768 4927 2996 4995; x_wconf 48' lang='lat' dir='ltr'>sie-sxa:</span> <span class='ocrx_word' id='word_1_800' title='bbox 3030 4922 3089 4977; x_wconf 89' lang='lat' dir='ltr'>in</span> <span class='ocrx_word' id='word_1_801' title='bbox 3133 4937 3258 4993; x_wconf 93' lang='lat' dir='ltr'>quo</span> <span class='ocrx_word' id='word_1_802' title='bbox 3289 4937 3413 4977; x_wconf 92' lang='lat' dir='ltr'>non</span> <span class='ocrx_word' id='word_1_803' title='bbox 3462 4921 3672 4976; x_wconf 91' lang='lat' dir='ltr'>minus</span> <span class='ocrx_word' id='word_1_804' title='bbox 3718 4912 3972 4995; x_wconf 69' lang='lat' dir='ltr'>pugnant</span> 
     </span>
    </p>
   </div>
   <div class='ocr_carea' id='block_1_113' title="bbox 2377 4984 3968 5065">
    <p class='ocr_par' dir='ltr' id='par_1_113' title="bbox 2377 4984 3968 5065">
     <span class='ocr_line' id='line_1_114' title="bbox 2377 4984 3968 5065; baseline -0.011 -11"><span class='ocrx_word' id='word_1_805' title='bbox 2377 5011 2517 5054; x_wconf 86' lang='lat' dir='ltr'>cum</span> <span class='ocrx_word' id='word_1_806' title='bbox 2548 4995 2750 5050; x_wconf 90' lang='lat' dir='ltr'>Basilii</span> <span class='ocrx_word' id='word_1_807' title='bbox 2799 4984 3002 5064; x_wconf 75' lang='lat' dir='ltr'>sensu,</span> <span class='ocrx_word' id='word_1_808' title='bbox 3048 4984 3235 5065; x_wconf 74' lang='lat' dir='ltr'>quam</span> <span class='ocrx_word' id='word_1_809' title='bbox 3281 5009 3419 5048; x_wconf 90' lang='lat' dir='ltr'>cum</span> <span class='ocrx_word' id='word_1_810' title='bbox 3470 5009 3619 5065; x_wconf 82' lang='lat' dir='ltr'>mss.</span> <span class='ocrx_word' id='word_1_811' title='bbox 3656 4984 3968 5065; x_wconf 57' lang='lat' dir='ltr'>codicibus-</span> 
     </span>
    </p>
   </div>
   <div class='ocr_carea' id='block_1_114' title="bbox 2450 5055 3970 5138">
    <p class='ocr_par' dir='ltr' id='par_1_114' title="bbox 2450 5055 3970 5138">
     <span class='ocr_line' id='line_1_115' title="bbox 2450 5055 3970 5138; baseline -0.007 -17"><span class='ocrx_word' id='word_1_812' title='bbox 2450 5069 2526 5138; x_wconf 83' lang='lat'>(7)</span> <span class='ocrx_word' id='word_1_813' title='bbox 2567 5072 2856 5138; x_wconf 79' lang='grc' dir='ltr'><strong>Συνεργίας.</strong></span> <span class='ocrx_word' id='word_1_814' title='bbox 2885 5055 3140 5138; x_wconf 73' lang='lat' dir='ltr'>Probae</span> <span class='ocrx_word' id='word_1_815' title='bbox 3171 5080 3338 5131; x_wconf 88' lang='lat' dir='ltr'>voce,</span> <span class='ocrx_word' id='word_1_816' title='bbox 3371 5079 3512 5138; x_wconf 75' lang='lat' dir='ltr'>quae</span> <span class='ocrx_word' id='word_1_817' title='bbox 3545 5063 3605 5138; x_wconf 91' lang='lat' dir='ltr'>i_n</span> <span class='ocrx_word' id='word_1_818' title='bbox 3640 5060 3812 5138; x_wconf 67' lang='lat' dir='ltr'>editis</span> <span class='ocrx_word' id='word_1_819' title='bbox 3841 5055 3970 5138; x_wconf 75' lang='lat' dir='ltr'>legi-</span> 
     </span>
    </p>
   </div>
   <div class='ocr_carea' id='block_1_115' title="bbox 2381 5133 3972 5199">
    <p class='ocr_par' dir='ltr' id='par_1_115' title="bbox 2381 5133 3972 5199">
     <span class='ocr_line' id='line_1_116' title="bbox 2381 5133 3972 5199; baseline -0.011 -7"><span class='ocrx_word' id='word_1_820' title='bbox 2381 5133 2475 5192; x_wconf 84' lang='lat' dir='ltr'>tur</span> <span class='ocrx_word' id='word_1_821' title='bbox 2506 5133 2564 5192; x_wconf 85' lang='lat' dir='ltr'>et</span> <span class='ocrx_word' id='word_1_822' title='bbox 2593 5139 2652 5193; x_wconf 90' lang='lat' dir='ltr'>in</span> <span class='ocrx_word' id='word_1_823' title='bbox 2686 5133 2876 5193; x_wconf 74' lang='lat' dir='ltr'>tribus</span> <span class='ocrx_word' id='word_1_824' title='bbox 2908 5136 3219 5192; x_wconf 88' lang='lat' dir='ltr'>codicibus</span> <span class='ocrx_word' id='word_1_825' title='bbox 3264 5133 3439 5199; x_wconf 44' lang='lat' dir='ltr'>mssi,</span> <span class='ocrx_word' id='word_1_826' title='bbox 3469 5134 3661 5189; x_wconf 85' lang='lat' dir='ltr'>habet</span> <span class='ocrx_word' id='word_1_827' title='bbox 3709 5135 3843 5197; x_wconf 80' lang='lat' dir='ltr'>Reg.</span> <span class='ocrx_word' id='word_1_828' title='bbox 3876 5133 3972 5178; x_wconf 81' lang='lat' dir='ltr'>ter-</span> 
     </span>
    </p>
   </div>
   <div class='ocr_carea' id='block_1_116' title="bbox 2380 5207 3970 5282">
    <p class='ocr_par' dir='ltr' id='par_1_116' title="bbox 2380 5207 3970 5282">
     <span class='ocr_line' id='line_1_117' title="bbox 2380 5207 3970 5282; baseline -0.011 -18"><span class='ocrx_word' id='word_1_829' title='bbox 2380 5209 2497 5264; x_wconf 90' lang='lat' dir='ltr'>tius</span> <span class='ocrx_word' id='word_1_830' title='bbox 2528 5207 2904 5282; x_wconf 72' lang='grc' dir='ltr'><strong>δημιουργίας,</strong></span> <span class='ocrx_word' id='word_1_831' title='bbox 2930 5207 3308 5282; x_wconf 77' lang='lat' dir='ltr'>Colbertinus</span> <span class='ocrx_word' id='word_1_832' title='bbox 3335 5222 3480 5282; x_wconf 78' lang='lat' dir='ltr'>vero</span> <span class='ocrx_word' id='word_1_833' title='bbox 3507 5208 3827 5282; x_wconf 69' lang='grc' dir='ltr'><strong>Πνεύματρς,</strong></span> <span class='ocrx_word' id='word_1_834' title='bbox 3851 5209 3970 5269; x_wconf 68' lang='lat' dir='ltr'>quae</span> 
     </span>
    </p>
   </div>
   <div class='ocr_carea' id='block_1_117' title="bbox 2379 5275 3906 5344">
    <p class='ocr_par' dir='ltr' id='par_1_117' title="bbox 2379 5275 3906 5344">
     <span class='ocr_line' id='line_1_118' title="bbox 2379 5275 3906 5344; baseline -0.003 -10"><span class='ocrx_word' id='word_1_835' title='bbox 2379 5296 2496 5335; x_wconf 78' lang='lat' dir='ltr'>vox</span> <span class='ocrx_word' id='word_1_836' title='bbox 2524 5275 2737 5336; x_wconf 66' lang='lat' dir='ltr'>ad&#39;dita&#39;</span> <span class='ocrx_word' id='word_1_837' title='bbox 2760 5275 2871 5336; x_wconf 80' lang='lat' dir='ltr'>fuit</span> <span class='ocrx_word' id='word_1_838' title='bbox 2893 5275 3018 5336; x_wconf 84' lang='lat' dir='ltr'>alia</span> <span class='ocrx_word' id='word_1_839' title='bbox 3048 5295 3236 5334; x_wconf 85' lang='lat' dir='ltr'>manu</span> <span class='ocrx_word' id='word_1_840' title='bbox 3265 5277 3370 5334; x_wconf 89' lang='lat' dir='ltr'>sed</span> <span class='ocrx_word' id='word_1_841' title='bbox 3401 5283 3611 5332; x_wconf 89' lang='lat' dir='ltr'>tamen</span> <span class='ocrx_word' id='word_1_842' title='bbox 3644 5275 3906 5344; x_wconf 81' lang='lat' dir='ltr'>antiqua-</span> 
     </span>
    </p>
   </div>
   <div class='ocr_carea' id='block_1_118' title="bbox 2450 5346 3966 5426">
    <p class='ocr_par' dir='ltr' id='par_1_118' title="bbox 2450 5346 3966 5426">
     <span class='ocr_line' id='line_1_119' title="bbox 2450 5346 3966 5426; baseline -0.007 -20"><span class='ocrx_word' id='word_1_843' title='bbox 2450 5352 2524 5422; x_wconf 73' lang='grc' dir='ltr'>(Ἰ)</span> <span class='ocrx_word' id='word_1_844' title='bbox 2566 5357 2634 5404; x_wconf 89' lang='grc' dir='ltr'><strong>Τό</strong></span> <span class='ocrx_word' id='word_1_845' title='bbox 2669 5360 2924 5426; x_wconf 52' lang='grc' dir='ltr'><strong>στερεοῆν.</strong></span> <span class='ocrx_word' id='word_1_846' title='bbox 2957 5354 3047 5408; x_wconf 79' lang='lat' dir='ltr'>Sic</span> <span class='ocrx_word' id='word_1_847' title='bbox 3087 5354 3224 5420; x_wconf 81' lang='lat' dir='ltr'>Reg.</span> <span class='ocrx_word' id='word_1_848' title='bbox 3273 5349 3585 5426; x_wconf 64' lang='lat' dir='ltr'>secundus</span> <span class='ocrx_word' id='word_1_849' title='bbox 3619 5353 3691 5426; x_wconf 39' lang='lat' dir='ltr'>et.</span> <span class='ocrx_word' id='word_1_850' title='bbox 3716 5346 3966 5426; x_wconf 54' lang='lat' dir='ltr'>quartus:</span> 
     </span>
    </p>
   </div>
   <div class='ocr_carea' id='block_1_119' title="bbox 2377 5412 3972 5495">
    <p class='ocr_par' dir='ltr' id='par_1_119' title="bbox 2377 5412 3972 5495">
     <span class='ocr_line' id='line_1_120' title="bbox 2377 5412 3972 5495; baseline -0.001 -19"><span class='ocrx_word' id='word_1_851' title='bbox 2377 5412 2532 5495; x_wconf 79' lang='lat' dir='ltr'>quos</span> <span class='ocrx_word' id='word_1_852' title='bbox 2560 5425 2730 5495; x_wconf 84' lang='lat' dir='ltr'>sequi</span> <span class='ocrx_word' id='word_1_853' title='bbox 2757 5412 3070 5478; x_wconf 70' lang='lat' dir='ltr'>malumus</span> <span class='ocrx_word' id='word_1_854' title='bbox 3097 5412 3286 5495; x_wconf 49' lang='lat' dir='ltr'>quvam</span> <span class='ocrx_word' id='word_1_855' title='bbox 3319 5426 3438 5477; x_wconf 84' lang='lat' dir='ltr'>tres</span> <span class='ocrx_word' id='word_1_856' title='bbox 3466 5420 3644 5495; x_wconf 62' lang='lat' dir='ltr'>alios,</span> <span class='ocrx_word' id='word_1_857' title='bbox 3669 5412 3972 5495; x_wconf 40' lang='lat' dir='ltr'>_in&#39;quib‘1,1§</span> 
     </span>
    </p>
   </div>
   <div class='ocr_carea' id='block_1_120' title="bbox 2378 5481 3973 5566">
    <p class='ocr_par' dir='ltr' id='par_1_120' title="bbox 2378 5481 3973 5566">
     <span class='ocr_line' id='line_1_121' title="bbox 2378 5481 3973 5566; baseline -0.011 -17"><span class='ocrx_word' id='word_1_858' title='bbox 2378 5481 2434 5549; x_wconf 48' lang='lat' dir='ltr'>e‘t</span> <span class='ocrx_word' id='word_1_859' title='bbox 2479 5494 2539 5550; x_wconf 81' lang='lat' dir='ltr'>in</span> <span class='ocrx_word' id='word_1_860' title='bbox 2587 5481 2759 5551; x_wconf 70' lang='lat' dir='ltr'>editis</span> <span class='ocrx_word' id='word_1_861' title='bbox 2803 5495 3021 5564; x_wconf 80' lang='lat' dir='ltr'>legitur</span> <span class='ocrx_word' id='word_1_862' title='bbox 3049 5481 3135 5566; x_wconf 72' lang='grc' dir='ltr'><strong>τὸν</strong></span> <span class='ocrx_word' id='word_1_863' title='bbox 3187 5499 3520 5566; x_wconf 73' lang='grc' dir='ltr'><strong>στερεοῦντα.</strong></span> <span class='ocrx_word' id='word_1_864' title='bbox 3551 5481 3804 5566; x_wconf 77' lang='lat' dir='ltr'>Addunt</span> <span class='ocrx_word' id='word_1_865' title='bbox 3846 5481 3973 5538; x_wconf 81' lang='lat' dir='ltr'>editi</span> 
     </span>
    </p>
   </div>
   <div class='ocr_carea' id='block_1_121' title="bbox 2377 5561 3838 5640">
    <p class='ocr_par' dir='ltr' id='par_1_121' title="bbox 2377 5561 3838 5640">
     <span class='ocr_line' id='line_1_122' title="bbox 2377 5561 3838 5640; baseline -0.002 -22"><span class='ocrx_word' id='word_1_866' title='bbox 2377 5570 2433 5619; x_wconf 81' lang='grc' dir='ltr'><strong>τὸ</strong></span> <span class='ocrx_word' id='word_1_867' title='bbox 2465 5567 2633 5638; x_wconf 69' lang='grc' dir='ltr'><strong>ἀγιον,</strong></span> <span class='ocrx_word' id='word_1_868' title='bbox 2666 5566 2834 5640; x_wconf 80' lang='lat' dir='ltr'>quod</span> <span class='ocrx_word' id='word_1_869' title='bbox 2859 5561 3023 5624; x_wconf 81' lang='lat' dir='ltr'>nullo</span> <span class='ocrx_word' id='word_1_870' title='bbox 3049 5565 3110 5622; x_wconf 90' lang='lat' dir='ltr'>in</span> <span class='ocrx_word' id='word_1_871' title='bbox 3136 5561 3343 5623; x_wconf 82' lang='lat' dir='ltr'>codice</span> <span class='ocrx_word' id='word_1_872' title='bbox 3373 5579 3490 5620; x_wconf 90' lang='lat' dir='ltr'>ms.</span> <span class='ocrx_word' id='word_1_873' title='bbox 3525 5561 3838 5636; x_wconf 84' lang='lat' dir='ltr'>reperitur.</span> 
     </span>
    </p>
   </div>
  </div>
