4154 6394
303 334 378 384 ibi
1534 331 1738 387 LIBER
1781 331 1870 386 DE
1910 327 2176 386 SPIRITU
2218 330 2509 386 SANCTO.

3609 334 3706 386 142

306 469 395 506 ται·
434 459 521 506 καὶ
576 455 643 505 οἷν
687 475 860 507 τινων
907 467 1178 531 κρατῆτε,
1227 459 1586 532 κεκράτηνται.
1632 457 1689 510 Ἡ
1743 455 1802 510 δὲ
1852 464 1938 517 τῆς

2051 453 2593 510 contradictionem
2637 469 2744 526 per
2789 453 3074 525 Spiritum
3135 456 3414 510 sanctum
3468 456 3707 526 peragi-

314 544 608 604 ‘btxhcia;
668 540 1078 618 διακόσμησις
1128 546 1252 618 ουχὶ
1291 555 1465 617 σαφῶς
1507 552 1596 598 καὶ
1635 545 1940 621 ἀναντιρρη-

323 654 407 694 τως
445 629 526 684 δια
601 642 707 684 τοῦ
790 640 1117 709 ΙΙνε-όματος
1189 635 1521 708 ἐνεργεῖται;
1596 637 1756 699 Αὐτὸς
1837 639 1937 710 γὰρ

322 721 477 791 ἔδωκε,
535 729 706 795 φησι,
779 734 849 797 τῇ
936 725 1230 798 Ἐκκλησία
1303 734 1505 800 πρῶτον
1592 725 1937 794 ἀποστόλους,

316 809 536 886 δεύτερον
616 821 941 885 προφήτας,
1037 819 1214 888 τρίτον
1290 812 1671 883 διδασκάλους,
1765 819 1941 868 ἔπειτα

310 899 574 975 δυνάμεις,
670 906 872 957 ἔπειτα
957 910 1279 978 χαρίσματα
1382 906 1634 978 ἰαμάτων,
1732 905 1939 964 ἀντιλὴ-

304 992 432 1061 ’ᾇιιςν
501 991 894 1066 κυϐερνήσεις,
960 999 1083 1066 γένη
1166 993 1436 1066 γλωσσῶν,

1382 906 1634 978 ἰαμάτων,

1520 994 1662 1053 At???)
1732 999 1834 1069 γαρ
1907 999 1932 1054 η

315 1085 449 1146 τάξις
478 1085 627 1135 κατὰ
683 1089 783 1142 τήν
820 1081 1090 1159 διαίρεσιν
1134 1093 1232 1138 τῶν
1285 1084 1340 1137 ἐκ
1378 1092 1470 1137 τοῦ
1503 1090 1796 1158 Πνιύματος
1827 1083 1937 1139 δω-

311 1183 422 1248 ρεῶν
453 1171 488 1225 δ
495 1178 852 1231 ιατέτακται.

383 1285 462 1337 40.
491 1281 662 1356 Εὖροι
693 1279 761 1335 δε
809 1285 876 1334 ἄν
923 1303 1024 1349 τις,
1057 1281 1283 1357 ἀκριϐῶς
1330 1282 1682 1356 λογιζόμενος,
1718 1289 1807 1336 καὶ
1856 1283 1938 1336 ἐπὶ

325 1377 407 1421 τοῦ
434 1391 613 1443 ιαιρον
655 1380 758 1432 τῆς
805 1369 1258 1446 προσδοκωμένης
1299 1373 1593 1445 ἐπιφανείας
1623 1381 1716 1436 τῆς
1764 1372 1815 1437 ἐξ
1845 1374 1938 1425 οὑ-

327 1467 471 1531 ρανῶν
499 1467 591 1512 τοῦ
629 1466 850 1535 Κυρίου
881 1466 954 1534 μὴ
1005 1461 1276 1523 ἀσυντελὲς
1316 1466 1373 1514 τό
1417 1469 1624 1535 Πνεῦμα
1664 1467 1720 1515 τό
1767 1464 1937 1534 ἅγιον,

326 1555 384 1610 ὦς
426 1570 552 1612 τινες
604 1555 850 1602 οἴονταιο
907 1551 1036 1604 ἀλλὰ
1088 1557 1458 1626 συμπαρίσταὶ
1504 1556 1612 1622 (22)
1663 1573 1753 1604 και
1788 1552 1835 1605 έν
1873 1562 1934 1625 τῇ

333 1643 476 1712 ἡμέρᾳ
513 1649 609 1702 τῆς
635 1639 1038 1710 ἀποκαλύψεως
1062 1641 1241 1709 αὐτοῦ,
1270 1643 1390 1693 καθ’
1422 1643 1482 1701 ἣν
1530 1649 1696 1716 κρινεί
1721 1647 1813 1699 τὴν
1859 1643 1939 1694 οἰ-

329 1733 558 1800 κουμένην
607 1729 660 1780 ἐν
719 1726 1045 1802 δικαιοσύνῃ
1092 1733 1119 1782 ὁ
1176 1734 1432 1805 μακάριος
1482 1737 1569 1782 καὶ
1625 1737 1780 1803 μόνος
1837 1729 1939 1782 δυ·-

322 1822 523 1881 νάστης.
571 1825 668 1879 Τίς
721 1824 831 1893 γὰρ
884 1821 1050 1880 οὕτως
1097 1819 1316 1882 ἀνήκοος
1370 1829 1468 1871 τῶν
1543 1823 1938 1892 ἡτοιμασμένων

319 1913 443 1981 παρὰ
490 1917 634 1960 Θεοῦ
693 1907 916 1980 ἀγαθῶν
958 1917 1066 1969 τοῖς
1110 1908 1296 1972 ἀξίοις,
1352 1911 1421 1970 ὡς
1470 1908 1686 1980 ἀγνοεῖν,
1738 1913 1818 1962 ὅτι
1849 1916 1938 1962 καὶ

319 2006 401 2047 τῶν
434 1995 670 2049 δικαίων
733 2000 760 2049 ό
809 2003 1057 2070 στέφανος
1096 2000 1124 2055 η
1167 2006 1258 2050 τοῦ
1295 2003 1586 2071 ΙΙνεύματός
1616 1998 1723 2052 ἐστι
1756 2002 1935 2072 χάρις,

325 2085 677 2160 ἑαψιλεστέρα
730 2094 851 2140 τότε
920 2093 1010 2152 καὶ
1062 2087 1349 2162 τιλειοτέρα
1388 2093 1748 2163 παρεχομένη,
1804 2091 1941 2140 κατά

327 2182 402 2233 τήν
428 2176 723 2248 ἀναλογίαν
765 2185 874 2228 τῶν
915 2172 1405 2250 ἀνδραγαθημάτων
1454 2185 1551 2239 τῆς
1588 2187 1940 2250 πνευματικῆς

322 2260 457 2326 δοξες
499 2263 908 2337 δια-νεμομένης
959 2265 1196 2335 ἕκάστῳς
1247 2263 1328 2318 Ἐν
1367 2268 1468 2340 γὰρ
1532 2274 1648 2326 ταῖς
1698 2264 1939 2340 λαμπρό-

317 2372 434 2411 τησι
471 2364 579 2405 τῶν
637 2355 814 2424 ἁγίων
848 2359 1004 2426 μοναὶ
1042 2354 1226 2406 πολλαὶ
1271 2358 1414 2430 παρὰ
1450 2363 1520 2425 τῷ
1561 2359 1747 2430 Ηατρί·
1791 2375 1916 2407 τουτ

298 2443 468 2508 ἐστιν,
504 2445 841 2516 ἀξιωμάτων
899 2441 1174 2516 διαφοραί,
1227 2445 1309 2504 Ὠς
1351 2449 1453 2517 γὰρ
1504 2444 1674 2518 ἀστὴρ
1728 2444 1940 2520 ἀστέρος

301 2531 544 2608 διαφέρει
619 2534 673 2585 ἐν
759 2530 919 2605 δόξῃ,
988 2533 1122 2586 οὕτω
1203 2538 1293 2585 καὶ
1369 2537 1396 2590 ἡ
1484 2532 1774 2594 ἀνάστασις
1843 2543 1939 2586 τῶν

305 2633 524 2693 νεκρῶν,
586 2625 656 2674 Οἱ
721 2627 900 2674 τοίνυν
959 2625 1362 2695 σφραγισθέντες
1404 2631 1477 2693 τῷ
1550 2627 1812 2695 Ιλὶνεύματι
1867 2632 1939 2693 τῷ

317 2712 458 2781 ἁγίῳ
489 2714 556 2771 εὶς
592 2715 798 2784 ἡμέραν
849 2711 1279 2786 ἀπολυτρώσεως,
1313 2717 1402 2764 καὶ
1450 2711 1511 2770 ἣν
1540 2711 1720 2765 ἔλαϐον
1765 2712 1938 2788 ἀπαρ-

314 2807 435 2871 χὴν
491 2809 582 2852 τοῦ
626 2805 936 2873 Πνεύματος
965 2801 1081 2871 ('23)
1125 2800 1364 2874 ἀκέραιον
1417 2807 1506 2854 καὶ
1537 2801 1788 2873 ἀμείωτον
1825 2799 1940 2854 δια-

317 2898 604 2951 σώσαντες,
637 2891 790 2943 οὗτοί
836 2891 972 2942 εἰσιν
1014 2894 1063 2942 οἱ
1094 2889 1418 2951 ἁκούσοντες·
1467 2888 1558 2954 Εὖ,
1593 2887 1744 2944 δοῦλε
1778 2891 1939 2963 ἀγαθὲ

324 2999 410 3030 και
466 2985 633 3051 πιστέ,
700 2979 789 3032 ἐπὶ
867 2980 1020 3051 ὀλίγα
1073 2977 1134 3041 ἧς
1187 2985 1398 3045 πιστὸς,
1460 2975 1546 3032 ἐπὶ
1627 2980 1824 3032 πολλῶν
1881 3000 1939 3033 σι

321 3079 656 3127 καταστήσω.
689 3069 922 3141 Ὀμοίως
953 3065 1013 3122 δὲ
1061 3076 1152 3122 καὶ
1190 3073 1238 3122 οἱ
1267 3069 1594 3131 λυπήσαντις
1634 3073 1690 3122 τὸ
1732 3077 1942 3143 Πνεῦμα

2049 545 2194 600 tur?
2224 546 2358 613 Ipse
2406 547 2585 612 enim,
2643 543 2858 615 inquit,
2910 543 3073 599 dedit
3110 543 3397 600 Ecclesia:
3439 546 3706 613 primum

2051 635 2373 704 apostolos,
2409 635 2624 689 deinde
2668 635 3020 703 prophetas,
3074 636 3248 690 tertio
3292 636 3709 692 doctoreszad

2052 725 2177 780 ἠως
2208 725 2478 785 virtutes,
2509 730 2812 792 prteterea
2851 723 3012 779 dona
3061 725 3466 795 sanationum,
3517 725 3708 780 subsi-

2050 814 2174 880 dia,
2241 813 2725 884 gubernationes,
2790 828 3013 882 genera
3091 814 3440 883 linguarum
3487 814 3553 868 7'.
3609 816 3709 870 Hic

2048 902 2213 958 enim
2240 901 2392 958 ordo
2410 905 2586 972 juxta
2608 901 3096 959 distributionem
3126 902 3429 958 donorum
3453 902 3709 975 Spiritus

2047 991 2315 1061 digestus
2345 996 2451 1047 est.

2121 1279 2210 1333 40.
2246 1278 2424 1347 Quin,
2449 1279 2496 1333 si
2527 1279 2664 1350 quis
2707 1279 3049 1334 accuratius
3081 1280 3437 1351 perpendat,
3469 1297 3710 1354 compe-

2048 1365 2177 1431 riet,
2221 1382 2295 1422 ne
2349 1369 2407 1422 in
2469 1374 2739 1440 tempore
2771 1368 3018 1440 quidem
3070 1368 3337 1441 illo,quo
3391 1377 3711 1442 expectata

2054 1456 2290 1512 Domini
2319 1457 2621 1529 apparitio
2647 1457 2750 1512 ﬁet
2777 1457 2853 1513 de
2896 1458 3066 1524 coelo,
3101 1459 3363 1514 otiosum
3405 1460 3534 1516 fore
3585 1463 3710 1532 Spi-

2052 1545 2229 1600 ritum
2268 1551 2566 1612 sanctum,
2601 1551 2666 1601 ut
2711 1547 2968 1618 quidam
3024 1547 3394 1604 arbitrantur
3427 1567 3438 1604 :
3488 1551 3596 1606 sed
3637 1551 3712 1606 si-

2053 1635 2179 1690 mul
2231 1637 2425 1692 aderit
2467 1637 2530 1692 in
2573 1636 2676 1692 illo
2727 1637 2911 1692 etiam
2950 1637 3046 1694 die
3096 1638 3478 1695 revelationis
3529 1640 3708 1703 illius,

2050 1739 2174 1795 quo
2213 1727 2594 1796 judicaturus
2650 1733 2737 1782 est
2787 1727 3001 1783 orbem
3053 1733 3353 1785 terrarum
3399 1730 3458 1786 in
3483 1731 3714 1802 justitia

1981 1824 2020 1877 B
2051 1813 2150 1868 ille
2173 1814 2388 1871 beatus
2420 1822 2476 1871 et
2507 1817 2670 1871 solus
2696 1821 2938 1888 potens.
2982 1819 3123 1880 Quis
3166 1820 3329 1874 enim
3361 1819 3517 1876 adeo
3545 1821 3714 1891 igna-

2049 1919 2153 1958 rus
2197 1910 2286 1959 est
2325 1905 2648 1974 bonorum,
2693 1922 2830 1978 quae
2884 1909 3038 1963 Deus
3074 1909 3442 1980 praeparavit
3490 1909 3712 1980 dignis,

2049 1996 2359 2051 utnesciat
2367 1997 2670 2067 justorum
2683 2013 2972 2052 coronam
2987 2014 3116 2052 esse
3147 1999 3402 2070 Spiritus
3430 2000 3712 2070 gratiam,

2048 2100 2185 2156 quae
2205 2085 2434 2155 largius
2465 2092 2608 2141 tunc
2637 2086 3085 2159 perfectiusque
3124 2087 3389 2156 dabitur,
3422 2089 3715 2161 spirituali

2051 2173 2243 2242 gloria
2274 2176 2491 2247 cuique
2524 2191 2635 2247 pro
2660 2180 2817 2230 recte
2839 2177 3022 2246 gestis
3051 2175 3370 2234 distributa
3394 2197 3406 2234 :
3433 2180 3496 2233 In
3520 2178 3715 2250 splen-

2054 2263 2305 2318 doribus
2337 2266 2497 2319 enim
2541 2269 2893 2320 sanctorum
2942 2267 3296 2321 mansiones
3324 2267 3526 2322 multae
3571 2284 3716 2339 sunt

2050 2351 2216 2423 apud
2243 2355 2548 2420 Patrem“,
2563 2353 2679 2408 hoc
2700 2353 3130 2424 est,dignitatis
3152 2355 3530 2411 discrimina.
3549 2359 3716 2412 Sicut

2050 2443 2206 2496 enim
2229 2444 2409 2498 stella
2441 2458 2478 2498 a
2499 2443 2681 2498 stella
2706 2443 2913 2512 differt
2950 2445 3013 2498 in
3064 2445 3370 2515 claritate,
3392 2446 3477 2502 ita
3517 2453 3572 2502 et
3617 2462 3710 2501 re-

2048 2534 2343 2586 surrectio
2365 2537 2744 2588 mortuorum
2765 2533 2839 2586 73.
2867 2536 3069 2604 Itaque
3087 2534 3190 2605 qui
3217 2535 3556 2604 consignati
3577 2539 3718 2591 sunt

2053 2621 2274 2690 Spiritu
2299 2625 2511 2676 sancto
2535 2621 2595 2675 in
2613 2620 2776 2675 diem
2807 2621 3506 2694 redemptionis,quique
3533 2622 3715 2695 Spiri-

2051 2715 2142 2763 tus
2166 2709 2486 2780 primitias,
2505 2726 2660 2781 quas
2682 2725 3192 2782 accepere,puras
3219 2717 3275 2766 et
3305 2711 3570 2781 integras
3597 2729 3717 2767 ser-

2048 2798 2342 2865 vaverint,
2369 2797 2409 2852 ii
2443 2802 2580 2852 sunt
2605 2797 2710 2869 qui
2737 2798 2985 2853 audient
3014 2816 3026 2853 :
3069 2800 3262 2869 Euge,
3288 2815 3451 2856 serve
3485 2803 3630 2856 bona
3661 2807 3716 2857 et

2046 2887 2262 2955 ﬁdelis,
2297 2902 2480 2956 super
2506 2902 2708 2954 pauca
2739 2889 2918 2956 fuisti
2969 2888 3186 2954 ﬁdelis,
3217 2905 3400 2958 super
3443 2891 3637 2946 multa
3662 2897 3718 2945 te

2049 2978 2410 3032 constituam
2431 2978 2499 3030 ⁷⁸.
2524 2975 2806 3032 Similiter
2831 2981 2889 3031 et
2925 2976 3032 3049 qui
3058 2977 3540 3034 contristaverint
3591 2980 3714 3051 Spi-

2048 3067 2228 3122 ritum
2281 3071 2558 3122 sanctum
2603 3066 2905 3138 pravitate
2928 3065 3270 3122 studiorum
3299 3083 3572 3136 suorum,
3606 3073 3712 3125 aut

311 3177 365 3210 το
386 3162 539 3230 ᾱγιον
593 3169 659 3232 τῇ
702 3164 938 3232 πονηρία
979 3167 1076 3212 τῶν
1127 3155 1558 3232 έπιτηδευμάτων
1601 3159 1789 3227 αὐτῶν,
1823 3161 1852 3219 ἦ
1891 3163 1938 3212 οἱ

2051 3157 2151 3229 qui
2175 3173 2294 3212 non
2324 3156 2826 3212 fecerintlucrum
2849 3172 2880 3210 e
2905 3161 3062 3212 sorte
3089 3157 3256 3225 data,
3281 3157 3360 3214 ab
3381 3157 3452 3213 iis
3484 3159 3716 3215 aufere-

303 3256 375 3321 μή
463 3249 902 3322 ἐπεργασαμένοι
983 3257 1057 3319 τῷ
1130 3245 1357 3317 δοθέντι,
1419 3248 1858 3323 ἀφαιρεθήσονται
1913 3252 1938 3301 ὃ

305 3339 616 3408 (anienem,
677 3339 752 3400 εἰς
807 3337 1010 3410 ἐτέρους
1094 3337 1498 3411 μετατιθεμένης
1559 3348 1653 3399 τῆς
1690 3343 1934 3414 χάριτος.

308 3434 358 3492 ξ,
410 3432 558 3480 κατὰ
606 3447 731 3480 τινα
778 3437 881 3479 τῶν
944 3427 1343 3499 εὖαγγελιστῶν,
1407 3434 1498 3480 καὶ
1563 3425 1938 3501 διχοτομηθή-

308 3537 492 3570 σσνται
542 3517 842 3578 παντελῶς’
911 3525 1003 3578 τῆς
1072 3513 1398 3590 διχοτομίας
1467 3523 1747 3590 νοουμένης
1809 3521 1942 3570 κατὰ

307 3613 401 3665 τὴν
451 3609 525 3669 εἰς
581 3612 642 3658 τὸ
700 3605 949 3666 παντελές
989 3605 1092 3658 ἀπὸ
1123 3615 1212 3658 τοῦ
1247 3610 1545 3678 [Ινεύματος
1577 3605 1935 3680 ἀλλοτρίωσιν.

307 3701 442 3750 Οὔτε
464 3700 576 3769 γὰρ
613 3705 776 3768 σῶμα
844 3693 1152 3770 διαιρεῖται,
1187 3698 1255 3757 ὡς
1289 3700 1346 3747 τό
1389 3699 1478 3768 μεν
1536 3693 1939 3770 παραδίδοσθαι

307 3794 366 3856 τῇ
428 3787 679 3851 κολάσει,
735 3789 793 3836 τὸ
856 3781 916 3837 δὲ
964 3784 1228 3857 ἀφίεσθαι·
1282 3787 1501 3850 μυθικὸν
1533 3788 1634 3859 γὰρ
1673 3790 1828 3838 τοῦτό
1857 3805 1937 3857 γε,

306 3882 394 3927 καὶ
450 3877 515 3928 οὐ
569 3878 717 3926 κατὰ
766 3871 979 3926 δίκαιον
1018 3880 1221 3948 κριτὴν,
1277 3875 1395 3927 ὅλου
1453 3878 1836 3950 ἡμαρτηκότος,
1889 3874 1941 3937 ἕξ

307 3967 566 4035 ἡμισείας
615 3967 754 4016 ιῖναι
799 3969 894 4021 τὴν
947 3965 1182 4016 κόλασιν·
1216 3967 1333 4016 οὗτε
1379 3964 1535 4036 ψυχὴ
1576 3961 1710 4036 διχῆ
1770 3969 1942 4036 τέμνε-

309 4073 400 4105 ται
429 4058 568 4124 (24),
595 4055 689 4111 ὅλη
729 4050 807 4105 δι’
857 4053 976 4105 ὅλου
1007 4058 1066 4106 τὸ
1124 4054 1429 4127 ἁμαρτωλὸν
1475 4058 1712 4128 φρόνημα
1759 4073 1941 4112 κεκτη-

317 4149 473 4215 μένη,
531 4150 616 4195 καὶ
679 4145 1218 4218 συγκατεργαζομένη
1268 4153 1340 4214 τῷ
1396 4151 1604 4216 σώματι
1644 4148 1701 4196 τό
1758 4149 1935 4195 κακόν.

314 4233 469 4286 Ἀ).ὶὰ
496 4231 832 4305 διχοτομία.
875 4235 1048 4307 ὥσπερ
1098 4236 1243 4305 ἔφην,
1277 4236 1306 4290 ἠ
1360 4231 1461 4285 ἀπὸ
1500 4241 1591 4284 τοῦ
1643 4236 1940 4305 Πνεύματος

309 4325 380 4384 εἰς
405 4331 465 4375 τὸ
503 4321 756 4384 διηνεκὲς
785 4330 878 4382 τῆς
920 4323 1110 4394 ψυχῆς
1149 4321 1509 4397 ἀλλοτρίωσις.
1552 4330 1659 4374 Νυν
1689 4325 1780 4394 μὶν
1811 4325 1935 4395 γὰρ,

311 4415 351 4463 εἰ
387 4420 481 4465 καὶ
528 4418 605 4485 μὴ
644 4412 1002 4485 ἀνακέκραται
1038 4419 1143 4472 τοῖς
1190 4411 1435 4478 ἀναξίοις,
1467 4410 1576 4462 ἀλλ’
1615 4408 1702 4463 οὖν
1760 4420 1939 4486 παρεῐο

314 4523 393 4553 ναι
424 4500 584 4555 δοκεῖ
636 4520 750 4561 πως
806 4509 911 4561 τοῖς
959 4501 1099 4563 ἅπαξ
1130 4500 1580 4576 ἐσφραγισμένοις,
1613 4505 1701 4558 τὴν
1750 4499 1804 4552 ἐκ
1848 4509 1938 4561 τῆς

311 4591 639 4666 ἐπιστροφῆς
709 4596 975 4662 σωτηρίαν
1020 4591 1189 4642 αὐτῶν
1234 4590 1481 4662 ἀναμένον
1531 4593 1667 4660 (25)⁶
1733 4595 1848 4642 τότε
1879 4587 1938 4642 δὲ

311 4681 370 4742 τε
424 4683 549 4734 θον
601 4689 707 4740 τῆς
749 4679 1133 4752 βεϐηλωσοὲσης
1180 4681 1340 4741 αὑτοῦ
1385 4685 1478 4738 τὴν
1537 4683 1697 4753 χάριν
1748 4680 1935 4751 ψυχῆς

381 4854 423 4887 ⁷¹
472 4855 490 4906 1
529 4851 674 4906 Cor.
708 4866 810 4920 xu,
844 4853 940 4905 28.
1028 4851 1072 4884 ⁷²
1113 4851 1282 4904 Joan.
1314 4852 1506 4913 κιννὲρ

307 5003 691 5058 lbidemduo
716 5002 960 5057 codices
986 5000 1219 5056 habent
1263 4999 1497 5071 ἀφίενται
1541 4995 1733 5060 αὗτοῐς.
1783 5000 1965 5054 Deest

307 5082 398 5124 καὶ
425 5077 484 5130 in
523 5075 834 5148 plerisque
857 5071 1175 5129 codicibus
1207 5080 1343 5127 ante
1367 5075 1478 5127 has
1504 5088 1678 5126 voces
1699 5072 1760 5122 οἶν
1784 5091 1933 5122 τινων

311 5155 559 5218 κρατῆτε,
1390 5175 1396 5181 .

379 5223 487 5284 σ22)
534 5223 934 5294 Συμπαρέσται.
971 5220 1057 5271 Ita
1126 5230 1228 5268 sex
1283 5214 1521 5270 codices
1584 5231 1730 5268 mss.
1785 5213 1936 5269 Editi

316 5294 764 5362 συμπαρεστάναι.

383 5353 854 5430 ῖ·23)’11νεύματος.
897 5368 941 5416 Α
978 5360 1035 5413 ic
1065 5363 1310 5427 utsaepe
1355 5356 1515 5430 alias
1537 5357 1679 5411 editi
1701 5356 1936 5430 addunt

319 5421 481 5512 άξγίουξ
509 5421 669 5496 γαιοίέ
694 5421 1116 5512 sequentium
1152 5421 1369 5512 \_'oéum
1405 5429 1705 5512 scriptura
1738 5429 1809 5512 in
1841 5443 1936 5512 co-

315 5498 526 5568 dicibus
556 5531 704 5570 mss.
751 5498 1043 5579 Quidam
1080 5499 1312 5579 habent
1335 5498 1934 5579 uxspaiav.‘Col‘berti-

311 5567 654 5660 ωηαζαίάῆᾇζ
677 5567 804 5662 pr?)
842 5579 1148 5652 ἁμείωτον,
1176 5571 1389 5642 Regius
1408 5567 1714 5626 secundus
1739 5567 1934 5623 διασώ-

308 5647 458 5725 (amr.

1581 4849 1631 4882 ⁷⁸
1671 4852 1690 4903 l
1731 4848 1864 4905 Cor.
1896 4863 1995 4915 xv,
2024 4852 2113 4914 41,
2143 4850 2232 4902 42.

2048 3247 2219 3303 turid
2241 3248 2406 3320 quod
2430 3245 3126 3319 acceperunt,beneﬁcio
3140 3248 3199 3302 in
3219 3248 3370 3304 alios
3391 3248 3708 3304 translato:

2049 3342 2173 3398 aut.
2208 3337 2547 3392 secundum
2603 3336 2869 3408 aliquem
2919 3351 2994 3392 ex
3021 3337 3409 3406 evangelistis
3439 3338 3507 3408 ⁷⁵,
3530 3339 3712 3393 etiam

2050 3428 2286 3498 penitus
2325 3426 2786 3482 discindentur:
2823 3424 3105 3481 dissectio
3138 3426 3441 3498 siquidem
3494 3426 3710 3482 intelli-

2049 3517 2250 3586 genda
2281 3523 2370 3572 est
2418 3517 2477 3570 in
2522 3517 2654 3585 hoc,
2686 3513 2849 3586 quod
2897 3531 3146 3587 prorsus
3183 3531 3218 3572 a
3253 3515 3470 3587 Spiritu
3501 3520 3711 3573 sancto

2050 3605 2498 3661 alienabuntur.
2527 3607 2729 3675 Neque
2752 3602 2914 3658 enim
2936 3619 3158 3676 corpus
3175 3603 3482 3670 dividitur,
3505 3608 3571 3660 ut
3588 3621 3712 3662 una

2051 3711 2192 3767 pars
2221 3695 2489 3751 tradatur
2511 3693 2824 3766 supplicio,
2855 3693 3042 3749 altera
3067 3693 3433 3750 absolvatur.
3469 3697 3617 3750 Nam
3646 3695 3709 3750 id

2050 3785 2296 3857 quidem
2312 3783 2911 3854 fabulosum,nequej
2924 3787 3058 3837 usto
3069 3783 3323 3851 dignum
3334 3783 3355 3853 j
3367 3783 3556 3854 udice,
3568 3799 3707 3839 cum

2051 3879 2243 3929 totum
2268 3870 2948 3945 peccaverit,dimidium
2968 3870 3166 3926 addici
3188 3886 3408 3942 pinnae.
3442 3873 3556 3927 Nec
3577 3873 3708 3927 ani-

2051 3979 2151 4018 ma
2177 3963 2239 4018 in
2291 3969 2444 4017 duas
2486 3965 2685 4033 partes
2733 3964 2990 4030 secatur,
3019 3976 3157 4015 cum
3203 3966 3327 4015 tota
3367 3977 3473 4034 per
3515 3965 3706 4018 totum

2049 4051 2327 4108 habuerit
2343 4049 2635 4122 peccandi
2650 4048 2956 4118 affectum,
2973 4049 3274 4122 simulque
3291 4067 3431 4105 cum
3455 4067 3708 4123 corpore

2053 4141 2281 4196 malum
2314 4145 2613 4210 operetur.
2645 4137 2760 4195 Sed
2790 4138 3094 4207 dissectio,
3129 4144 3192 4194 ut
3224 4139 3370 4204 dixi,
3413 4146 3708 4212 perpetua

2050 4237 2138 4286 est
2167 4231 2384 4287 animae
2405 4246 2440 4285 a
2471 4229 2696 4300 Spiritu
2726 4228 3031 4284 alienatio.
3063 4231 3231 4283 Nunc
3263 4229 3443 4295 enim,
3469 4230 3706 4286 tametsi

2048 4335 2170 4376 non
2203 4320 2572 4375 admiscetur
2594 4317 2883 4387 indignis,
2905 4321 3172 4372 attamen
3194 4317 3398 4390 aliquo
3424 4323 3603 4390 pacto
3627 4319 3707 4373 vi-

2047 4409 2223 4465 detur
2253 4408 2464 4464 adesse
2489 4406 2677 4464 semel
2705 4405 3048 4478 baptizatis,
3074 4411 3433 4478 exspectans
3455 4412 3519 4462 ut
3540 4407 3705 4462 salu-

2048 4504 2164 4555 tem
2189 4510 2295 4572 per
2315 4498 2771 4554 conversionem
2803 4501 3285 4568 consequantur;
3314 4500 3440 4551 tum
3469 4509 3614 4552 vero
3645 4498 3704 4552 in

2048 4596 2238 4645 totum
2265 4587 2342 4643 ab
2364 4587 2590 4643 anima.
2609 4602 2746 4658 quas
2776 4585 3029 4654 gratiam
3060 4584 3249 4654 ipsius
3269 4584 3702 4656 profanaverit,

2047 4676 2440 4734 resecabitur.
2465 4678 2667 4747 quue
2692 4690 2815 4729 non
2840 4679 2933 4729 est
2961 4673 3022 4728 in
3042 4672 3278 4729 inferno
3298 4672 3404 4745 qui
3425 4674 3706 4732 confitea-

2310 4847 2358 4878 7‘
2401 4844 2600 4900 Matth.
2633 4859 2766 4909 xxv,
2795 4847 2886 4898 21.
2963 4843 3012 4875 ⁷⁵
3053 4840 3252 4896 Matth.
3282 4858 3441 4913 xxxv,
3471 4845 3557 4899 5t.

2102 4998 2217 5069 (24)
2261 5004 2396 5069 ᾼιχῆ
2435 4991 3433 5069 rium-at.Quidamcodicesdtxa.

2114 5065 2229 5138 (25)
2270 5065 2565 5139 ’Mapiwov.
2613 5067 2833 5139 Vitiose
2864 5065 3116 5139 quidam
3149 5065 3555 5139 codicescum
3580 5067 3704 5122 edi—

2042 5136 2127 5195 tis
2170 5136 2447 5211 ἀναμένω,
2507 5139 2633 5191 Non
2696 5136 2989 5211 absimilis
3041 5139 3338 5211 sententia
3391 5137 3608 5206 legitur
3645 5139 3706 5193 in

2042 5208 2339 5282 prooemio
2364 5208 2787 5282 Commentarii
2809 5211 2872 5262 in
2895 5209 3118 5282 Isaiam
3142 5210 3520 5280 prophetam.
3543 5211 3704 5266 Nam

2043 5280 2313 5339 omnibus
2345 5281 2606 5352 quidem,
2637 5281 2720 5334 ait
2744 5284 2976 5346 auctor,
3003 5280 3172 5336 adest
3213 5283 3480 5349 Spiritus
3523 5295 3704 5337 sanc-

2045 5362 2141 5410 tus
2174 5373 2186 5409 :
2219 5354 2322 5410 sed
2351 5355 2443 5419 iis,
2486 5355 2590 5423 qui
2627 5353 2772 5420 puri
2799 5359 2937 5406 sunt
2969 5353 3304 5420 affectibus,
3333 5352 3704 5421 peculiarem

2045 5426 2282 5482 exhibet
2317 5430 2600 5495 virtutem
2635 5440 2647 5476 :
2680 5430 2743 5479 at
2778 5439 2915 5479 vero
2947 5425 3037 5489 iis,
3069 5439 3325 5495 quorum
3368 5437 3706 5495 _mens_pec-

2045 5502 2171 5554 cati
2192 5497 2446 5553 maculis
2478 5494 2784 5561 turbatur,
2817 5493 3093 5550 minime.
3129 5496 3295 5565 Saepe
3326 5493 3488 5565 idem
3526 5493 3704 5552 docet

2046 5571 2352 5639 Origenes,
2378 5565 2657 5639 inprimis
2679 5568 2957 5622 Tractatu
2985 5571 3051 5622 3O
3075 5571 3131 5620 et
3157 5564 3315 5620 3fm
3347 5564 3567 5621 Matth.
