4154 6386
602 281 699 331 147

1989 278 2043 331 S.
2088 276 2335 331 BASILII
2376 276 2591 330 MAGNI
3851 274 3939 329 MS

592 401 698 457 tim
725 417 864 457 cum
894 401 1025 458 aliis
1049 400 1109 457 in
1139 400 1288 458 locis
1318 402 1595 474 impietas
1628 418 1664 458 a
1687 401 1863 457 nobis
1884 417 1994 472 pro
2024 401 2254 456 viribus

2378 406 2631 470 ταροῦσαν
2664 400 2847 470 ορμην,
2881 395 3047 456 ἄλλως
3098 414 3152 447 τε
3195 400 3283 446 καὶ
3334 394 3383 445 έν
3436 395 3605 455 ἄλλοις
3646 399 3775 448 κατὰ
3804 393 3942 449 δύνα-

587 490 847 547 refutata
874 490 970 547 sit.
1003 491 1175 556 Quod
1212 491 1261 546 si
1284 490 1393 547 soli
1426 492 1666 564 Spiritui
1688 496 1903 563 putant
1931 491 2251 545 convenire

591 580 1472 647 subnumerationem,discant
1506 582 1790 653 Spiritum
1821 581 2035 636 eodem
2069 581 2252 636 modo

586 670 965 740 pronuntiari
1028 687 1166 727 cum
1242 670 1517 739 Domino,
1582 670 1895 741 quomodo
1954 675 2010 725 et
2080 670 2253 725 Filius

586 760 1012 830 pronuntiatur
1042 776 1182 815 cum
1226 763 1421 816 Patre.
1485 762 1712 814 Nomen
1763 759 1924 814 enim
1968 761 2159 815 Patris
2200 766 2257 814 et

589 848 712 903 Filii
738 853 793 903 et
825 849 1077 919 Spiritus
1117 849 1306 904 sancti
1354 848 1623 904 similiter
1653 849 1879 903 editum
1913 854 2020 903 est.
2052 852 2256 921 Itaque

586 938 1113 1008 quemadmodum
1166 954 1227 993 se
1257 938 1439 994 habet
1476 937 1654 992 Filius
1682 938 1760 993 ad
1788 938 2047 1005 Patrem,
2072 938 2152 993 ita
2181 937 2257 992 ad

588 1028 801 1084 Filium
838 1044 967 1083 sese
989 1029 1171 1084 habet
1196 1028 1471 1100 Spiritus,
1515 1028 1852 1083 secundum
1886 1028 2169 1083 traditum
2196 1028 2257 1084 in

585 1117 890 1189 baptismo
924 1117 1246 1172 verborum
1281 1117 1557 1172 ordinem
1584 1119 1656 1170 ⁷³.
1710 1117 1883 1182 Quod
1930 1117 1978 1171 si
2011 1117 2260 1189 Spiritus

586 1206 731 1262 Filio
753 1207 997 1277 junctus
1047 1211 1154 1274 est,
1208 1208 1319 1278 37
1368 1206 1547 1263 Filius
1598 1213 1802 1262 autem
1837 1207 2032 1273 Patri;
2074 1208 2263 1279 liquet

585 1296 790 1367 ipsum
814 1297 995 1351 etiam
1020 1296 1306 1369 Spiritum
1348 1296 1508 1352 Patri
1560 1296 1633 1351 ad
1640 1296 1833 1367 jungi.
1864 1298 2050 1361 Quem
2080 1296 2264 1366 igitur

585 1385 788 1441 loeum
820 1385 1097 1453 habet,ut
1120 1385 1326 1441 dicant
1347 1385 1605 1441 alterum
1644 1386 2094 1449 connumerari,
2126 1385 2264 1454 alte_

585 1490 721 1529 rum
750 1473 1343 1539 subnumerari,cum
1370 1475 1430 1529 in
1453 1490 1577 1529 una
1600 1474 1938 1546 eademque
1972 1474 2122 1529 serie
2162 1490 2264 1529 no.

587 1563 758 1619 mina
786 1562 907 1618 sint
930 1562 1210 1618 ordinata
1232 1564 1259 1619 ?
1282 1566 1345 1618 In
1378 1580 1624 1619 summa
1669 1579 1877 1635 porro,
1908 1580 2047 1635 quae
2079 1580 2170 1619 res
2192 1579 2265 1619 ex

590 1654 755 1709 omni
789 1668 987 1707 rerum
1011 1668 1227 1722 genere
1258 1668 1531 1723 unquam
1568 1669 1604 1707 a
1655 1669 1767 1708 sua
1816 1653 2009 1726 ipsius
2047 1659 2267 1710 natura

2363 507 2451 559 μιν
2503 486 2584 558 ὑφ’
2621 489 2765 557 ἡμῶν
2832 494 2924 545 τῆς
2975 483 3207 544 ἀσεϐείας
3265 480 3649 555 διελεγθεὶσης·
3700 486 3741 537 εἰ
3782 483 3838 538 δι
3879 496 3941 556 τῷ

2365 581 2627 649 Πνεῦματι
2683 581 2893 651 πρέπειν
2970 578 3165 627 οἴονται
3240 580 3379 647 μόνῳ
3451 580 3538 632 τὴν
3582 577 3940 649 ὑπαρίθμησιν,

2366 669 2788 739 μανθανέτωσαν,
2844 667 2924 717 ὅτι
2974 668 3108 717 κατὰ
3148 669 3231 716 τὸν
3262 664 3418 716 αὐτὸν
3470 670 3655 738 τρόπον
3697 684 3942 736 συνεκφω-

2364 763 2526 808 νεῖται
2557 764 2629 825 τῷ
2685 761 2859 827 Κυρίῳ
2906 755 3017 823 (36)
3047 759 3105 806 τό
3138 761 3365 826 Πνεῦμα,
3418 754 3533 806 καθ’
3572 754 3623 804 ὃν
3661 756 3800 806 καὶὸ
3843 758 3945 814 Υἱὸς

2368 854 2439 917 τῷ
2475 850 2667 918 Πατρί.
2716 850 2785 897 Τὸ
2815 847 2914 917 γὰρ
2944 849 3103 917 ὄνομα
3135 848 3339 917 Πατρός
3387 848 3475 896 καὶ
3523 843 3649 896 Υἰοῦ
3699 849 3783 896 καὶ
3812 844 3945 915 ἁγίου

2370 938 2668 1006 Πνεῦματος
2716 936 2906 1006 ὁμοίως
2941 930 3236 988 ἕκδέδοται.
3268 933 3355 995 Ὠς
3402 921 3568 984 τοίνυν
3622 935 3732 1005 ἔχει
3769 935 3791 985 ὁ
3841 936 3945 994 Υἱὸς

2368 1029 2498 1097 πρὸς
2535 1028 2623 1076 τὸν
2677 1028 2902 1097 Πατέρα,
2969 1024 3104 1076 οὕτω
3155 1027 3280 1096 πρὸς
3340 1027 3429 1074 τὸν
3483 1026 3602 1076 Υἱὸν
3661 1027 3719 1076 τὸ
3758 1029 3949 1095 Πνεῦμα

2370 1119 2503 1167 κατά
2534 1122 2625 1172 τήν
2657 1114 2704 1166 ἐν
2733 1124 2803 1184 τῷ
2836 1113 3172 1186 βαπτίσματι
3201 1109 3632 1185 παραδεδομένην
3679 1121 3767 1165 τοῦ
3810 1114 3947 1184 λόγου

2372 1204 2635 1267 σύνταξιν.
2670 1204 2732 1255 Εἰ
2764 1200 2822 1256 δε
2871 1207 2929 1255 τὸ
2984 1208 3197 1275 Πνεῦμα
3240 1210 3313 1273 τῷ
3370 1204 3473 1273 Υἱῷ
3530 1204 3872 1267 συντέτακται,
3926 1205 3949 1254 ὁ

2374 1293 2433 1347 δε
2477 1296 2592 1354 Υἱὸς
2648 1300 2721 1363 τῷ
2755 1298 2949 1367 Πατρὶ,
2993 1290 3236 1350 δηλονότι
3268 1294 3378 1364 (37)
3417 1297 3507 1345 καὶ
3544 1297 3602 1344 τό
3632 1297 3835 1364 Πνεῦμα
3889 1312 3949 1362 τῳ

2376 1388 2566 1456 Πατρί.
2618 1388 2745 1435 Τίνα
2784 1383 2870 1434 οὖν
2902 1385 3014 1453 ἔχει
3056 1389 3235 1457 χώραν
3274 1386 3333 1433 τό
3372 1384 3461 1453 μεν
3516 1383 3946 1455 συναριθμεῖσθαι,

2372 1479 2429 1525 τό
2475 1470 2534 1525 δέ
2586 1474 3001 1545 ῦπαριθμεῐσθαι
3042 1471 3220 1542 λέγειν,
3264 1474 3312 1523 ἓν
3338 1478 3436 1543 μιᾷ
3475 1476 3565 1523 καὶ
3594 1479 3655 1544 τῇ
3687 1470 3812 1543 αὐτῇ
3864 1490 3949 1522 συ-

2379 1566 2597 1633 στοιχίᾳ
2649 1567 3110 1633 κατατεταγμένων
3150 1570 3249 1612 τῶν
3308 1561 3618 1633 ὀνομάτωνς
3672 1560 3829 1622 Ὀλως
3881 1557 3949 1621 δι,

2376 1657 2427 1703 τί
2482 1660 2580 1702 τῶν
2639 1654 2843 1703 πάντων
2919 1650 3095 1713 ἐξέστη
3172 1652 3294 1703 ποτε
3370 1660 3463 1712 τῆς
3540 1651 3722 1703 ἑαυτοῦ
3776 1652 3951 1721 φύσεως

590 1742 810 1798 excidit
839 1742 988 1798 dum
1014 1742 1415 1798 numeratur?
1435 1746 1641 1799 Nonne
1668 1744 1869 1815 potius
1894 1759 2027 1815 quae
2058 1760 2266 1810 nume_

2380 1739 2753 1814 ἀριθμούμενον
2786 1759 2798 1808 ;
2831 1739 2964 1793 Ἀλλ’
2998 1740 3126 1811 οὐχὶ
3176 1743 3241 1792 τὰ
3279 1744 3367 1813 μεν
3427 1738 3695 1814 ἀριθμητὰ
3747 1735 3952 1811 διαμένει

589 1837 821 1901 rantur,
842 1832 981 1888 talia
1004 1837 1398 1904 perseverant
1422 1832 1627 1904 qualia
1654 1837 1794 1887 sunt
1816 1833 1894 1888 ab
1921 1833 2090 1889 initio
2114 1850 2127 1899 ;
2162 1850 2269 1889 nu-

590 1938 795 1977 merus
819 1926 1021 1977 autem
1051 1921 1377 1977 adhibetur
1417 1937 1452 1976 a
1482 1921 1659 1977 nobis
1681 1938 1792 1977 ceu
1844 1923 2109 1991 signum,
2142 1938 2267 1994 quo

592 2010 933 2066 declaratur
948 2010 1265 2066 multitudo
1287 2011 1778 2083 suppositorum?
1792 2015 1942 2067 Nam
1964 2028 2035 2066 ex
2060 2028 2267 2084 corpo-

590 2099 762 2155 ribus
789 2100 908 2156 alia
935 2099 1482 2170 numeramus,alia
1499 2100 1929 2167 metimur,alia
1950 2100 2266 2161 libramus;

599 2195 656 2244 et
685 2205 949 2261 quorum
979 2190 1267 2246 continua
1297 2194 1384 2245 est
1407 2194 1646 2258 natura,
1689 2207 1759 2245 ea
1787 2206 2077 2245 mensura
2103 2207 2268 2246 com-

593 2279 1874 2351 prehendimus;quorumdiscretamumero
1889 2279 2246 2351 subjicimus

595 2368 860 2440 exceptis
886 2368 959 2423 iis
1000 2384 1138 2439 quae
1167 2369 1247 2423 ob
1274 2370 1627 2424 tenuitatem
1677 2384 1887 2423 rursus
1916 2369 2068 2424 ﬁunt
2089 2370 2269 2425 etiam

595 2473 733 2513 men
745 2457 1052 2526 surabilia;
1068 2473 1205 2530 quae
1222 2474 1361 2514 vero
1382 2457 1589 2529 gravia
1605 2458 1937 2524 sunt,libraa
1962 2464 2271 2515 momento

596 2548 1018 2604 discernimus.
1035 2552 1162 2605 Non
1183 2549 1385 2620 itaque
1404 2551 1696 2620 quoniam
1726 2550 1903 2605 nobis
1928 2550 2074 2621 ipsis
2100 2550 2273 2618 signa

596 2638 675 2692 ad
722 2638 1076 2709 quantitatis
1119 2638 1393 2694 notitiam
1445 2639 1944 2709 excogitavimus,
1998 2641 2273 2711 protinus

594 2727 775 2782 etiam
806 2732 1088 2783 naturam
1118 2744 1329 2783 eorum
1361 2745 1499 2801 quae
1538 2730 1782 2798 signata
1811 2734 1968 2799 sunt,
1993 2730 2266 2785 immuta.

593 2817 818 2873 vimus.
847 2818 1375 2881 Quemadmodum
1412 2818 1595 2888 igitur
1619 2834 1756 2890 quae
1794 2818 1948 2874 libra
1987 2820 2275 2891 expendi-

592 2925 753 2977 mus,
786 2925 857 2964 ea
877 2924 1002 2964 non
1030 2908 1443 2964 sublibramus
1473 2910 1628 2965 inter
1655 2926 1801 2979 sese,
1820 2910 2058 2965 etiamsi
2080 2927 2273 2967 unum

594 2999 665 3054 sit
698 3014 936 3065 aurum,
965 2998 1223 3055 alterum
1251 3004 1537 3055 stannum
1567 3016 1579 3062 ;
1604 2988 1813 3071 ’neque
1868 2999 2274 3056 submetimur

2379 1832 2464 1882 οἷα
2519 1834 2737 1901 πέφυκεν
2791 1829 2841 1891 ἐξ
2891 1828 3082 1901 ἀρχῆς,
3125 1832 3150 1880 ό
3179 1826 3237 1882 δε
3274 1828 3491 1903 ἀριθμός
3540 1837 3748 1902 σημεῖον
3792 1848 3955 1901 γνωρι-

2382 1924 2560 1971 στικόν
2635 1927 2728 1971 τοῦ
2803 1918 3031 1978 πλήθους
3096 1927 3195 1969 τῶν
3262 1922 3611 1991 ὑποκειμένων
3663 1917 3781 1992 παρ’
3828 1920 3952 1989 ήμῶν

2380 2008 2728 2083 ἐφαρμόζεται
2758 2026 2769 2075 ;
2800 2014 2915 2061 Τῶν
2956 2012 3055 2082 γὰρ
3108 2012 3353 2081 συμάτων
3385 2012 3451 2060 τὰ
3507 2011 3596 2081 μεν
3645 2007 3950 2082 ἀριθμοῦμεν,

2380 2102 2445 2150 τὰ
2502 2095 2562 2151 δὲ
2612 2106 2916 2173 μετροῦμεν,
2954 2102 3020 2149 τὰ
3073 2094 3133 2151 δε
3184 2100 3580 2171 σταθμώμεθα·
3624 2102 3711 2150 καὶ
3766 2098 3827 2147 ὧν

2384 2193 2609 2258 συνεχὴς
2665 2190 2694 2244 ἡ
2757 2190 2932 2259 φύσις,
2984 2192 3152 2261 μέτρῳ
3188 2186 3671 2260 καταλαμϐάνομεν,
3703 2188 3766 2237 ὧν
3808 2182 3860 2238 δε
3887 2181 3952 2236 δι-

2382 2281 2664 2351 ωρὶσμένη,
2720 2284 2790 2346 τῷ
2844 2275 3049 2351 ἀριθμῷ
3110 2276 3485 2349 ὑποϐάλλομεν,
3554 2277 3679 2335 πλὴν
3743 2278 3837 2327 ὅσα
3878 2270 3951 2325 διὰ

2380 2364 2666 2424 λεπτότητα
2713 2372 2802 2417 καὶ
2847 2366 2981 2418 αὐτὰ
3036 2366 3189 2418 πάλιν
3247 2370 3481 2440 μετρητὰ
3536 2372 3731 2438 γίνεται
3761 2384 3776 2399 ’
3828 2366 3884 2416 τὰ
3905 2360 3945 2415 δι

2384 2454 2523 2528 βάρη
2558 2463 2673 2517 ταῖς
2703 2454 2786 2508 ἐπὶ
2810 2464 2902 2508 τοῦ
2934 2457 3095 2527 ζυγοῦ
3124 2457 3310 2530 ῥοπαῖς
3368 2453 3721 2531 διακρίνομεν.
3776 2455 3845 2507 Oti
3872 2458 3947 2505 τοί-

2381 2565 2489 2611 νυν,
2522 2542 2702 2603 επειδὴ
2733 2546 2937 2606 ἑαυτοῖς
2966 2554 3162 2618 σημεῖα
3200 2551 3333 2620 πρὸς
3358 2551 3455 2603 τὴν
3480 2554 3573 2599 τοῦ
3603 2554 3766 2599 ποσοῦ
3792 2553 3951 2615 γνῶσιν

2384 2634 2748 2707 ἐπενοήσαμεν,
2807 2634 2915 2694 ἤδη
2954 2642 3043 2688 καὶ
3088 2642 3182 2694 τήν
3243 2640 3397 2708 φύσιν
3446 2646 3550 2689 τῶν
3600 2636 3950 2707 σημειωθέντων

2385 2724 2692 2797 ὴλλάξαμεν.
2721 2733 2922 2798 Ὥσπερ
2954 2726 3043 2778 οὖν
3098 2726 3202 2799 οὐχ
3251 2728 3709 2799 ὑποσταθμὼμεθα
3749 2723 3951 2781 metu;

2383 2817 2448 2865 τὰ
2482 2817 2779 2887 σταθμητὰ,
2810 2815 2905 2866 κᾶν
2936 2821 2991 2867 τό
3050 2820 3138 2888 μεν
3182 2821 3409 2888 χρυσός,
3456 2821 3514 2870 τό
3574 2814 3630 2869 δὲ
3681 2820 3951 2884 κασσίτερος

3564 2907 3721 2966 οὕτως
3768 2900 3878 2957 οὐδέ
3902 2904 3955 2953 τὰ

2384 2990 2650 3065 ἀριθμητὰ
2687 2997 2891 3055 πάντως
2938 2997 3390 3070 ὑπαριθμὴσομεν.
3459 2996 3519 3049 Εἰ
3567 2992 3625 3048 δέ
3680 2991 3821 3047 οὐδὲν
3874 2998 3953 3043 τῶν

2384 2900 2438 2976 ᾖ,
2489 2902 2613 2956 οὐδὲ
2666 2907 3053 2979 ὑπομετροῦμεν
3111 2910 3177 2959 τὰ
3224 2909 3461 2979 μετρηταὶ
3494 2926 3507 2938 ·

592 3104 727 3160 quae
755 3103 1043 3144 mensura
1067 3088 1499 3160 dijudicantur:
1531 3089 1614 3144 ita
1638 3104 1747 3143 nec
1783 3104 1855 3143 ea
1895 3104 2029 3160 quae
2062 3105 2266 3145 nume-

2382 3082 2545 3133 illaw
2602 3088 2695 3141 τὴν
2754 3086 3117 3155 ῦπαρίθμησιν
3175 3083 3414 3157 δέχεται,
3458 3087 3569 3147 πῶς
3602 3092 3671 3155 τῷ
3724 3082 3955 3153 Πνεῦματί

591 3181 822 3246 rantur,
855 3176 978 3232 ullo
1032 3177 1218 3233 modo
1268 3176 1877 3232 subnumerabimus.
1914 3178 2088 3242 Quod
2140 3178 2272 3234 siin

592 3267 822 3322 caeteris
847 3266 999 3323 nihil
1030 3273 1139 3331 est,
1168 3266 1337 3339 quod
1365 3266 1970 3323 subnumerationem
1997 3267 2265 3339 recipiat.

594 3370 720 3425 qua
739 3353 933 3410 fronte
962 3354 1173 3409 dicunt
1212 3354 1455 3426 Spiritui
1486 3360 1830 3425 competere
1871 3356 2270 3412 subnumera-

591 3444 867 3500 tionem?
905 3448 976 3500 At
1003 3443 1063 3499 hi
1109 3444 1349 3500 ethnico
1390 3444 1606 3500 morbo
1648 3444 2021 3516 laborantes,
2069 3445 2267 3501 existi-

2382 3191 2510 3244 φασι
2567 3179 2851 3247 προσήκειν
2910 3175 3323 3248 ὑπαριθμεῐσθαι
3355 3192 3367 3241 ;
3398 3174 3560 3231 Ἀλλά
3604 3177 3667 3227 τὰ
3719 3170 3953 3228 Ἐλληνικὰ

2378 3268 2645 3322 νοσοῦντες
2679 3266 2873 3315 οἴονται
2926 3266 2993 3315 τὰ
3031 3266 3167 3316 κατὰ
3215 3263 3421 3336 βαθμὸν
3458 3264 3758 3337 ἀξιωμάτων
3795 3262 3893 3333 (38)
3929 3258 3950 3314 ἦ

2378 3354 2513 3403 κατά
2536 3352 2722 3413 οὐσίας
2745 3353 2926 3425 ὕφεσιν
2952 3353 3319 3416 ὑποϐαίνοντα,
3348 3362 3519 3407 ταῦτα
3545 3358 3820 3426 προσήκειν
3847 3350 3954 3400 ὐπα-

2376 3442 2703 3513 ριθμείσθαι.

592 3538 764 3589 mant
791 3548 930 3605 quae
961 3533 1269 3604 dignitatis
1302 3532 1495 3604 gradu
1526 3537 1631 3589 aut
1660 3538 1892 3590 natura:
1918 3550 1989 3591 ac
2035 3526 2392 3592 substantiae
2424 3530 2830 3588 submissione
2874 3532 3158 3591 interiora
3188 3538 3346 3603 sunt,
3372 3534 3447 3589 iis
3482 3532 3799 3591 convenire
3828 3525 3951 3582 sub-

591 3622 1099 3680 numerationem.

1208 3732 1441 3788 CAPUT
1483 3734 1649 3788 XVIII

598 3841 898 3908 Quomodo
925 3843 988 3898 in
1017 3841 1389 3912 professione
1440 3842 1625 3896 trium
1658 3840 2057 3910 hypostaseon
2086 3843 2259 3912 pium

667 3913 1041 3969 monarchiat
1061 3914 1280 3984 dogma
1309 3928 1640 3980 servamus,
1664 3913 1768 3967 ubi
1796 3919 1851 3968 et
1889 3928 2115 3981 eorum,
2156 3914 2263 3984 qui

668 3986 882 4041 dicunt
901 3986 1200 4053 Spiritum
1220 3984 1665 4054 subnumerari,
1691 3985 2012 4054 refutatio.

665 4166 754 4217 44.
785 4164 933 4217 Cum
967 4162 1205 4218 Patrem
1228 4167 1287 4218 et
1318 4162 1528 4218 Filium
1560 4167 1618 4218 et
1665 4161 1952 4233 Spiritum
1982 4166 2266 4217 sanctum

592 4252 857 4307 traderet
872 4252 1461 4318 Dominus,noncum
1476 4267 1730 4306 numero
1744 4251 1929 4307 simul
1947 4250 2269 4319 tradidit”.

2918 3734 3310 3784 ΚΕΦΛΛΑῘΟΝ
3364 3730 3453 3784 IH'

2375 3842 2491 3897 Πῶς
2522 3835 2569 3889 έν
2594 3845 2657 3910 τῇ
2685 3836 2937 3911 ὁμολογίᾳ
2965 3847 3065 3889 τῶν
3091 3847 3245 3911 τρ-ιῶν
3290 3839 3635 3891 ὑποστάσεων
3682 3838 3739 3887 τὸ
3782 3827 3953 3911 uictis};

2448 3919 2543 3969 τῆς
2574 3902 2871 3984 μοναρχίας
2897 3902 3076 3981 δόγμα
3121 3902 3515 3984 διατηροῦμεν,
3550 3910 3597 3962 ἐν
3684 3912 3768 3959 καὶ
3813 3906 3834 3956 ὁ
3860 3902 3951 3984 (39)

2447 3972 2584 4034 κατᾶ
2614 3972 2715 4035 των
2740 3972 2804 4034 ’τὸ
2856 3972 3070 4055 Πνεῦμα
3096 3972 3515 4055 ὑπαριθμεῖσθαι
3546 3972 3833 4054 φασκόντων
3866 3972 3951 4025 ἴλι-

2448 4073 2607 4125 γχος.

2449 4164 2539 4215 4-4.
2582 4166 2791 4234 Πατέρα
2818 4166 2908 4213 καὶ
2938 4164 3056 4215 Υἱὸν
3086 4166 3174 4213 καὶ
3204 4162 3353 4232 ἅγιον
3379 4165 3597 4233 Πνεῦμα
3652 4147 3952 4230 παραδιδοὺς

2381 4250 2407 4304 ὁ
2440 4255 2645 4324 Κύριος,
2698 4252 2756 4303 οὐ
2813 4254 2943 4324 μετά
3000 4260 3090 4305 τοῦ
3122 4251 3347 4324 ἀριθμοῦ
3380 4246 3743 4313 συνεξέδωκεν.
3776 4243 3845 4296 Οὐ
3869 4242 3951 4311 γὰρ

599 4344 730 4397 Non
762 4341 923 4397 enim
968 4341 1139 4409 dixit,
1187 4344 1250 4395 In
1280 4339 1546 4413 primum
1576 4346 1633 4395 et
1671 4340 2011 4395 secundum
2052 4344 2108 4396 et
2158 4344 2266 4395 ter-

2382 4343 2536 4410 εἶπεν,
2589 4343 2668 4393 ὅτι
2714 4342 2801 4404 Εἰς
2844 4351 3047 4417 πρῶτον
3074 4348 3162 4393 καὶ
3194 4340 3435 4415 δεύτερον
3468 4346 3559 4394 καὶ
3605 4343 3791 4414 τρίτον,
3828 4329 3951 4394 οὐδὲ,

598 4432 769 4498 tium,
802 4447 1021 4503 neque,
1056 4434 1119 4485 In
1145 4446 1339 4485 unum
1359 4436 1415 4485 et
1443 4430 1566 4485 duo
1594 4435 1652 4485 et
1675 4430 1788 4486 tria
1811 4450 1822 4482 :
1848 4430 1962 4486 sed
1992 4446 2098 4501 per
2124 4446 2267 4486 san-

600 4526 694 4578 cta
716 4521 967 4577 nomina
1015 4520 1422 4591 cognitionem
1462 4519 1601 4574 ﬁdei
1636 4519 1716 4575 ad
1765 4520 2025 4576 salutem
2054 4520 2272 4593 perdu-

600 4612 789 4667 centis
820 4611 1071 4682 largitus
1120 4615 1228 4665 est.
1258 4611 1454 4675 Quare
1500 4610 1672 4681 quod
1703 4626 1815 4665 nos
1860 4610 2061 4666 salvos
2104 4610 2269 4679 facit,

599 4700 751 4756 ﬁdes
781 4704 892 4755 est.
921 4702 1221 4756 Numerus
1256 4693 1419 4765 vero,
1473 4699 1717 4769 signum
1746 4699 2067 4755 declarans
2124 4704 2276 4772 quot

605 4789 723 4845 sint
770 4791 1108 4860 supposita,
1136 4790 1510 4858 excogitatus
1541 4794 1651 4846 est.
1686 4788 1800 4844 Sed
1830 4789 1935 4861 qui
1962 4788 2277 4845 undelibet

607 4878 723 4933 sibi
760 4879 906 4949 ipsis
950 4894 1140 4933 noxas
1178 4878 1755 4944 contrahunt,etiam
1782 4878 2149 4934 numerandi
2193 4877 2278 4933 fa-

607 4966 826 5023 cultate
864 4967 1158 5023 adversus
1216 4967 1403 5023 ﬁdem
1440 4967 1771 5025 abutuntur
1810 4985 1823 5023 :
1870 4968 1977 5040 qui
2024 4967 2273 5040 quidem

683 5151 729 5183 79
754 5148 953 5205 Matth.
979 5163 1184 5215 xxvm,
1210 5152 1295 5204 19.
1374 5148 1420 5183 ⁸ο
1447 5148 1595 5206 ibid.

686 5334 799 5403 (36)
849 5341 931 5403 Τῷ
993 5335 1186 5406 Κυρίῳ.
1244 5330 1502 5387 Colbert.
1560 5340 1632 5401 τῷ
1671 5334 1795 5402 Υὶῷ,
1839 5330 1950 5387 sed
2004 5331 2276 5388 secunda

618 5421 1097 5545 m?§71;'Anlovort.
1134 5475 1369 5543 Legitur
1399 5475 1457 5528 in
1512 5470 1903 5545 editisidﬁim,
1959 5476 2040 5525 ὅτι
2086 5479 2174 5526 καί
2211 5479 2269 5527 τὸ

624 5552 850 5617 Πνεῦμα.
880 5547 1205 5618 Maluimus
1227 5545 1399 5618 sequi
1432 5544 1862 5618 mss.codices.

696 5616 803 5689 (38)
836 5619 991 5672 Ἀλλά
1022 5622 1150 5670 τὰ...
1188 5616 1513 5690 ἀξιωμάτων.
1544 5617 1635 5673 Sic
1668 5616 1884 5686 Regius
1912 5616 2165 5689 primus:
2188 5619 2273 5675 sic

2380 4432 2465 4492 Εἰς
2520 4431 2568 4484 ἓν
2617 4437 2707 4484 καὶ
2758 4429 2856 4484 δύο
2903 4438 2993 4485 καὶ
3037 4437 3158 4507 τρία
3189 4449 3202 4463 ’
3250 4430 3379 4483 ἀλλὰ
3410 4427 3482 4483 δι’
3510 4430 3769 4502 ὀνομάτων
3816 4421 3952 4492 ἁγίων

2382 4526 2474 4580 τὴν
2538 4529 2741 4592 »γνῶσιν
2797 4530 2889 4583 τῆς
2940 4526 3072 4597 πρός
3146 4526 3408 4597 σωτηρίαν
3466 4519 3699 4592 ἀγούσης
3756 4518 3953 4566 πίστεως

2384 4610 2695 4686 ἐχαρίσατο.
2722 4610 2882 4663 ⁴Ὡστε
2910 4631 2969 4664 το
3008 4616 3098 4685 μεν
3131 4615 3298 4674 σῶζον
3329 4613 3467 4683 ἡμᾶς
3520 4612 3550 4669 ἠ
3592 4611 3764 4665 πίστις
3790 4598 3913 4654 ἐστίν
3940 4611 3951 4623 ’

2386 4703 2409 4753 ὁ
2469 4699 2528 4754 δε
2594 4701 2814 4775 ἀριθμός
2874 4709 3088 4774 σημεῖον
3137 4706 3482 4775 γνωριστικόν
3535 4705 3626 4751 τοῦ
3674 4697 3831 4749 ποσοῦ
3872 4692 3954 4739 τῶν

2386 4793 2731 4864 ὑποκειμένων
2792 4789 3133 4849 ἐπινενόηται.
3178 4790 3313 4843 Ἀλλ’
3371 4793 3421 4842 οἱ
3475 4786 3801 4859 πανταχὸθεν
3857 4794 3957 4828 εαυο

2387 4889 2496 4943 τοὶς
2545 4884 2638 4942 τὰς
2678 4880 2880 4953 βλάϐας
2932 4879 3328 4951 έπεσυνάγοντες
3373 4884 3463 4931 καὶ
3504 4885 3568 4951 τῇ
3608 4883 3695 4929 τοῦ
3746 4866 3955 4953 ἀριθμεῖν

2390 4966 2608 5043 δυνάμει
2646 4973 2781 5023 κατὰ
2832 4979 2926 5031 τῆς
2955 4974 3175 5030 πίστεως
3205 4973 3492 5042 κέχρηνται
3524 4984 3537 4997 ·
3576 4966 3627 5019 οἱ
3649 4983 3726 5037 γε,
3773 4952 3957 5011 οὐδενος

2385 5330 2567 5387 etiam
2597 5333 2860 5401 quatuor
2887 5328 3011 5395 alii,
3035 5328 3154 5385 nisi
3182 5326 3351 5401 quod
3378 5322 3750 5401 magabant;
3763 5311 3957 5401 ,ᾳϋρὲῖ

2385 5402 2511 5489 lum
2534 5389 2672 5489 ante
2701 5400 2812 5457 has
2840 5389 3040 5469 voces,
3072 5389 3222 5453 xm?
3248 5398 3473 5471 βαθμὸν.
3497 5394 3648 5452 Editi
3679 5389 3806 5446 Ἀλλ’
3832 5389 3956 5438 οὗτοι

2386 5478 2519 5529 τά...
2545 5474 2837 5545 ἀξιώματα.
3808 5528 3818 5539 .

2458 5547 2571 5614 (39)
2610 5546 2689 5599 Ἐν
2733 5547 2771 5617 ᾧ
2824 5550 2914 5598 καὶ
2944 5546 2993 5614 ὁ,
3036 5548 3149 5601 etc.
3179 5543 3318 5599 Hac
3351 5540 3572 5599 desunt
3595 5538 3658 5594 in
3680 5533 3955 5608 plerisque

2387 5617 2721 5674 codicibus.
