4154 6392
612 265 710 318 155

1241 393 1463 450 CAPUT
1500 399 1630 452 XIX.

605 479 913 533 Adversus
944 495 1037 536 eos
1083 483 1189 552 qui
1225 483 1434 560 dicunt
1460 504 1600 560 non
1631 505 1750 547 esse
1791 492 2259 560 gloriﬁcandum

1304 559 1617 625 Spiritum.

678 657 767 709 48.
816 658 895 711 Sit
949 657 1048 724 ita,
1078 659 1379 732 inquiunt,
1416 671 1476 720 at
1523 682 1594 720 ea
1634 667 1822 736 gloria
1863 671 2028 726 nullo
2086 677 2260 743 pacto

606 742 858 800 debetur
892 747 1156 818 Spiritui,
1203 760 1263 806 ut
1312 770 1345 812 a
1401 755 1573 810 nobis
1604 742 2142 825 glorificationibus
2189 763 2262 817 sit

607 833 1004 892 extollendus.
1035 840 1200 895 Unde
1221 843 1399 908 igitur
1419 845 1729 916 probaturi
1760 866 1969 905 sumtis
2006 846 2259 923 Spiritus

606 921 959 996 dignitatem
1017 929 1378 987 intellectum
1446 951 1688 992 omnem
1746 921 2157 1011 superantem,
2211 943 2260 997 si

610 1014 793 1068 Patris
815 1023 870 1071 et
905 1017 1026 1072 Filii
1045 1023 1396 1076 communio
1420 1025 1544 1078 visa
1563 1033 1648 1079 est
1671 1027 1796 1081 istis
1822 1029 2064 1085 minime
2089 1031 2258 1086 suffi—

604 1101 768 1156 ciens
795 1106 868 1159 ad
895 1105 954 1162 id
974 1109 1413 1166 testificandum
1439 1115 1464 1168 ?
1493 1119 1645 1170 Sane
1664 1133 1989 1188 possumus
2015 1126 2071 1175 et
2091 1122 2163 1176 ad
2189 1138 2260 1177 ea

604 1206 742 1262 quae
772 1195 1120 1251 nominibus
1171 1200 1588 1271 signiﬁcantur
1649 1207 2056 1279 respicientes,
2086 1216 2143 1266 et
2181 1211 2258 1266 ad

603 1283 1022 1353 Operationum
1057 1289 1185 1360 ejus
1228 1294 1729 1364 magnitudinum,
1763 1305 1819 1353 et
1856 1299 1932 1354 ad
1967 1299 2260 1359 beneficia

602 1386 738 1442 qua:
766 1373 827 1429 in
854 1391 988 1441 nos,
1026 1379 1146 1434 imo
1177 1397 1314 1453 quae
1365 1385 1421 1438 in
1475 1401 1719 1442 omnem
1753 1396 2093 1447 creaturam
2120 1411 2259 1448 con-

602 1459 732 1529 fert,
761 1479 872 1535 pro
894 1467 1144 1523 modulo
1163 1479 1367 1525 nostro
1393 1482 1620 1529 naturae
1647 1476 1803 1531 illius
1828 1480 2256 1538 sublimitatem

602 1565 671 1604 ac
703 1556 1029 1622 potentiam
1057 1558 1728 1632 incomprehensibilem
1774 1570 2099 1642 percipere.
2137 1573 2260 1646 Spi-

601 1638 750 1694 ritus
772 1649 1024 1699 vocatus
1050 1653 1157 1712 est,
1185 1653 1246 1701 ut
1275 1657 1361 1704 est
1395 1651 1562 1718 illud,
1597 1638 1857 1722 Spiritus
1894 1638 2109 1714 Deus“
2136 1680 2146 1728 ;
2177 1638 2256 1731 et,

598 1727 868 1796 Spiritus
886 1735 1088 1789 vultus
1106 1740 1604 1806 nostri,C/u-tstus
1622 1746 1976 1801 Dominus”.
2007 1727 2257 1807 Sanctus

597 1816 836 1888 dicitur,
859 1826 1383 1894 quemadmodmn
1432 1838 1677 1887 sanctus
1709 1839 1894 1904 Pater,
1930 1844 1984 1892 et
2014 1847 2258 1898 sanctus

601 1908 801 1964 Filius.
829 1913 1124 1970 Creaturae
1149 1918 1442 1990 siquidem
1470 1922 1714 1978 inducta
1741 1932 1828 1980 est
1856 1926 2097 1986 aliunde
2120 1947 2255 1986 san-

597 1996 911 2068 ctimonia;
948 2005 1185 2078 Spiritui
1244 2025 1380 2063 vero
1432 2012 1716 2068 sanctitas
1776 2017 2136 2088 completiva
2167 2025 2259 2076 est

595 2093 846 2146 naturae.
865 2091 1125 2166 Ideoque
1159 2112 1277 2152 non
1305 2101 1738 2172 sanctiﬁcatur,
1765 2104 1867 2159 sed
1898 2108 2252 2166 sanctificat.

593 2175 796 2232 Bonus
828 2179 966 2235 item
999 2184 1216 2240 dicitur
1247 2187 1399 2242 sicut
1435 2193 1603 2244 l'ater
1630 2191 1829 2246 bonus
1877 2200 1982 2260 est,
2017 2200 2074 2252 et
2103 2198 2256 2256 sicut

591 2263 790 2322 bonus
817 2275 904 2324 est
926 2271 974 2324 is
1005 2273 1108 2344 qui
1141 2290 1213 2329 ex
1243 2275 1408 2331 bono
1437 2284 1614 2336 natus
1638 2287 1762 2335 est:
1794 2283 1887 2336 cui
1908 2284 2149 2340 bonitas
2167 2292 2255 2342 est

591 2352 724 2426 ipsa
756 2360 1038 2415 essentia.
1074 2365 1285 2418 Rectus
1330 2373 1594 2438 vocatur,
1635 2376 1694 2424 ut
1735 2377 1932 2427 rectus
1966 2377 2254 2431 Dominus

591 2443 747 2498 Deus
771 2446 839 2514 9',
869 2462 939 2504 eo
965 2451 1129 2521 quod
1159 2467 1265 2522 per
1297 2471 1359 2508 se
1389 2455 1460 2510 sit
1492 2456 1625 2525 ipsa
1652 2460 1891 2526 veritas,
1923 2467 1977 2516 et
2007 2461 2139 2534 ipsa
2161 2464 2256 2533 juo

591 2530 767 2602 stitia,
792 2550 903 2590 nec
934 2537 992 2592 in
1029 2539 1187 2596 hanc
1215 2559 1322 2597 nec
1355 2544 1412 2598 in
1447 2545 1609 2601 illam
1657 2554 1888 2619 partem
1919 2567 1977 2604 sc
2013 2557 2249 2607 vertens

589 2621 1228 2703 autﬂectens,propter
1249 2639 1477 2688 natura;
1499 2635 2251 2697 immutabilitateni.Para-

589 2709 776 2767 cletus
797 2726 1185 2791 nuncupatur
1207 2722 1368 2776 velut
1393 2725 1741 2794 L'nigenitus
1776 2744 1787 2780 :
1815 2729 1965 2784 sicut
1993 2729 2123 2802 ipse
2148 2732 2247 2794 ait,

586 2804 717 2875 Ego
761 2808 984 2876 rogabo
1030 2811 1270 2866 Patrem
1320 2829 1536 2881 neeum,
1569 2822 1621 2871 et
1668 2816 2030 2874 (tabz'tivobz's
2061 2821 2248 2876 altum

585 2896 1060 2954 Paractetum".
1091 2903 1210 2957 Hoc
1241 2909 1418 2975 pacto
1451 2907 1805 2962 communia
1840 2915 1978 2964 sunt
1999 2912 2250 2967 nomina

584 2989 760 3056 Patri,
785 2987 928 3044 Filio
950 2994 1008 3046 et
1031 2991 1270 3064 Spiritui
1296 2999 1526 3058 sancto,
1548 2995 1650 3067 qui
1676 2997 1786 3052 bas
1813 2998 2249 3072 appellationes

585 3091 656 3130 ex
685 3083 913 3133 naturae
947 3081 1248 3136 consortio
1295 3082 1496 3138 habet.
1531 3085 1698 3140 Unde
1745 3087 1904 3142 enim
1957 3088 2200 3143 aliunde
2222 3091 2249 3145 ἰ’

585 3166 838 3221 Rursum
876 3168 1127 3239 Spiritus
1157 3171 1528 3243 principalis,
1574 3181 1632 3228 et
1675 3175 1928 3246 Spiritus
1959 3178 2246 3249 veritatis,

585 3260 641 3310 et
682 3257 935 3327 Spiritus
974 3259 1282 3330 sapientia:
1337 3261 1534 3315 dictus
1566 3269 1673 3317 est.
1708 3265 1976 3331 Spiritus
2006 3268 2248 3322 divinus

583 3347 686 3413 qui
725 3361 817 3401 me
837 3346 1017 3414 Iccitt
1047 3363 1059 3411 ;
1113 3354 1186 3416 et,
1231 3350 1518 3416 Beseteet,
1548 3351 1762 3424 inquit,
1791 3355 2057 3422 implevit
2090 3358 2247 3412 Deus

586 3431 696 3506 41
759 3434 996 3502 Spiritu
1050 3437 1254 3492 divino
1313 3441 1623 3507 sapientiae
1679 3449 1731 3496 et
1784 3443 2123 3500 intellectus
2191 3453 2245 3501 et

582 3524 846 3579 scientia
868 3527 909 3579 ².
939 3525 1101 3582 Talia
1130 3527 1311 3596 igitur
1334 3531 1582 3585 nomina
1609 3532 1829 3588 eximia
1865 3533 1964 3590 illa
1997 3537 2244 3608 quidem

583 3616 639 3666 et
667 3628 915 3683 magna,
951 3631 1061 3670 nec
1105 3622 1331 3686 tamen,
1363 3624 1526 3690 quod
1587 3621 1663 3675 ad
1717 3621 1972 3691 gloriam
2015 3626 2243 3693 attinet,

581 3705 1109 3773 exaggerationem
1138 3706 1319 3762 ullam
1345 3707 1650 3764 habentia.

651 3795 740 3846 49.
778 3798 848 3847 At
872 3797 1256 3867 operationes
1289 3798 1503 3870 quales
1540 3801 1725 3855 sunt?
1757 3801 2244 3876 lneil'abilesqui-

580 3880 720 3935 dem
776 3882 854 3937 ob
907 3885 1407 3954 magnitudinem.
1448 3887 1923 3945 innumerabiles
1973 3908 2114 3948 vero
2164 3893 2244 3948 ob

581 3969 1048 4028 multitudinem.
1066 3977 1215 4028 Nam
1249 3991 1368 4047 quo
1393 3983 1568 4048 pacto
1589 3979 1991 4050 intelligemus
2014 3998 2086 4037 ea
2107 4000 2243 4055 quae

578 4057 822 4114 fuerunt
850 4067 984 4116 ante
1016 4063 1277 4119 suacula?
1298 4080 1432 4136 qua:
1457 4073 1628 4122 erant
1667 4068 1822 4123 illius
1861 4073 2243 4142 operationes

583 4152 720 4202 ante
768 4156 1130 4226 creaturam.
1155 4153 1639 4224 intelligibitem?
1672 4163 1897 4229 quanta
1929 4167 2129 4216 autem
2163 4162 2242 4218 ab

580 4238 682 4295 illo
695 4238 1059 4297 beneficiain
1079 4245 1456 4299 creaturam?
1478 4245 1556 4302 ad
1577 4246 1870 4320 heec,qute
1882 4254 2148 4323 potestas
2164 4251 2244 4307 ad

579 4335 831 4385 ventura
861 4330 1122 4387 saecula?
1153 4333 1285 4386 Erat
1308 4333 1492 4405 enim,
1525 4342 1578 4390 et
1620 4342 1757 4392 ante
1787 4344 1932 4406 erat,
1964 4346 2019 4394 et
2063 4341 2243 4397 simul

580 4417 792 4476 aderat
833 4435 971 4474 cum
1028 4423 1198 4475 Patre
1256 4426 1312 4476 et
1371 4423 1508 4479 Filio
1547 4429 1683 4480 ante
1740 4430 1987 4484 saecula.
2047 4431 2241 4495 Quare

579 4508 972 4582 etiamsiquid
995 4510 1276 4581 cogitaris
1296 4518 1436 4568 ante
1461 4514 1705 4580 secula,
1719 4515 1832 4571 hoc
1850 4521 2054 4574 tamen
2070 4535 2242 4592 repe-

653 4687 700 4721 ⁹⁶
731 4687 904 4744 Joan.
931 4692 1121 4744 112$.
1201 4691 1246 4724 9"
1271 4690 1484 4745 Thren.
1511 4706 1588 4758 ιν,
1613 4695 1705 4746 20.

1783 4694 1830 4728 ’⁸
1862 4693 2015 4750 Psal.
2040 4713 2149 4766 xm,
2186 4701 2268 4753 16.

650 4864 763 4944 (ζῇ)
787 4864 1067 4944 Λάϐοιμεν.
1098 4869 1184 4925 lta
1218 4873 1492 4944 quatuor
1509 4869 1675 4944 Regii
1702 4887 1842 4944 cum
1872 4872 2235 4944 Colbertino,

578 4935 796 4992 melius
851 4935 1043 4993 multo
1095 4935 1282 5011 quam
1330 4943 1389 4996 in
1424 4935 1852 5000 editis'ioéSom.
1889 4945 2056 5002 Unde
2097 4935 2237 5004 Era;

580 5024 748 5089 smus
776 5023 1005 5089 parum
1041 5017 1180 5089 apte
1219 5013 1569 5072 reddiderat
1602 5032 1614 5072 :
1657 5017 1825 5074 Unde
1869 5020 2062 5084 igitur
2101 5036 2238 5089 pro-

580 5079 784 5136 baturi
809 5087 970 5145 sunt,
1004 5079 1117 5138 etc.

649 5151 1131 5225 (ξὸλΕὐεργεσίας.
1185 5154 1277 5210 Sic
1323 5155 1518 5225 legere
1569 5158 1898 5216 maluimus
1949 5179 2086 5218 cum
2130 5179 2236 5218 sex

577 5221 1125 5302 eodicibu_s',rquam
1157 5242 1299 5302 cum
1331 5221 1508 5284 editis
1541 5227 1814 5302 ἐνεργείας.

650 5294 761 5366 (59)
795 5294 1163 5371 ρῦσίοῐν-ἓχον.
1201 5301 1582 5371 Sicquatuor
1611 5294 1763 5356 mss.
1793 5303 2033 5359 codices
2058 5322 2070 5358 :
2091 5305 2232 5361 editi

579 5365 762 5418 οὐσίαν
793 5369 950 5438 ἔχων.
986 5365 1214 5424 Ibidem
1247 5365 1426 5426 editio
1448 5371 1630 5426 Paris.
1675 5388 1811 5426 cum
1846 5391 1969 5430 uno
1995 5381 2234 5432 tantum

577 5438 784 5494 codice
815 5455 929 5514 ms.
965 5440 1114 5502 εὐθὺς
1167 5445 1357 5513 Κύριος
1388 5444 1412 5493 ὸ
1461 5446 1584 5505 Θεὸς
1636 5446 1800 5514 ἡμῶν.
1847 5446 1952 5502 Alii
1993 5448 2233 5504 codices

578 5523 721 5562 mss.
759 5517 823 5565 ut
847 5509 908 5564 in
935 5517 1241 5567 contextu.

651 5581 764 5651 (60)
795 5583 978 5646 Καθὼς
1008 5583 1184 5646 αὐτὸς.
1231 5583 1324 5655 Sic
1374 5601 1522 5641 mss.
1583 5584 1840 5644 codices.
1900 5587 2093 5653 Editio
2135 5593 2232 5649 Pa-

1985 278 2043 336 S.
2083 281 2333 342 BASiLll
2373 281 2594 340 IAGNI

2289 408 2333 458 Α

2290 1545 2327 1598 Β

2282 2685 2321 2741 C

2277 3828 2318 3882 D

3835 305 3918 358 {56

2978 414 3223 466 ΚΕΦΑΛ.
3257 410 3359 464 ῙΘ’.

2463 498 2597 565 Πρὸς
2623 499 2734 555 τοῦς
2759 494 2995 565 λέγοντας
3024 503 3094 568 μὴ
3123 494 3248 550 εἶναι
3281 495 3533 561 δοξαστὸν
3560 508 3613 555 τὸ
3645 512 3849 580 Πνεῦμα.

2441 671 2526 725 48.
2561 669 2735 721 Ἔστω
2764 679 2944 738 ταῦτα,
2981 679 3159 745 φησὶν,
3195 673 3298 726 ἀλλ’
3327 676 3451 748 οὐχὶ
3489 685 3574 731 xui
3608 677 3729 744 δόξα
3747 688 3926 749 παντως

2370 758 2664 829 ὀφειλομένη
2700 759 2810 811 ἐστι
2850 770 2918 812 τῶ
2971 766 3252 834 Πνεῦματι,
3308 767 3438 817 ὥστε
3482 765 3789 841 ὃοξο).ογίαις
3817 773 3924 826 ἀνυ-

2367 847 2603 917 ψοῦσθαι
2651 849 2769 924 παρ’
2803 852 2968 922 ἡμῶν.
3032 855 3189 904 Ποθεν
3245 852 3303 904 ἂν
3345 851 3430 907 οὖν
3469 864 3560 919 τῆς
3597 860 3927 933 ὑπερεχούσης

2369 940 2538 988 πάντα
2561 946 2677 988 νοῦν
2711 937 2853 1000 ἀξίας
2879 948 2970 992 τοῦ
3001 945 3290 1014 Πνεῦματος
3334 947 3424 1005 τας
3464 944 3742 1010 ἀποδείξεις
3768 949 3926 1002 λάϐοι-

2367 1046 2455 1098 μεν
2485 1031 2622 1094 (57),
2652 1031 2788 1102 εἴπερ
2840 1031 2867 1086 η
2920 1035 3124 1105 Πατρος
3173 1039 3261 1084 xui
3295 1036 3416 1085 Υὶοῦ
3460 1043 3691 1089 κοινωνία
3719 1045 3784 1112 μὴ
3812 1038 3930 1103 ἀξω.

2367 1135 2553 1177 πιστος
2600 1116 2772 1176 αὐτοῖς
2826 1123 2954 1191 πρὸς
2997 1127 3290 1195 μαρτυρίαν
3331 1122 3619 1196 ἀξίωματος
3665 1126 3926 1200 ἔνομίσθη;

2369 1203 2573 1266 Ἔξεστί
2601 1224 2660 1277 γε
2688 1212 2790 1279 μὴν
2822 1213 2950 1279 πρὸς
2980 1228 3034 1260 τε
3051 1213 3114 1260 τὰ
3144 1208 3197 1261 ἐκ
3225 1221 3322 1262 τῶν
3355 1211 3612 1286 ὀνομάτων
3644 1214 3929 1288 cimini-Qus-

2367 1313 2454 1354 τας
2507 1314 2880 1369 σημαινομενα,
2923 1303 3013 1349 xui
3058 1303 3186 1372 πρὸς
3235 1303 3299 1352 τὰ
3355 1311 3452 1352 τῶν
3502 1301 3749 1377 ἐνεργειῶν
3791 1307 3927 1358 αὑτοῦ

2367 1386 2579 1456 μεγέθη,
2610 1390 2698 1436 καὶ
2729 1390 2858 1460 πρὸς
2878 1391 2969 1449 τὰς
3002 1387 3072 1448 εἰς
3096 1391 3251 1461 ἡμᾶς,
3281 1391 3470 1461 μᾶλλον
3499 1389 3557 1444 δὲ
3578 1394 3646 1454 εἰς
3673 1402 3831 1446 πᾶσαν
3850 1401 3928 1452 την

2367 1480 2542 1524 κτίσιν
2581 1481 2972 1548 χορηγουμένας
3020 1478 3310 1552 εὐεργεσίας
3339 1484 3467 1550 (58,“,
3502 1490 3592 1544 τῆς
3621 1483 3930 1556 μεγαλοονίας

2369 1564 2525 1614 αὑτοῦ
2567 1570 2656 1616 καὶ
2695 1573 2789 1624 τῆς
2822 1564 3093 1638 ἀνεφίκτου
3129 1564 3395 1642 δυνάμεως
3439 1569 3523 1621 ἐπὶ
3553 1575 3709 1623 ποσὸν
3757 1582 3867 1644 γοῦν
3891 1572 3929 1623 ἐν

2366 1659 2600 1727 περινοίᾳ
2628 1656 2889 1724 γενέσθαι.
2933 1662 3141 1728 Πνεῦμα
3189 1657 3491 1731 ὠνόμασται
3519 1681 3530 1692 ·
3577 1663 3662 1728 ὡς,
3701 1663 3930 1732 Πνεῦμαὸ

2367 1749 2491 1801 Θεος
2516 1760 2526 1770 ·
2559 1748 2666 1798 καὶ.
2703 1750 2912 1816 Πνεῦμα
2949 1754 3039 1796 τοῦ
3089 1754 3371 1819 προσώπου
3402 1750 3567 1822 ἡμῶν,
3597 1753 3813 1824 Χριστὸς
3843 1753 3930 1802 Κύ-

2364 1850 2488 1902 ριος.
2522 1830 2698 1903 ’Λγιον
2721 1853 2732 1865 ο
2784 1836 2853 1892 ὡς
2898 1835 3047 1905 ἅγιος
3078 1837 3102 1885 ό
3137 1841 3337 1909 Πατὴρ,
3379 1843 3470 1889 xui
3495 1837 3638 1910 ἆγιος
3662 1840 3686 1888 ὁ
3715 1840 3842 1900 Υἱός.
3870 1844 3928 1910 Τῇ

2363 1923 2453 1992 μὲν
2484 1924 2584 1995 γὰρ
2627 1927 2794 1974 κτίσει
2831 1923 3068 1996 ἑτέρωθεν
3101 1923 3394 1998 ἐπεισήχθη
3429 1930 3454 1978 ὁ
3487 1927 3739 2001 ἁγιασμος
3761 1948 3772 1959 ο
3795 1937 3857 1978 τῶ
3886 1925 3932 1978 δὲ

2367 2014 2626 2082 Πνεῦματι
2660 2011 3071 2086 συμπληρωτικη
3106 2023 3200 2076 τῆς
3249 2019 3451 2086 φύσεώς
3496 2015 3633 2068 ἐστιν
3665 2019 3691 2074 ἡ
3722 2016 3928 2088 ἁγιότης.

2364 2104 2546 2170 Διόπερ
2579 2098 2707 2169 οὐχὶ
2740 2098 3083 2171 ἁγιαζόμενον
3116 2100 3275 2169 ἐστιν,
3310 2101 3416 2154 ἀλλ’
3445 2104 3683 2176 ἁγιάζον.
3719 2105 3927 2176 Ἀγαθονι

2362 2189 2427 2248 ὡς
2477 2185 2673 2257 ἀγαθὸς
2728 2190 2751 2238 ο
2795 2194 2994 2263 Πατὴρ,
3047 2196 3136 2243 καὶ
3196 2190 3390 2262 ἀγαθὸς
3436 2195 3460 2244 ὁ
3517 2192 3570 2244 ἐκ
3627 2201 3715 2246 τοῦ
3761 2192 3929 2266 ἀγαθοῦ

2360 2279 2623 2347 γεννηθείς
2649 2294 2658 2305 ·
2690 2277 2873 2328 οὐσίαν
2904 2281 3026 2350 ἔχον
3058 2283 3170 2350 (59)
3195 2286 3289 2338 τὴν
3321 2280 3640 2356 ἀγαθότητα.
3677 2283 3823 2343 Εῦθές
3845 2305 3854 2314 ·
3880 2284 3928 2342 ὡς

2362 2366 2516 2426 εὐθὺς
2549 2371 2736 2438 Κύριος
2767 2369 2792 2418 ὅ
2821 2374 2950 2428 Θεὸς
2977 2387 2986 2396 ·
3023 2379 3092 2420 τῶ
3126 2367 3252 2422 εἶναι
3295 2372 3658 2441 αῦτοαλὴθεια,
3683 2378 3768 2425 xui
3797 2375 3921 2424 αὐτο-

2361 2451 2696 2523 ὃικαιοσῦνη,
2729 2462 3090 2531 παρεκτροπὰς
3116 2458 3199 2512 ἐπὶ
3242 2463 3433 2534 Θάτερα
3472 2468 3562 2514 xui
3600 2461 3833 2521 ἐκκλίσεις
3855 2461 3927 2512 οὐκ

2361 2547 2502 2618 ἕχον,
2540 2543 2633 2597 διὰ
2660 2546 2715 2598 τό
2747 2549 2998 2620 ἄτρεπτον
3046 2559 3140 2612 τῆς
3172 2551 3376 2613 οὐσίας.
3434 2553 3768 2628 Παράκλητος
3789 2574 3799 2584 ·
3828 2551 3927 2611 ὡςό

2361 2642 2651 2706 Μονογενης
2672 2653 2684 2664 °
2717 2639 2884 2696 καθὼς
2907 2637 3063 2692 αὐτὸς
3103 2641 3216 2709 (60)
3247 2660 3429 2712 φησιν,
3465 2643 3546 2694 ὅτι
3567 2641 3698 2714 Ἐγὼ
3720 2639 3928 2714 ἐρωτήσω

2359 2723 2444 2774 τόν
2495 2729 2702 2798 Πατέρα
2743 2745 2866 2798 μου,
2909 2732 2997 2778 xui
3030 2724 3191 2780 δώσει
3231 2730 3352 2800 ὑμῖν
3401 2729 3555 2782 ἄλλον
3604 2729 3927 2804 Παράκλητον.

2358 2815 2510 2864 Οῦτω
2558 2817 2705 2865 κοινὰ
2755 2817 2820 2866 τὰ
2869 2815 3096 2888 ὀνόματα
3150 2820 3273 2894 πρὸς
3329 2824 3539 2894 Πατέρα
3586 2824 3674 2872 καὶ
3729 2818 3834 2872 Υἰὸν
3874 2824 3929 2866 τῶ

2359 2905 2640 2978 Πνεύματι,
2705 2902 2760 2956 ἐκ
2809 2913 2900 2964 τῆς
2955 2909 3092 2957 κατα
3144 2911 3237 2964 τὴν
3286 2911 3444 2981 φύσιν
3500 2909 3804 2967 οἰκειότητος
3848 2913 3930 2956 τῶν

2356 3002 2723 3066 προσηγοριῶν
2787 2997 2981 3045 τούτων
3046 3001 3284 3068 τυχόντι,
3346 3001 3510 3051 Πόθεν
3570 3003 3670 3074 γὰρ
3719 2997 3930 3058 aliaet);

2358 3080 2517 3132 Πάλιν
2538 3081 2864 3156 ἡγεμονικόν,
2895 3088 2984 3135 καὶ
3007 3091 3216 3157 Πνεῦμα
3236 3095 3295 3144 τη
3311 3107 3332 3148 ς
3359 3086 3628 3156 ἀληθείας,
3648 3093 3733 3140 xui
3755 3092 3934 3155 Πνεῦμα

2357 3175 2540 3241 σοφίας
2573 3171 2898 3242 ὠνόμασται.
2954 3179 3166 3246 Πνεῦμα
3207 3181 3353 3226 Οεῑον
3379 3177 3443 3228 τό
3473 3179 3700 3235 ποιῆσαν
3728 3195 3804 3248 με.
3832 3177 3930 3233 Καὶ,

2355 3264 2450 3311 re.»
2483 3259 2722 3318 Βεσε).εηλ
2756 3257 2833 3329 δε,
2861 3267 3042 3333 φησὶν,
3078 3261 3352 3321 ἐνέπλησεν
3385 3267 3413 3318 ὁ
3445 3267 3576 3328 Θεὸς
3598 3273 3796 3339 Πνεῦμα
3823 3265 3932 3315 θεῖον

2356 3354 2542 3420 σοφίας
2571 3355 2659 3402 xui
2694 3356 2941 3411 συνέσεως
2994 3358 3082 3404 καὶ
3122 3351 3440 3427 ἐπιστήμης.
3483 3360 3560 3410 Tu
3601 3360 3688 3429 μὲν
3727 3351 3806 3406 οὖν
3835 3352 3932 3404 ὀνο-

2354 3457 2495 3509 ματα
2552 3438 2770 3491 τοιαῦτα
2826 3442 2936 3510 (61)
2996 3443 3227 3517 ὑπερφυῆ
3280 3450 3368 3496 xui
3428 3446 3660 3518 μεγάλα·
3719 3447 3932 3515 οὔμενονν

2355 3530 2544 3599 ἔχοντά
2569 3548 2684 3582 τινα
2714 3529 2785 3590 εἰς
2810 3527 2968 3591 δοξαν
2996 3531 3300 3605 ὑπερϐολήν.

2426 3809 2511 3860 49.
2560 3808 2622 3858 Αἰ
2654 3803 2712 3858 δὲ
2756 3805 3001 3880 ἐνέργειαι
3046 3814 3210 3877 τίνες;
3244 3808 3504 3886 "Apparet
3546 3815 3636 3884 μὲν
3667 3808 3756 3862 διὰ
3780 3808 3830 3860 τό
3858 3811 3931 3878 με·

2353 3896 2517 3966 γεθος,
2552 3894 2953 3971 ανεξαρίθμητοι
2987 3894 3044 3949 δὲ
3085 3895 3177 3949 διὰ
3203 3897 3260 3950 τό
3313 3899 3539 3964 πλῆθος.
3594 3908 3707 3963 Πῶς
3743 3897 3930 3971 μὲνγὰρ

2352 3989 2605 4056 νοησομεν
2660 3988 2726 4037 τὰ
2784 3994 2884 4037 τῶν
2921 3987 3114 4038 αἰώνων
3166 3986 3438 4057 ἐπέκεινα;
3497 3996 3630 4054 τίνες
3684 3987 3809 4048 ἦσαν
3861 4005 3935 4034 αυ-

2351 4082 2442 4124 τοῦ
2502 4073 2602 4148 πρό
2663 4083 2754 4136 τῆς
2802 4083 2992 4136 νοητῆς
3047 4081 3260 4138 κτίσεως
3323 4079 3378 4129 αἰ
3447 4079 3728 4153 ἐνέργειαι;
3797 4081 3936 4128 πόσαι

2353 4158 2404 4212 δ’
2463 4161 2553 4214 ἀπ’
2609 4163 2764 4216 αὐτοῦ
2796 4170 2914 4237 περὶ
2940 4170 3029 4222 τὴν
3055 4171 3225 4218 κτίσιν
3258 4168 3371 4238 (62)
3423 4171 3681 4243 lupa-sq;
3720 4172 3794 4228 τίς
3832 4161 3930 4218 δεῇ

2351 4256 2481 4326 πρὸς
2536 4257 2660 4314 τοὺς
2717 4253 2908 4315 αἰῶνας
2961 4259 3078 4316 τοὺς
3130 4258 3517 4331 ἐπερχομένους
3573 4253 3933 4330 δύναμις;Ἶίν

2349 4345 2439 4414 μὲν
2491 4344 2614 4418 γὰρ,
2671 4348 2760 4395 καὶ
2812 4353 2978 4419 προῆν
3036 4347 3170 4416 (63),
3225 4352 3314 4404 καὶ
3370 4357 3656 4423 συμπαρῆν
3695 4345 3934 4417 τῷΠατρὶ

2349 4436 2438 4483 καὶ
2468 4440 2538 4483 τῶ
2590 4432 2692 4484 Υἰῶ
2722 4435 2822 4507 πρὸ
2873 4442 2972 4485 τῶν
3013 4436 3230 4489 αἰώνων.
3281 4435 3460 4500 Ὥστε,
3513 4440 3608 4491 κᾶν
3660 4457 3708 4490 τι
3759 4440 3933 4504 νοήσῃς

2349 4530 2447 4577 τῶν
2479 4521 2673 4574 αἰώνων
2733 4521 2984 4592 ἐπέκεινα,
3032 4533 3183 4577 τοῦτο
3229 4527 3465 4601 εὑρήσεις
3519 4537 3612 4580 τοῦ
3663 4530 3932 4596 Πνεῦματος

2351 4702 2398 4735 9°
2428 4703 2604 4757 Joan.
2636 4718 2748 4772 xw,
2780 4707 2864 4760 t6.
2947 4705 2962 4738 ¹
2995 4704 3128 4760 Job.
3156 4721 3276 4776 xm,
3317 4708 3370 4763 4.
3448 4707 3470 4742 ²
3502 4706 3688 4762 Exod.
3713 4717 3853 4766 κλει,
3875 4703 3922 4749 3-

2346 4877 2448 4936 ris.
2472 4883 2528 4934 et
2559 4879 2738 4935 Basil.
2781 4880 3051 4937 secunda
3084 4884 3269 4944 Καθὼς
3298 4889 3387 4936 καὶ
3413 4884 3585 4945 αὐτὸς.
3610 4887 3736 4940 Non
3760 4877 3931 4938 multo

2347 4955 2483 5027 post
2530 4950 2858 5027 exiisdem
2892 4953 3202 5027 codicibus
3247 4955 3511 5024 legimus
3563 4961 3795 5027 τυχόντι,
3823 4962 3929 5005 non

2348 5025 2413 5076 ut
2441 5022 2501 5099 in
2533 5023 2704 5077 editis
2736 5026 3072 5102 τυγχάνοντι.
3315 5022 3334 5024 —
3471 5099 3509 5102 __
3544 5099 3553 5102 _
3686 5098 3696 5102 _
3905 5093 3911 5102 ,

2422 5098 2532 5158 (61)
2556 5101 2803 5152 Τοιαῦτα.
2829 5099 2967 5151 Post
2997 5097 3152 5152 hanc
3176 5113 3386 5154 vocem
3414 5099 3555 5154 editi
3581 5098 3809 5154 addunt
3832 5097 3926 5157 καί,

2344 5163 2525 5247 quod
2543 5165 2603 5247 in
2629 5167 2931 5247 veteribus
2958 5166 3136 5247 libris
3153 5185 3276 5226 non
3307 5170 3550 5247 legitur.
3736 5238 3744 5247 '
3791 5245 3795 5247 _
3889 5239 3896 5247 ι
3959 5221 3962 5224 .

2417 5239 2809 5309 (62iﬂepi‘rnw
2841 5244 3039 5294 κτίσιν.
3083 5241 3174 5296 Sic
3217 5239 3648 5297 mssrcodices
3686 5239 3805 5295 εέπὶ
3850 5239 3929 5290 τὴν

2343 5307 2832 5390 visain-editis.
2907 5381 2938 5390 __
3047 5383 3057 5390 _
3157 5382 3171 5390 _
3267 5383 3279 5390 _
3415 5386 3445 5390 _
3541 5383 3572 5390 ,,

2416 5382 2526 5443 t53l
2565 5387 2756 5452 Προῆν.
2786 5381 3019 5450 Legitur
3043 5383 3102 5438 in
3136 5382 3378 5439 duobus
3410 5383 3609 5454 Regiis
3639 5378 3928 5455 codicibus

2343 5454 2431 5500 xui
2457 5456 2654 5528 πρῴην,
2684 5459 2814 5528 erat
2853 5459 2907 5528 et_
2933 5455 3188 5528 pridem.
3225 5457 3417 5521 Quam
3446 5457 3805 5528 scripturam
3830 5454 3928 5505 mi-

2343 5537 2436 5579 ror
2456 5522 2720 5580 arridere
2745 5522 3124 5582 Combetisio.
