4154 6388
622 289 721 345 175

1888 270 1916 280 ⁶
2001 270 2058 328 S.
2099 264 2351 324 BASILﬂ
2388 264 2607 322 MAGNI

3836 286 3923 345 176

616 413 939 473 tomatibus
959 411 1008 447 δ’
1034 426 1046 466 :
1065 423 1178 483 pro
1196 406 1292 465 his
1317 405 1589 475 vocibus,
1604 418 1738 461 cum
1770 392 2246 458 holocautomati

2377 396 2718 483 παυτὼμασιν
2740 414 2754 429 ο
2815 394 2929 449 ἀντὶ
2992 395 3107 466 τοῦ,
3165 399 3297 470 μετὰ
3354 398 3786 475 ὁλοκαυτωμάτων.
3832 415 3920 465 Καὶ

616 507 745 563 bus.
771 505 854 561 Et
874 502 1081 560 eduxit
1111 514 1205 557 eos
1249 499 1312 554 in
1353 501 1605 568 argento
1643 499 1697 551 et
1738 505 1890 549 auro
1913 490 1983 556 ⁷ο,
2011 486 2128 543 hoc
2158 486 2267 552 est,

612 613 748 654 cum
774 598 1025 665 argento
1047 595 1103 647 et
1131 604 1302 646 auro.
1322 590 1472 643 Item
1497 583 1666 655 illud,
1693 583 1833 638 Non
1860 575 2184 649 egredieris
2206 574 2270 628 in

609 663 937 746 virtutibus
965 678 1276 741 nostris“,
1314 691 1444 750 pro,
1489 688 1621 731 cum
1667 668 1991 729 virtutibus
2022 663 2267 729 nostris,

609 778 848 850 aliaque
895 772 1079 843 hujus
1125 766 1361 839 generis
1391 752 2272 821 innumerabilia.0mninolu-

606 842 770 926 hens
779 864 856 921 ab
881 842 1000 918 ista
1025 874 1187 916 nova
1208 854 1507 930 sapientia
1535 852 1824 918 didicero,
1859 846 2106 922 qualem
2145 842 2267 914 glo-

603 955 1001 1016 riﬁcationem
1032 946 1351 1021 Apostolus
1377 942 1705 1001 absolverit
1732 956 1841 1014 per
1867 940 2028 996 hanc
2058 934 2268 991 dictio-

601 1064 744 1105 nem
762 1047 851 1115 in,
879 1044 1053 1116 juxta
1079 1039 1343 1094 formam
1365 1050 1553 1108 quam
1593 1032 1689 1089 isti
1718 1034 2205 1099 nunctanquam
2236 1039 2268 1080 e

603 1112 907 1210 Scriptura
947 1128 1285 1203 proferunt.
1336 1128 1651 1197 Nusquam
1701 1120 1863 1177 enim
1919 1114 2121 1195 inveni
2144 1112 2267 1169 dic-

597 1204 772 1284 tum—z
795 1221 920 1280 Tibi
950 1218 1105 1276 Patri
1155 1216 1355 1273 honor
1407 1217 1464 1269 et
1514 1210 1706 1283 gloria
1748 1225 1855 1283 per
1885 1204 2263 1277 unigenitum

597 1315 811 1373 Filium
858 1315 1033 1367 tuum
1088 1306 1154 1362 in
1208 1303 1432 1377 Spiritu
1463 1305 1672 1358 sancto
1703 1317 1716 1355 :
1746 1297 1851 1371 qui
1879 1311 2078 1353 sermo
2097 1308 2261 1350 nunc

594 1403 725 1462 istis
752 1398 1028 1457 usitatior
1052 1400 1145 1452 est
1174 1394 1336 1467 ipsa,
1366 1395 1433 1447 ut
1460 1391 1542 1446 ita
1569 1390 1808 1462 loquar,
1840 1384 2257 1458 respiratione.

595 1497 822 1551 Horum
853 1487 1100 1563 quidem
1141 1482 1384 1555 singula
1430 1480 1757 1555 separatim
1802 1476 2071 1533 invenire
2100 1474 2254 1541 licet,

596 1580 970 1654 conjunctim
1008 1590 1148 1633 vero
1173 1572 1377 1646 posita
1404 1569 1467 1626 in
1500 1569 1617 1626 hac
1641 1566 2085 1625 constructione
2112 1579 2256 1619 nus.

595 1689 784 1749 quam
812 1669 1093 1745 poterunt
1119 1661 1455 1721 ostendere.
1487 1664 1695 1733 Itaque
1724 1658 1775 1713 si
1806 1659 2013 1713 exacte
2042 1656 2258 1723 urgent

2383 480 2631 553 ἐξήγαγεν
2697 485 2893 548 αὐτοὺς
2952 484 3000 538 ἐν
3062 485 3297 563 ἀργυρίῳ
3360 494 3447 542 καὶ
3507 500 3734 568 χρυσίῳ,
3793 517 3924 552 τουτ-

2383 574 2518 673 έστι,
2576 576 2706 645 μετὰ
2770 573 3025 650 ἀργυρίου
3078 582 3168 629 καὶ
3234 582 3500 653 χρυσίου·
3554 588 3640 636 καὶ
3699 588 3775 654 τὸ,
3833 588 3927 642 Οὐκ

2384 659 2625 735 ἐξελεῦσῃι
2661 661 2775 734 (25)
2835 663 2884 717 iv
2941 673 3053 727 ταῖς
3114 662 3400 739 δυνάμεσιν
3461 671 3620 742 ἡμῶν,
3678 671 3782 727 ἀντὶ
3830 684 3925 744 τοῦ,

2385 755 2480 802 σὺν
2545 759 2660 814 ταῖς
2743 750 3029 828 δυνάμεσιν
3094 757 3278 829 ἡμῶν,
3345 762 3433 811 καὶ
3498 764 3653 837 μυρία
3717 772 3925 820 τοιαῦτα.

2379 838 2544 903 Ὀλως
2592 839 2652 895 δὲ
2697 841 2867 907 ἡδέως
2914 844 2974 897 ἂν
3018 848 3241 920 μάθοιμι
3289 850 3431 923 παρὰ
3476 857 3569 913 τῆς
3607 856 3713 916 νέας
3754 860 3927 928 σοφίας,

2380 935 2532 983 ποίαν
2590 928 2894 1006 δοξολογίαν
2951 937 2977 988 ὁ
3023 936 3334 999 Ἀπόστολος
3376 934 3466 992 διὰ
3507 948 3613 1009 τοῦ,
3641 940 3686 993 ἰν
3728 943 3930 1017 ῥήματος

2378 1021 2745 1096 ἀπεπλήρωσε,
2793 1023 2929 1077 κατὰ
2973 1029 3062 1079 τὸν
3108 1030 3270 1080 τύπον
3309 1027 3362 1080 ὃν
3396 1029 3535 1082 οὗτοι
3570 1037 3655 1082 νῦν
3696 1002 3757 1093 di;
3856 1042 3931 1095 τῆς

2377 1117 2587 1186 Γραφῆς
2640 1112 3006 1189 ἀναφέρουσιν.
3061 1114 3317 1191 Οῦδαμοῦ
3365 1120 3467 1192 γὰρ
3517 1120 3656 1194 εὗρον
3696 1121 3931 1196 λεγόμενον

2375 1204 2454 1268 τὸ,
2487 1207 2572 1255 Σοὶ
2610 1212 2682 1275 τῷ
2724 1210 2891 1280 Ηατρὶ
2934 1208 2964 1265 ἡ
3006 1212 3133 1281 τιμὴ
3174 1212 3264 1261 καὶ
3307 1210 3337 1267 ἡ
3388 1205 3515 1272 δόξα
3553 1205 3645 1263 διὰ
3679 1218 3764 1264 τοῦ
3804 1232 3933 1285 μονο-

2371 1300 2549 1362 γενοῦς
2579 1313 2674 1347 σου
2706 1297 2830 1348 Υἱοῦ
2878 1296 2929 1349 ἐν
2968 1306 3040 1369 τῷ
3088 1298 3222 1371 ἁγίῳ
3266 1302 3565 1372 Πνεῦματι·
3609 1302 3725 1375 ὅπερ
3761 1305 3934 1365 τούτοις

2371 1388 2487 1436 ἐστὶ
2535 1392 2624 1437 νῦν
2673 1392 2764 1439 καὶ
2816 1388 3001 1458 αὐτῆς,
3060 1391 3124 1451 ὡς
3178 1390 3354 1457 εἰπεῖν,
3396 1399 3490 1455 τῆς
3536 1390 3777 1454 ἀναπνοῆς
3826 1412 3933 1446 συν-

2370 1475 2666 1546 ηθέστερον.
2723 1483 3120 1552 Διεσπασμένως
3168 1482 3259 1553 μεν
3323 1483 3426 1554 γὰρ
3495 1484 3684 1535 τούτων
3745 1484 3935 1537 ἕκαποῦ

2368 1565 2505 1617 ἐστιν
2571 1567 2732 1639 εὑρεῖν
2765 1584 2778 1598 ·
2842 1573 3179 1642 συνημμένως
3218 1566 3278 1623 δε
3316 1572 3365 1622 iv
3429 1578 3491 1644 τῇ
3561 1570 3787 1637 συντάξει
3843 1569 3934 1643 (26)

2366 1658 2533 1729 ταύτῃ
2579 1651 2819 1730 οὐδαμοῦ
2871 1653 3122 1712 δεικνύειν
3160 1659 3383 1724 ἐξουσιν.
3415 1660 3571 1715 Ὠστε
3618 1661 3659 1715 εἰ
3698 1665 3781 1736 μὶν
3809 1661 3933 1737 ἀκρι-

595 1743 667 1821 ea
687 1743 830 1837 quae
842 1761 905 1816 in
928 1752 1245 1830 Scripturis
1271 1751 1595 1819 habentur,
1618 1746 1943 1805 ostendant
1961 1744 2124 1801 unde
2140 1743 2246 1799 ista

2364 1744 2701 1817 ϐολογοῦνται
2734 1752 2863 1837 περὶ
2907 1751 2973 1801 τὰ
3019 1751 3273 1823 ἔγγραφα,
3321 1747 3642 1815 δειξάτωσαν
3688 1753 3829 1807 πόθεν
3871 1751 3936 1805 λί-

594 1834 821 1911 dicant.
873 1847 1047 1917 Quod
1093 1845 1142 1901 si
1175 1841 1520 1901 concedunt
1566 1834 2017 1899 consuetudini,
2054 1848 2255 1907 neque

593 1960 709 2001 nos
741 1942 819 1999 ab
840 1956 913 1997 ea
941 1935 1288 1995 excludant.

662 2037 754 2091 59.
789 2034 907 2089 Nos
932 2027 1096 2086 enim
1125 2023 1342 2083 ambas
1394 2019 1686 2078 dictiones
1735 2018 1797 2075 in
1840 2015 2111 2074 ﬁdelium
2137 2028 2256 2070 usu

588 2119 1131 2197 deprehendentes,
1159 2111 1464 2172 ambabus
1516 2109 1746 2168 utimur
1776 2126 1789 2162 :
1823 2106 2079 2179 gloriam
2116 2103 2255 2178 qui-

590 2192 731 2270 dem
750 2208 989 2285 Spiritui
1020 2223 1093 2264 ex
1124 2219 1303 2278 aequo
1325 2217 1436 2276 per
1468 2205 1795 2273 utramque
1823 2195 2085 2272 persolvi
2108 2192 2249 2265 rati,

591 2303 677 2359 eis
702 2316 845 2358 vero
886 2297 993 2373 qui
1044 2295 1383 2369 depravant
1409 2290 1749 2355 veritatem,
1782 2286 2085 2344 credimus
2127 2298 2255 2340 ma-

592 2392 684 2464 gis
714 2407 785 2448 os
809 2386 1081 2447 obturari
1100 2399 1209 2458 per
1238 2397 1376 2440 eam
1403 2378 1923 2454 praepositionem,
1947 2391 2082 2449 quae
2113 2389 2254 2430 cum

592 2496 841 2539 sensum
870 2479 933 2535 in
957 2472 1274 2549 Scripturis
1318 2469 1577 2528 similem
1624 2468 1873 2537 habeat,
1897 2481 2023 2523 non
2051 2465 2135 2522 ita
2167 2464 2253 2521 fa-

591 2571 702 2629 cile
754 2569 833 2627 ab
892 2562 1256 2623 adversariis
1313 2559 1647 2634 expugnari
1679 2561 1879 2631 potest
1919 2557 2029 2627 (est
2050 2559 2253 2611 autem

588 2662 726 2735 ipsa
774 2658 880 2715 illa
929 2655 1026 2713 cui
1054 2668 1218 2710 nunc
1273 2651 1353 2708 ab
1402 2650 1535 2706 istis
1576 2646 2026 2716 contradicitur)
2046 2649 2252 2717 utpote

591 2767 729 2826 quae
758 2763 870 2822 pro
890 2752 946 2804 et
1000 2741 1424 2816 conjunctione
1455 2742 1747 2795 sumatur.
1797 2740 1947 2793 Nam
1976 2735 2139 2791 idem
2162 2738 2254 2791 est

590 2841 814 2906 dicere,
840 2837 1074 2894 Paulus
1091 2839 1145 2890 et
1167 2834 1479 2895 Silvanus,
1504 2836 1561 2887 et
1589 2826 1928 2884 Timotheus
1949 2827 2021 2895 ⁷³,
2046 2829 2250 2899 atque,

589 2930 811 2989 Paulus
840 2942 982 2985 cum
1012 2922 1329 2980 Timotheo
1351 2926 1407 2978 et
1442 2919 1705 2978 Silvano.
1736 2918 2060 2974 Nominum
2090 2915 2251 2971 enim

2363 1837 2675 1909 γουσινοὴἰ
2720 1834 2781 1893 δὲ
2820 1846 3164 1914 συγχωροῦσι
3213 1848 3275 1914 τῇ
3330 1844 3597 1916 συνηθείᾳ,
3637 1838 3770 1917 μηδι
3817 1844 3936 1917 ἡμᾶς

2366 1923 2633 1998 ἐξειργέτω
2642 1944 2756 1978 σαν.
3272 1918 3277 1925 ’

2437 2019 2525 2072 59.
2588 2016 2764 2089 Ἡμεῖς
2814 2020 2956 2095 γὰρ,
3022 2019 3312 2096 ἀμφοτέρας
3367 2019 3418 2073 ἓν
3607 2029 3701 2076 τῶν
3762 2030 3934 2075 πιστῶν

2364 2109 2562 2178 χρήσει
2610 2105 3085 2179 καταλαμϐάνοντες
3128 2110 3238 2181 (2⁸7)
3276 2111 3370 2173 τὰς
3425 2111 3629 2186 ῥήσεις,
3660 2110 3936 2185 ἀμφοτέραις

2363 2196 2711 2269 κεχρήμεθα*
2756 2200 2852 2255 τὴν
2895 2199 2985 2269 μὲν
3026 2195 3184 2262 δόξαν
3225 2206 3297 2270 τῷ
3346 2204 3611 2274 Πνεῦματι
3659 2202 3835 2275 ὁμοίως
3870 2199 3923 2273 ἀγ

2365 2283 2611 2359 ἑκατέρας
2677 2285 3009 2359 πληροῦσθαι
3076 2293 3522 2359 πεπιστευκότες,
3577 2294 3697 2355 τοὺς
3758 2287 3812 2345 δὶ
3863 2309 3932 2342 κα-

2364 2380 2718 2447 κουργοῦντας
2793 2380 2887 2435 τὴν
2956 2374 3200 2435 ἀλήθειαν
3267 2378 3709 2454 ἐπιστομίζεσθαι
3779 2379 3926 2454 μᾶλλον

2367 2461 2461 2517 διὰ
2502 2475 2597 2528 τῆς
2644 2469 2982 2541 προκειμένης
3033 2467 3232 2538 λέξεως,
3280 2472 3417 2543 ἣτις,
3462 2477 3557 2530 τὴν
3609 2468 3820 2545 δύναμιν
3854 2476 3931 2521 τῶν

2362 2559 2577 2627 Γραφῶν
2633 2555 3008 2632 παραπλησίαν
3066 2560 3289 2630 ἔχουσα,
3356 2561 3535 2615 οὐκέτι
3593 2560 3732 2614 ἔστὶν
3778 2563 3935 2633 ὁμοίως

2361 2652 2471 2707 τοῖς
2521 2644 2769 2709 ἐναντίοις
2800 2646 3197 2721 εὐεπιχείρητος
3222 2650 3357 2719 (ἔστι
3388 2647 3452 2705 δί
3493 2651 3623 2708 αὕτη
3651 2653 3681 2710 ἡ
3714 2649 3937 2721 ἀντιλεγο-

2362 2739 2486 2806 μένη
2527 2742 2616 2787 νῦν
2664 2737 2809 2812 παρὰ
2836 2738 3050 2809 τούτων)
3086 2736 3198 2790 ἂντὶ
3233 2746 3325 2791 τοῦ
3356 2745 3451 2793 καὶ
3493 2737 3786 2814 συνδέσμου
3830 2756 3940 2811 παρ-

2362 2823 2664 2898 ειλημμένη.
2711 2825 2855 2879 Ἴσον
2902 2828 3001 2903 γάρ
3052 2826 3193 2881 ἔστιν
3242 2828 3397 2882 εἰπεῖν
3432 2851 3446 2867 ·
3500 2831 3699 2892 Παῦλος
3742 2834 3826 2883 καὶ
3870 2835 3939 2881 Σι-

2359 2912 2574 2978 λουανὸς
2623 2920 2713 2968 καὶ
2754 2918 3018 2988 Τιμόθεος,
3063 2921 3177 2985 καὶ,
3228 2918 3431 2982 Παῦλος
3479 2924 3573 2973 σὺν
3611 2923 3835 2996 Τιμοθέῳ
3867 2921 3941 2970 καὶ

591 3017 908 3087 connexio,
950 3018 1206 3088 utraque
1262 3009 1755 3086 pronuntiatione
1807 3006 2078 3063 similiter
2123 3021 2246 3061 ser-

2360 3004 2640 3077 Σιλουανῷ,
2690 3006 2749 3059 Ἦ
2802 3009 2903 3081 γὰρ
2951 3006 3225 3079 συμπλοκὴ
3276 3016 3375 3061 τῶν
3421 3010 3687 3085 ὀνομάτων
3735 3007 3805 3063 δι’
3848 3008 3945 3062 ἕκα-

587 3116 781 3171 vatur.
823 3112 1030 3182 Itaque
1080 3105 1129 3161 si
1190 3119 1329 3160 cum
1362 3100 1655 3158 Dominus
1692 3098 1907 3154 dixerit
1936 3100 2169 3153 Patrem
2196 3100 2255 3153 et

589 3202 805 3261 Filium
835 3202 893 3257 et
920 3200 1199 3255 sanctum
1250 3192 1558 3265 Spiritum,
1601 3189 1733 3262 ipse
1762 3186 1985 3253 dicam,
2017 3189 2250 3243 Patrem

588 3297 647 3350 et
689 3291 901 3349 Filium
979 3302 1119 3343 cum
1173 3282 1397 3356 Spiritu
1444 3284 1653 3337 sancto
1699 3297 1712 3347 ;
1769 3276 2033 3344 aliudue,
2082 3276 2251 3348 quod

588 3381 668 3439 ad
700 3375 1011 3435 sententiae
1040 3373 1168 3430 vim
1208 3370 1437 3437 attinet,
1469 3368 1680 3427 dixero
1704 3370 1732 3425 ξ)
1762 3367 1946 3423 Porro
1969 3381 2077 3439 per
2107 3380 2249 3421 con-

584 3468 965 3543 junctionem
1014 3470 1070 3521 et
1123 3460 1401 3519 connecti
1448 3458 1722 3526 nomina,
1753 3457 1957 3513 multis
1984 3455 2249 3512 testimo-

586 3559 704 3617 niis
731 3555 980 3630 probari
1029 3555 1250 3626 potest.
1307 3550 1526 3608 Gratia
1556 3548 1734 3614 enim,
1761 3546 1975 3620 inquit,
2008 3546 2251 3601 Domini

587 3648 786 3706 nostri
835 3647 977 3702 Jesu
1036 3640 1287 3710 Christi,
1357 3645 1413 3696 et
1469 3637 1743 3695 charitas
1799 3638 1928 3705 Dei,
1992 3641 2047 3691 et
2092 3650 2249 3691 com-

586 3738 792 3795 munio
829 3734 1092 3806 Spiritus
1117 3730 1312 3789 sancti
1335 3728 1427 3800 73;
1476 3742 1547 3784 ac
1574 3741 1807 3792 rursus,
1858 3724 2110 3781 Obsecro
2140 3737 2248 3780 au-

587 3835 701 3887 tem
721 3842 822 3884 vos
851 3840 959 3896 per
985 3822 1311 3879 Dominum
1355 3823 1628 3874 nostrum
1667 3816 1870 3871 Jesum
1911 3813 2246 3883 Christum,

585 3924 643 3976 et
697 3932 807 3991 per
866 3914 1229 3971 charitatem
1296 3910 1565 3980 Spiritus
1626 3906 1693 3962 τι.
1755 3909 1961 3978 Itaque
2023 3905 2074 3960 si
2132 3905 2246 3977 50

585 4023 698 4082 pro
724 4002 1153 4076 conjunctione
1175 4005 1232 4057 et
1261 3997 1638 4056 voluerimus
1696 3994 1783 4051 uti
1821 3993 2246 4068 praepositione

587 4113 745 4167 cum,
792 4093 944 4167 quid
993 4090 1311 4148 fecerimus
1350 4084 1607 4144 diversi?
1658 4087 1782 4156 Ego
1830 4100 1975 4141 sane
2004 4099 2128 4140 non
2155 4083 2245 4140 vi-

583 4187 723 4256 deo,
762 4185 878 4242 nisi
922 4182 1061 4256 quis
1110 4180 1191 4237 ob
1234 4177 1485 4249 frigidas
1534 4173 1946 4247 grammaticae
2004 4173 2245 4244 regulas

582 4274 1080 4349 conjunctionem
1134 4274 1429 4343 tanquam
1457 4264 1887 4339 copulativam,
1948 4280 2019 4321 ac
2050 4265 2243 4336 majo-

577 4384 709 4427 rem
747 4365 1039 4422 unionem
1079 4360 1396 4417 facientem
1464 4355 1815 4430 prmferens,
1870 4353 2243 4426 praepositio-

575 4472 722 4515 nem
740 4453 987 4526 rejiciat,
1011 4448 1193 4524 quasi
1231 4462 1358 4503 non
1403 4445 1671 4502 obtineat
1699 4458 1912 4516 parem
1945 4442 2085 4499 vim.
2124 4443 2241 4500 Sed

576 4547 627 4604 si
655 4545 733 4602 de
761 4544 855 4601 his
882 4559 914 4600 a
948 4540 1128 4601 nobis
1175 4537 1329 4595 ratio
1364 4537 1810 4608 exposceretur,
1852 4531 2002 4589 forte
2034 4532 2239 4591 multis

571 4635 777 4693 verbis
806 4649 935 4692 non
974 4647 1132 4704 opus
1184 4629 1347 4686 esset
1391 4624 1570 4682 nobis
1599 4622 1678 4681 ad
1709 4622 2233 4695 respondendum.

2359 3099 2505 3168 τέρας
2549 3097 2739 3168 ὁμοίως
2800 3103 2896 3158 τῆς
2962 3097 3298 3169 ἐκφωνήσεως
3359 3105 3613 3166 σώζεται,
3670 3101 3728 3156 Εἰ
3775 3104 3942 3165 τοίνυν,

2359 3184 2451 3237 *οὗ
2521 3190 2716 3261 Κυρίου
2773 3185 3001 3246 εἰπόντος
3072 3192 3280 3263 Πατέρα
3331 3194 3426 3243 καὶ
3489 3194 3612 3245 Υἱόν
3669 3196 3756 3243 καὶ
3817 3188 3944 3261 ἅγιον

2360 3281 2606 3349 Πνεῦμα,
2662 3275 2820 3336 αὐτὸς
2890 3279 3087 3349 εἴποιμι
3155 3283 3365 3353 Πατέρα
3424 3286 3516 3334 καὶ
3575 3284 3694 3335 Υἱὸν
3753 3283 3840 3333 σὺν
3888 3285 3947 3350 τῷ

2359 3364 2492 3436 ἁγίῳ
2543 3368 2826 3438 Πνεῦματι,
2868 3365 2989 3419 ἄλλο
3037 3385 3088 3419 τι
3118 3369 3233 3439 (28)
3283 3369 3509 3442 εἰρηκὼς
3558 3374 3692 3425 κατὰ
3732 3376 3821 3430 τὴν
3862 3365 3946 3421 δύ-

2358 3474 2510 3528 ναμιν
2550 3459 2738 3529 ἔσομαι
2761 3473 2775 3521 ;
2803 3462 2906 3517 Τῆς
2932 3452 2991 3509 δὲ
3018 3452 3111 3509 διὰ
3135 3465 3226 3511 τοῦ
3256 3464 3347 3512 καὶ
3380 3458 3688 3535 συνδέσμου
3731 3457 3948 3535 συμπλο·

2358 3552 2457 3607 κῆς
2512 3554 2611 3597 τῶν
2678 3545 2939 3618 ὀνομάτων
2996 3545 3159 3601 πολλὰ
3212 3551 3278 3601 τὰ
3343 3554 3641 3628 μαρτύρια.
3699 3553 3756 3605 ἸΙ
3806 3553 3949 3624 χάρις

2357 3637 2483 3708 γὰρ,
2534 3636 2804 3708 φησὶίτοῦ
2864 3640 3058 3711 Κυρίου
3107 3638 3252 3711 ἡμέῡν
3282 3639 3463 3697 Ἰησοῦ
3510 3649 3771 3717 Χριστοῦ,
3812 3639 3942 3695 καὶῆ

2359 3721 2537 3797 ἀγάπη
2592 3731 2684 3777 τοῦ
2735 3731 2891 3794 Θεοῦ,
2945 3729 3033 3778 καὶ
3085 3727 3116 3785 ἡ
3172 3732 3414 3781 κοινωνία
3461 3740 3557 3784 τοῦ
3608 3731 3760 3807 ἁγίου
3808 3730 3948 3783 IIer-

2357 3834 2521 3888 ματος
2547 3836 2559 3848 ·
2608 3820 2697 3867 καὶ
2742 3814 2895 3867 πάλιν
2919 3830 2931 3845 ·
2968 3817 3260 3891 Παρακαλῶ
3310 3816 3369 3873 δὲ
3418 3820 3561 3895 ﬁuit,-
3591 3824 3705 3894 (29)
3747 3817 3836 3875 δία
3869 3824 3947 3872 τοῦ

2359 3909 2554 3981 Κυρίου
2608 3907 2754 3979 ἡμῶν
2807 3904 2985 3964 Ἰησοῦ
3034 3912 3271 3982 Χριστοῦ
3318 3914 3410 3962 καὶ
3467 3907 3566 3966 διὰ
3616 3921 3710 3975 τῆς
3761 3911 3950 3983 ἀγάπης

2355 4001 2447 4047 τοῦ
2480 3997 2798 4069 Πνεῦματος.
2834 3994 2894 4046 Εἰ
2940 4000 3113 4047 τοίνυν
3162 3995 3272 4050 ἀντὶ
3320 4006 3418 4061 τῆς
3467 4006 3562 4053 καὶ
3596 4010 3659 4076 τῇ
3715 4005 3807 4054 σὺν
3852 3998 3949 4052 ἐθε-

2353 4082 2601 4158 λήσαιμεν
2653 4085 2989 4160 χρησασθαι,
3030 4088 3083 4137 τί
3138 4081 3388 4163 διάφορον
3444 4096 3796 4152 πεποιηκότες
3845 4088 3951 4141 ἰσό-

2353 4176 2521 4245 μεθα;
2558 4174 2687 4246 Ἐγώ
2716 4176 2806 4246 μὲν
2850 4173 2955 4246 οὐχ
2987 4175 3109 4250 ὁρῶ,
3135 4175 3267 4235 πλὴν
3318 4177 3462 4251 εἰμὴ
3502 4180 3748 4258 ψυχραῖς
3794 4198 3951 4255 γραμ-

2351 4272 2599 4340 ματικαῖς
2656 4283 2737 4326 τις
2794 4267 2879 4317 τὸν
2940 4268 3031 4337 μὶν
3090 4263 3384 4341 σύνδεσμον
3441 4272 3513 4334 ὡς
3585 4272 3954 4346 συμπλεκτικόν

2350 4359 2461 4422 καὶ,
2506 4352 2717 4407 πλείονα
2763 4362 3013 4407 ποιοῦντα
3055 4359 3149 4413 τὴν
3198 4357 3377 4410 ἕνωσιν
3426 4370 3727 4437 προτιμῶν,
3770 4366 3859 4420 τὴν
3905 4355 3956 4411 δί

2348 4445 2617 4519 πρόθεσιν,
2665 4445 2730 4504 ὡς
2780 4444 2873 4495 οῦκ
2923 4445 3154 4516 ἔχουσαν
3203 4450 3297 4505 τὴν
3351 4449 3478 4507 ἴσην
3542 4447 3792 4524 δύναμιν,
3844 4448 3956 4504 ἀπο.

2348 4538 2631 4606 πέμποιτο.
2670 4531 2802 4586 Ἀλλ’
2837 4536 2880 4586 εἳ
2925 4553 2983 4607 γε
3028 4539 3147 4609 περὶ
3200 4538 3396 4589 τούτων
3438 4540 3533 4601 τὰς
3582 4540 3956 4602 εῦθύναςῆῦπεί-

2345 4643 2548 4699 χομεν,
2608 4625 2736 4686 ἴσως
2787 4622 2881 4676 οὐκ
2932 4622 2990 4675 ἆν
3047 4622 3159 4692 (30)
3211 4624 3401 4679 πολλοῦ
3453 4628 3622 4703 λόγου
3682 4634 3815 4707 πρὸς
3871 4633 3957 4688 τὴν

645 4746 694 4780 δ’
725 4742 875 4799 Psal.
924 4756 1053 4813 va,
1105 4744 1192 4797 t3.
1247 4740 1296 4775 ⁷ο
1327 4734 1478 4793 Psal.
1508 4750 1617 4804 ριν,
1683 4737 1773 4789 37.
1838 4732 1885 4768 τί
1918 4731 2070 4789 Psal.
2120 4750 2246 4791 XLIII

2354 4738 2421 4790 ιο.
2480 4731 2796 4788 "IThess.
2833 4746 2877 4800 ι,
2940 4736 2986 4790 1.
3045 4731 3095 4766 τδ
3125 4732 3172 4787 Il
3217 4733 3347 4791 Cor.
3380 4750 3502 4807 xm,
3561 4737 3649 4795 13.
3712 4740 3951 4794 “Rom.

573 4832 673 4885 xv,
697 4819 785 4871 30.

642 4922 756 4991 (25)
789 4918 1081 4991 Ἐξελεύσῃ.
1122 4917 1272 4974 Editi
1353 4916 1586 4991 addunt
1642 4916 1684 4991 6_
1718 4917 1873 4991 θεὸς,
1908 4912 2048 4991 “sed
2091 4913 2222 4991 haec

567 4980 817 5051 nu‘llolin
837 4980 1018 5047 veteri
1033 4980 1188 5046 libro
1214 4989 1614 5061 reperiuntur.
1648 4980 1876 5061 Ibidem
1905 4984 2086 5061 illud,
2105 4984 2219 5037 ἀντὶ

566 5074 729 5122 τοῦ...
764 5066 929 5135 ἡμῶν,
966 5057 1329 5135 addidimus
1357 5076 1430 5116 ex
1450 5057 1835 5135 tribuslibris
1860 5057 2147 5135 antiquis.

636 5136 755 5209 (26)
795 5129 1169 5209 iuvrut‘iuutta
1198 5131 1335 5187 libri
1358 5136 1611 5209 veteres.
1650 5129 1812 5209 Editi
1827 5129 1989 5192 τάξει.

637 5201 750 5281 (27)
781 5204 1305 5281 _Kat7alup6rivov_7_e_g.
1367 5206 1453 5258 Ita
1497 5218 1669 5281 _rn_ss,
1701 5201 2001 5281 quinque.
2069 5201 2221 5281 Editi

563 5271 959 5341 καταλαϐόντες.
1007 5271 1139 5334 Mox
1193 5274 1377 5330 iidem
1424 5273 1584 5345 editi
1640 5271 2030 5345 ἐφ’-ἐκατὲραᾳ
2105 5271 2220 5329 Sed

564 5371 721 5410 mss.
751 5355 816 5409 ut
843 5351 906 5406 in
936 5354 1119 5406 textu.
1153 5350 1282 5404 Non
1313 5344 1502 5402 multo
1538 5344 1696 5418 post.
1741 5346 1883 5415 Reg.
1916 5345 2221 5401 secundus

564 5427 645 5478 ὅτι
672 5430 766 5483 τὴν
800 5420 1042 5495 δύναμιν.

634 5497 749 5566 (28)
786 5487 943 5549 ”Αλλό
971 5514 1046 5550 τι.
1078 5489 1230 5547 Editi
1272 5489 1365 5566 οῦπς
1395 5488 1515 5566 ἄλλο
1553 5508 1624 5566 τι.
1659 5487 1908 5566 Negatio
1940 5487 2109 5544 deest
2156 5487 2219 5566 in

565 5558 671 5621 sei
692 5582 834 5637 mss.
858 5569 915 5622 et
943 5582 979 5621 a
1000 5560 1396 5637 typographis
1418 5560 1655 5637 videtur
1683 5558 1912 5637 addita,
1945 5575 2017 5614 eo
2047 5559 2219 5637 quod

563 5651 690 5694 non
713 5631 1091 5695 adverterehi
1112 5631 1599 5706 interrogationis
1629 5634 1857 5696 notam,
1881 5645 2070 5703 quam
2102 5631 2219 5688 hoc

2304 4913 2468 4970 “loco
2499 4914 2845 4979 agnoscunt
2872 4913 3100 4966 veteres
3132 4909 3292 4969 libri.

2406 4984 2519 5057 (29)
2556 4983 2736 5055 Ὑμᾶς.
2760 4982 2908 5058 Εάῇῐί
2926 4982 3161 5058 addunt
3182 4981 3417 5058 ἀδελφοί,
3445 4989 3709 5058 quodin
3730 4988 3951 5047 nostris

2335 5053 2483 5139 mss.
2504 5053 2981 5139 'non‘reperintu'r,
3024 5053 3375 5139 Paulopo's}
3412 5053 3943 5139 editiéeslfmozpav.

2332 5132 2465 5185 Mss.
2480 5131 2543 5208 ut
2558 5127 2619 5182 in
2641 5124 3106 5208 testusSubinde
3128 5124 3309 5208 editio
3330 5130 3524 5208 Paris:
3548 5124 3950 5208 ψυχρὸςγραμ-

2332 5204 2556 5274 ματικος
2575 5218 2651 5259 τις
2680 5200 2770 5274 τὸν
2789 5200 2878 5270 μὲν
2905 5201 3061 5274 διαὶ..
3105 5203 3201 5257 τὴν
3227 5196 3285 5274 ὁξὲ
3319 5204 3431 5256 σύν.
3491 5186 3773 5262 Ξάιζέῶά
3792 5186 3953 5262 ’ὸοὶιο

2332 5267 2524 5351 sensu.
2555 5267 2798 5325 vetusti
2823 5267 3061 5349 codices
3114 5275 3179 5351 et.
3201 5270 3340 5330 edit.
3360 5274 3569 5351 _Basil.
3594 5282 3859 5351 utraque
3891 5279 3955 5351 ut

2331 5341 2639 5416 edendum
2670 5341 3037 5411 curavimus,
3068 5341 3379 5416 nisi‘quod
3406 5345 3465 5400 in
3501 5341 3787 5405 secunda
3814 5346 3954 5416 legi-

2330 5420 2426 5494 tur
2445 5413 3064 5494 ψυχρὸςγραμὰοιατιξιὸς,
3085 5412 3493 5472 υηὰοόιττοιιὶῐι
3518 5412 3927 5476 Parisiensem

2328 5491 2393 5543 ut
2416 5462 2577 5557 saepe
2603 5462 3009 5557 ali'a‘sfﬂuxit;
3029 5462 3064 5480 δ’
3087 5462 3241 5470 ’Ἦν
3258 5462 3339 5471 ν’
3356 5462 3410 5472 ν’
3431 5462 3493 5472 μ’
3518 5462 3538 5473 ι
3563 5462 3952 5485 “unum”,

2368 5554 2519 5641 ,(3οῑ
2556 5554 2716 5641 Ἴσως
2734 5557 2827 5607 οὐκ
2849 5556 2930 5611 ἄν.
2954 5556 3048 5638 Sic
3067 5572 3181 5641 ope
3200 5558 3469 5641 quinque
3489 5576 3646 5617 mss.
3673 5561 3958 5619 emenda-

2327 5629 2525 5687 vimus
2553 5627 2721 5703 quod
2741 5643 2928 5701 prave
2949 5627 3012 5684 in
3032 5627 3205 5687 editis
3219 5627 3554 5703 legebatur
3572 5639 3677 5690 τέω
3689 5655 3734 5705 ς,
3758 5636 3854 5689 οῦκ
3869 5637 3953 5688 ἄν.
