4114 6386
542 345 644 398 179

1912 350 1971 404 S.
2012 348 2210 406 BASIL

2324 348 2543 406 mam
2757 432 2762 438 ι
3788 363 3874 416 ιεο

541 471 599 522 et
626 465 1013 539 implacabile
1041 467 1267 524 bellum
1289 485 1429 526 cum
1459 469 1562 528 illa
1591 486 1812 540 gerere.
1849 472 1962 529 Sed
1993 477 2197 530 tamen

2325 482 2414 534 τῆς
2442 483 2603 546 φωνῆς
2634 477 3006 546 υπαρχουσπς,
3038 479 3079 526 εί
3106 494 3175 545 τῳ
3205 473 3339 546 φίλον
3366 473 3412 526 ἐν
3453 473 3752 548 δοξολογίαις
3775 484 3877 552 (37)

540 555 824 628 quamvis
854 557 983 612 haec
1012 573 1128 613 vox
1155 562 1280 614 tam
1319 559 1426 630 51
1469 564 1613 632 apta
1651 561 1724 616 sit
1749 562 1825 616 ad
1858 563 2213 632 significan-

541 644 714 712 dum,
763 645 810 701 si
860 645 955 702 cui
985 646 1150 702 cordi
1178 647 1350 704 fuerit
1396 649 1454 704 in
1505 649 2042 719 glorificationibus
2107 669 2215 726 per

543 735 842 807 syllabam
866 742 920 793 et
943 738 1194 793 nomina
1215 745 1571 796 connectere
1599 743 1656 795 et
1679 740 2035 810 gloriﬁcare,
2066 759 2214 815 que-

544 824 946 881 madmodum
994 825 1057 882 in
1110 827 1490 897 Evangeliis,
1543 828 1646 884 ubi
1700 829 1775 884 de
1839 830 2211 904 baptismate

543 912 1135 974 didicimus.Patrem
1152 922 1208 973 et
1231 916 1442 973 Filium
1473 923 1528 975 et
1560 919 1847 991 Spiritum
1881 926 2164 977 sanctum
2199 939 2212 988 ;

545 1001 726 1058 etiam
755 1003 837 1059 ita
867 1003 991 1067 fiat.
1031 1021 1212 1061 nemo
1243 1006 1728 1064 contradicturus
1773 1015 1881 1064 est.
1916 1013 2034 1066 Hac
2067 1027 2178 1067 con

543 1092 792 1161 ditione,
847 1093 895 1148 si
943 1092 1197 1158 videtur,
1230 1095 1380 1151 inter
1431 1111 1545 1152 nos
1575 1099 2051 1156 consentiamus.
2097 1101 2210 1156 Sed

545 1181 638 1238 isti
669 1182 840 1238 citius
886 1183 1214 1255 abjecerint
1269 1185 1535 1256 linguas,
1568 1204 1760 1260 quam
1812 1189 1970 1246 hanc
1996 1208 2211 1248 vocem

543 1272 854 1345 recipiant.
885 1277 1006 1330 lloc
1035 1274 1219 1343 igitur
1247 1280 1357 1344 est,
1407 1277 1576 1350 quod
1618 1279 1796 1336 nobis
1849 1282 2211 1338 acerrimum

543 1377 614 1417 ac
638 1361 1132 1420 irreconciliabile
1157 1363 1381 1422 bellum
1403 1367 1638 1424 excitat.
1654 1372 1716 1424 ln
1739 1370 1958 1442 Spiritu
1974 1377 2209 1442 sancto,

542 1451 846 1524 inquiunt,
901 1452 1108 1510 danda
1155 1459 1246 1511 est
1297 1455 1488 1525 gloria
1549 1460 1686 1527 Deo,
1729 1474 1854 1515 non
1911 1466 2115 1517 autem
2149 1468 2206 1518 et

547 1541 792 1613 Spiritui
825 1559 837 1597 :
873 1546 1056 1616 atque
1085 1545 1376 1602 acerrime
1406 1546 1545 1602 huic
1589 1547 1724 1604 voci
1751 1554 2046 1623 tanquam
2078 1553 2208 1624 Spi-

543 1629 726 1687 ritum
753 1630 1114 1704 deprimenti
1167 1633 1608 1692 adhaerescunt.
1647 1641 1726 1694 De
1772 1655 1896 1712 qua
1926 1656 2049 1696 non
2082 1643 2212 1697 inu-

543 1719 642 1776 tile
668 1719 845 1777 fuerit
868 1721 1156 1795 prolixius
1186 1723 1404 1781 dicere.
1429 1727 1570 1791 Quae
1597 1743 1738 1783 cum
1761 1729 2063 1787 audierint
2091 1731 2208 1797 isti,

540 1807 910 1880 demirabor,
944 1812 996 1867 si
1023 1827 1146 1868 non
1175 1828 1312 1869 eam
1344 1819 1408 1869 ut
1437 1815 1826 1888 proditricem
1868 1824 1925 1875 et
1968 1819 2049 1875 ad
2079 1821 2209 1893 Spi-
2245 1828 2283 1881 Β

539 1897 687 1955 ritus
717 1899 974 1970 gloriam
1004 1901 1160 1958 ultro
1190 1902 1569 1974 transfugam
1601 1907 2032 1979 repudiabunt.

1145 2048 1380 2106 CAPUT
1416 2052 1596 2106 XXVI.

541 2153 694 2222 ουοι
723 2154 912 2211 modis
931 2154 1161 2212 dicitur
1181 2180 1209 2209 «
1233 2158 1320 2222 in,
1338 2179 1366 2208 »
1393 2159 1630 2242 totidem
1655 2161 1843 2218 modis
1871 2162 1943 2220 de
1973 2164 2206 2234 Spiritu

1281 2245 1500 2300 accipi.

611 2375 704 2426 61.
754 2371 892 2427 Mihi
941 2371 1124 2441 igitur
1164 2373 1576 2432 consideranti
1620 2377 1875 2446 videtur,
1916 2380 2024 2436 etsi
2073 2381 2215 2437 sim-

535 2459 674 2532 plex
727 2475 797 2515 ac
845 2460 1044 2517 brevis
1099 2467 1190 2519 est
1237 2463 1421 2535 hujus
1475 2465 1718 2538 syllabae
1779 2471 2208 2543 pronuntiatio,

537 2549 732 2605 multa
779 2553 836 2605 et
882 2550 1051 2607 varia
1096 2567 1207 2624 per
1264 2569 1399 2610 eam
1461 2555 1809 2625 signiﬁcari.
1844 2559 1998 2622 Quot
2048 2561 2210 2617 enim

537 2637 738 2695 modis
767 2637 984 2695 dicitur
1015 2641 1098 2707 in,
1130 2641 1379 2698 totidem
1431 2644 1632 2701 modis
1681 2645 2026 2704 invenimus
2075 2665 2210 2706 eam

537 2726 838 2799 syllabam
870 2729 1270 2801 conceptibus
1304 2731 1380 2788 de
1421 2733 1639 2806 Spiritu
1667 2735 2030 2794 subservire.
2063 2741 2211 2795 Nam

537 2816 735 2874 forma
764 2817 984 2874 dicitur
1030 2836 1161 2876 esse
1214 2821 1277 2878 in
1312 2824 1588 2890 materia,
1637 2829 1696 2881 et
1725 2828 1995 2899 potentia
2048 2829 2108 2886 in
2140 2846 2211 2887 eo

537 2906 706 2978 quod
735 2907 866 2978 ejus
897 2924 1091 2981 capax
1137 2915 1246 2980 est,
1300 2917 1356 2968 et
1399 2913 1643 2970 habitus
1668 2916 1729 2972 in
1756 2933 1826 2972 eo
1865 2919 1971 2991 qui
1995 2936 2210 2976 secun-

537 2994 687 3053 dum
751 2996 921 3053 illum
975 2999 1226 3056 affectus
1284 3007 1392 3069 est,
1449 3003 1690 3078 aliaque
1747 3006 1930 3078 hujus
1974 3010 2210 3079 generis

538 3087 1019 3161 multa..ltaque
1087 3096 1392 3163 quatenus
1464 3095 1711 3166 Spiritus
1782 3103 2027 3154 sanctus
2085 3101 2208 3156 vim

2325 572 2385 635 τῇ
2415 569 2505 616 καὶ
2551 563 2779 636 συλλαϐῇ
2826 560 3032 616 συνδεῖν
3063 567 3127 616 τα
3166 564 3394 636 ὀνόματα
3438 571 3524 618 καὶ
3553 564 3794 635 δοξάζειν,
3823 575 3877 632 ὡς

2327 651 2374 704 ἐν
2425 653 2754 725 Ι-Σῦαγγελίοις
2808 653 2892 706 ἐπὶ
2955 661 3044 705 τοῦ
3104 652 3470 726 βαπτίσματος
3519 659 3876 730 μεμαθήκαμεν,

2328 749 2538 818 Πατέρα
2579 751 2669 796 καὶ
2717 747 2833 797 Υίόν
2882 751 2971 797 καὶ
3024 746 3172 816 ἅγιον
3229 749 3736 818 11νεῦμα·καίοῦτω
3757 754 3879 818 γινέ-

2331 825 2460 900 σθω,
2517 831 2691 896 οὐδεὶς
2743 834 2956 909 ἀντερεῖ.
3019 834 3135 888 Ἐπὶ
3192 838 3414 900 τούτοις,
3471 836 3512 887 εἰ
3567 833 3704 888 δοκεῖ
3736 857 3880 888 κατα-

2330 925 2554 996 θώμεθα.
2596 923 2750 977 Ἀλλὰ
2800 927 2890 984 τὰς
2943 923 3190 994 γλώσσας
3246 923 3304 975 ἂν
3360 929 3595 999 πρόοιντο
3634 920 3877 998 μᾶλλον,’ἦ

2328 1017 2416 1070 τὴν
2457 1033 2624 1085 φωνην
2664 1017 2859 1070 ταύτην
2905 1009 3161 1075 δέξαιντο.
3216 1021 3379 1066 Τοῦτο
3430 1017 3518 1086 μεν
3565 1011 3647 1066 οὖν
3694 1013 3886 1084 ἔστιν,ὃ

2326 1107 2412 1155 τὸν
2443 1101 2735 1176 ἀκήρυκτον
2766 1105 2890 1176 ἡμῖν
2938 1108 3028 1155 καὶ
3082 1099 3348 1156 ἄσπονδον
3397 1103 3604 1176 πόλεμον
3635 1102 3877 1176 ἐπεγείρει,

2332 1192 2409 1244 Ἐν
2466 1201 2538 1262 τῷ
2589 1195 2892 1264 ΙΙνευματι,
2949 1198 3108 1264 φησὶ,
3158 1201 3229 1263 τῷ
3282 1192 3413 1263 ἁγίῳ
3473 1197 3564 1250 τὴν
3615 1188 3886 1262 δοξολογίαν

2328 1279 2610 1334 ἀποδοτέον
2641 1289 2712 1352 τῷ
2746 1291 2879 1353 Θεῷ,
2912 1283 3042 1354 ουχὶ
3069 1279 3128 1334 δε
3157 1287 3246 1334 καὶ
3275 1291 3346 1352 τῷ
3383 1285 3664 1354 ΙΙνευματι·
3705 1286 3786 1333 καὶ
3813 1281 3885 1332 ὲκ-

2329 1372 2597 1443 θυμότατα
2660 1379 2752 1432 τῆς
2814 1381 2980 1443 φωνῆς
3040 1375 3238 1434 ταύτης
3284 1374 3348 1432 ὡς
3386 1380 3740 1430 ταπεινωτικῆς
3793 1371 3887 1439 (38)

2324 1469 2416 1514 τοῦ
2476 1464 2772 1534 ΙΙνευματος
2812 1467 3161 1535 περιέχονται.
3214 1466 3342 1536 Περὶ
3391 1463 3454 1521 ἧς
3504 1461 3596 1512 οῦκ
3642 1463 3887 1534 ἄχρηστον

2323 1556 2413 1602 καὶ
2468 1546 2562 1603 διὰ
2622 1555 2952 1626 μακροτέρων
3006 1551 3184 1605 εἰπεῖν.
3251 1552 3344 1602 ’ζαν
3385 1550 3685 1610 ἀκούσαντες
3744 1550 3884 1614 οὗτοι,

2327 1642 2690 1713 Θαυμάσαιμεν
2723 1639 2802 1707 ἂν,
2856 1641 2898 1694 εἰ
2949 1646 3020 1714 μὴ
3070 1645 3138 1702 ὡς
3183 1636 3435 1715 προδότιν
3467 1639 3639 1706 αὐτὴν,
3670 1644 3752 1690 καὶ
3777 1658 3888 1712 προς

2323 1733 2416 1787 τὴν
2465 1737 2556 1781 τοῦ
2616 1732 2912 1802 ΙΙνε-ἇματος
2977 1726 3134 1792 δόξαν
3202 1728 3594 1802 αὐτομολοῦσαν
3644 1730 3885 1800 ἀποκηρύ-

2325 1818 2502 1880 ξωσιν.

2863 2060 3251 2108 ΚΕΦΑΛΑΙΟΝ
3297 2062 3381 2119 li:
3403 2096 3416 2109 .

2357 2161 2477 2214 Ὀτι
2499 2162 2716 2233 ὁσαχῶς
2744 2160 2946 2232 λέγεται
2985 2167 3042 2214 τό
3072 2185 3097 2210 ι(
3132 2161 3200 2229 ἐν,
3239 2187 3264 2211 ››
3298 2168 3645 2233 τοσαυταχῶς
3682 2163 3764 2210 καὶ
3793 2155 3862 2208 ἐπι

2734 2242 2824 2285 τοῦ
2858 2237 3158 2306 ΙΙνε-ὒματος
3182 2233 3519 2306 λαμλοὲνεται.

2397 2381 2484 2434 61,
2545 2377 2690 2449 Ἐμοὶ
2747 2382 2914 2428 τοίνυν
2975 2381 3311 2450 σκοπουμένῳ
3371 2372 3559 2444 δοκεῖ,
3619 2373 3774 2432 ἁπλῆς
3816 2373 3881 2421 καὶ

2327 2469 2586 2539 συντόμου
2625 2474 2718 2527 τῆς
2771 2465 3105 2538 ἐκφωνήσεως
3145 2469 3329 2533 οὔσης,
3384 2465 3548 2517 πολλά
3595 2468 3681 2515 καὶ
3713 2457 3887 2514 ποικίλα

2325 2552 2454 2607 εἶναι
2492 2558 2556 2607 τὰ
2605 2551 2678 2608 δι’
2733 2555 2896 2616 αὐτῆς
2938 2560 3314 2628 σημαινόμενα.
3347 2555 3595 2626 Ὀσαχώς
3638 2554 3733 2625 γὰρ
3772 2549 3889 2618 λέγε-

2322 2663 2406 2696 ται
2450 2648 2538 2696 τόν
2587 2643 2657 2706 ἐν,
2719 2642 3071 2716 τοσαυταχῶς
3136 2646 3445 2720 εὑρίσκομεν
3498 2649 3610 2702 ταῖς
3673 2643 3780 2715 περὶ
3819 2655 3891 2688 τον

3181 2737 3186 2738 ,
3498 2737 3502 2738 ν
3746 2732 3754 2738 .
3851 2721 3869 2738 ν

2324 2737 2624 2807 Πνεῦματος
2671 2733 2884 2795 ἐννοίαις
2932 2736 3371 2809 ῦπηρετούμενον.
3430 2737 3654 2804 Λέγεται
3710 2732 3789 2802 μεν
3823 2745 3894 2778 ουν

2322 2829 2379 2876 τὸ
2432 2821 2572 2886 εἶδος
2620 2822 2668 2875 ἐν
2725 2832 2786 2896 τῇ
2849 2824 2940 2897 ὕλῃ
3008 2820 3155 2890 εἶναι,
3189 2829 3281 2876 καὶ
3313 2826 3342 2881 ἡ
3399 2820 3624 2896 δύναμις
3667 2819 3711 2872 ἐν
3735 2826 3798 2888 τῷ
3826 2811 3892 2868 δε·

2321 2921 2501 2982 κτικῷ,
2544 2917 2634 2964 καὶ
2677 2914 2706 2970 ἡ
2755 2913 2858 2975 ἕξις
2889 2911 2936 2964 ἓν
2986 2921 3056 2982 τῷ
3101 2912 3214 2964 κατ’
3247 2912 3414 2970 αὐτὴν
3457 2908 3775 2983 διακειμένῳ,
3824 2922 3896 2954 και

2322 3001 2484 3054 πολλα
2542 3009 2776 3053 τοιαῦτα.
2833 3001 3076 3068 Οὐκοῦν,
3143 3003 3275 3054 καθὸ
3339 3005 3436 3074 μὲν
3497 2999 3799 3054 τελειωτικόν
3849 3010 3897 3043 το

2321 3091 2468 3163 ἅγιον
2526 3094 2737 3164 Πνεῦμα
2794 3100 2894 3143 τῶν
2947 3091 3169 3162 λογικῶν
3201 3134 3214 3158 ,
3270 3090 3564 3168 ἀπαρτίζον
3627 3089 3783 3142 αὐτῶν
3822 3086 3898 3139 τὴν

537 3175 721 3233 habet
764 3178 1122 3250 perﬁciendi
1178 3186 1518 3240 creaturam
1573 3186 1953 3257 rationalem,
2003 3189 2209 3246 absol—

2324 3179 2606 3255 ἀκρότητα,
2640 3181 2697 3234 τό
2755 3189 2846 3234 τοῦ
2893 3177 3063 3242 εἴδους
3114 3180 3266 3252 λόγον
3313 3181 3520 3254 ἐπέχει,
3567 3181 3624 3232 Ὀ
3685 3179 3775 3252 γὰρ
3811 3192 3900 3246 μησ

537 3280 688 3321 vens
746 3266 907 3322 illius
961 3268 1293 3342 fastigium,
1355 3271 1565 3329 forma:
1615 3276 1915 3332 rationem
1958 3278 2207 3335 obtinet.

541 3358 689 3411 Nam
721 3355 826 3428 qui
866 3356 998 3427 jam
1049 3374 1173 3414 non
1222 3361 1367 3417 vivit
1413 3363 1751 3421 secundum
1783 3382 2050 3435 carnem,
2103 3369 2211 3425 sed

540 3443 760 3515 Spiritu
816 3444 918 3501 Dei
978 3447 1199 3516 agitur,
1249 3465 1319 3505 ac
1375 3450 1550 3507 Filius
1600 3453 1700 3509 Dei
1752 3455 2121 3525 nominatur,
2155 3463 2214 3514 et

541 3533 873 3590 conformis
898 3535 1149 3607 imagini
1184 3537 1303 3594 Filii
1360 3541 1458 3597 Dei
1506 3541 1698 3598 factus
1729 3549 1838 3614 est,
1881 3547 2211 3619 spiritualis

543 3622 780 3680 dicitur.
828 3627 896 3681 Et
947 3626 1101 3684 sicut
1139 3631 1426 3686 cernendi
1476 3632 1567 3687 vis
1614 3639 1706 3688 est
1735 3635 1795 3690 in
1826 3636 2002 3692 oculo
2035 3654 2207 3704 sano,

544 3714 628 3770 sic
687 3715 960 3787 operatio
1016 3717 1269 3789 Spiritus
1329 3721 1390 3776 in
1423 3722 1629 3778 anima
1676 3731 1956 3796 purgata.
2008 3730 2211 3801 lioque

543 3804 766 3861 Paulus
797 3810 966 3879 optat
1015 3809 1306 3880 Ephesiis,
1332 3815 1399 3866 ut
1444 3812 1654 3869 oculos
1695 3814 1962 3873 habeant
1989 3817 2210 3874 illumi-

543 3899 722 3949 natos
756 3895 817 3950 in
879 3897 1099 3968 Spiritu
1151 3899 1544 3970 sapientiae".
1590 3905 1657 3960 Et
1689 3906 2209 3976 quemadmodum

546 3999 646 4040 ars
695 3988 788 4040 est
839 3985 900 4040 in
956 4003 1027 4043 eo
1083 3990 1186 4060 qui
1246 3990 1410 4046 illam
1465 3991 1718 4066 adeptus
1751 4001 1859 4063 est,
1894 3995 1974 4052 ita
2023 3997 2213 4068 gratia

549 4073 803 4144 Spiritus
837 4074 897 4129 in
929 4091 1000 4132 eo
1049 4077 1154 4149 qui
1197 4081 1422 4152 recepit
1469 4096 1628 4149 eam,
1683 4100 1924 4157 semper
1961 4085 2212 4158 quidem

546 4177 839 4236 praesens,
886 4171 946 4222 at
990 4182 1116 4223 non
1168 4176 1460 4241 perpetuo
1513 4187 1797 4244 operans.
1828 4176 1980 4231 Nam
2013 4182 2070 4232 et
2115 4191 2214 4232 ars

545 4252 814 4324 potentia
859 4254 1110 4326 quidem
1165 4262 1254 4312 est
1294 4258 1356 4313 in
1387 4260 1650 4329 artifice;
1685 4267 1823 4318 actu
1861 4279 2006 4320 vero
2059 4270 2210 4332 tum,

546 4357 686 4398 cum
737 4344 1075 4400 secundum
1129 4345 1294 4402 illam
1336 4354 1622 4420 operatur
1657 4368 1668 4406 :
1699 4351 1905 4408 itidem
1962 4354 2213 4426 Spiritus

545 4449 786 4506 semper
809 4434 1058 4508 quidem
1101 4435 1273 4492 adest
1315 4437 1542 4508 dignis,
1578 4440 1685 4496 sed
1723 4440 2009 4514 operatur
2037 4449 2217 4516 prout

2319 3274 2598 3323 κίτικατα
2631 3273 2803 3345 σάρκα
2845 3272 2966 3338 ζῶν,
3032 3269 3160 3323 ἀλλὰ
3220 3274 3494 3345 Πνεῦματι
3553 3277 3682 3324 Θεοῦ
3747 3264 3902 3336 ἀγόμε·

2319 3381 2424 3426 νος,
2475 3368 2564 3414 καὶ
2613 3363 2720 3422 υἱός
2769 3368 2902 3414 Θεοῦ
2941 3362 3316 3435 χρηματίζων,
3381 3367 3473 3415 καὶ
3522 3363 3807 3434 σύμμορφος
3829 3362 3902 3411 ’ἧς

2321 3451 2512 3514 εἰκόνος
2565 3461 2656 3504 τοῦ
2715 3455 2841 3504 Tia-.3
2905 3459 2998 3504 τοῦ
3049 3459 3185 3504 Θεοῦ
3246 3456 3538 3526 γενόμενος,
3588 3460 3903 3521 πνευματικός

2321 3543 2658 3616 ὀνομάζεται.
2702 3547 2805 3596 Καὶ
2842 3545 2911 3604 ὡς
2942 3545 2971 3601 ἡ
3025 3539 3244 3616 δύναμις
3281 3551 3376 3596 τοῦ
3416 3546 3542 3620 όρᾷν
3574 3541 3621 3594 ἐν
3652 3548 3719 3611 τῷ
3760 3540 3905 3608 ὑγιαι-

2319 3652 2456 3684 νοντι
2505 3632 2773 3705 ὀφθαλμῷ,
2834 3632 2997 3694 οὕτως
3043 3634 3074 3690 ἡ
3127 3631 3358 3708 ἐνέργεια
3397 3641 3490 3686 τοῦ
3533 3634 3816 3704 Ιῐνευματος
3863 3641 3902 3673 εν

2319 3731 2381 3795 τῇ
2417 3725 2770 3797 κεκαθαρμένῃ
2806 3721 2986 3793 ψυχῆ.
3025 3727 3124 3776 Λιό
3172 3729 3262 3775 καὶ
3314 3723 3521 3784 Παῦλος
3547 3726 3756 3795 εὔχεται
3780 3719 3902 3788 Ἐφε-

2323 3816 2474 3879 σίοις,
2531 3815 2955 3884 πεφωτισμένους
3011 3811 3306 3884 ὀφθαλμοὺς
3373 3813 3544 3865 αὐτῶν
3584 3809 3709 3864 εἶναι
3760 3806 3904 3882 ἐνκτῷ

2323 3905 2587 3975 Πνεῦματι
2612 3911 2708 3963 τῆς
2739 3903 2974 3974 ’σοφίας.
3038 3907 3139 3954 Καὶ
3170 3904 3240 3962 ὡς
3286 3904 3315 3960 ἡ
3369 3907 3535 3976 τέχνη
3571 3901 3619 3954 ἓν
3656 3910 3722 3973 τῷ
3747 3891 3905 3950 ἀναλα-

2322 3991 2464 4045 ϐόντι
2513 3991 2696 4059 αὐτὴν,
2757 3993 2923 4054 οὕτως
2982 3992 3011 4050 ἠ
3061 3995 3221 4065 χάρις
3271 4000 3366 4044 τοῦ
3420 3991 3713 4066 ῐῙνεύματος
3753 3987 3796 4040 ἐν
3845 3989 3904 4053 τῷ

2321 4078 2710 4154 ὑποδεξαμένῳ,
2765 4079 2842 4134 ἀεὶ
2873 4083 2962 4154 μεν
2996 4089 3375 4154 συμπαροῦσα,
3421 4083 3551 4154 οὐχι
3583 4078 3642 4134 δὲ
3679 4083 3765 4132 καὶ
3789 4075 3900 4147 ἐνερ-
3991 4103 3998 4110 ~

2321 4178 2496 4241 γοῦσα
2545 4167 2822 4232 διηνεκῶς.
2853 4169 2998 4222 Ἐπεὶ
3037 4175 3127 4222 καὶ
3176 4172 3206 4229 ἡ
3260 4175 3424 4242 τέχνη
3477 4168 3697 4243 δυνάμει
3746 4168 3828 4240 μὶν
3867 4167 3905 4212 ἐν
3995 4219 4001 4224 .,

2322 4269 2394 4331 τῷ
2425 4264 2637 4332 τεχνίτῃ
2670 4259 2844 4311 ἐστίν’
2903 4257 3136 4333 ἐνεργείᾳ
3183 4255 3242 4312 δὲ
3290 4263 3428 4328 τότε,
3465 4261 3588 4313 ὅταν
3635 4255 3746 4310 κατ’
3772 4253 3907 4308 αὐτὴν

2325 4348 2533 4422 ἐνεργῇ.
2601 4347 2752 4399 Οὕτω
2806 4353 2896 4400 καὶ
2942 4351 3001 4400 τὸ
3057 4353 3274 4421 Πνεῦμα
3332 4347 3413 4401 ἀεὶ
3465 4353 3557 4422 μὲν
3605 4346 3908 4420 συμπάρεστι

2324 4445 2434 4498 τοῖς
2481 4435 2662 4505 ἀξίοις,
2723 4435 2916 4512 ἐνεργεῖ
2963 4433 3022 4490 δε
3080 4439 3216 4490 κατά
3270 4443 3366 4496 τὴν
3425 4443 3639 4514 χρείαν,
3671 4437 3698 4496 ᾖ
3734 4437 3778 4488 ἓν
3804 4448 3909 4503 προ-

545 4539 694 4596 opus
727 4529 831 4590 est,
866 4529 972 4581 aut
1001 4525 1061 4580 in
1109 4527 1467 4598 prophetiis,
1503 4534 1608 4585 aut
1656 4530 1717 4585 in
1773 4533 2211 4600 sanationibus,

2327 4527 2645 4600 φητείαις,ἦ
2695 4524 2743 4578 ἐν
2799 4526 3104 4600 iduum-1,9;
3158 4525 3206 4578 ἓν
3265 4526 3439 4590 ἀλλοις
3496 4533 3610 4580 τισὶ
3668 4521 3910 4594 δυνάμεων

549 4617 650 4667 aut
677 4613 738 4668 in
775 4613 906 4671 aliis
953 4615 1389 4672 miraculorum
1419 4620 1894 4690 operationibus.
1927 4625 2218 4680 Prreterea

550 4703 699 4759 sicut
745 4705 804 4759 in
855 4706 1213 4778 corporibus
1245 4712 1335 4763 est
1387 4708 1636 4776 sanitas,
1666 4715 1770 4768 aut
1801 4711 1985 4780 calor,
2009 4718 2114 4770 aut
2157 4715 2218 4770 in

545 4807 763 4861 genere
795 4796 1139 4852 ati'ectiones
1161 4797 1332 4854 facile
1364 4798 1620 4854 mobiles
1650 4819 1662 4869 ;
1710 4801 1792 4858 sic
1834 4809 1890 4859 et
1918 4803 1980 4859 in
2011 4804 2220 4861 anima

546 4882 889 4955 frequenter
931 4891 1020 4942 est
1067 4888 1338 4960 Spiritus,
1371 4889 1434 4946 in
1483 4889 1554 4946 iis
1587 4891 1692 4964 qui
1723 4898 1971 4966 propter
1996 4895 2216 4951 mentis

545 4974 1001 5032 instabilitatem
1042 4977 1215 5034 facile
1247 4981 1504 5050 gratiam
1531 4989 1846 5057 acceptam
1879 4986 2221 5058 expellunt,

623 5177 666 5209 τῖ
704 5174 923 5248 Ephes.
958 5191 995 5244 ι,
1027 5181 1109 5232 t7.
1149 5183 1224 5234 18.

614 5372 861 5450 (37)_'l-;v_
897 5370 1237 5450 δοξολογίκις.
1298 5376 1391 5433 Sic
1438 5394 1554 5450 ope
1598 5385 1867 5438 veterum
1928 5383 2214 5440 codicum

544 5445 1009 5524 emendavimus
1035 5447 1208 5524 quod
1233 5464 1417 5520 prave
1448 5445 1508 5506 in
1531 5451 1704 5507 editis
1733 5452 2048 5524 legebatur
2072 5454 2216 5510 ἑνὸοο

549 5517 876 5606 -ξθᾉοπῖαελ
911 5517 1278 5603 Non'mult'o
1322 5526 1458 5595 post
1514 5524 1734 5596 Regius
1775 5517 2083 5586 secundus
2115 5533 2212 5588 τὴν

551 5605 706 5646 οοςαν
739 5605 1041 5646 αποσοτεον.

625 5656 740 5726 (3S)
771 5667 1172 5726 Ταπεινωτικῆς.
1224 5665 1315 5722 Sic
1364 5671 1588 5724 veteres
1631 5667 1768 5728 libri
1799 5684 1908 5744 pro
1941 5685 2012 5728 eo
2039 5672 2209 5743 quod

2327 4616 2692 4690 ἐνεργήμασιν.
2741 4614 2856 4667 Ἔτι
2895 4619 2962 4677 ὡς
3017 4614 3066 4668 ἐν
3119 4622 3360 4689 σώμασιν
3416 4620 3612 4689 ὑγίεια,
3667 4617 3695 4674 ἣ
3753 4611 3912 4686 θερμό-

2328 4726 2456 4774 της,
2508 4707 2536 4765 ἣ
2599 4705 2726 4767 όλως
2781 4709 2835 4758 αἱ
2888 4705 3148 4764 εὐκίνητοι.
3200 4703 3492 4768 διαθέσεις·
3559 4707 3694 4759 οὕτω
3739 4707 3821 4754 καὶ
3871 4716 3911 4748 εν

2329 4796 2481 4868 ψυχῇ
2527 4795 2775 4858 πολλάκις
2822 4797 3054 4869 ὑπάρχει
3085 4800 3143 4848 τὸ
3198 4802 3432 4869 Πνεῦμα,
3477 4804 3584 4857 τοῖς
3635 4792 3724 4848 διὰ
3763 4793 3816 4843 τό
3838 4794 3913 4844 τῆς

2329 4893 2540 4960 γνώμης
2593 4883 2870 4959 ἀνίδρυτον
2920 4885 3158 4959 εὐκόλως,
3190 4887 3251 4946 ἣν
3307 4883 3552 4951 ἐδέξαντο
3599 4889 3757 4960 χάριν
3794 4891 3914 4932 απω-

3605 4973 3782 5041 Σαοὺλ,
3837 4969 3913 5018 καὶ

3420 4975 3444 4993 φ
3538 4979 3548 4986 ι

2335 4980 2622 5050 θοῦμένοις,
2654 4982 2725 5050 μὴ
2759 4981 3051 5050 παραμένον
3087 4981 3215 5050 (39),
3249 4979 3356 5040 οἶος
3414 4979 3476 5035 ἦν
3527 4979 3554 5029 ό

2327 5386 2454 5439 erat
2483 5383 2540 5438 in
2583 5382 2760 5439 editis
2812 5393 3069 5444 ταπεινῆς.
3118 5383 3249 5440 Mox
3295 5380 3440 5439 editi
3482 5373 3803 5453 θαυμάσαιμ’
3835 5373 3904 5423 οἷν.

2325 5455 2470 5524 Reg.
2507 5454 2812 5511 secundus
2842 5459 2905 5511 ut
2938 5455 2999 5511 in
3031 5460 3218 5511 textu.
3743 5521 3770 5524 _
3864 5513 3873 5522 ,

2392 5521 2504 5598 (39)
2529 5532 2627 5602 ⁸Μὴ
2670 5531 2983 5602 παραμένον.
3023 5529 3156 5584 Haec
3207 5525 3582 5602 addidimus!
3619 5539 3695 5602 ex_
3730 5521 3911 5602 itegig

2321 5585 2610 5667 secundo,
2642 5613 2713 5655 ac
2743 5585 2996 5675 prorsus
3049 5599 3392 5658 necessaria
3445 5600 3590 5655 sunt
3620 5593 3699 5653 ad
3730 5585 3913 5650 Basilii

2320 5685 2587 5729 sensum.
