4114 6380
551 333 653 387 183

1933 333 1990 389 S.
2032 330 2282 389 BASlLll
2318 331 2562 389 MAGNI.
3796 333 3885 385 184

544 457 674 522 Quo
701 455 765 511 in
796 453 934 512 loco
971 454 1086 511 hoc
1121 454 1465 524 oﬁeremus,
1500 453 1616 511 nisi
1651 455 1714 510 in
1771 453 1996 527 Spiritu
2059 471 2200 513 san-

2325 461 2454 527 τόπῳ
2511 457 2704 513 ταύτην
2757 455 3132 528 προσφέρομεν,
3173 455 3204 511 ἦ
3240 451 3354 523 (iis)
3407 451 3455 504 ἰν
3513 459 3584 522 τῷ
3639 454 3880 524 Πνεύματι

542 547 684 603 cto?
737 544 845 601 Ubi
902 545 1018 601 hoc
1075 544 1446 601 didicimus?
1481 543 1572 600 Ab
1630 545 1763 618 ipso
1816 545 2070 601 Domino
2117 545 2203 601 di—

542 639 731 707 cente,
774 636 910 692 Veri
937 636 1289 692 adoratores
1319 635 1664 692 adorabunt
1702 635 1950 691 Patrem
1983 637 2045 691 in
2069 637 2207 705 Spi-

543 727 666 782 ritu
696 732 753 783 et
795 727 1048 783 veritate
1068 727 1140 782 ⁸⁷.
1187 729 1355 782 Hunc
1395 725 1596 782 locum
1645 741 1785 780 cum
1825 725 2074 782 vidisset
2101 725 2206 781 Ja-

545 815 661 872 cob
686 815 834 871 dixit
860 833 873 871 :
912 817 1204 872 Dominus
1237 821 1322 873 est
1353 816 1415 871 in
1447 816 1576 871 loco
1609 814 1804 870 hoc".
1836 817 2042 887 Itaque
2086 815 2210 888 Spi-

543 906 695 962 ritus
738 921 874 962 vere
920 905 1092 963 locus
1134 910 1222 964 est
1267 910 1638 963 sanctorum.
1679 907 1931 961 Sanctus
1974 904 2206 976 itidem,

543 996 716 1054 locus
747 1002 852 1052 est.
902 997 1149 1071 Spiritui
1201 996 1508 1070 proprius,
1550 1012 1621 1052 ac
1667 995 1894 1070 praebet
1939 995 2210 1069 seipsum

545 1091 614 1143 ut
653 1086 947 1144 inhabitet
990 1103 1130 1144 cum
1186 1089 1328 1156 Deo,
1360 1103 1431 1144 ac
1480 1086 1776 1160 templum
1826 1085 1986 1142 illius
2031 1101 2211 1142 voca-

544 1181 664 1233 tur.
707 1175 867 1234 Sicut
910 1175 1070 1232 enim
1113 1176 1177 1232 in
1228 1175 1458 1234 Christo
1504 1175 1774 1249 loquitur
1822 1175 2071 1246 Paulus,
2115 1177 2214 1232 Co-

545 1280 679 1323 ram
699 1267 843 1335 Deo,
874 1264 1091 1338 inquit,
1135 1267 1201 1322 in
1246 1267 1487 1322 Christo
1515 1267 1884 1339 loquimur"9
1911 1283 1924 1322 :
1967 1269 2024 1322 et
2057 1265 2216 1321 Chri-

548 1358 677 1411 stus
704 1355 766 1411 in
798 1354 1010 1427 Paulo,
1053 1354 1220 1412 velut
1265 1355 1396 1429 ipse
1441 1356 1543 1426 ait,
1587 1357 1685 1412 An
1735 1358 2211 1426 experimentum

545 1445 817 1517 quaeritis
855 1447 957 1519 qui
995 1445 1272 1519 loquitur
1296 1447 1362 1501 in
1411 1461 1504 1503 me
1546 1446 1779 1503 Christi
1802 1447 1901 1502 ’°?
1934 1445 2016 1502 sic
2063 1449 2120 1502 et
2151 1445 2214 1501 in

548 1535 768 1607 Spiritu
795 1535 1066 1610 loquitur
1093 1536 1408 1610 mysteria,
1438 1552 1509 1595 ac
1552 1535 1806 1610 Spiritus
1849 1552 2093 1594 rursum
2123 1536 2211 1593 lo-

547 1626 750 1698 quitur
779 1625 843 1682 in
874 1641 967 1682 eo.

618 1720 708 1772 63.
749 1719 814 1772 In
869 1716 1051 1772 rebus
1116 1731 1262 1788 ergo
1311 1716 1568 1774 conditis
1612 1717 1691 1774 ad
1739 1717 1904 1774 hunc
1956 1715 2212 1773 modum

2315 555 2388 617 τῷ
2417 545 2593 618 ἀγίῳ;
2635 553 2741 598 Ποῦ
2771 552 2924 597 τοῦτο
2964 544 3376 615 μεμαθήκαμεν;
3427 541 3557 616 Παρ’
3605 542 3758 594 αὐτοῦ
3802 550 3880 594 τοῦ

2320 641 2516 710 Κυρίου
2580 636 2833 707 λέγοντος,
2898 636 2977 685 ὅτι
3044 634 3110 684 Οἱ
3167 631 3400 690 ἀληθινοὶ
3462 636 3805 704 προσκυνηταὶ
3843 631 3884 684 έν

2321 729 2585 799 Πνεύματι
2653 732 2742 777 καὶ
2809 724 3026 794 ἀληθείᾳ
3090 727 3525 796 προσχωρήσουσι
3585 730 3655 792 τῷ
3697 727 3879 794 Πατρί.

2319 823 2511 870 Τοῦτον
2554 820 2640 868 τὸν
2689 820 2844 868 τόπον
2901 810 3026 866 ἰδὼν
3074 815 3100 864 ό
3157 811 3362 880 Ἰακὼϐ,
3423 815 3537 884 ἔφη,
3590 813 3667 863 ὅτι
3716 813 3886 885 Κύριος

2323 908 2372 960 ἐν
2424 916 2496 979 τῷ
2547 911 2688 978 τόπῳ
2726 910 2914 977 τούτῳ.
2963 904 3125 957 Ὠστε
3168 908 3226 956 τὸ
3278 909 3490 976 Πνεῦμα
3533 907 3680 962 τόπος
3709 901 3890 964 ἀληθῶς

2322 1005 2420 1049 τῶν
2451 996 2632 1070 ἁγίων.
2686 1000 2787 1049 Καὶ
2830 997 2855 1046 ὁ
2899 995 3048 1066 ἅγιος
3078 999 3236 1056 τόπος
3278 992 3599 1063 οἰκεῖος(45)
3646 999 3715 1062 τῷ
3755 995 3892 1044 Πνεῦ-

2321 1108 2446 1161 ματι
2509 1087 2819 1162 ἐμπαρέχων
2887 1089 3069 1138 ἔαυτόν
3125 1089 3254 1160 πρὸς
3317 1085 3578 1141 ἐνοίκησιν
3637 1087 3726 1141 τὴν
3781 1085 3892 1155 μετά

2323 1184 2478 1246 Θεοῦ,
2515 1182 2605 1230 καὶ
2632 1180 2754 1238 ναὸς
2784 1177 2942 1228 αὐτοῦ
2999 1174 3370 1250 χρηματίζων.
3412 1172 3496 1234 Ὠς
3541 1173 3641 1247 γὰρ
3692 1170 3737 1224 ἐν
3778 1179 3893 1246 Χρι-

2324 1277 2430 1340 στῷ
2494 1266 2637 1320 λαλεῖ
2698 1265 2932 1326 Παῦλος·
2991 1270 3314 1319 Κατενώπιον
3367 1265 3492 1337 γὰρ,
3572 1266 3718 1334 φησὶ,
3777 1268 3893 1313 Θεοῦ

2322 1357 2372 1411 ἐν
2432 1364 2649 1433 Χριστῷ
2706 1356 2975 1429 λαλοῦμεν·
3044 1360 3132 1408 καὶ
3188 1357 3416 1429 Χριστὸς
3481 1351 3528 1405 ἓν
3586 1351 3785 1423 Παύλῳ,
3841 1353 3895 1410 ὡς

2323 1448 2481 1509 αὐτὸς
2542 1447 2696 1520 λέγει’
2749 1446 2816 1500 Ἦ
2877 1443 3103 1519 δοκιμὴν
3144 1445 3258 1516 (46)
3328 1444 3532 1504 ζητεῖτε
3571 1449 3664 1494 τοῦ
3714 1440 3758 1494 ἕν
3798 1438 3894 1512 ἐμοὶ

2320 1537 2597 1598 λαλοῦντος
2644 1544 2928 1611 Χριστοῦ;
2992 1534 3124 1588 οὓτω
3186 1537 3274 1587 καὶ
3347 1532 3395 1585 ἓν
3460 1538 3718 1604 Πνευματι
3776 1529 3901 1582 λαλεῖ

2322 1631 2388 1680 τά
2434 1631 2728 1700 μυστήρια,
2770 1630 2860 1678 καὶ
2901 1628 2958 1677 τὸ
3017 1631 3228 1696 Πνεῦμα
3277 1621 3432 1675 πάλιν
3479 1620 3622 1674 λαλεῖ
3665 1619 3712 1672 ἐν
3756 1627 3892 1690 αυτῷ.

2397 1720 2488 1774 63.
2521 1715 2602 1770 Ἐν
2628 1719 2716 1790 μεν
2739 1713 2827 1767 οὖν
2859 1722 2962 1775 τοῖς
3003 1719 3266 1786 γεννητοῖς
3301 1713 3414 1784 (47)
3460 1710 3594 1763 οΰτώ
3631 1708 3896 1782 πολυμερῶς

546 1804 941 1861 multifariam
971 1804 1281 1879 variisque
1325 1805 1666 1863 rationibus
1715 1806 1932 1862 dicitur
1958 1805 2211 1878 Spiritus

2325 1810 2413 1860 καὶ
2466 1806 2805 1881 πολυτρόπως
2842 1804 3023 1857 ἓνεῖναι
3060 1803 3262 1875 λέγεται
3301 1804 3359 1854 τὸ
3397 1806 3628 1874 Πνεῦμα
3670 1803 3826 1873 Πατρὶ
3849 1795 3897 1849 δι

551 1895 664 1968 53
695 1895 893 1952 inesse
927 1911 941 1952 :
990 1911 1201 1952 verum
1234 1897 1433 1967 magis
1476 1895 1647 1968 pium
1685 1899 1773 1952 est
1820 1896 2039 1965 dicere,
2072 1911 2214 1952 eum

545 2001 676 2042 esse
705 2002 846 2042 cum
893 1987 1068 2042 Patre
1113 1990 1170 2044 et
1218 1985 1384 2055 Filio,
1421 2003 1610 2060 quam
1654 1986 1771 2042 illis
1811 1985 2028 2043 inesse.
2064 1989 2214 2042 Nam

545 2075 741 2146 gratia
775 2075 855 2133 ab
899 2092 971 2132 eo
1020 2092 1300 2148 manans,
1335 2076 1649 2133 habitante
1694 2077 1756 2132 in
1806 2075 1879 2131 iis
1911 2076 2018 2149 qui
2047 2075 2216 2146 digni

545 2169 702 2235 sunt,
733 2181 804 2223 ac
837 2182 979 2222 suas
1011 2165 1395 2240 operationes
1434 2166 1497 2223 in
1545 2165 1658 2222 illis
1687 2171 2023 2234 exercente,
2054 2169 2215 2222 recte

543 2255 762 2312 dicitur
790 2255 987 2312 inesse
1014 2255 1086 2311 iis
1121 2256 1228 2329 qui
1273 2260 1416 2312 sunt
1453 2255 1614 2311 illius
1647 2271 1927 2329 capaces.
1960 2259 2033 2312 At
2057 2255 2215 2311 illius

544 2345 941 2405 subsistentia
969 2361 1102 2419 quae
1153 2344 1260 2402 fuit
1289 2349 1426 2404 ante
1473 2345 1714 2415 saecula,
1747 2363 1819 2403 ac
1844 2346 2215 2420 perpetuitas

540 2451 864 2509 nunquam
891 2435 1165 2492 desitura
1188 2451 1328 2492 cum
1361 2435 1504 2492 Filio
1528 2439 1586 2493 et
1608 2439 1775 2493 Patre
1807 2435 2210 2508 considerata,

543 2525 926 2599 sempiternae
975 2526 1425 2597 conjunctionis
1459 2526 1712 2599 requirit
1755 2525 2212 2599 appellationes.

542 2619 692 2673 Nam
709 2632 900 2673 coesse
930 2615 1174 2689 proprie
1205 2632 1276 2672 ac
1297 2631 1436 2672 vere
1467 2615 1686 2672 dicitur
1716 2615 1792 2671 de
1818 2615 1918 2684 iis,
1947 2632 2080 2689 quae
2102 2614 2215 2671 sibi

540 2706 800 2763 invicem
828 2706 1315 2779 inseparabiliter
1340 2707 1744 2763 adsunt.Nam
1768 2705 2033 2762 calorem
2056 2705 2216 2762 ferro

542 2797 794 2870 quidem
816 2797 1005 2867 ignito
1042 2797 1240 2853 inesse
1279 2797 1541 2853 dicimus
1572 2814 1585 2852 :
1620 2801 1680 2854 at
1709 2813 1831 2854 una
1863 2796 2042 2852 simul
2074 2813 2213 2853 cum

540 2887 677 2960 ipso
707 2887 845 2957 igne
870 2903 1026 2944 esse.
1049 2887 1198 2944 Item
1220 2889 1459 2960 corpori
1487 2886 1810 2944 sanitatem
1840 2887 2037 2944 inesse
2069 2886 2214 2943 dici.

496 2989 513 3002 '
540 2993 699 3045 mus,
728 2976 917 3032 vitam
945 2982 1150 3033 autem
1193 2976 1377 3032 simul
1419 2993 1559 3032 cum
1595 2976 1800 3034 anima
1832 2993 1985 3033 esse.
2017 2978 2213 3042 Quare

539 3066 647 3122 ubi
691 3067 940 3140 propria
989 3070 1044 3123 et
1093 3066 1507 3124 connaturalis
1556 3072 1739 3140 atque
1787 3065 2214 3140 inseparabilis

2323 1901 2413 1950 καὶ
2454 1899 2558 1952 Υίῶ
2617 1897 2744 1968 ουχὶ
2798 1895 2979 1949 ίνείναι
3027 1893 3238 1967 μᾶλλον,
3305 1891 3436 1945 ἀλλά
3495 1898 3717 1944 συνεῖναι
3763 1889 3896 1941 εἰπεῖν

2325 1986 2710 2060 εὐσεϐέστερον.
2757 1985 2814 2039 ’Π
2867 1989 2958 2059 μεν
2987 1988 3086 2059 γὰρ
3142 1983 3264 2058 παρ’
3317 1983 3478 2036 αὐτοῦ
3520 1983 3677 2055 χάρις
3726 1980 3895 2031 οἰκοῦν-

2322 2095 2406 2137 τος
2463 2076 2513 2129 ἐν
2557 2083 2662 2136 τοῖς
2711 2075 2898 2144 ἀξίοις,
2940 2079 3029 2127 καὶ
3083 2074 3408 2148 ἐνεργουντος
3465 2073 3533 2124 τὰ
3585 2070 3779 2138 ἑαυτοῦ,
3821 2086 3893 2118 κα·

2321 2161 2421 2228 λῶς
2465 2165 2778 2239 ἐνυπάρχειν
2825 2172 2936 2226 τοῖς
2991 2159 3252 2223 δεκτικοῖς
3302 2163 3465 2214 αὑτοῦ
3515 2159 3731 2232 λέγεταιο
3785 2152 3894 2216 ἠδε

2323 2262 2632 2332 προαιὼνιος
2701 2255 2945 2328 ὗπαρξις,
3017 2260 3108 2307 καὶ
3169 2255 3439 2313 ἄπαυστος
3499 2247 3743 2323 διαμονή,
3801 2247 3890 2320 μεθ’

2323 2349 2449 2400 Υίοῡ
2497 2351 2586 2400 καὶ
2642 2350 2842 2420 Πατρός
2895 2348 3236 2421 θεωρουμένη,
3293 2346 3386 2404 τάς
3428 2349 3523 2404 τῆς
3578 2337 3752 2394 ἀϊδίου
3798 2355 3885 2390 συν-

2326 2443 2505 2511 αφείας
2555 2437 2668 2508 (48)
2724 2441 3085 2513 προσηγορίας
3161 2435 3418 2496 ἐπιζητεῖ.
3479 2437 3548 2487 Τό
3592 2433 3691 2506 γὰρ
3734 2433 3890 2505 κυρίως

2325 2533 2415 2580 καί
2472 2527 2678 2590 ἀληθῶς
2733 2530 3092 2600 συνυπάρχειν
3143 2525 3226 2579 ἐπὶ
3292 2533 3390 2576 τῶν
3467 2522 3775 2598 ἀχωρίστως
3827 2517 3893 2569 ἀλ-

2323 2617 2501 2679 λήλοις
2540 2623 2795 2671 συνόντων
2825 2617 3048 2690 λέγεται.
3080 2620 3186 2674 Τὴν
3235 2617 3336 2688 γὰρ
3389 2615 3683 2689 θερμότητα
3726 2617 3790 2680 τῷ
3823 2610 3894 2680 μὲν

2326 2711 2717 2784 πυρακτωθίντί
2785 2704 2994 2783 σιδήρῳ
3043 2707 3355 2780 ἐνυπάρχειν
3427 2707 3612 2777 φαμίνο
3676 2700 3804 2771 αὐτῷ
3849 2693 3895 2749 δε

2321 2807 2393 2870 τῷ
2424 2803 2552 2873 πυρί
2597 2800 2980 2871 συνυπάρχειν.
3052 2800 3152 2850 Καὶ
3204 2799 3296 2854 τὴν
3343 2795 3437 2866 μὲν
3485 2793 3679 2866 ὑγίειαν
3718 2797 3783 2860 τῷ
3819 2791 3897 2840 σὼ·

2324 2909 2454 2962 ματι
2483 2888 2818 2965 ἐνυπάρχειν,
2845 2892 2940 2946 τὴν
2982 2883 3040 2939 δε
3071 2889 3206 2948 ζωὴν
3245 2891 3306 2956 τῇ
3341 2884 3500 2956 ψυχῇ
3553 2882 3895 2953 συνυπάρχειν.

2321 2978 2483 3032 Ὠστε
2531 2981 2660 3033 ὅπου
2704 2983 2793 3052 μὲν
2845 2979 3012 3031 οἰκεία
3053 2983 3142 3029 καὶ
3173 2979 3418 3049 συμφυὴς
3448 2980 3538 3028 καὶ
3569 2967 3892 3046 ἀχώριστοςή

2324 3076 2586 3137 κοινωνία,
2619 3074 3045 3142 σημαντικωτίρα
3090 3071 3226 3140 φωνὴ
3275 3068 3304 3124 ἠ
3364 3070 3460 3118 σὺν
3483 3069 3613 3136 (49),
3660 3071 3749 3124 τῆς
3780 3057 3900 3131 ἀχω-

540 3157 895 3214 communio
927 3161 1039 3219 est.
1077 3157 1205 3214 haec
1236 3172 1348 3213 vos
1380 3172 1514 3213 cum
1547 3156 1989 3234 signiﬁcantior
2018 3160 2127 3226 est,
2151 3159 2216 3213 ut

2325 3167 2512 3236 ρίστου
2566 3164 2834 3222 κοινωνίας
2878 3163 2966 3216 τὴν
3000 3155 3236 3211 διάνοιαν
3278 3155 3668 3209 ὑποϐάλλουσα·
3701 3154 3818 3206 ὅπου
3853 3144 3900 3200 δὲ

541 3264 677 3322 quae
705 3248 1127 3322 inseparabilis
1159 3247 1606 3320 conjunctionis
1631 3248 2063 3318 cogitationem
2086 3264 2216 3319 sug-

542 3345 718 3411 gerat
749 3338 1101 3396 intellectui.
1132 3337 1243 3394 Ubi
1275 3342 1480 3394 autem
1511 3339 1707 3408 gratia
1753 3339 1832 3394 ab
1872 3340 2008 3412 ipso
2032 3338 2216 3412 proﬁ-

543 3430 806 3495 ciscens,
839 3429 1130 3486 accedere
1159 3445 1229 3485 ac
1275 3444 1487 3485 rursus
1513 3429 1808 3486 decedere
1835 3434 2052 3502 potest,
2085 3445 2218 3503 pro-

543 3520 673 3594 prie
708 3525 766 3578 et
793 3536 931 3576 vere
957 3520 1157 3575 inesse
1185 3519 1438 3588 dicitur;
1467 3519 1705 3576 etiamsi
1735 3519 1891 3576 illius
1923 3521 2118 3589 gratia
2153 3520 2217 3576 in

544 3611 618 3668 iis
647 3613 751 3686 qui
771 3615 1151 3685 receperunt,
1173 3627 1593 3685 saepenumero
1615 3616 1860 3686 propter
1880 3611 2133 3668 affectus
2155 3611 2218 3668 in

543 3703 711 3760 bono
728 3702 1246 3776 perseverantiam
1263 3707 1557 3776 perpetua
1573 3706 1945 3776 permaneat.
1964 3701 2218 3759 Proinde

545 3793 783 3867 quoties
807 3793 1121 3868 propriam
1145 3793 1403 3867 Spiritus
1425 3793 1783 3864 dignitatem
1805 3792 2216 3864 intelligimus,

547 3902 691 3942 cum
715 3885 888 3940 Patre
919 3889 977 3941 et
1008 3883 1151 3941 Filio
1169 3884 1375 3956 ipsum
1399 3883 1891 3958 contemplemur
1914 3901 1926 3940 :
1951 3883 2056 3940 ubi
2075 3899 2219 3942 vero

549 3975 808 4046 gratiam
836 3972 898 4028 in
929 3989 1053 4041 eos,
1088 3973 1194 4046 qui
1224 3973 1385 4030 illius
1413 3977 1552 4030 sunt
1581 3973 1932 4046 participes,
1967 3990 2220 4048 operan-

550 4067 674 4120 tem
719 4067 1096 4136 reputamus,
1132 4063 1195 4118 in
1241 4062 1419 4120 nobis
1455 4080 1586 4120 esse
1629 4065 1909 4137 Spiritum
1938 4065 2216 4122 dicimus.

553 4155 622 4209 Et
645 4170 780 4226 quae
810 4169 846 4209 a
865 4151 1044 4209 nobis
1067 4153 1330 4210 defertur
1356 4154 1718 4222 gloriﬁcatio
1743 4155 1804 4210 in
1837 4155 2080 4228 Spiritu,
2096 4170 2220 4212 non

556 4243 741 4300 habet
768 4243 1208 4316 professionem
1257 4243 1568 4315 dignitatis
1604 4245 1784 4314 illius,
1845 4245 1955 4301 sed
2001 4250 2220 4302 nostrae

557 4333 1278 4406 ipsorumimbecillitatis
1297 4334 1773 4400 confessionem,
1789 4335 1938 4392 dum
1960 4336 2224 4392 ostendi-

558 4441 700 4480 mus
731 4439 844 4480 nos
859 4439 933 4480 ex
956 4422 1135 4480 nobis
1155 4422 1304 4496 ipsis
1334 4423 1413 4480 ad
1435 4424 1904 4498 gloriﬁcandum
1925 4424 2224 4482 sufﬁcien-

559 4518 649 4569 tes
690 4529 815 4569 non
858 4529 1012 4576 esse,
1047 4513 1153 4568 sed
1206 4512 1635 4570 sufﬁcientiam
1679 4518 1953 4570 nostram
1984 4530 2117 4570 esse
2159 4515 2222 4571 in

557 4603 778 4677 Spiritu
806 4609 1038 4667 sancto,
1065 4603 1127 4660 in
1177 4621 1301 4678 quo
1342 4604 1736 4672 corroborati,
1773 4621 1882 4678 pro
1912 4605 2222 4662 beneﬁciis

561 4695 822 4768 acceptis
845 4699 962 4752 Deo
979 4701 1185 4752 nostro
1204 4696 1430 4766 gratias
1450 4695 1840 4766 absolvimus;
1860 4697 2036 4768 juxta
2055 4697 2223 4770 quod

565 4801 602 4840 a
629 4785 856 4842 malitia
885 4787 1126 4858 purgati
1167 4803 1420 4854 sumus;
1464 4787 1693 4860 quippe
1737 4787 1892 4844 alius
1933 4787 2052 4844 alio
2086 4786 2223 4860 plus

564 4876 671 4931 aut
707 4873 942 4945 minus,
969 4875 1190 4933 auxilio
1219 4877 1472 4950 Spiritus
1503 4875 1695 4948 adjuti
1725 4875 1806 4933 ad
1840 4876 2220 4934 offerendum

639 5029 683 5065 ⁸⁷
717 5029 988 5101 Joan.1v,
1021 5031 1111 5086 23.
1207 5031 1253 5066 ⁸⁸
1271 5032 1413 5088 Gen.
1438 5031 1640 5103 xxvui,
1674 5035 1760 5090 16.

638 5186 752 5258 (44)
796 5187 1162 5259 Προσφέρομεν
1316 5187 1542 5245 Vocula
1589 5187 1797 5246 addita
1845 5203 1914 5246 ex
1961 5190 2226 5261 quatuor

636 5276 716 5314 SS.

568 5276 751 5405 m(A45)
787 5333 954 5405 Τόπος
967 5328 1182 5405 ,οἰῄκείοςε
1215 5332 1325 5387 Pro
1363 5330 1767 5405 his_vo_cibus,
1811 5349 1948 5405 quae
2001 5332 2065 5389 in
2095 5347 2223 5405 _no~

571 5401 705 5460 stris
727 5401 832 5460 sex
845 5401 1156 5460 codicibus
1167 5401 1787 5473 leguntur,habebant
1801 5401 1941 5462 editi
1960 5410 2049 5459 καὶ
2063 5401 2220 5466 οἶκος.

791 5475 857 5531 Ἠ
899 5473 1146 5549 δοκιμήν.
1206 5477 1295 5532 Ita
1331 5492 1482 5533 mss.
1539 5475 1823 5550 quinque.
1865 5477 2017 5535 Editi
2054 5478 2097 5531 εἰ
2136 5475 2223 5532 δο-

812 5624 1097 5697 ξεννητοζς.
1160 5619 1282 5697 Sic__
1317 5635 1465 5697 mss.
1541 5620 1804 5697 codices.
1869 5621 2020 5697 Editi
2074 5641 2222 5697 7m-

574 5696 704 5750 τοῖς.
737 5690 853 5746 Sed
872 5691 1196 5750 discrimen
1224 5691 1374 5751 illud
1411 5693 1585 5766 parvi
1613 5693 1928 5754 momenti.

1859 5031 1906 5067 ⁸9
1935 5031 1983 5086 ll
2011 5033 2138 5089 Cor.
2169 5029 2230 5104 11‘,
2254 5032 2340 5088 17.

2323 3253 2702 3328 προσγίνεσθαι
2751 3253 2780 3309 ἡ
2839 3249 2925 3302 ἀπ’
2982 3249 3141 3302 αὐτοῦ
3189 3249 3355 3321 χάρις
3398 3252 3489 3300 καὶ
3545 3245 3694 3299 πάλιν
3745 3241 3901 3310 ἀπογί-

2323 3345 2504 3396 νεσθαι
2560 3341 2800 3415 πέφυκεν,
2857 3340 3056 3400 οἰκείως
3101 3343 3191 3391 καὶ
3249 3336 3456 3399 ἀληθῶς
3511 3339 3569 3389 τὸ
3623 3333 3899 3404 ἐνυπάρχειν

2322 3432 2548 3506 λέγεται,
2598 3431 2692 3485 κᾶν
2750 3437 2855 3492 τοῖς
2896 3426 3197 3502 δεξαμένοις
3227 3427 3481 3490 πολλάκις
3514 3423 3606 3480 διὰ
3641 3427 3698 3477 τὸ
3724 3419 3900 3497 ἑδραῖον

2324 3532 2421 3584 τῆς
2467 3528 2586 3597 περὶ
2640 3525 2696 3574 τὸ
2749 3519 2904 3573 καλὸν
2960 3515 3248 3580 διαθέσεως
3296 3519 3326 3576 ἡ
3402 3517 3492 3570 ἀπ’
3550 3515 3705 3569 αὐτοῦ
3764 3511 3901 3584 χάρις

2327 3609 2554 3688 διαρκής
2606 3614 2902 3686 παραμένῃ.
2956 3608 3117 3662 Ὠστε
3143 3609 3264 3660 ὅταν
3313 3610 3406 3680 μὲν
3439 3611 3530 3666 την
3565 3607 3750 3658 οἰκείαν
3779 3600 3901 3662 ἀξίαν

2325 3709 2416 3755 τοῦ
2466 3703 2761 3774 Πνεύματος
2831 3700 3092 3772 ἐννοῶμεν,
3153 3702 3284 3772 μετά
3358 3701 3572 3772 Πατρός
3652 3699 3737 3746 καὶ
3800 3691 3901 3744 1⁸ὶοῦ

2327 3793 2454 3846 αὐτὸ
2490 3791 2796 3867 θεωρουμεν·
2844 3790 2964 3841 ὃταν
3000 3785 3059 3841 δὲ
3097 3787 3292 3868 τηνδείς
3331 3791 3457 3849 τοὺς
3486 3791 3743 3862 μετόχους
3795 3779 3903 3850 ἐνερ-

2325 3887 2582 3956 γουμένην
2610 3883 2774 3955 χάριν
2813 3879 3203 3953 ἐνθυμηθῶμεν,
3247 3877 3295 3930 ἕν
3326 3879 3455 3951 ἡμῖν
3509 3873 3636 3930 εἷναι
3681 3876 3737 3926 τὸ
3767 3873 3904 3925 Πνεῦ-

2328 3993 2404 4046 μα
2438 3972 2672 4046 λέγομεν.
2714 3975 2814 4024 Καὶ
2858 3973 2887 4030 ἡ
2943 3988 3001 4042 γε
3057 3972 3428 4045 προσαγομένη
3479 3965 3750 4036 δοξολογία
3800 3953 3904 4032 παρ’

2329 4065 2474 4136 ἡμῶν
2507 4062 2553 4115 ἐν
2585 4069 2657 4133 τῷ
2690 4064 2954 4134 ΙΙνεύματι
2998 4059 3126 4132 οὐχὶ
3170 4066 3264 4119 τῆς
3307 4057 3502 4111 ἐκείνου
3557 4055 3698 4118 ἀξίας
3751 4047 3905 4124 ὁμολο·

2329 4158 2448 4227 γίαν
2500 4155 2634 4226 ἔχει,
2688 4151 2816 4204 ἀλλά
2860 4160 2956 4212 τῆς
3008 4152 3267 4224 ἡμετέρας
3324 4149 3492 4202 αὐτῶν
3538 4147 3791 4202 ἀσθενείας
3841 4136 3902 4198 εξ·

2331 4243 2667 4316 ομολόγησιν⁹
2703 4239 3031 4309 δεικνύντων,
3073 4241 3153 4292 ὃτι
3198 4241 3314 4292 οὔτε
3346 4234 3574 4303 δοξάσαι
3615 4235 3696 4308 ἀφ’
3738 4232 3902 4285 ἑαυτῶν

2336 4335 2500 4388 ἱκανοί
2549 4333 2718 4407 ἐσμεν,
2774 4332 2882 4385 ἀλλ’
2923 4334 2953 4390 ἡ
3009 4333 3252 4393 ἱκανότης
3287 4331 3436 4403 ἡμῶν
3469 4330 3517 4383 ἐν
3553 4337 3622 4400 τῷ
3670 4325 3904 4394 Πνεύματι

2331 4435 2403 4497 τῷ
2460 4424 2613 4498 ἁγίῳ,
2664 4423 2712 4476 ἐν
2761 4420 2800 4495 ᾧ
2842 4419 3247 4496 δυναμωθέντες,
3289 4426 3383 4479 την
3433 4422 3559 4496 ὑπὲρ
3609 4417 3674 4469 ὧν
3721 4413 3903 4484 εὐηργε-

2334 4518 2585 4588 τηθημεν,
2636 4521 2707 4585 τῷ
2758 4517 2865 4584 Θεῷ
2913 4515 3058 4584 ἡμῶν
3126 4511 3474 4587 εὐχαριστίαν
3516 4507 3901 4579 ἀποπληρουμεν⁶

2332 4607 2467 4660 κατά
2505 4609 2562 4658 τό
2604 4609 2786 4680 μέτρον
2819 4612 2908 4664 τῆς
2949 4601 3050 4656 ἀπὸ
3103 4606 3291 4664 κακίας
3337 4604 3712 4678 καθαρότητος,
3760 4593 3907 4664 ἔτερος

2334 4697 2504 4773 ἐτέρου
2697 4693 2851 4747 πλέον
2903 4694 2931 4753 ἡ
2989 4692 3201 4745 ἔλαττον
3255 4699 3348 4753 τῆς
3389 4692 3444 4744 ἐκ
3491 4699 3582 4744 τοῦ
3638 4687 3904 4756 Πνεύματος

2334 4787 2578 4861 βοηθείας
2633 4782 3136 4858 μεταλαμϐάνοντες,
3202 4782 3269 4844 εἰς
3339 4785 3397 4834 τὸ
3455 4782 3752 4858 προσφέρειν
3827 4770 3907 4828 τὰς

2334 4878 2518 4938 θυσίας
2557 4883 2650 4937 τῆς
2679 4875 2916 4934 αἰνέσεως
2960 4881 3031 4945 τῷ
3084 4877 3212 4946 Θεῷ.
3270 4871 3398 4926 Καθ’
3440 4873 3526 4926 ἕνα
3563 4873 3650 4944 μὲν
3692 4864 3772 4918 οὖν
3810 4861 3906 4933 τρό·

2447 5031 2496 5067 ⁹⁰
2518 5034 2563 5087 ll
2591 5032 2721 5087 Cor.
2755 5043 2873 5096 xm,
2904 5031 2960 5085 3.

2406 5186 2514 5257 (48)
2565 5180 2770 5238 Ἀεδίου
2832 5187 3151 5257 συναφείας.
3214 5181 3364 5239 Editi
3421 5175 3597 5233 ἆῐδίου
3663 5169 3902 5257 δυναμεεις

2333 5240 2756 5331 καί-συναφείας.
2792 5240 2984 5322 Οιιοᾱ’
3009 5240 3274 5313 erratum
3312 5270 3426 5327 ope
3467 5257 3733 5309 veterum
3765 5240 3905 5300 codi-

2333 5348 2474 5388 cum
2501 5330 2874 5387 sustulimus.
3437 5397 3447 5399 Α
3633 5397 3650 5399 _
3751 5389 3760 5399 ,

2404 5404 2517 5476 (49)
2547 5405 2753 5476 Φωνὴίή
2791 5405 2905 5457 σὺν.
2937 5404 3252 5460 Postrema
3277 5397 3494 5460 vocula
3532 5414 3601 5456 ex
3631 5397 3800 5463 Regio
3827 5398 3899 5442 se-

2332 5474 2536 5534 cundo
2566 5474 2796 5532 addita.
3467 5479 3473 5486 ·

2403 5548 2518 5622 (50)
2566 5546 2768 5622 Έτερος
2818 5546 3011 5622 ἐτέρους
3060 5546 3211 5604 Εάίιί
3263 5546 3478 5622 ’,ἕτερος
3521 5543 3620 5622 γάρ
3673 5537 3900 5622 έτίθ⁰ἷδὲῗ

2330 5599 2806 5701 μεταλαμβάνόμεν,
2839 5599 3011 5701 quod
3058 5599 3419 5679 auctoritate
3459 5599 3902 5674 ve'terum'codi-

2331 5691 2473 5755 cum
2491 5691 2624 5752 freti
2646 5691 3041 5754 mutavimus.
