4114 6392
252 333 311 387 185
1441 399 1456 413 .
1484 354 1682 410 LIBER
1723 355 1814 411 DB
1853 356 2121 413 SPIBITU
2161 358 2455 416 SANCTO.

246 475 303 508 εον
348 457 462 514 οὗτος
531 448 745 511 εὐσεϐῶς
811 449 868 504 ἐν
937 462 1322 542 Πνεύματι

249 544 545 615 ἀποπληροῦντι).
584 547 768 596 Καίτοι
808 551 921 600 καὶ
991 563 1218 612 τοῦτο
1299 544 1406 618 οὔκ
1466 544 1686 637 amabit};
1735 571 1889 622 αὐτόν

359 636 367 646 ι
446 643 461 646 _
753 642 774 646 _
908 641 931 646 _
1574 623 1582 642 ί

250 657 325 688 it“
354 643 468 705 αυτῷ
515 642 826 710 μαρτυρεῖν,
903 641 1013 694 δτι
1093 654 1370 728 Πνεῦμα
1400 665 1534 710 Θεοῦ
1564 657 1611 708 ἐν
1634 657 1768 731 ἐμοὶ,
1802 666 1891 713 καὶ

259 724 300 744 οη
375 736 388 744 .
460 724 470 737 ς
519 725 530 742 ν
633 727 644 742 ῃ
726 734 745 744 ,,
889 733 900 745 ,
1286 724 1296 728 ν
1657 724 1665 731 ,
1760 724 1764 726 .

251 749 309 825 ξω
347 747 409 787 πῖ
455 747 517 777 ππ
585 745 748 780 “um”
812 750 1107 808 χαριτος
1194 750 1494 818 σοφισθεὶς
1536 748 1770 825 ἀναφέρω
1800 758 1890 809 τὴν

244 815 362 879 δόξαν,
406 817 571 889 Παύλῳ
636 821 746 896 ’γὰρ
806 827 1171 898 πρέπουσα
1241 815 1297 894 ἠ-
1359 843 1522 910 φωνὴο
1590 815 1733 892 Δόκῶ
1790 845 1890 916 γὰρ

234 913 334 978 κί’ίώ
400 915 592 982 Πνεῦμα
674 920 826 966 θεοῦ
899 918 1109 990 ἔχειν’
1176 932 1290 979 καὶ
1341 928 1513 980 πάλιν·
1573 935 1677 988 Τὴν
1730 932 1892 990 καλὴν

227 1002 604 1072 παρακαταθήκην
709 1003 972 1076 φύλαξον
1092 1009 1137 1065 δ
1149 1018 1213 1067 vi:
1331 1021 1625 1091 Πνεύματος
1736 1020 1826 1092 ἀγί
1833 1041 1890 1073 ον

229 1098 295 1141 τοῦ
339 1089 625 1154 ἐνοικοῦντος
696 1092 751 1146 ἐν
813 1098 993 1171 ἡμῖν·
1065 1109 1182 1158 καὶ
1261 1112 1381 1183 περὶ
1432 1117 1524 1160 τοῦ
1571 1110 1780 1168 Δανιὴλ·
1814 1114 1891 1164 ὅτι

237 1184 392 1250 “uiua
437 1188 567 1233 Θεοῦ
618 1182 790 1254 ἅγιον
861 1185 919 1240 ἐν
958 1190 1166 1265 αὐτῷ·
1205 1201 1304 1248 καὶ
1336 1199 1489 1259 εἴτις
1547 1196 1756 1260 ἐκείνοις
1794 1203 1889 1256 τὴν

397 1271 632 1346 παραπλή
643 1291 738 1327 σεο
749 1296 772 1338 ς
785 1319 799 1332 .

305 1454 368 1506 bi.
413 1455 651 1528 Δεύτερος
719 1452 790 1510 δὲ
866 1467 1042 1529 νοῦς,
1083 1461 1222 1518 οῦδὶ
1257 1465 1412 1528 αὐτὸς
1460 1465 1771 1529 ἀπόϐλητος
1807 1469 1885 1519 ὅτι

249 1544 375 1613 ὥσπερ
419 1543 460 1594 ἐν
507 1551 584 1615 τῷ
646 1548 772 1618 Υἰῷ
845 1550 1071 1624 ὁρᾶται
1117 1555 1144 1604 ό
1185 1560 1386 1630 Πατὴρ,
1431 1557 1595 1617 οὕτως
1634 1559 1658 1609 ὁ
1693 1560 1806 1617 Υἱὸς
1837 1556 1884 1608 ἐν

246 1638 298 1700 τῷ
331 1636 588 1706 Πνιύματι,
643 1634 714 1689 Ἠ
807 1644 1018 1694 τοίνυν
1081 1642 1133 1695 ἐν
1175 1653 1251 1716 τῷ
1284 1649 1543 1717 Πνεῦματι
1590 1649 1886 1720 προσκύνη-

244 1742 303 1781 σιζ
343 1727 424 1781 τὴν
469 1727 539 1787 ὣς
590 1724 643 1778 ἓν
711 1734 871 1800 φωτὶ
939 1738 1240 1807 γινομένην
1304 1737 1401 1797 τῆς
1463 1733 1699 1798 διανοίας
1739 1738 1884 1808 ἡμῶν

233 1811 449 1887 ἐνέργειαν
501 1815 838 1887 ὑποϐάλλει,
898 1823 979 1884 ὡς
1047 1822 1104 1875 ἐκ
1136 1833 1236 1876 τῶν
1275 1828 1405 1900 πρὸς
1450 1831 1545 1884 την
1577 1834 1887 1900 Σαμαρεῖτιν
1920 1843 1958 1895 Β

236 1903 481 1977 εἰρημένων
526 1905 589 1956 ἂν
655 1909 899 1980 μάθοις.
980 1912 1071 1964 Ἐν
1133 1919 1275 1986 τόπῳ
1318 1917 1421 1990 γάρ
1455 1912 1693 1974 εἶναιτὴν
1723 1935 1889 1991 προσ-

238 1998 424 2052 κύνησιν
482 1996 535 2048 ἐκ
592 2005 699 2060 τῆς
751 2000 1062 2076 ἐγχωρίου
1132 2006 1412 2066 συνηθείας
1467 2007 1806 2079 ἠπατημένην
1862 2008 1885 2056 ό

244 2088 403 2159 Κύριος
428 2087 580 2159 ἡμῶν
652 2087 1142 2162 μεταδιδάσκων,
1177 2093 1223 2146 ἐν
1257 2097 1517 2167 [Ινεύματι
1548 2101 1637 2147 καὶ
1671 2095 1887 2168 ἀληθείᾳ

239 2185 411 2247 χρῆναι
429 2187 769 2252 προσκυνεῖν
806 2184 1040 2254 ἔφησεν,
1096 2182 1277 2235 ἑαυτὸν
1315 2183 1473 2256 λέγων
1530 2182 1739 2244 δηλαδὴ
1791 2190 1885 2243 τὴν

235 2265 480 2324 ἀλήθειαν.
535 2268 770 2347 Ὠσπερ
831 2272 933 2324 οὖν
990 2272 1040 2323 ἑν
1098 2281 1171 2343 τῷ
1225 2274 1329 2345 Υἰῷ
1355 2276 1715 2350 προσκύνησιν
1744 2275 1886 2347 λέγο-

224 2375 330 2428 μεν,
383 2365 479 2418 τήν
537 2362 613 2424 ὡς

228 2454 313 2500 καὶ
363 2449 412 2502 έν
467 2460 539 2522 τῷ
606 2454 938 2524 Πνεύματι,
999 2454 1068 2514 ὡς
1095 2452 1142 2505 ἐν
1171 2452 1336 2524 ἑαυτῷ
1376 2450 1637 2508 δεικνύντι
1667 2461 1760 2513 τὴν
1793 2462 1884 2507 τοῦ

679 2361 738 2414 ἐν
793 2361 973 2414 εἰκόνι
1032 2370 1126 2414 τοῦ
1186 2371 1318 2417 Θεοῦ
1365 2369 1454 2417 καὶ
1486 2368 1705 2438 Πατρός,
1749 2366 1884 2418 οὕτω

236 2544 426 2613 Κυρίου
459 2543 706 2600 θεότητα.
786 2547 886 2595 Διό
931 2547 1024 2595 καὶ
1066 2543 1113 2595 ἐν
1153 2552 1215 2616 τῇ
1275 2551 1634 2618 προσκυνήσει
1684 2546 1886 2618 ἀχώρι-

247 2647 363 2680 στον
397 2631 492 2684 ξιπό
518 2637 742 2706 Πατρός
775 2635 880 2685 xuii.
926 2636 1052 2687 Υἰοῦ
1083 2637 1139 2686 τό
1173 2641 1382 2707 Πνεῦμα
1410 2640 1467 2687 τὸ
1521 2636 1689 2707 ἅγιον.
1750 2635 1885 2698 ’Ἐξω

250 2724 344 2791 μὶν
371 2727 473 2797 γὰρ
501 2727 765 2798 {map-Leo»
808 2724 1005 2792 αὐτοῦ,
1049 2721 1175 2778 οὐδε
1226 2733 1614 2800 προσκυνήσεις
1671 2731 1728 2779 τὸ
1778 2748 1884 2780 πα-

247 2815 450 2884 pitur
522 2815 566 2868 ἐν
616 2817 767 2887 αὐτῷ
833 2811 900 2868 δὲ
957 2820 1223 2888 γενόμενος
1281 2813 1455 2869 οὐδενὶ
1530 2821 1704 2890 τρόπῳ
1774 2818 1885 2889 (51)

246 2900 594 2978 ἀποχωρίσεις
655 2906 775 2958 ἂιπὸ
848 2913 1010 2958 Θεοῦ·
1062 2905 1120 2957 οὐ
1151 2905 1342 2978 μᾶλλον
1381 2926 1460 2979 γε,
1496 2908 1523 2965 ἡ
1557 2915 1656 2958 τῶν
1688 2908 1884 2982 ὁρατῶν

243 2990 560 3058 ἀποστήσας
618 3001 683 3049 τὸ
732 3004 875 3069 φῶς
937 2991 1195 3048 ἀδύνατον
1253 2998 1352 3068 γὰρ
1411 2993 1540 3048 ἰδεῖν
1597 3002 1685 3055 τὴν
1719 2998 1887 3049 εἰκόνα

241 3091 333 3135 τοῦ
362 3093 492 3138 θεοῦ
531 3094 629 3140 τοῦ
661 3085 938 3161 ἀοράτου,
967 3089 1037 3158 μὴ
1081 3085 1129 3138 ἐν
1169 3094 1240 3156 τῷ
1271 3095 1522 3160 φωτισμῷ
1580 3096 1671 3140 τοῦ
1723 3090 1886 3140 Πνεῦ-

3557 367 3659 422 186

1364 543 1374 547 _
1390 481 1480 535 τὴν
1540 479 1888 554 εὐχαριστίαν

2006 481 2228 540 hostias
2257 483 2456 542 laudis
2483 489 2623 543 Deo.
2661 487 3005 543 Secundum
3063 502 3257 544 unum
3296 489 3478 559 igitur
3521 507 3658 548 mo-

2003 571 2150 628 dum
2181 574 2264 628 sic
2287 575 2383 646 pie
2408 575 2740 644 gratiarum
2767 577 3066 632 actionem
3097 577 3158 633 in
3187 579 3409 650 Spiritu
3433 580 3662 652 persol-

2001 661 2218 717 vimus.
2244 666 2607 736 Quanquam
2638 670 2694 721 et
2722 667 2837 722 hoc
2873 667 3080 724 invida
3105 683 3228 724 non
3259 672 3440 738 caret,
3465 673 3536 725 ut
3560 669 3663 725 ali-

2003 752 2137 823 quis
2168 752 2242 808 de
2274 754 2474 826 seipso
2499 755 2875 826 testificetur,
2921 756 3239 830 dicatque:
3269 757 3519 828 Spiritus
3561 757 3662 814 Dei

2002 841 2063 895 in
2087 857 2181 898 me
2213 848 2320 910 est,
2353 847 2409 898 et
2446 860 2553 914 per
2574 845 2830 913 gratiam
2861 845 3017 901 illius
3049 847 3289 918 sapiens
3316 847 3509 903 factus
3564 864 3660 904 re-

2003 929 2127 984 fero
2151 931 2425 999 gloriam.
2456 936 2605 988 Nam
2623 933 2750 989 haec
2773 950 2892 989 vox
2924 935 3173 991 Paulum
3199 935 3368 992 decet
3395 953 3409 991 :
3445 937 3662 993 Videor

2003 1027 2057 1076 et
2085 1021 2235 1076 mihi
2261 1023 2559 1091 Spiritum
2599 1025 2710 1079 Dei
2753 1025 3026 1080 habere"
3062 1030 3154 1090 get
3199 1043 3431 1093 rursus,
3482 1027 3664 1098 Egre-

1999 1112 2161 1181 gium
2179 1113 2506 1180 depositum
2522 1130 2691 1170 serva
2711 1129 2820 1183 per
2834 1116 3129 1184 Spiritum
3143 1123 3418 1172 sanctum
3441 1117 3546 1188 qui
3558 1117 3660 1174 ha-

2005 1199 2155 1255 bitat
2187 1203 2247 1255 in
2284 1203 2450 1257 nobis
2475 1204 2541 1256 ’³.
2565 1205 2708 1258 Item
2740 1203 2814 1257 de
2839 1203 3077 1259 Daniele
3107 1204 3366 1275 legimus
3390 1206 3461 1274 9',
3493 1205 3659 1278 quod

2002 1289 2254 1361 Spiritus
2305 1292 2406 1348 Dei
2455 1297 2702 1349 sanctus
2750 1293 2925 1349 fuerit
2967 1293 3029 1349 in
3082 1299 3272 1364 eo;et
3302 1295 3348 1350 si
3379 1294 3516 1367 quis
3545 1294 3659 1351 illis

1999 1380 2285 1437 assimilis
2317 1384 2394 1436 sit
2421 1382 2660 1448 virtute,

2071 1473 2158 1525 64.
2216 1470 2376 1526 Alter
2432 1476 2634 1527 autem
2685 1471 3022 1529 intellectus
3068 1477 3174 1542 est,
3208 1489 3318 1530 nec
3342 1473 3473 1547 ipse
3515 1474 3658 1546 reji-

1997 1558 2265 1625 ciendus,
2317 1559 2485 1632 quod
2545 1560 2697 1617 sicut
2754 1562 2816 1617 in
2867 1562 3008 1618 Filio
3049 1563 3310 1619 cernitur
3350 1566 3540 1634 Pater,
3573 1563 3658 1620 sic

1998 1649 2175 1705 Filius
2203 1649 2466 1706 cernitur
2495 1650 2556 1705 in
2586 1651 2820 1722 Spiritu.
2857 1655 3062 1726 Itaque
3098 1652 3372 1710 adoratio
3403 1668 3539 1727 quae
3587 1652 3660 1708 sit

1995 1739 2056 1794 in
2085 1739 2325 1811 Spiritu,
2357 1740 2574 1794 mentis
2607 1746 2828 1796 nostra:
2862 1742 3278 1813 operationem
3311 1746 3376 1797 ut
3425 1742 3488 1797 in
3526 1741 3661 1798 luce

1996 1829 2218 1884 factam
2250 1828 2496 1893 indicat,
2526 1834 2591 1884 ut
2616 1829 2813 1886 dicere
2838 1829 2974 1886 licet
3013 1847 3085 1887 ex
3115 1831 3185 1887 iis
3214 1847 3350 1904 quae
3402 1831 3660 1888 Samari-

1998 1925 2152 1976 tanae
2184 1918 2342 1974 dicta
2365 1923 2523 1976 sunt.
2560 1922 2707 1975 Nam
2731 1937 2870 1975 cum
2888 1920 2993 1976 illa
3015 1921 3454 1977 consuetudine
3475 1921 3664 1991 regio‘

1997 2010 2090 2064 nis
2115 2009 2369 2080 decepta
2401 2009 2769 2065 existimaret
2793 2010 2854 2065 in
2885 2010 3020 2066 loco
3048 2026 3180 2066 esse
3212 2011 3654 2078 adorationem;

1998 2099 2287 2155 Dominus
2317 2114 2453 2154 eam
2484 2098 2791 2155 dedocens
2824 2099 2970 2155 dixit
3000 2101 3060 2156 in
3097 2101 3386 2174 Spirituet
3407 2101 3655 2157 veritate

1999 2188 2252 2244 adorare
2281 2192 2560 2260 oportere
2582 2191 2630 2224 9*
2660 2204 2672 2254 ;
2697 2188 2985 2245 nimirum
3028 2190 3295 2264 seipsum
3344 2189 3661 2263 appellans

2000 2276 2329 2332 veritatem.
2357 2277 2889 2342 Quemadmodum
2917 2277 3095 2348 igitur
3119 2277 3179 2333 in
3223 2277 3363 2334 Filio
3394 2277 3656 2333 dicimus

1998 2367 2439 2435 adorationem,
2466 2368 2630 2424 velut
2656 2368 2718 2423 in
2749 2368 3015 2439 imagine
3045 2368 3145 2425 Dei
3172 2385 3241 2425 ac
3272 2368 3575 2424 Patris:sic
3604 2371 3661 2423 et

1996 2457 2058 2512 in
2079 2456 2302 2529 Spiritu
2334 2461 2628 2529 tanquam
2658 2457 2720 2513 in
2765 2458 2968 2530 seipso
3001 2457 3236 2513 Domini
3289 2456 3660 2513 divinitatem

1999 2547 2391 2619 exprimente.
2435 2547 2601 2603 Unde
2649 2552 2702 2602 et
2732 2547 2794 2602 in
2821 2547 3178 2604 adoratione
3235 2545 3658 2620 inseparabilis

1996 2642 2085 2693 est
2118 2653 2153 2692 a
2185 2637 2357 2693 Patre
2381 2640 2436 2692 et
2462 2636 2607 2692 Filio
2636 2636 2892 2709 Spiritus
2950 2643 3220 2694 sanctus.
3276 2640 3426 2694 Nam
3486 2637 3537 2692 si
3577 2635 3659 2691 sis

1997 2731 2164 2783 extra
2208 2727 2397 2798 illum,
2458 2726 2626 2782 nullo
2657 2732 2834 2800 pacto
2881 2743 2944 2782 es
2990 2728 3352 2785 adoraturus
3383 2745 3395 2781 :
3429 2731 3654 2798 contra,

1997 2818 2046 2873 si
2084 2815 2198 2889 54
2227 2817 2288 2871 in
2317 2817 2417 2873 illo
2447 2817 2654 2883 fueris,
2685 2817 2852 2873 nullo
2882 2817 3069 2874 modo
3104 2834 3244 2874 eum
3266 2817 3580 2891 separabis
3621 2833 3659 2873 a

1998 2909 2137 2977 Deo,
2169 2905 2356 2962 nihilo
2378 2906 2646 2979 profecto
2669 2907 2863 2977 magis
2885 2923 3072 2980 quam
3097 2906 3304 2962 lumen
3337 2906 3657 2980 separabis

1998 2996 2076 3052 ab
2100 2997 2170 3052 iis
2201 3013 2334 3068 quae
2370 2995 2524 3050 visui
2544 3001 2753 3068 patent
2778 2996 3188 3069 :impossibile
3229 2995 3527 3068 siquidem
3571 2998 3661 3050 est

1997 3102 2237 3142 cernere
2271 3085 2624 3156 fimaginem
2670 3085 2770 3142 Dei
2820 3086 3165 3157 invisibilis,
3208 3085 3320 3141 nisi
3341 3085 3404 3140 in
3432 3085 3661 3141 lumine

223 3195 409 3246 ματος,
446 3181 552 3230 Καί
579 3181 678 3228 τόν
719 3175 1097 3236 ἑνατενίζοντα
1142 3183 1204 3249 τῇ
1249 3175 1407 3228 εἰκόνι
1465 3175 1743 3250 ἀμήχανον
1796 3186 1887 3239 τῆς

2006 3177 2274 3250 Spiritus.
2302 3179 2367 3233 Et
2392 3177 2496 3250 qui
2525 3176 2791 3232 intuetur
2821 3176 3172 3246 imaginem,
3196 3176 3357 3232 hunc
3382 3174 3660 3249 impossi-

223 3265 419 3330 εἰκόνος
491 3267 870 3343 ἀποχωρίσαι
922 3269 980 3318 τὸ
1041 3273 1164 3339 φῶς.
1206 3270 1276 3320 Τὸ
1301 3269 1402 3340 γὰρ
1434 3274 1526 3319 τοῦ
1567 3269 1690 3342 ὀρᾷν
1722 3271 1886 3320 αἴτιον

228 3355 280 3418 ἐξ
308 3355 556 3430 ἀνάγκης
599 3357 1024 3431 συγκαθορᾶται
1058 3363 1168 3418 τοῖς
1209 3358 1435 3429 ὁρατοῖς.
1467 3356 1628 3410 Ὠστε
1686 3358 1886 3419 οἰκείως

231 3451 319 3500 καὶ
369 3446 699 3509 ἆκολούθως
759 3442 859 3498 διὰ
901 3448 992 3518 μὲν
1031 3453 1123 3497 τοῦ
1169 3454 1441 3519 φωτισμοῦ
1473 3455 1563 3499 τοῦ
1595 3450 1887 3520 ῐῐνεύριατος

236 3542 292 3588 τό
318 3538 676 3611 ἀπαύγασμα
715 3545 817 3598 τῆς
861 3532 1025 3598 δόξης
1055 3543 1145 3588 τοῦ
1210 3543 1342 3589 Θεοῦ
1412 3539 1734 3610 καθορῶμεν·
1795 3533 1888 3588 διά

245 3622 301 3679 vis
323 3636 415 3680 τοῦ
457 3637 834 3703 χαρακτῆρος
863 3625 948 3679 ἐπὶ
975 3630 1070 3684 τὴν
1102 3626 1162 3677 οὗ
1194 3625 1332 3680 ἐστιν
1380 3628 1406 3679 ό
1459 3632 1742 3704 χαρακτὴρ
1799 3632 1886 3680 καὶ

249 3717 557 3781 ὲίσότυπος
603 3720 844 3792 σφραγὶς
877 3714 1200 3790 ἁναγόμεθα.

814 3899 1208 3952 ΚΕΦΑΛΛΙΟΝ
1258 3894 1354 3950 ΚΖ

253 4008 417 4060 Ποθεν
466 4007 498 4065 ἡ
535 4027 565 4056 ι(
625 4006 728 4058 σὺν
761 4026 816 4078 _»
863 4003 1061 4078 ᾖρξατο
1121 4003 1380 4078 συλλαϐὴ,
1438 4007 1531 4078 καί
1579 4008 1732 4057 ποίαν
1787 3999 1888 4056 δύ-

327 4097 483 4150 ναμιν
538 4081 686 4149 ἔχει,
749 4074 800 4130 ἕν
940 4080 1031 4128 καὶ
1089 4077 1159 4129 τὰ
1213 4081 1329 4148 περὶ
1381 4083 1480 4129 τῶν
1511 4074 1756 4150 ἀγράφων
1795 4084 1890 4137 τῆς

334 4149 651 4212 Ἐικὶησίοις
684 4151 950 4220 νομίμων.

331 4244 418 4295 65.
475 4246 632 4301 Τίνος
701 4233 797 4289 οὖν
845 4239 1028 4308 ἕνεκεν,
1061 4242 1238 4310 φασὶν,
1302 4234 1449 4299 ἰδίως
1514 4239 1893 4312 προσηκούσης

259 4339 328 4401 τῷ
377 4334 656 4404 Πνεῦμα-τι
710 4325 814 4392 τῆς
873 4328 920 4381 ἐν
976 4328 1256 4395 συλλαϐῆς,
1306 4334 1395 4382 καὶ
1453 4329 1527 4390 εἰς
1563 4336 1736 4382 πᾶσαν
1767 4332 1893 4403 ἡμῖν

263 4425 349 4477 τήν
400 4428 521 4494 περὶ
564 4421 740 4473 αὑτοῦ
795 4421 988 4472 ἔννοιαν
1037 4420 1380 4497 ἐξαρκούσης,
1417 4424 1510 4478 τὴν
1540 4424 1722 4478 καινὴν
1761 4423 1892 4472 ταύ-

274 4529 359 4568 την
385 4515 532 4585 ὑμεῖς
595 4509 875 4569 συλλαϐὴν
927 4511 1322 4583 ίπεισηγοίγετε,
1353 4514 1447 4563 σὺν
1475 4519 1548 4582 τῷ
1734 4512 1892 4564 Πνεῦ-

1995 3267 2114 3323 bile
2136 3271 2224 3324 est
2249 3266 2457 3322 lumen
2489 3266 2567 3323 ab
2598 3267 2861 3336 imagine
2892 3283 3195 3341 separare.
3223 3266 3390 3332 Quod
3415 3265 3575 3322 enim
3597 3268 3660 3321 ut

1996 3357 2208 3413 videas
2239 3357 2303 3412 in
2331 3373 2516 3412 causa
2547 3362 2659 3424 est,
2691 3357 2750 3411 id
2791 3373 3037 3412 necesse
3067 3361 3175 3427 est,
3217 3362 3280 3412 ut
3310 3355 3489 3411 simul
3519 3371 3658 3410 cum

1999 3448 2071 3501 iis
2135 3463 2268 3519 quae
2324 3451 2671 3514 cernuntur,
2723 3445 3018 3503 videatur.
3069 3450 3274 3520 ltaque
3327 3445 3571 3519 proprie
3604 3447 3662 3500 et.

1998 3542 2397 3606 congruenter
2426 3552 2534 3609 per
2558 3536 3067 3592 illuminationem
3091 3536 3341 3610 Spiritus
3367 3534 3663 3608 conspici-

1999 3644 2136 3684 mus
2163 3626 2548 3700 splendorem
2576 3625 2775 3695 gloriae
2805 3626 2906 3682 Dei
2939 3643 2950 3693 ;
2985 3642 3092 3698 per
3112 3626 3522 3682 characterem
3562 3640 3664 3679 au-

1999 3721 2119 3773 tem
2150 3715 2230 3772 ad
2260 3732 2420 3783 eum,
2455 3715 2628 3786 cujus
2659 3719 2748 3770 est
2777 3714 3087 3771 character
3115 3719 3172 3772 et
3205 3714 3435 3789 aequale
3497 3712 3660 3786 sigil-

1998 3807 2147 3877 lum,
2181 3805 2598 3862 subvehimur.

2607 3895 2832 3952 CAPUT
2869 3894 3074 3952 XXVII.

2011 4003 2171 4062 Unde
2186 4003 2426 4059 initium
2446 4003 2622 4060 habet
2648 4003 2914 4072 syllaba,
2951 4025 2972 4053 ι
3003 4018 3161 4071 eum,
3194 4023 3222 4052 »
3246 4007 3303 4060 et
3325 4017 3505 4074 quam
3539 4001 3658 4058 vim

2075 4076 2317 4203 habetat,
2347 4075 2450 4131 ubi
2477 4075 2626 4131 etde
2654 4075 2943 4132 Ecclesiae
2968 4076 3196 4145 legibus
3219 4075 3394 4131 nullo
3434 4075 3660 4143 scripto

2067 4164 2185 4217 pro
2234 4167 2248 4190 ν
2285 4163 2356 4202 zs.

2076 4242 2164 4295 65.
2189 4239 2382 4302 Quam
2413 4235 2594 4308 igitur
2623 4235 2702 4292 ob
2725 4251 2999 4305 causam,
3038 4235 3322 4308 inquiunt
3362 4251 3502 4292 cum
3527 4250 3663 4307 pro-

2001 4326 2130 4400 prie
2160 4326 2479 4383 conveniat
2502 4325 2627 4382 haec
2659 4325 2916 4399 syllaba,
2959 4327 3040 4397 in,
3071 4325 3335 4399 Spiritui,
3371 4341 3440 4382 ac
3483 4323 3662 4380 nobis

2004 4417 2084 4474 ad
2110 4417 2577 4490 exprimendum
2603 4417 2880 4490 quemvis
2920 4416 2995 4472 de
3025 4416 3243 4489 Spiritu
3295 4415 3664 4472 intellectum

2006 4509 2287 4576 sufﬁciat,
2311 4525 2420 4564 vos
2441 4525 2668 4566 novam
2689 4509 2872 4566 istam
2895 4508 3196 4581 syllabam
3213 4505 3666 4577 induxistis,qui

281 4621 394 4672 ματι
443 4605 705 4676 λέγοντες,
782 4606 874 4653 καὶ
925 4601 1038 4669 οὐκ,
1094 4602 1141 4654 ίν
1190 4610 1263 4674 τῷ
1308 4603 1572 4674 Ιῐνεύματι
1619 4609 1691 4672 τῷ
1737 4601 1888 4673 ἁγίῳ,

2006 4599 2224 4668 dicitis,
2248 4573 2399 4655 Cum
2427 4599 2687 4669 Spiritu,
2723 4614 2869 4666 non,
2900 4573 2972 4654 [ii
3003 4598 3240 4667 Spiritu
3263 4601 3493 4662 sancto;
3523 4573 3667 4652 alio-

283 4697 389 4745 οὔτε
428 4694 594 4756 illa;
654 4692 942 4764 ἀναγκαῖα,
1007 4694 1124 4744 όῦτε
1191 4696 1534 4766 νενομισμένα
1594 4698 1711 4752 ταῖς
1781 4690 1894 4742 Ἐκ-

278 4783 506 4847 xire-ixi;
573 4787 926 4858 φθεγγόμενοι
956 4799 970 4851 ;
1003 4781 1092 4845 Ὠς
1144 4784 1233 4856 μὲν
1288 4779 1375 4836 οὖν
1435 4781 1563 4855 οὐχὶ
1592 4780 1896 4857 ἀποκληρω-

275 4894 420 4937 tua;
463 4886 537 4948 τῷ
595 4875 733 4948 ἁγίῳ
791 4877 1064 4948 Πνεῦματι
1111 4873 1141 4930 ἡ
1202 4872 1250 4926 ἐν
1304 4870 1532 4930 συλλαϐὴ
1567 4868 1894 4944 διενήνοχεν,

279 4965 395 5017 α).λὰ
447 4972 594 5024 κοινὴ
655 4967 869 5041 Πατρός
932 4963 1052 5016 ἐστι
1106 4966 1197 5015 καὶ
1247 4964 1394 5028 Υἱοῦ,
1457 4961 1504 5014 ἐν
1536 4969 1646 5023 τοῖς
1675 4965 1894 5014 κατόπιν

285 5059 483 5130 ιίρηται.
541 5055 704 5133 Οξααι
768 5053 831 5111 δὲ
892 5053 1111 5108 κάκεῖνο
1163 5051 1454 5126 ἀρκούντως
1511 5052 1772 5128 εἰρῆσθαι,
1816 5052 1894 5104 ὅτι

289 5146 335 5197 εὖ
383 5155 526 5222 μόνον
580 5152 674 5206 οὐκ
728 5147 1066 5224 ἀφαιρεῖταί
1127 5163 1179 5196 τι
1219 5151 1311 5205 τῆς
1361 5142 1512 5206 ἀξίας
1540 5151 1631 5196 τοῦ
1661 5144 1896 5216 ΙΙνεᾶμα-

290 5255 374 5309 τος,
419 5242 533 5301 ἀλλά
579 5252 668 5302 καὶ
725 5247 866 5322 πρὸς
928 5240 995 5291 τὸ
1028 5238 1282 5308 μέγιστον
1314 5233 1446 5306 ὕψος
1484 5241 1585 5287 τῶν
1623 5238 1695 5306 μὴ
1723 5235 1891 5291 πάντη

316 5453 533 5518 fulgor.
573 5473 675 5524 VU,
700 5454 810 5516 4ο,
913 5442 968 5476 ’⁸³
1001 5434 1055 5493 Π
1089 5433 1244 5492 Tim.
1277 5449 1313 5503 1,
1348 5433 1434 5491 14.

279 5668 371 5738 {5”
399 5664 600 5723 055m
644 5653 949 5739 τροπῲη,
987 5638 1023 5700 ἦ
1062 5640 1194 5689 τῶν.
1233 5631 1323 5690 Sic
1353 5647 1499 5722 mss.
1557 5647 1685 5696 sex.
1739 5631 1890 5697 Editi

210 5735 363 5799 οὖδωῖ
391 5748 560 5817 τόπῳ.
576 5783 589 5800 .
602 5777 616 5794 .

1518 5433 1565 5470 93
1593 5430 1744 5492 Dan.
1777 5450 1832 5502 ν,
1870 5432 1953 5490 tl.

2003 4691 2152 4764 quin
2178 4706 2291 4746 nec
2315 4689 2698 4754 necessariis,
2723 4705 2833 4746 nec
2862 4689 2940 4744 ab
2964 4686 3227 4743 Ecclesia
3256 4685 3526 4759 probatis
3559 4701 3667 4743 vo-

2005 4781 2176 4839 cibus
2205 4781 2487 4838 utentes?
2517 4780 2691 4846 Quod
2723 4779 2904 4849 igitur
2931 4777 3059 4834 haec
3092 4775 3349 4848 syllaba,
3380 4777 3445 4832 in
3481 4775 3667 4850 Spiri-

2003 4872 2091 4929 tui
2111 4876 2320 4929 sancto
2351 4885 2475 4926 non
2496 4870 2558 4926 in
2588 4873 2811 4926 sortem
2832 4866 3076 4940 proprie
3108 4866 3422 4937 cessit,sed
3479 4866 3668 4924 Patris

2003 4961 2251 5034 Filiique
2276 4959 2619 5017 communis
2642 4961 2748 5024 est,
2779 4957 2840 5012 in
2859 4956 3274 5029 superioribus
3296 4956 3525 5013 dictum
3555 4960 3666 5013 est.

2005 5052 2277 5108 Arbitror
2305 5054 2510 5108 autem
2541 5052 2598 5104 et
2625 5047 2772 5104 illud
2802 5047 2945 5104 satis
2967 5047 3473 5115 demonstratum,
3502 5044 3670 5119 quod

2006 5144 2072 5199 in
2109 5156 2234 5199 non
2261 5139 2458 5196 solum
2483 5138 2634 5194 nihil
2655 5136 2914 5194 detrahit
2937 5137 3217 5208 dignitati
3264 5137 3540 5210 Spiritus,
3574 5152 3675 5192 γο-

2005 5249 2142 5291 rum
2164 5230 2346 5288 etiam
2375 5229 2455 5286 ad
2486 5244 2792 5286 summam
2815 5227 3234 5285 celsitudinem
3255 5226 3424 5297 erigit
3445 5226 3670 5299 cogita:

2035 5433 2082 5467 θλ
2113 5433 2288 5490 Joau.
2330 5446 2402 5496 Iv,
2445 5432 2532 5488 2i.

2069 5636 2182 5697 (52)
2230 5632 2325 5684 Σὺν
2355 5636 2459 5700 ίτῷ.
2528 5628 2677 5685 Editi
2737 5628 2784 5700 οξ
2855 5629 2966 5700 σῦν-
2996 5633 3089 5700 τες).
3146 5622 3260 5680 Sed
3307 5621 3544 5698 primus
3577 5620 3674 5682 ille

1999 5695 2288 5769 articulus
2311 5695 2485 5764 abest
2511 5715 2548 5760 a
2576 5696 2883 5764 veteribus
2905 5695 3092 5764 libris.
