4114 6436
444 331 542 387 191

1820 329 1881 387 S.
1921 327 2180 387 BASlLll
2206 327 2454 386 IAGNL

3712 325 3831 382 £92

441 467 585 510 eum
622 431 967 527 precamur,
994 452 1174 526 pauci
1228 455 1432 511 tamen
1484 452 1788 522 novimus,
1825 454 1994 527 quod
2044 452 2107 509 id

2219 453 2452 526 ἀρχαίαν
2503 451 2846 525 ἐπιζητοῦμεν
2889 449 3145 526 πατρίδα,
3210 453 3296 504 τὸν
3356 446 3699 526 παράδεισον,
3761 449 3827 502 ὃν

453 543 743 601 facientes
775 544 1092 616 antiquam
1121 543 1485 616 requirimus
1515 545 1797 617 patriam,
1833 544 2109 600 videlicet

453 633 833 707 paradisum,
850 650 1032 706 quem
1054 633 1347 706 plantavit
1367 637 1524 690 Deus
1540 635 1602 690 in
1621 635 1786 691 Eden
1806 635 1885 691 ad
1907 634 2107 690 Orien-

454 726 642 782 tem‘.
697 724 884 780 Erecti
915 723 1122 780 itidem
1173 724 1520 796 perticimus
1563 725 2017 797 deprecationes
2041 724 2106 781 in

445 829 570 870 una
603 813 876 882 Sabbati,
918 813 1024 869 sed
1050 813 1349 870 rationem
1387 829 1509 869 non
1541 829 1754 870 omnes
1795 813 2102 870 novimus.

453 905 584 960 Non
611 903 773 958 enim
804 902 1002 958 solum
1031 903 1200 974 quod
1245 901 1428 959 veluti
1459 903 1638 959 simul
1685 920 1826 959 cum
1874 904 2104 961 Christo

441 991 799 1059 resuscitati,
827 1007 962 1063 quae
1007 1008 1253 1048 sursum
1287 997 1429 1048 sunt
1454 1009 1723 1064 quaerere
1744 992 2101 1058 debeamus,

446 1081 511 1137 in
555 1081 653 1138 die
719 1081 1172 1138 resurrectionis
1225 1081 1379 1139 datae
1415 1082 1595 1139 nobis
1628 1083 1829 1154 gratiae
1886 1083 2104 1140 stando

449 1175 765 1243 precantes
777 1171 1181 1244 nosmetipsos
1197 1173 1804 1238 commonefacimus,
1819 1173 1924 1228 sed
1935 1171 2106 1245 quod

441 1260 493 1316 is
545 1259 673 1316 dies
722 1259 1002 1317 videatur
1040 1261 1244 1334 aliquo
1271 1261 1456 1318 modo
1483 1263 1689 1332 imago
1720 1263 1959 1319 venturi
2003 1280 2106 1318 sae-

443 1349 582 1406 culi.
620 1351 824 1422 quue
853 1366 995 1406 cum
1028 1351 1104 1406 sit
1128 1351 1492 1424 principium
1531 1352 1789 1419 dierum,
1823 1367 1949 1408 non
1984 1352 2106 1425 pri-

442 1455 582 1496 mus
622 1454 660 1496 a
689 1441 911 1512 Moyse,
945 1440 1054 1496 sed
1087 1457 1246 1498 unus
1272 1442 1616 1514 appellatus
1643 1446 1754 1499 est.
1781 1443 1976 1500 Facta
2019 1448 2105 1498 est

444 1530 624 1598 enim,
684 1529 900 1601 inquit,
964 1545 1232 1601 vespera,
1283 1537 1337 1588 et
1382 1533 1618 1602 factum
1649 1538 1731 1589 est
1769 1547 1962 1599 mane,
1987 1531 2105 1588 dies

441 1634 604 1676 unus
627 1620 650 1654 ³
687 1623 1022 1689 :tanquam
1053 1621 1160 1693 qui
1201 1637 1360 1694 saepe
1389 1626 1678 1680 recurrat.
1723 1621 1910 1692 lgitur
1946 1636 2106 1677 unus

442 1713 534 1765 est
560 1707 725 1766 idem
751 1715 808 1766 et
838 1715 1110 1783 octavus,
1155 1728 1348 1768 unum
1401 1712 1571 1769 illum
1611 1712 2001 1784 singularem~
2033 1727 2104 1768 ac

2217 546 2490 615 ἐφύτευσαν
2540 545 2565 594 ὁ
2625 546 2751 603 Θεὸς
2813 541 2862 594 ἐν
2926 539 3084 616 Ἐδὲμ
3141 541 3252 594 κατ’
3314 539 3586 601 ἀνατολὰς.
3637 541 3832 613 Ὀρθοὶ

2215 636 2305 704 μὲν
2359 633 2657 707 πληροῦμεν
2691 637 2779 693 τὰς
2824 633 2984 704 εὐχὰς
3022 631 3069 684 ἐν
3127 641 3188 705 τῇ
3249 637 3350 704 μιᾷ
3375 638 3468 684 τοῦ
3525 629 3826 683 Σαϐϐάτου’

2213 726 2302 774 τὸν
2343 720 2402 776 δὲ
2454 723 2604 795 λόγον
2668 724 2728 776 οὐ
2786 725 2970 784 πάντες
3026 719 3263 795 οἰδαμεν.
3296 721 3372 773 Οὐ
3427 722 3528 793 γὰρ
3560 725 3711 792 μόνον
3747 722 3833 779 ὡς

2217 817 2628 876 συναναστάντες
2674 822 2912 888 Χριστῷ,
2945 816 3125 866 καὶτὰ
3154 815 3258 864 οῐνω
3290 812 3464 873 ζητεῖν
3514 810 3833 883 ὀφείλοντες,

2214 902 2263 955 ἐν
2312 912 2372 975 τῇ
2425 903 2767 977 ἀναστασίμῳ
2809 906 2980 977 ἡμέρᾳ
3021 911 3118 964 τῆς
3161 898 3447 974 δεδομένης
3496 902 3622 973 ἡμῖν
3657 903 3832 973 χάρι-

2210 1012 2291 1053 τος
2342 989 2435 1044 διὰ
2481 1002 2577 1055 τῆς
2623 995 2759 1046 κατὰ
2815 997 2910 1050 τὴν
2955 996 3262 1066 προσευχὴν
3325 992 3553 1051 στάσεως
3605 989 3828 1050 ἑαυτοὺς

2213 1083 2697 1156 ὑπομιμνήσκομεν·
2752 1081 2857 1135 ἀλλ’
2920 1083 3001 1134 ὅτι
3069 1079 3215 1135 δοκεί
3275 1099 3386 1142 πως
3440 1087 3532 1133 τοῦ
3583 1076 3832 1152 προσδο-

2213 1177 2444 1246 κωμένον
2477 1173 2658 1235 αἰῶνος
2682 1170 2812 1226 εἶναι
2854 1172 3021 1225 εἰκών·
3059 1176 3147 1224 Διὸ
3199 1176 3290 1224 καὶ
3318 1170 3461 1246 ἀρχὴ
3519 1166 3656 1222 οὖσα
3692 1172 3831 1241 ἠμε-

2213 1272 2337 1337 ρῶν,
2367 1263 2495 1336 οὐχὶ
2532 1269 2713 1339 πρώτη
2759 1265 2905 1338 παρὰ
2953 1265 3234 1330 Μωύσέως,
3277 1259 3404 1313 ἀλλὰ
3459 1264 3558 1333 μία
3612 1263 3832 1332 ὠνόμα-

2217 1371 2359 1408 σται,
2423 1351 2650 1424 Ἐγίνετο
2727 1355 2850 1426 γὰρ,
2916 1356 3097 1422 φησὶν,
3157 1349 3370 1424 ἑσπέρα,
3454 1353 3544 1401 καὶ
3624 1347 3834 1419 ἐγένετο

2214 1445 2373 1516 πρωῒ,
2425 1444 2597 1517 ἡμέρα
2653 1447 2768 1515 μία·
2819 1445 2889 1503 ὡς
2953 1450 3049 1503 τῆς
3133 1440 3297 1502 αὐτῆς
3367 1437 3836 1510 ἀνακυκλουμένης

2213 1531 2482 1595 πολλάκις.
2541 1536 2641 1586 Καὶ
2707 1537 2806 1604 μία
2855 1535 3027 1584 τοίνυν
3079 1533 3106 1590 ὁ
3162 1530 3320 1598 αὐτὴ,
3365 1534 3456 1582 καὶ
3503 1525 3688 1600 ὀγδόη,
3723 1532 3834 1586 την

2213 1627 2336 1696 μίαν
2394 1627 2553 1683 ὅντως
2597 1621 2792 1680 ἐκείνην
2840 1627 2930 1674 καὶ
2983 1621 3227 1679 ἀληθινὴν
3275 1616 3494 1692 ὀγδόην,
3542 1620 3608 1680 ἧς
3654 1622 3744 1670 καὶ
3797 1619 3834 1669 ὁ

2214 1709 2508 1786 Ψαλμῳδός
2555 1714 2604 1764 ἓν
2641 1731 2778 1764 τισιν
2839 1711 3147 1786 ἐπιγραφαῖς
3195 1717 3294 1762 τῶν
3324 1707 3556 1810 ιὶψαλμῶν
3599 1705 3833 1779 ἐπεμνη-

443 1814 654 1854 verum
685 1803 987 1868 octavum,
1021 1803 1193 1871 cujus
1219 1807 1276 1858 et
1304 1802 1618 1859 Psalmista
1641 1802 1703 1858 in
1728 1801 2103 1875 quibusdam

2219 1805 2340 1871 σθη,
2384 1799 2456 1855 δι’
2515 1801 2704 1864 ἑαυτῆς
2750 1801 3127 1875 ἐμφανίζουσα,
3155 1805 3248 1859 τὴν
3304 1799 3438 1872 μετὰ
3486 1801 3572 1850 τὸν
3627 1801 3834 1870 χρόνον

441 1887 823 1944 Psalmorum
859 1890 1359 1964 inscriptionibus
1400 1891 1675 1948 meminit
1698 1893 1741 1957 ³,
1772 1907 1882 1964 per
1933 1908 1995 1947 se
2029 1891 2104 1946 si-

444 1977 766 2047 gniﬁcans.
802 1983 1029 2037 statum
1088 1981 1364 2038 videlicet
1413 1982 1532 2038 hoc
1580 1987 1824 2054 tempus
1873 1985 2106 2037 secutu-

440 2081 600 2134 rum,
632 2067 796 2124 diem
825 2085 953 2126 non
983 2070 1336 2138 desiturum,
1371 2087 1635 2144 vesperae
1653 2071 1948 2140 nescium,
1974 2086 2109 2126 suc-

445 2158 702 2214 cesseris
732 2163 1062 2231 expertem,
1085 2177 1282 2217 aevum
1323 2160 1473 2217 illud
1510 2177 1829 2234 nunquam
1880 2160 2102 2216 ﬁnien-

445 2245 595 2303 dum
623 2264 736 2305 nec
774 2265 1050 2322 unquam
1084 2267 1429 2308 senescens.
1471 2251 1817 2308 Necessario
1842 2251 2022 2321 igitur
2042 2250 2106 2305 in

448 2335 566 2392 hoc
586 2337 683 2394 die
714 2339 979 2398 Ecclesia
1007 2357 1151 2398 suos
1181 2341 1463 2398 alumnos
1483 2342 1676 2407 docet,
1710 2357 1919 2414 preces
1963 2356 2107 2396 suas

448 2427 668 2483 stando
700 2428 1039 2501 absolvere,
1073 2435 1140 2488 ut
1168 2431 1418 2489 assidua
1462 2431 1936 2489 commonitione
1976 2430 2105 2485 vitae

445 2513 606 2572 illius
629 2533 950 2591 nunquam
974 2520 1276 2590 desitum,
1309 2537 1434 2578 non
1463 2522 1846 2592 negligamus
1874 2520 1953 2577 ad
1968 2535 2107 2576 eam

447 2605 953 2677 demigrationem
1005 2627 1221 2684 parare
1251 2612 1562 2670 viaticum.
1613 2612 1768 2678 Quin
1814 2615 1870 2667 et
1913 2614 2107 2667 totum

442 2695 594 2752 illud
624 2699 1069 2772 quinquaginta
1097 2703 1334 2759 dierum
1363 2708 1603 2776 tempus
1634 2701 1967 2758 admonitio
2019 2701 2110 2755 est

444 2789 923 2858 resurrectionis,
955 2807 1145 2864 quam
1187 2793 1249 2848 in
1300 2793 1487 2850 altero
1538 2792 1757 2850 saeculo
1790 2795 2107 2864 exspecta-

448 2891 608 2932 mus.
650 2880 802 2935 Nam
828 2897 987 2937 unus
1015 2882 1113 2938 ille
1135 2888 1192 2940 et
1218 2884 1453 2957 primus
1496 2883 1625 2939 dies
1655 2883 1875 2955 septies
1903 2879 2106 2936 multi-

2213 1901 2395 1946 τοῡτον
2443 1894 2788 1963 κατάστασιν,
2841 1895 2928 1950 τὴν
2987 1891 3256 1944 απαυστον
3312 1891 3530 1963 ἡμέραν,
3589 1891 3683 1946 την
3737 1891 3835 1938 αν-

2215 1988 2447 2058 έσπερον,
2507 1988 2599 2040 τὴν
2664 1977 2985 2053 ἀδιάδοχον,
3048 1985 3134 2033 τὸν
3191 1979 3414 2038 ἄληκτον
3481 1977 3666 2031 ἐκεῖνον
3731 1981 3834 2029 καὶ

2216 2073 2395 2148 ἀγήρω
2426 2073 2608 2130 αἰῶνα.
2645 2072 2972 2142 Ἀναγκαίως
3014 2072 3102 2123 οὖν
3131 2073 3228 2133 τὰς
3257 2072 3305 2123 ἐν
3341 2069 3471 2128 αὐτῆ
3512 2070 3832 2143 προσευχὰς

2215 2164 2439 2224 ἑστῶτας
2484 2162 2820 2236 ἀποπληροῦν
2866 2165 2987 2224 τοὺς
3045 2161 3234 2224 ἑαυτῆς
3298 2164 3586 2234 τροφίμους
3643 2161 3674 2216 ἡ
3712 2158 3834 2212 Ἐκ-

2213 2253 2411 2311 κλησία
2440 2250 2704 2321 παιδεύει,
2737 2254 2819 2305 ἱνα
2865 2261 2928 2325 τῇ
2983 2258 3198 2323 συνεχεῖ
3232 2253 3524 2324 ὑπομνήσει
3572 2257 3662 2310 τῆς
3709 2246 3829 2300 ἀτε-

2213 2343 2486 2403 λευτήτου.
2514 2345 2654 2404 ζωῆς
2699 2351 2798 2395 τῶν
2861 2345 2991 2416 πρὸς
3053 2348 3148 2400 την
3217 2343 3540 2414 μετάστασιν
3625 2339 3829 2395 ἐκείνην

2216 2429 2435 2506 ἐφοδίων
2466 2437 2536 2506 μὴ
2596 2431 2878 2505 ἁμελῶμεν.
2933 2435 3034 2484 Καὶ
3097 2437 3246 2483 πᾶσα
3312 2427 3372 2482 δὲ
3413 2432 3444 2488 ἡ
3493 2432 3822 2486 πεντηκοστὴ

2215 2529 2309 2586 τῆς
2368 2522 2416 2575 ἐν
2476 2530 2548 2594 τῷ
2613 2523 2761 2574 αἰῶνι
2817 2522 2930 2593 (65)
2991 2517 3437 2593 προσδοκωμένης
3489 2517 3831 2580 ἀναστείσεώς

2216 2612 2354 2667 ἐστιν
2427 2614 2735 2686 ὑπόμνημα.
2794 2611 2851 2664 Ἠ
2917 2613 3018 2686 γὰρ
3084 2615 3183 2683 μία
3245 2611 3409 2668 ἐκείνη
3487 2614 3577 2662 καὶ
3640 2613 3826 2684 πρώτη

2218 2706 2407 2777 ἡμέρα,
2490 2701 2706 2764 ἑπτάκις
2781 2700 3327 2769 ἑπταπλασιασθεῖσα,
3385 2702 3479 2762 τὰς
3555 2699 3684 2752 ἑπτὰ
3732 2707 3834 2758 τῆς

2220 2796 2358 2868 ἱερᾶς
2405 2801 2766 2854 πεντηκοστῆς
2804 2789 3109 2865 ἑϐδομάδας
3168 2790 3422 2845 ἀποτελεῖ.
3473 2792 3564 2844 Ἐκ
3615 2795 3832 2864 πρώτης

2216 2886 2315 2958 γάρ
2348 2885 2640 2958 ἀρχομένη,
2671 2884 2744 2946 εἰς
2789 2887 2884 2942 τὴν
2938 2883 3102 2941 αὐτὴν
3153 2882 3459 2954 καταλήγει,
3500 2879 3582 2934 δι’
3633 2882 3832 2953 ὁμοίων

445 2966 729 3040 plicatus,
756 2975 987 3044 septem
1017 2990 1201 3031 sacrae
1252 2978 1630 3032 Pentecostes
1677 2971 2107 3029 hebdomadas

2219 2983 2317 3026 τῶν
2367 2973 2416 3026 ἐν
2469 2983 2542 3046 τῷ
2605 2978 2747 3047 μέσῳ
2821 2972 3169 3046 ἰξελιττομένη
3256 2973 3679 3034 πεντηκοντάκις.
3737 2973 3832 3022 Διὸ

445 3057 725 3116 absolvit.
754 3061 800 3115 A
830 3063 1030 3135 primo
1061 3066 1224 3122 enim
1248 3065 1566 3139 incipiens,
1599 3065 1660 3121 in
1689 3063 1976 3120 eumdem
2005 3063 2108 3118 de-

444 3149 605 3222 sinit,
648 3166 756 3222 per
783 3153 1026 3224 similes,
1059 3157 1165 3228 qui
1203 3157 1266 3212 in
1316 3156 1518 3213 medio
1548 3155 1946 3220 intercedunt,
1978 3153 2109 3208 dies

441 3242 850 3315 quinquagies
881 3245 1184 3303 evolutus.
1227 3246 1392 3302 Unde
1423 3250 1477 3302 et
1516 3245 1907 3302 aeternitatem
1951 3241 2114 3299 simi-

443 3329 697 3389 litudine
727 3335 926 3404 refert,
959 3336 1109 3392 dum
1157 3335 1321 3392 velut
1362 3335 1426 3391 in
1475 3339 1648 3392 motu
1696 3332 1994 3398 circulari,
2028 3331 2110 3388 ab

449 3419 667 3478 iisdem
699 3440 874 3480 orsus
905 3426 1092 3497 signis
1131 3427 1193 3482 in
1222 3426 1438 3483 eadem
1468 3425 1706 3483 desinit.
1741 3425 1963 3495 Quo_in
1988 3423 2107 3492 die,

445 3513 716 3582 corporis
749 3520 944 3572 erecto
972 3515 1187 3574 habitu
1214 3517 1449 3590 precari
1469 3518 1668 3590 potius
1688 3532 1800 3572 nos
1831 3513 2110 3572 Ecclesiae

443 3599 597 3657 ritus
627 3603 990 3679 docuerunt,
1018 3606 1308 3664 nimirum
1334 3623 1442 3682 per
1471 3606 1813 3663 evidentem
1842 3619 2110 3661 commo-

447 3692 750 3752 nitionem
781 3698 956 3770 quasi
989 3699 1417 3755 transferentes
1449 3701 1715 3756 mentem
1755 3701 2026 3754 nostram
2074 3710 2112 3753 a

451 3787 855 3854 praesentibus
885 3788 966 3846 ad
994 3788 1220 3846 futura.
1252 3794 1502 3862 Insuper
1529 3794 1585 3846 et
1628 3788 1864 3862 quoties
1910 3799 2112 3858 genua

443 3872 770 3948 ﬂectimus,
805 3881 864 3935 et
886 3895 1103 3936 rursus
1128 3879 1436 3951 erigimur,
1469 3879 1607 3953 ipso
1656 3879 1819 3936 facto
1848 3875 2109 3934 ostendi-

447 3978 610 4034 mus,
650 3967 822 4039 quod
858 3969 938 4026 ob
987 3974 1308 4044 peccatum
1354 3971 1418 4027 in
1465 3975 1691 4027 terram
1745 3965 1981 4040 delapsi
2014 3983 2111 4022 su-

443 4069 604 4126 mus,
640 4061 699 4114 et
726 4073 835 4130 per
876 4059 1324 4118 humanitatem
1361 4061 1494 4133 ejus
1522 4060 1628 4134 qui
1655 4059 1880 4117 creavit
1905 4074 2018 4116 nos
2047 4060 2110 4117 in

450 4143 671 4202 cretum
700 4149 961 4206 revocati
991 4166 1231 4210 sumus.

515 4254 605 4308 67.
643 4254 889 4312 Deﬁciet
932 4273 1031 4314 me
1079 4257 1230 4324 dies,
1261 4257 1312 4315 si
1368 4255 1642 4314 Ecclesiae
1695 4257 1984 4332 mysteria
2033 4257 2109 4314 ci-

522 4399 537 4434 ¹
583 4400 724 4456 Gen.
754 4414 815 4472 ιι,
849 4403 903 4460 8.
980 4403 1002 4438 ²
1032 4404 1176 4460 Gen.
1203 4407 1320 4474 1,5.
1374 4403 1418 4492 ,⁸
1447 4402 1599 4461 Psal.
1630 4419 1692 4460 vi
1719 4406 1775 4462 et
1804 4419 1899 4462 xu.

520 4546 638 4618 (δδ)
657 4545 766 4631 ,ἱεὶς
797 4554 884 4631 ’τῷ
951 4548 1118 4631 αἰὶὧχι·
1180 4548 1371 4606 Editio
1418 4548 1603 4606 Paris.
1665 4547 1713 4600 iv
1747 4557 1820 4620 τῷ
1875 4547 2087 4631 μέλλοντ’

452 4617 625 4670 αἰῶνι-⁷
655 4618 772 4676 Sed
796 4617 914 4676 hcc
941 4620 1426 4678 additamentum
1453 4637 1565 4678 nec
1591 4617 2002 4678 necessarium
2021 4621 2110 4678 vi-

447 4689 646 4766 detur,
680 4706 793 4766 nec
822 4692 884 4766 in
916 4692 1036 4766 ullo
1083 4709 1156 4750 ex
1184 4693 1406 4751 nostris
1437 4693 1751 4750 codicibus
1794 4694 2108 4766 reperitur,

447 4777 558 4818 nec
581 4762 645 4818 in
679 4762 820 4819 edit.
863 4765 1033 4822 Basil.

521 4833 633 4908 (662
665 4835 861 4908 ᾼῐῶνα,
894 4839 1039 4908 Reg.
1067 4837 1376 4894 secundus
1415 4837 1621 4898 αἰῶνας.

523 4897 637 5045 ἓϐῒ)
672 4904 792 4958 Ὀτι
826 4905 938 4961 διά.
963 4897 1102 4964 fres
1132 4926 1279 4965 mss.
1313 4912 1394 4963 ὅτι
1431 4915 1522 4964 καὶ
1562 4897 1681 4966 διά.

549 4977 639 5045 68)
679 4979 755 5031 Τά
781 4980 1009 5045 ἄγραφα.
1044 4979 1109 5036 Id
1141 4985 1252 5045 est,
1280 4981 1343 5038 in
1389 4981 1676 5045 Scripturi

549 4977 639 5045 68)
679 4979 1009 5056 treat-lea“.
1044 4979 1109 5056 I_d
1141 4985 1252 5056 est,
1280 4981 1343 5056 in
1389 4981 1709 5056 Scripturis
1755 4979 1945 5056 sacris
1985 4996 2110 5056 non

445 5047 962 5134 praesci‘ipta.'_i"ton
976 5052 1136 5108 enim
1150 5047 1416 5134 hocloco
1431 5047 1634 5134 statuit
1650 5053 1927 5134 Basilius,
1941 5053 2112 5134 quod

446 5118 526 5176 ab
554 5135 631 5202 eo
651 5118 1026 5202 eruditorum
1035 5125 1346 5202 nonnulli,
1366 5126 1429 5202 in
1451 5126 1546 5182 his
1571 5118 2110 5202 praestantissimus

451 5194 708 5268 scriptor
724 5194 1020 5268 Eusebius
1035 5197 1353 5254 Renaudot
1366 5194 1588 5268 Liturgi
1606 5199 1851 5259 0rient.,
1871 5197 2107 5254 dissert.

447 5267 465 5319 i
485 5279 647 5345 ,cap.
672 5270 724 5331 2,
741 5265 947 5324 doceri
964 5268 1331 5337 existimant,
1346 5265 1730 5345 Eucharis‘tite
1754 5275 1811 5326 et
1825 5269 2112 5345 baptismi

444 5340 502 5419 et
517 5336 778 5419 aliorum
790 5336 1324 5419 sacramentorum
1346 5357 1555 5414 preces
1576 5345 1634 5398 et
1672 5341 1822 5419 ritus
1839 5336 1926 5396 ne'
1936 5341 1998 5397 in
2019 5357 2112 5419 ec-

445 5407 638 5487 clesiis
654 5411 905 5487 quidem
920 5412 1000 5487 ad
1017 5407 1404 5487 sacerdotum
1426 5430 1607 5487 usum
1625 5413 1848 5487 scripta
1862 5413 2108 5472 servari.

447 5481 647 5539 Merito
668 5481 817 5558 illud
838 5484 1090 5558 quidem
1117 5499 1195 5558 ex_
1217 5485 1334 5558 hoc
1372 5486 1567 5558 capite
1607 5481 1922 5557 colligitur,
1951 5502 2113 5558 sum-

445 5566 614 5636 mam
639 5552 785 5636 olim
808 5552 1148 5636 adhibitam
1171 5556 1360 5636 fuisse
1375 5552 1847 5636 cautionem-[ne
1868 5552 2018 5636 quid
2038 5558 2112 5636 de

453 5627 757 5700 mysteriis
782 5643 908 5685 non
921 5627 1120 5686 solum
1147 5629 1226 5685 ad
1248 5628 1636 5700 gentiles,sed
1665 5629 1848 5688 etiam
1864 5627 1945 5687 ad
1961 5634 2114 5688 cate-

455 5694 794 5756 chumenos
815 5704 1234 5774 permaneret;
1251 5694 1338 5760 ac
1357 5694 1517 5762 recte
1536 5700 1822 5762 observat
1859 5702 2114 5777 scriptor

2217 3069 2308 3118 καὶ
2355 3064 2518 3117 αἰῶνα
2561 3066 2676 3136 (66)
2708 3070 2944 3136 μιμεῖται
2968 3059 3029 3134 τῇ
3072 3063 3364 3135 ὁμοιότητι,
3407 3063 3583 3135 ὥσπερ
3623 3059 3674 3112 ἒν
3723 3079 3830 3112 κν-

2217 3153 2368 3226 κλυιῂ⁸
2445 3157 2651 3212 κινήσει
2714 3151 2816 3206 ἀπὸ
2870 3160 2970 3205 τῶν
3023 3151 3188 3206 αὐτῶν
3242 3154 3511 3228 ἀρχομένη
3569 3155 3824 3224 σημείων,

2218 3249 2308 3296 καὶ
2340 3243 2409 3304 εἰς
2437 3246 2504 3296 τὰ
2541 3243 2676 3297 αὐτὰ
2712 3242 3110 3315 καταλήγουσα.
3145 3242 3224 3297 Ἐν
3330 3248 3389 3294 το
3431 3243 3608 3316 ὄρθιον
3633 3250 3830 3314 σχῆμα

2220 3342 2310 3395 τῆς
2355 3342 2663 3409 προσευχῆς
2720 3339 2984 3407 προτιμῷ
3024 3335 3074 3386 οἱ
3119 3334 3305 3406 θεσμοὶ
3359 3340 3456 3394 τῆς
3509 3331 3832 3394 Ἐκκλησίας

2221 3426 2355 3496 ημᾶς
2409 3421 2807 3487 ἐξεπαίδευσαν·
2883 3422 2937 3476 ἔκ
3003 3431 3099 3484 τῆς
3169 3421 3416 3498 ἐναργοῦς
3483 3424 3832 3495 ὑπομνήσεως

2221 3517 2374 3568 οἱονεὶ
2413 3519 2795 3587 μετοικίζοντες
2840 3513 2985 3587 ἡμῶν
3035 3517 3121 3567 τὸν
3171 3521 3289 3565 νοῦν
3338 3511 3440 3566 ἀπὸ
3484 3521 3585 3564 τῶν
3635 3517 3830 3586 παρόν-

2221 3625 2319 3658 των
2358 3604 2440 3657 ἐπὶ
2490 3607 2556 3657 τὰ
2597 3603 2863 3678 μέλλοντα.
2926 3608 3027 3656 Καὶ
3060 3603 3178 3656 καθ’
3224 3602 3450 3661 ἑκάστην
3497 3600 3556 3656 δὲ
3589 3602 3832 3676 γονυκλι-
3895 3595 3900 3598 ’

2223 3700 2341 3748 σίαν
2396 3700 2487 3748 καὶ
2531 3691 2883 3748 διανοίστασιν
2929 3696 3061 3768 ἔργῳ
3102 3690 3394 3766 δείκνυμεν,
3448 3692 3528 3747 ὁτι
3595 3690 3830 3766 διάςϐῒ)

2219 3793 2315 3848 τῆς
2369 3783 2624 3859 ἁμαρτίας
2660 3787 2734 3847 είς
2778 3793 2877 3857 γῆν
2926 3783 3300 3859 κατεῤῥύημεν,
3334 3789 3424 3837 καὶ
3470 3779 3564 3838 διά
3587 3791 3676 3844 τῆς
3705 3782 3830 3856 φιλ-

2219 3877 2521 3951 ανθρωπίας
2573 3883 2665 3929 τοῦ
2717 3879 2987 3936 κτίσαντος
3031 3877 3171 3949 ἡμᾶς
3214 3874 3286 3936 εἰς
3332 3876 3548 3950 οὐρανὸν
3616 3872 3835 3932 ἀνεκλή-

2221 3968 2284 4024 θη
2294 3985 2402 4024 an.

2294 4258 2382 4311 67.
2428 4253 2716 4330 Ἐπιλείψει
2767 4275 2831 4329 με
2884 4257 2913 4314 ἡ
2965 4257 3154 4330 ἡμέρα,
3208 4255 3276 4310 τά
3331 4254 3544 4330 ἄγραφα
3571 4256 3685 4328 (68)
3727 4260 3826 4318 τῆς

2219 4545 2730 4631 modelauda‘tu‘s,
2752 4547 3044 4631 mysteria
3064 4547 3374 4631 initiandis
3392 4548 3534 4631 viva
3557 4563 3705 4605 voce
3727 4562 3829 4630 ex-

2219 4620 2385 4694 poni,
2401 4620 2650 4694 initiatis
2671 4619 2932 4694 breviter
2950 4625 3007 4677 et
3028 4621 3482 4694 obscuriuscule
3507 4622 3568 4677 in
3590 4621 3830 4694 concio-

2221 4691 2402 4750 nibus
2431 4693 2688 4750 indicari
2722 4691 3068 4764 solita,cum
3093 4693 3207 4750 hac
3238 4693 3514 4752 ἀποσιωπὴ
3528 4713 3653 4755 σεως
3702 4691 3829 4764 for-

2219 4765 2662 4834 mula,Norunt
2688 4763 2938 4822 initiati.
2956 4765 3449 4822 Perincommode
3470 4766 3632 4822 enim
3671 4763 3828 4820 fuis-

2221 4844 2352 4910 sent
2367 4837 2772 4910 vulgata,quae
2784 4837 3232 4910 catechumenis
3252 4843 3523 4910 spectare
3543 4852 3668 4894 non
3686 4835 3832 4892 lice-

2219 4909 2352 4982 bat;
2378 4908 2493 4982 nee
2507 4909 2639 4982 leve
2650 4908 2985 4982 periculum
3002 4913 3230 4982 erat,ne
3241 4908 3592 4982 vilescerent
3603 4913 3828 4982 myste-

2219 4981 2335 5049 ria,
2360 4984 2408 5036 si
2427 4980 2888 5038 violata’arcani
2915 4981 3201 5039 sanctitas
3227 4982 3454 5040 fuisset.
3483 4980 3595 5039 Sed
3618 4980 3830 5038 tamen

2222 5052 2482 5110 Basilius
2515 5053 2663 5109 dum
2695 5053 2919 5124 scripta
2938 5058 3122 5124 negat
3139 5053 3269 5111 haec
3295 5054 3352 5110 in
3363 5054 3724 5120 stituta,non
3747 5052 3828 5108 de

2221 5131 2493 5198 veterum
2505 5125 2866 5198 scriptorum
2878 5125 3199 5195 libris,non
3213 5126 3288 5184 de
3304 5125 3589 5198 Liturgiisg
3601 5124 3826 5198 scripto

2221 5195 2742 5269 consignatisfsed
2758 5197 2831 5252 de
2851 5198 3169 5272 Scripturis
3192 5195 3829 5272 sanc_tislc_iquitr_1_rf[.i-

2268 5273 2367 5326 uet
2400 5268 2456 5325 t0
2479 5268 3089 5339 Pneumatomaclios,
3111 5270 3259 5326 dum
3297 5268 3676 5339 gloriﬁcandi
3697 5283 3827 5324 mo-

2268 5357 2372 5397 um
2386 5341 2424 5393 ὠ
2435 5362 2455 5403 ς
2466 5342 2696 5417 ἄγραφον
2707 5357 2768 5398 re
2767 5341 2789 5412 j
2793 5341 3374 5417 iciunt,ho_c_tantu_m
3387 5342 3632 5417 nomine
3647 5355 3826 5417 argu-

2221 5412 2338 5498 tias
2354 5429 2496 5471 suas
2511 5412 3180 5498 'praatenuissequodin
3192 5413 3512 5498 scripturis
3526 5429 3649 5498 non
3661 5412 3830 5498 lege-

2222 5488 2385 5542 retur
2405 5484 2540 5544 cuni
2570 5494 2779 5544 sancto
2798 5484 3053 5558 Spiritu.
3083 5486 3227 5543 Hinc
3247 5484 3503 5558 Basilius
3522 5484 3638 5542 illis
3657 5484 3827 5558 insti-

2222 5561 2351 5632 tuta
2374 5573 2499 5616 non
2523 5557 2745 5632 scripta
2783 5555 3037 5632 opponit
3059 5558 3164 5632 ;_in
3185 5557 3394 5632 primis
3425 5555 3826 5632 invocationis

2221 5626 3028 5706 verba,quze_quidem'negat
3048 5626 3131 5706 ab
3142 5626 3265 5706 ullo
3278 5633 3625 5706 sanctorum
3637 5626 3825 5706 fuisse

2225 5700 2478 5777 scripta;
2489 5700 2637 5778 quia
2654 5718 2767 5763 nec
2787 5700 2956 5777 apud
2975 5700 3266 5764 Basilium
3286 5703 3498 5779 ἄγραφα
3513 5700 3821 5770 dicuntur,
