4114 6404
202 303 293 365 W3

1491 318 1697 377 LIBER
1737 318 1828 377 DE
1864 314 2142 377 SPIRITU
2180 319 2470 379 SANCTO.

3561 324 3666 379 194

225 435 548 503 Ἒκιλισὶας
624 449 943 523 μυστήρια
1001 442 1363 520 διηγούμενον.
1400 445 1498 500 Ἐῶ
1549 446 1714 500 τᾶλλα
1749 462 1763 478 ·
1805 445 1905 500 αὐ-

2033 460 2108 502 ;ra
2160 446 2451 519 scriptum
2483 446 2701 505 tradita
2750 461 3004 521 pergam
3058 461 3393 504 recensere.
3450 447 3674 504 Omitto

246 536 330 595 τὴν
380 529 445 587 δ”ε
497 537 603 594 τὴν
667 537 981 611 ὁμολογίαν
1020 548 1116 602 τῆς
1160 542 1381 600 πίστεως
1418 538 1534 611 (69)
1590 538 1661 602 εἰς
1700 542 1909 614 Πατίρα

262 631 346 680 καὶ
398 627 526 680 Υἱὸν
592 632 695 680 καὶ
766 628 931 701 ἅγιον
992 636 1206 703 Πνεῦμα
1267 629 1322 683 ἐκ
1386 634 1542 683 ποίων
1588 632 1904 706 γραμμάτων

269 721 501 793 ileon;
572 716 640 772 Εἰ
701 720 799 792 μὶν
858 722 965 794 γὰρ
1005 718 1063 772 ἔκ
1101 728 1195 782 τῆς
1232 726 1325 772 τοῦ
1377 718 1752 794 βαπτίσματος
1798 739 1906 773 πα-

275 806 565 885 ραδόσεως,
592 812 743 862 κατὰ
788 812 853 861 τὸ
907 817 1002 870 τῆς
1054 808 1317 873 εὐσεϐείας
1356 807 1658 882 ἀκόλουθον,
1700 811 1768 873 ὡς
1812 808 1910 884 βα-

274 900 571 972 πτιζόμεθα
611 902 756 952 οὕτω
784 903 877 952 καὶ
932 901 1197 953 πιστεύειν
1255 899 1551 973 ὀφείλοντες,
1612 899 1797 954 οὐσίαν
1835 908 1909 972 τῷ

276 989 629 1064 βαπτίσματι
678 988 801 1060 (70)
849 994 945 1049 τήν
1004 989 1283 1063 ὁμολογίαν
1314 992 1722 1064 κατατιθέμεθα,
1785 1010 1912 1062 συγ-

269 1082 697 1154 χωρησάτωσαν
755 1084 848 1133 καὶ
914 1082 1042 1153 ἡμῖν
1108 1078 1164 1132 ἕκ
1223 1088 1316 1142 τῆς
1390 1080 1551 1142 αὐτῆς
1602 1079 1913 1142 ἀκολουθίας

271 1173 561 1244 ὁμοίαντῇ
594 1174 783 1224 πίστει
833 1174 928 1229 τήν
980 1166 1141 1234 δόξαν
1197 1166 1515 1225 ἀποδιδόναι
1548 1190 1563 1206 ο
1605 1170 1650 1224 εἰ
1708 1167 1768 1224 δι
1825 1172 1914 1223 τὸν

275 1266 467 1336 τρόπον
532 1269 638 1322 τῆς
705 1257 1017 1333 δοξολογίας
1092 1263 1161 1323 ὡς
1225 1261 1460 1337 ἄγραφον
1511 1267 1912 1335 παραιτοῦνται,

286 1347 533 1406 δότωσαν
580 1352 715 1422 ἡμῖν
744 1358 842 1413 τῆς
873 1368 928 1403 τε
966 1352 1104 1403 κατὰ
1130 1354 1223 1410 τὴν
1274 1355 1457 1404 πίστιν
1488 1350 1769 1425 ὁμολογίας
1822 1354 1915 1403 καὶ

284 1446 398 1492 τῶν
470 1439 681 1508 λοιπῶν,
751 1439 822 1491 ὧν
877 1440 1391 1514 ἀπηριθμησάμεθα,
1470 1438 1761 1516 ἐγγράφους
1818 1442 1913 1502 τὰς

284 1525 605 1592 ἀποδείξεις.
668 1524 799 1585 Εἶτα
862 1530 1123 1583 τοσούτων
1189 1534 1345 1584 ὄντων
1393 1529 1663 1605 ἀγράφων,
1702 1534 1795 1584 καὶ
1830 1549 1917 1586 το-

287 1622 491 1679 σαύτην
541 1618 777 1693 ἐχόντων
814 1622 911 1679 τὴν
971 1618 1133 1692 ἰσχὺν
1165 1620 1232 1681 εἰς
1259 1623 1318 1674 τὸ
1365 1628 1459 1684 τῆς
1509 1619 1766 1682 εὐσεϐείας
1804 1641 1908 1693 μυ-

282 1714 525 1784 στήριον,
561 1713 692 1782 μίαν
720 1708 855 1773 λέξιν
885 1710 1013 1783 ἡμῖν
1063 1708 1119 1762 ἐκ
1156 1715 1392 1787 πατέρων
1441 1710 1513 1775 εἰς
1561 1713 1702 1785 ἡμᾶς
1739 1710 1913 1765 ἕλθοῦ-

2020 536 2128 609 57
2165 541 2383 594 caetera
2413 556 2426 594 :
2471 538 2667 612 ipsam
2694 538 2834 594 ﬁdei
2857 537 3298 610 professionem
3340 537 3403 593 in
3432 540 3674 594 Patrem

2015 630 2074 682 et
2125 626 2335 684 Filium
2364 632 2423 685 et
2478 628 2765 701 Spiritum
2795 632 3093 697 sanctum,
3126 643 3159 685 e
3205 627 3428 702 quibus
3479 628 3674 686 habe-

2016 732 2156 773 mus
2197 716 2480 791 scriptis?
2527 718 2755 775 Etenim
2795 718 2854 774 si
2917 718 3212 792 quoniam
3264 734 3339 774 ex
3384 718 3679 793 baptismi

2015 807 2357 873 traditione,
2386 809 2559 880 juxta
2585 808 2822 883 pietatis
2853 808 3363 877 consecutionem,
3389 813 3454 865 ut
3481 809 3677 883 bapti-

2018 912 2247 966 zamur,
2276 898 2359 955 ita
2387 902 2444 954 et
2466 898 2710 955 credere
2738 897 3057 965 debemus,
3089 898 3347 955 similem
3367 898 3676 973 baptismo

2018 987 2458 1061 professionem
2487 988 2842 1045 exhibemus
2867 1005 2881 1043 :
2915 988 3453 1046 concedantetiam
3474 988 3677 1059 nobis,

2021 1078 2278 1149 utjuxta
2323 1078 2602 1136 eamdem
2648 1078 3147 1151 consequentiam
3178 1077 3679 1149 gloriﬁcationem

2022 1168 2166 1225 ﬁdei
2191 1169 2566 1226 consimilem
2581 1169 3210 1244 persolvamus.Quod
3230 1169 3279 1225 si
3295 1168 3679 1239 gloriﬁcandi

2024 1260 2279 1317 modum
2303 1259 2487 1317 veluti
2515 1260 2734 1333 scripto
2759 1276 2883 1316 non
2909 1260 3197 1318 traditum
3228 1259 3520 1332 rejiciunt,
3538 1277 3679 1334 pro-

2025 1349 2219 1407 ferant
2254 1350 2429 1407 nobis
2477 1355 2534 1407 et
2588 1350 2979 1423 professionis
3025 1350 3168 1406 ﬁdei
3214 1355 3271 1407 et
3322 1354 3679 1408 caeterorum

2025 1454 2161 1513 quae
2189 1440 2801 1497 commemoravimus
2828 1438 3252 1513 probationem
3277 1455 3308 1496 e
3336 1440 3675 1514 Scripturis.

2024 1529 2246 1586 Adhaac
2271 1545 2411 1586 cum
2459 1533 2582 1586 tam
2608 1529 2801 1586 multa
2839 1529 2958 1586 sint
2986 1545 3123 1603 quae
3168 1529 3387 1602 scripto
3441 1530 3680 1602 prodita.

2023 1634 2148 1677 non
2176 1621 2335 1689 sunt,
2363 1622 2420 1676 et
2447 1622 2685 1676 tantum
2713 1617 2940 1675 habent
2980 1617 3274 1675 momenti
3316 1617 3395 1675 ad
3440 1617 3696 1692 pietatis.

2024 1708 2401 1782 mysterium,
2452 1708 2696 1765 unicam
2738 1707 3171 1765 dictiunculam
3208 1723 3345 1782 quae
3398 1723 3436 1765 a
3481 1707 3683 1782 majo-

276 1818 380 1853 σαν
432 1798 500 1851 οὗ
564 1802 1045 1872 συγχωρήσουσιν,
1107 1798 1168 1858 ἣν
1219 1802 1366 1873 ἡμεῖς
1412 1799 1477 1853 ἐκ
1514 1809 1611 1862 τῆς
1668 1799 1908 1859 ἀνεπιοη.

2033 1798 2191 1855 ribus
2222 1797 2302 1855 ad
2328 1814 2443 1855 nos
2472 1797 2866 1866 devenit,non
2891 1796 3437 1871 concedent,quam
3464 1813 3578 1854 nos
3609 1813 3683 1855 ex

266 1885 473 1941 δεύτου
528 1890 812 1950 συνηθείας
856 1895 973 1951 ταῖς
1024 1884 1403 1966 ἂδιαστρὸφοις
1455 1897 1555 1946 τῶν
1586 1891 1911 1950 Ἐκκλησιών

261 1977 702 2052 ὶναπομείνασαν
734 1977 968 2053 εὕρομεν,
994 1979 1054 2032 οὐ
1092 1983 1279 2055 μικρὸν
1330 1984 1417 2034 τὸν
1455 1980 1606 2053 λόγον
1656 1984 1908 2054 ἔχουσαν,

264 2066 403 2123 οὐδε
431 2068 708 2143 βραχεῖαν
741 2068 1035 2125 συντέλειαν
1067 2069 1140 2134 εἰς
1166 2074 1259 2129 τὴν
1298 2078 1390 2125 τοῦ
1420 2076 1719 2146 μυστηρίου
1754 2068 1914 2127 δύνα-

261 2179 366 2233 μιν
396 2160 781 2234 εἰσφερομένην
808 2158 948 2233 (71).

346 2251 440 2305 68.
496 2250 730 2321 Εἴρηται
776 2250 868 2322 μὲν
898 2244 987 2301 οὖν
1025 2253 1110 2313 τίς
1164 2251 1194 2312 ἠ
1253 2244 1480 2323 δύναμις
1524 2250 1770 2329 ἑκατέρας
1820 2260 1915 2314 τῆς

268 2338 656 2412 ἐκφωνήσεως.
713 2338 1001 2414 Εἰρήσεται
1051 2333 1112 2392 δὲ
1162 2344 1252 2393 καὶ
1301 2339 1477 2408 πάλιν,
1529 2342 1628 2401 ὅπη
1688 2362 1742 2396 τε
1783 2361 1916 2415 συμ-

267 2436 550 2503 ᾳωνοῦσιν
624 2425 890 2495 ἀλλήλαις,
933 2432 1023 2481 καὶ
1091 2429 1192 2487 ὅπη
1258 2425 1559 2485 διίστανται
1589 2438 1602 2461 ‘
1644 2431 1737 2485 οὐκ
1791 2431 1917 2487 ἀπο-

275 2522 593 2591 μαχόμεναι
652 2520 782 2594 πρὸς
850 2515 1173 2589 ἔναντίωσιν,
1214 2517 1321 2571 ἀλλ’
1375 2516 1435 2572 ἶὸ
1442 2540 1515 2573 ιον
1572 2521 1790 2599 ἑκατέρα
1827 2526 1915 2575 τὸν

280 2614 408 2658 νοῦν
445 2606 783 2683 εἰσφερομένη
845 2610 976 2680 πρὸς
1030 2612 1126 2668 τὴν
1174 2607 1453 2665 εὐσέϐειαν.
1512 2609 1569 2664 Ἠ
1645 2614 1733 2685 μὲν
1791 2616 1914 2689 γὰρ,

292 2694 375 2761 ἰν,
426 2700 498 2750 τὸ.
564 2702 693 2771 πρὸς
752 2700 893 2772 ἡμᾶς
940 2703 1240 2772 παρίστησι
1295 2699 1487 2774 μᾶλλον
1519 2714 1533 2731 ⁸
1576 2704 1606 2761 ἡ
1678 2699 1754 2772 δὲ,
1797 2708 1913 2771 σὺν,

292 2790 400 2845 τὴν
448 2790 580 2862 πρὸς
617 2790 735 2841 Θεὸν
796 2793 1071 2842 κοινωνίαν
1115 2788 1208 2841 τοῦ
1265 2794 1563 2861 Πνεύματος
1604 2790 1911 2867 ἐξαγγέλλει.

294 2880 497 2949 Διόπερ
539 2873 840 2952 ἀμφοτέραις
904 2879 1184 2952 κεχήμεθα
1245 2886 1359 2942 ταῖς
1407 2888 1599 2953 φωναῖς
1634 2897 1646 2911 ·
1706 2890 1768 2955 τῇ
1825 2884 1915 2956 μὲν

291 2968 363 3018 τὸ
406 2962 609 3038 ἀξίωμα
659 2974 752 3019 τοῦ
818 2969 1124 3041 Πνεύματος
1177 2978 1550 3046 παριστῶντες,
1603 2979 1664 3045 τῇ
1725 2967 1916 3031 δὲτὴν

291 3055 469 3131 χάριν
513 3060 603 3114 τήν
642 3056 766 3132 παρ’
815 3059 943 3130 ἡμῖν
1002 3054 1395 3133 διαγγέλλοντες
1436 3062 1572 3135 (72).
1624 3062 1775 3115 Οὕτω
1827 3066 1917 3115 καὶ

290 3144 441 3217 ἐντῷ
484 3148 753 3219 Πνεύματι
782 3150 878 3209 τὴν
943 3143 1102 3211 δόξαν
1157 3153 1486 3225 προσάγομεν
1516 3159 1589 3224 τῷ
1645 3160 1776 3222 Θεῷ,
1829 3154 1917 3205 καὶ
1945 3170 1987 3226 C

284 3239 387 3287 σὺν
436 3243 512 3307 τῷ
562 3237 834 3309 Πνεύματι
866 3252 879 3265 ·
949 3232 1101 3289 οὐδὲν
1163 3240 1410 3314 ἡμέτερον
1477 3239 1728 3315 λέγοντες,
1808 3239 1917 3294 ἀλλ’

280 3328 465 3402 ὥσπερ
535 3327 642 3377 ἀπὸ
704 3328 939 3391 κανόνος,
990 3335 1084 3390 τῆς
1123 3336 1215 3380 τοῦ
1276 3334 1475 3405 Κυρίου
1533 3326 1915 3398 διδασκαλίας,

282 3416 377 3469 ἐπὶ
402 3419 474 3469 τὰ
519 3425 769 3491 προσεχῆ
816 3421 906 3469 καὶ
937 3415 1166 3476 ἀλλήλων
1214 3417 1460 3494 ἐχόμενα,
1502 3425 1591 3474 καὶ
1633 3419 1918 3494 ἀναγκαίαν

284 3506 337 3560 ἐν
392 3514 510 3569 τοῖς
568 3511 895 3582 μυστηρίοις
924 3508 1035 3580 (73)
1083 3512 1177 3569 τὴν
1227 3513 1503 3585 συνάφειαν
1560 3514 1767 3586 ἔχοντα,
1828 3516 1921 3571 τὴν

290 3603 464 3669 φωνὴν
525 3601 918 3671 μεταφέροντες.
979 3601 1049 3652 Τὸ
1110 3601 1209 3674 γὰρ
1258 3598 1342 3654 ἐπὶ
1412 3608 1504 3655 τοῦ
1556 3599 1925 3677 βαπτίσματος

294 3688 694 3762 σνναριθμηϐὲν
753 3685 1053 3762 ἀναγκαίως
1105 3687 1346 3764 ᾠήθημεν
1411 3688 1520 3745 δεῖν
1578 3697 1667 3746 καὶ
1707 3692 1792 3746 ἐπὶ
1831 3699 1927 3754 τῆς

293 3782 527 3840 πίστεως
580 3782 938 3852 συναρμόσαι.
979 3782 1085 3838 Τὴν
1137 3775 1196 3834 δὲ
1255 3780 1534 3855 ὁμολογίαν
1588 3791 1677 3844 τῆς
1706 3783 1929 3836 πίστεως

295 3864 402 3919 οἷον
432 3866 619 3942 ἀρχὴν
659 3887 779 3919 τινα
832 3873 923 3920 καὶ
980 3872 1184 3944 μητέρα
1238 3878 1336 3934 τῆς
1396 3867 1699 3945 ὃοξολογίας
1752 3870 1926 3930 ἐποιη-

294 3959 527 4031 σάμεθα.
562 3956 724 4012 Ἀλλὰ
754 3962 805 4011 τί
856 3962 967 4030 χρὴ
1026 3967 1236 4030 matr;
1274 3967 1383 4014 Νῦν
1429 3964 1529 4037 γὰρ
1586 3963 1726 4035 ἡμᾶς
1766 3958 1922 4015 διδα-

293 4052 597 4117 σκέτωσαν,
659 4052 734 4120 μὴ
808 4045 1087 4120 βαπτίζειν
1163 4050 1229 4111 ὡς
1288 4049 1644 4125 παρελάϐομεν
1679 4069 1692 4083 ο
1770 4052 1799 4112 ἦ
1855 4057 1924 4126 μὴ

294 4139 597 4205 πιστεύειν,
656 4140 722 4199 ὡς
780 4135 1218 4212 ἐϐαπτίσθημεν·
1280 4140 1309 4201 ἦ
1369 4146 1442 4215 μὴ
1522 4138 1785 4211 δοξάζειν,
1862 4144 1925 4202 ὡς

300 4229 754 4300 πεπιστεύκαμεν,
808 4230 1062 4285 Δεικνύτω
1120 4230 1221 4305 γάρ
1275 4248 1357 4294 τις
1406 4231 1435 4292 ἦ
1488 4234 1558 4294 ὡς
1603 4231 1696 4284 οὐκ
1761 4230 1924 4305 ἀναγ-

292 4320 431 4369 καία
485 4320 577 4369 καὶ
627 4315 891 4393 ἄρρηκτος
923 4319 952 4376 ἡ
985 4320 1119 4394 πρὸς
1149 4317 1346 4378 ἄλληλα
1382 4324 1577 4376 τούτων
1619 4319 1920 4391 ἀκολουθία,

298 4408 329 4467 ᾗ
386 4409 464 4467 ὡς
495 4406 632 4479 οὐχὶ
668 4408 698 4464 ἡ
733 4406 783 4460 ἄν
839 4410 1047 4472 τούτοις
1098 4413 1407 4485 καινοτομία
1449 4418 1540 4465 τοῦ
1584 4416 1778 4476 παντὸς
1816 4411 1929 4477 ἐστι

2022 1887 2374 1947 inaffectata
2420 1888 2857 1945 consuetudine
2902 1887 2965 1943 in
2999 1886 3295 1957 Ecclesiis,
3353 1904 3490 1963 quae
3541 1904 3682 1962 per-

2022 1993 2214 2034 versae
2241 1980 2299 2034 et
2326 1981 2621 2050 corruptae
2650 1991 2775 2033 non
2796 1979 3426 2049 sunt,permancntem
3454 1976 3684 2034 inveni-

2022 2083 2179 2134 mus,
2202 2065 2370 2122 haud
2390 2065 2756 2122 mediocrem
2781 2064 3076 2122 rationem
3108 2064 3456 2131 habentem,
3480 2080 3680 2137 neque

2022 2156 2325 2214 mediocre
2337 2155 2756 2227 adjumentum
2773 2154 2852 2211 ad
2874 2153 3280 2228 mysteriivim
3306 2153 3685 2213 efferentem?

2095 2250 2183 2304 68.
2230 2246 2463 2304 Dictum
2513 2244 2761 2319 quidem
2791 2244 2880 2301 est
2933 2260 3073 2318 quae
3124 2243 3199 2300 sit
3229 2243 3320 2300 vis
3369 2243 3682 2318 utriusque

2024 2335 2553 2413 pronuntiationis.
2620 2336 2854 2392 Dicetur
2915 2338 3119 2391 autem
3173 2338 3230 2392 et
3276 2350 3521 2390 rursum
3578 2334 3683 2392 ubi

2027 2427 2395 2486 concordent
2424 2426 2578 2483 inter
2608 2441 2762 2496 sese,
2795 2428 2852 2481 et
2877 2424 2982 2480 ubi
3003 2424 3284 2481 differant
3315 2441 3327 2479 :
3361 2424 3530 2497 quod
3559 2440 3685 2482 non

2024 2518 2177 2575 inter
2204 2534 2266 2574 se
2294 2520 2571 2592 pugnent
2625 2531 2733 2588 per
2789 2514 3293 2577 contrarietatem,
3358 2512 3466 2570 sed
3517 2513 3685 2589 quod

2026 2612 2281 2681 utraque
2305 2605 2673 2681 peculiarem
2713 2604 2923 2661 afferat
2950 2603 3319 2661 intellectum
3364 2602 3443 2659 ad
3494 2603 3683 2677 pieta-

2026 2701 2167 2754 tem.
2191 2699 2342 2754 Nam
2371 2694 2717 2769 praepositio
2763 2694 2847 2765 in,
2876 2708 2949 2749 ea
2972 2709 3109 2766 quae
3137 2693 3215 2750 ad
3244 2708 3356 2750 nos
3388 2696 3683 2765 spectant,

2025 2788 2223 2859 magis
2277 2785 2545 2843 declarat
2599 2802 2612 2839 :
2679 2787 2740 2840 at
2793 2782 3140 2857 praepositio
3187 2799 3341 2854 cum,
3405 2781 3687 2856 exprimit

2026 2876 2521 2937 communionem
2549 2874 2799 2948 Spiritus
2828 2890 2967 2931 cum
2990 2875 3131 2929 Deo.
3169 2874 3548 2946 Quapropter
3576 2889 3686 2931 vo-

2026 2968 2195 3025 cibus
2222 2966 2522 3024 ambabus
2552 2964 2797 3033 utimur,
2819 2962 3005 3051 altera
3041 2962 3292 3036 quidem
3331 2962 3685 3031 dignitatem

2026 3058 2275 3133 Spiritus
2297 3055 2724 3130 exprimentes,
2756 3053 2942 3110 altera
2972 3052 3227 3125 gratiam
3259 3069 3396 3126 quae
3421 3052 3484 3108 in
3506 3052 3683 3110 nobis

2028 3152 2115 3205 est
2140 3146 2541 3205 enuntiantes.
2572 3143 2662 3201 Sic
2694 3147 2750 3200 et
2786 3143 2848 3198 in
2899 3142 3111 3217 Spiritu
3167 3146 3223 3198 et
3271 3159 3411 3199 cum
3463 3141 3685 3215 Spiritu

2028 3238 2338 3297 offerimus
2388 3234 2646 3307 gloriam
2692 3234 2847 3289 Deo:
2882 3231 3029 3288 nihil
3072 3248 3145 3289 ex
3190 3230 3368 3288 nobis
3398 3230 3686 3293 dicentes,

2030 3328 2137 3385 sed
2163 3344 2236 3384 ex
2262 3326 2479 3383 tradita
2506 3342 2541 3381 a
2572 3324 2827 3380 Domino
2857 3321 3148 3394 doctrina,
3173 3320 3337 3378 velut
3385 3338 3415 3377 e
3452 3319 3685 3392 regula,

2032 3418 2110 3476 ad
2131 3435 2203 3476 ea
2230 3433 2367 3491 quae
2399 3415 2532 3486 conj
2545 3417 2722 3470 uncta
2742 3416 2902 3478 sunt,
2936 3410 3171 3485 sibique
3200 3411 3458 3468 invicem
3496 3411 3690 3467 cohae-

2031 3512 2185 3575 rent,
2228 3523 2298 3564 ac
2339 3502 2745 3562 necessariam
2787 3502 2850 3558 in
2899 3501 3200 3574 mysteriis
3240 3499 3691 3573 copulationem

2033 3597 2280 3669 habent,
2314 3593 2637 3651 dictionem
2666 3589 3117 3649 transferentes.
3157 3593 3309 3647 Nam
3334 3606 3473 3646 eum
3499 3590 3604 3662 qui
3626 3590 3693 3646 in

2035 3686 2399 3762 baptismate
2436 3684 2908 3740 connumeratus
2937 3683 3044 3748 est,
3076 3678 3416 3735 necessario
3458 3678 3692 3750 judica-

2036 3794 2174 3834 mus
2202 3780 2261 3833 et
2287 3776 2348 3831 in
2368 3772 2487 3830 ﬁde
2515 3774 2792 3844 oportere
2815 3766 3557 3842 copulari.Professionem
3586 3784 3689 3824 au-

2035 3871 2152 3925 tem
2175 3863 2504 3935 tidei,ve1ut
2526 3860 2761 3918 initium
2790 3857 3106 3932 quoddam
3133 3873 3199 3913 ac
3230 3861 3486 3914 matrem
3517 3856 3695 3927 glori-

2033 3954 2330 4013 ﬁcationis
2358 3952 2627 4009 fecimus.
2660 3947 2776 4006 Sed
2818 3946 2966 4022 quid
2996 3945 3344 4003 faciendum
3365 3946 3496 4002 est?
3528 3949 3694 4003 Nunc

2033 4046 2196 4103 enim
2224 4044 2480 4100 doceant
2507 4055 2723 4111 nos,ne
2753 4037 3147 4111 baptizemus,
3163 4035 3693 4110 quemadmodum

2035 4134 2400 4209 accepimus,
2434 4136 2537 4189 aut
2565 4146 2641 4188 ne
2667 4127 3010 4195 credamus,
3042 4126 3571 4200 quemadmodum
3590 4125 3698 4184 ba-

2034 4226 2235 4305 ptizati
2255 4225 2599 4291 sumus,aut
2619 4237 2695 4278 ne
2717 4217 3147 4290 gloriﬁcemus,
3167 4216 3695 4290 quemadmodum

2036 4318 2356 4376 credimus.
2386 4313 2765 4371 Demonstret
2794 4308 2956 4365 enim
2999 4306 3235 4380 aliquis,
3280 4310 3384 4364 aut
3407 4321 3531 4363 non
3562 4322 3697 4362 esse

2036 4406 2441 4467 necessariam
2471 4408 2529 4461 et
2556 4400 2931 4460 indivulsam'
2951 4398 3172 4455 horum
3200 4397 3355 4453 inter
3382 4412 3445 4454 se
3493 4412 3699 4453 conse-

298 4496 619 4560 καταλυσις.
674 4495 812 4551 Ἀλλ’
860 4498 919 4553 οὔ
971 4501 1225 4557 παύονται
1276 4502 1381 4555 ἄνω
1439 4506 1528 4557 καὶ
1584 4505 1722 4556 κάτω
1777 4502 1918 4578 θρυλ-

2038 4500 2375 4576 quentiam,
2417 4498 2523 4557 aut
2546 4494 2610 4552 in
2632 4493 2797 4550 hisce
2826 4488 3151 4547 novitatem
3176 4502 3302 4544 non
3340 4503 3477 4544 esse
3519 4486 3700 4543 totius

308 4691 448 4756 qua:
466 4678 1228 4756 non_exst_a.nt_ri_ominati_m
1244 4679 1306 4735 in
1324 4680 1666 4756 Scripturis.
1684 4680 1752 4737 In
1765 4680 1918 4756 libro

310 4747 437 4827 sive
457 4747 712 4827 epistola
733 4750 812 4827 De
831 4747 972 4827 t_ide,
996 4750 1318 4827 moralibus
1339 4747 1614 4827 praefixa,
1632 4769 1770 4810 cum
1791 4752 1920 4827 qui-

302 4819 450 4903 dam
470 4819 549 4875 ab
569 4835 644 4874 eo
662 4819 1073 4906 postulassent
1091 4819 1671 4906 egolo'ytanr‘iyypaqrov',
1688 4819 1922 4906 confes-

302 4836 450 4903 qam
470 4836 549 4875 an
569 4836 644 4874 eo
654 4836 1073 4946 postulassent
1098 4836 1374 4906 ομολογίαν
1395 4836 1671 4899 ἔγγραφον,
1695 4836 1919 4896 confes-

293 4907 528 4949 sionem
548 4906 631 4948 ea:
696 4898 986 4975 emptum;
1002 4900 1359 4975 petitum,_p.
1373 4901 1500 4975 223,
1522 4897 1919 4975 proﬁteturse

294 4980 425 5046 non
446 4978 713 5050 usurum
727 4963 927 5050 verbis
942 4963 1218 5050 ἀγρέφοις,
1234 4963 1420 5050 idest,
1434 4963 1572 5050 quae
1585 4968 1647 5050 in
1662 4970 1921 5050 Scripta:

296 5036 381 5091 ris
399 5051 528 5091 non
542 5034 855 5104 leguntur.
867 5034 1035 5093 Unde
1047 5034 1475 5095 Consubstanti
1483 5037 1574 5096 ale
1593 5040 1652 5095 in
1666 5039 1766 5096 illa
1779 5034 1921 5096 ﬁdei

306 5107 774 5185 confessionem
798 5123 925 5185 non
949 5110 1265 5185 reperitur.
1297 5111 1503 5166 Ariani
1551 5111 1719 5185 apud
1746 5111 1920 5185 Atha-

307 5181 548 5256 nasiu_m
578 5178 688 5234 lib.
726 5181 824 5256 _De
847 5178 1783 5256 decretuNic.queruntur'quod
1833 5183 1921 5240 Ni-

308 5252 693 5337 cagni'Patres.
714 5249 986 5337 ᾁγρςίῗρνβ
1017 5249 1484 5337 λέξειςζᾴἰᾷίὶοῃεδ
1506 5270 1626 5337 non
1640 5249 1919 5337 scriptas

306 5298 985 5396 ξιάωίείεεθηιῴῗιηῖιιίῐ
1002 5298 1130 5380 νεῖ-ί
1151 5298 1919 5396 Iiixissét'casiliué',"s'i"€65:

305 5394 625 5453 fessionem
657 5394 805 5472 ﬁdei
834 5395 1179 5472 in‘Patrenr
1204 5401 1261 5472 et
1306 5396 1522 5472 Ffilium
1553 5401 1610 5453 et
1637 5394 1919 5472 spiritum

308 5473 599 5542 sanctum,
628 5473 700 5542 e_t_
723 5466 848 5524 alia
871 5466 1181 5539 ejusmodi
1196 5467 1497 5542 instituta,
1530 5466 1695 5542 quae
1741 5474 1922 5527 vocat

306 5541 520 5615 ἄγραφα,
561 5538 745 5598 nullo
766 5555 1055 5667 dn‘orsus
1095 5539 1319 5612 scripto
1375 5538 1734 5611 consignata
1789 5556 1919 5596 esse

304 5614 736 5672 contendisset.
821 5625 1004 5669 orum
1029 5610 1193 5685 enim
1219 5627 1345 5685 non
1362 5610 1730 5685 infrequens
1753 5613 1922 5685 apud

299 5686 566 5762 antiquos
594 5685 945 5760 scriptores
987 5682 1238 5742 mentio.
1267 5683 1421 5751 Quin
1449 5682 1634 5744 etiam
1661 5682 1921 5758 ipse'Ba-

2028 4680 2198 4737 silius
2227 4673 2604 4750 gloriﬁcandi
2632 4671 2907 4750 modum,
2943 4683 3127 4750 quem
3157 4665 3557 4750 interni'ypafa
3603 4664 3698 4722 in-

2026 4741 2709 4808 stituta'numerandum
2736 4741 2979 4807 fatetur,
3025 4741 3089 4795 in
3144 4741 3381 4810 scriptis
3422 4743 3699 4810 veterum

2026 4825 2275 4880 Patrum
2298 4835 2461 4893 saepe
2501 4829 2813 4893 occurrere
2839 4812 3219 4893 demonstrat
3248 4809 3383 4893 Cap:
3553 4809 3699 4864 Fru-

2027 4900 2149 4951 stra
2178 4908 2322 4964 ergo
2361 4880 2680 4964 sententiae
2714 4902 2837 4964 suae
2892 4881 3242 4964 praesidium
3275 4896 3311 4964 α
3342 4880 3693 4964 Basilio‘pe-

2027 4971 2176 5047 t_unt,
2205 4951 2317 5047 qui
2347 4976 2557 5046 preces
2601 4951 3054 5047 biturgiae‘sero
3079 4951 3420 5009 admodum
3446 4951 3693 5009 conten-

2026 5027 2179 5094 dunt
2205 5027 2412 5091 litteris
2442 5030 2764 5088 mandatas
2799 5027 3009 5083 fuisse.

2098 5111 2210 5181 (69)
2236 5115 2339 5167 Τῆς
2366 5109 2612 5181 τι-ίστιεωςζ
2639 5099 2791 5156 Editi
2814 5098 3055 5181 addunt
3067 5097 3353 5163 πιστεύειν,
3386 5094 3555 5181 quod
3582 5110 3698 5152 sua

2028 5167 2242 5255 sponte
2264 5172 2748 5255 incommodum,
2763 5171 2951 5255 _ac‘in.
2966 5169 3166 5255 tribus.
3186 5167 3559 5255 mssgdieest;

2098 5253 2214 5324 (70)
2240 5256 2322 5304 Τῶ
2371 5236 2744 5324 βαπτίσματιί
2763 5241 2908 5324 Male
2936 5241 2998 5298 in
3029 5238 3290 5324 editione
3320 5237 3505 5295 Paris.
3540 5236 3589 5289 ἐν
3612 5245 3696 5324 ¹τῶ

2029 5309 2723 5398 βαπτίομειτιζιᾳιιοάίορθ
2754 5318 3024 5394 veterum
3066 5311 3363 5398 librorum
3408 5309 3698 5398 emenda-

2027 5381 2246 5451 vimus:
2266 5381 2452 5449 Paulo
2474 5393 2611 5462 post
2632 5381 2752 5464 {res
2783 5402 2926 5443 mss.
2962 5384 3017 5438 ἐκ
3045 5391 3105 5443 τῆ
3119 5381 3338 5464 sunt???“
3365 5383 3587 5464 ταύτης.

2099 5468 2210 5540 (7f)
2238 5452 2636 5540 Εἰσφερομένην.
2667 5460 2753 5540 I_t_a
2783 5474 2934 5515 mss.
2965 5471 3093 5540 sex.
3126 5452 3614 5540 Enditiroa‘opfxévn‘r.

2102 5504 2211 5610 iiii
2238 5504 3508 5610 22;;9;_ii';;;;;.‘if'aEade's'abaﬁ"caaiaes
3538 5538 3691 5580 mss.

2028 5606 2622 5683 Εάνὶγίὶίέξαγγέλλοντις.
2706 5679 2715 5683 _
2823 5675 2859 5683 _
3246 5668 3330 5683 η,

2101 5681 2213 5756 (73)
2248 5668 2329 5737 ξεί
2348 5668 2452 5741 τοῖς
2479 5668 3169 5755 μυστηρίοιςέκθβοείῐίο
3189 5668 3400 5729 addita
3426 5683 3501 5726 ex
3530 5678 3693 5726 mss.
