4114 6388
498 273 597 328 I95
1867 271 1936 328 S.
1980 273 2234 330 BASILII
2273 273 2513 330 HAGNI.

3773 277 3889 330 196

493 396 990 456 destructionem.
1024 401 1095 454 At
1118 413 1241 454 non
1271 397 1553 454 desinunt
1580 397 1676 453 isti
1721 413 1963 454 sursum
1990 398 2158 455 deor-

2281 398 2478 461 λοῦντες
2518 402 2608 456 τὴν
2641 396 2939 472 ἀμάρτυρον
2969 401 3058 449 καὶ
3089 399 3342 470 ἄγραφον,
3383 402 3474 450 καί
3512 399 3613 452 ὅσα
3635 407 3888 469 τοιαῦτα,

499 503 632 542 sum
681 487 928 557 jactare,
976 486 1476 557 gloriﬁcationem
1527 503 1665 542 cum
1699 492 1908 544 sancto
1942 488 2163 560 Spiritu

504 591 708 632 carere
739 576 1104 644 testimonio,
1131 593 1333 632 carere
1362 577 1690 648 Scriptura,
1721 582 1776 633 et
1811 577 1929 633 alia
1956 577 2163 650 hujus-

413 691 418 694 -
504 665 939 721 modi.Dictum
970 667 1328 738 estquidem
1364 666 1512 722 nihil
1542 667 1758 723 referre
1789 667 1866 723 ad
1894 683 2161 736 sensum,

504 755 626 809 sive
670 754 860 823 dicas,
894 755 1089 811 Gloria
1121 756 1279 812 Patri
1313 761 1371 812 et
1395 755 1537 812 Filio
1559 762 1615 813 et
1661 756 1901 830 Spiritui
1929 762 2161 823 sancto,

499 843 619 898 sive
671 843 858 912 dicas,
913 844 1109 900 Gloria
1139 845 1296 914 Patri
1339 849 1396 900 et
1427 844 1566 901 Filio
1597 861 1737 901 cum
1770 851 1978 902 sancto
2031 847 2161 918 Spi-

496 932 638 990 ritu.
695 933 1035 1003 Nonigitur
1082 934 1174 989 {as
1201 938 1289 990 est
1334 934 1620 1007 cuiquam
1655 935 1954 1007 syllabam
1983 941 2057 1006 et,
2091 951 2164 992 ex

499 1037 604 1077 ore
656 1022 888 1078 Domini
944 1022 1277 1095 profectam
1332 1024 1576 1094 rejicere
1634 1030 1736 1080 aut
1767 1041 2158 1098 expungere:

497 1126 611 1166 nec
637 1110 976 1183 quidquam
1007 1115 1168 1168 vetat
1191 1113 1443 1169 alteram
1460 1130 1594 1186 quae
1621 1114 1780 1170 idem
1812 1114 2164 1186 pollet,reci-

516 1215 658 1272 pere
692 1217 703 1254 :
737 1216 870 1272 quae
900 1201 1211 1273 quomodo
1244 1218 1382 1258 cum
1414 1202 1515 1258 illa
1558 1204 1651 1259 vel
1704 1205 2025 1261 conveniat
2069 1205 2166 1260 vel

497 1287 820 1361 discrepet,
877 1289 1152 1361 superius
1209 1291 1790 1352 demonstravimus.
1834 1294 2166 1349 Confirmat

495 1382 700 1434 autem
733 1379 1094 1434 sententiam
1126 1379 1303 1436 nobis
1331 1385 1388 1437 et
1415 1382 1758 1454 Apostolus,
1787 1383 2162 1459 58indiil‘e-

495 1471 698 1522 renter
729 1473 983 1539 utraque
1009 1484 1158 1524 voce
1190 1473 1363 1525 utens
1414 1470 1715 1526 interdum
1746 1472 1827 1528 ita
1850 1472 2109 1545 loquens
2143 1489 2154 1527 :

498 1557 571 1611 In
608 1558 848 1614 nomine
873 1559 1118 1614 Domini
1143 1560 1286 1614 Jesu
1322 1560 1572 1627 Christi,
1620 1569 1673 1618 et
1706 1565 1767 1617 in
1792 1563 2030 1633 Spiritu
2061 1564 2171 1619 Dei

497 1648 752 1713 nostri‘;
787 1663 856 1702 ac
888 1664 1120 1716 rursus,
1151 1650 1552 1720 Congregatis
1592 1651 1755 1706 vobis
1785 1658 1838 1708 et
1869 1668 1996 1708 meo
2024 1652 2167 1722 Spi-

2275 493 2369 548 τὴν
2421 492 2514 541 σὺν
2552 496 2624 558 τῷ
2675 490 2934 560 Ῐινεύματι
2976 495 3050 558 τῷ
3099 487 3231 559 ἁγίῳ
3287 484 3612 560 δοξολογίαν.
3658 493 3890 563 Εἴρηται

2277 599 2365 652 μεν
2417 575 2523 649 οὖν,
2574 581 2653 630 ότι
2701 582 2890 629 ταυτὸν
2941 575 3052 629 ἐστι
3099 580 3230 650 πρὸς
3260 573 3496 629 διάνοιαν
3536 577 3714 645 εἰπεῖν,
3748 579 3893 642 Δόξα

2281 673 2449 742 Πατρὶ
2479 673 2568 720 καὶ
2636 669 2738 737 Υὶῷ
2778 671 2864 719 καὶ
2895 666 3029 738 ἁγίῳ
3061 670 3320 739 ΙΙνεύματι
3351 684 3365 697 ’
3409 672 3497 719 και
3538 667 3669 730 Δόξα
3709 675 3890 743 Πατρὶ

2277 756 2367 810 κάί
2400 753 2502 828 Υἱῷ
2545 762 2639 809 σύν
2669 765 2741 828 τῷ
2794 756 2928 828 ἁγίῳ
2975 760 3264 829 Πνιύματι.
3324 757 3459 810 Ούτε
3505 754 3592 809 οὖν
3641 761 3735 816 τὴν
3787 763 3886 811 καὶ

2281 845 2544 904 συλλαϐὴν
2589 846 2643 909 ἐξ
2681 846 2845 908 αὐτῆς
2895 853 2987 898 τοῦ
3048 851 3242 920 Κυρίου
3303 853 3467 918 φωνῆς
3526 843 3887 920 προελθοῦσαν

2279 935 2535 995 ἀθετῆσαι
2570 955 2672 988 τινι
2701 937 2729 996 ἦ
2785 933 3092 1010 διαγράγειν
3145 938 3250 987 οἷόν
3289 955 3362 1000 τε,
3396 941 3484 988 καὶ
3515 941 3609 994 τὴν
3656 933 3886 989 ἰσοδυνα

2275 1035 2478 1100 μοῦσαν
2519 1026 2649 1099 αύτῇ
2701 1022 2851 1078 οὐδὲν
2905 1029 2963 1078 τὸ
3032 1025 3226 1078 κωλύον
3275 1023 3673 1098 καταδεχθῆναι
3717 1028 3829 1095 (74)
3860 1043 3876 1057 ⁶

2276 1119 2305 1176 ἡ
2341 1118 2479 1178 ὅπως
2526 1119 2640 1188 ἔχει
2691 1119 2820 1190 πρὸς
2870 1114 3063 1174 ἐκείνην
3097 1112 3354 1189 διαφορᾶς
3400 1135 3452 1168 τε
3495 1121 3583 1168 καὶ
3632 1117 3880 1188 ὁμοιότη-

2275 1225 2381 1270 τος,
2411 1205 2461 1258 ἐν
2493 1213 2597 1266 τοῖς
2636 1210 2853 1257 κατόπιν
2906 1201 3192 1278 ἐδείξαμεν.
3241 1203 3444 1257 Βεϐαιοῑ
3499 1201 3558 1256 δε
3607 1207 3731 1277 ἡμῖν
3791 1209 3885 1258 τόν

2275 1296 2424 1367 λόγον
2473 1300 2562 1348 καὶ
2622 1297 2648 1346 ό
2693 1294 3010 1356 Ἀπόστολος
3050 1291 3352 1368 ἀδιαφόρως
3381 1294 3592 1367 ἑκατέρᾳ
3633 1302 3695 1366 τῇ
3731 1302 3874 1367 φωνῇ

2276 1387 2622 1459 κεχρημένος,
2667 1391 2755 1435 νῦν
2804 1387 2894 1456 μεν
2945 1383 3124 1455 λέγων,
3159 1390 3239 1436 Ἐν
3269 1391 3342 1454 τῷ
3391 1383 3607 1456 ὀνόματι
3639 1391 3728 1435 τοῦ
3779 1386 3890 1436 Κύ-

2276 1481 2392 1551 ρίου
2426 1475 2602 1532 Ἰησοῦ
2660 1481 2918 1549 Χριστοῦ,
2959 1478 3048 1526 καὶ
3103 1472 3150 1525 ἕν
3199 1482 3272 1545 τῷ
3315 1476 3581 1546 Ιῐνεύματι
3614 1480 3706 1526 τοῦ
3746 1481 3889 1526 Θεοῦ

2277 1567 2444 1637 ἡμῶν·
2478 1563 2632 1616 πάλιν
2661 1560 2740 1630 δὲ,
2777 1565 3140 1634 Συναχθέντων
3161 1565 3302 1634 ύμῶν
3333 1569 3539 1616 καὶτοῦ
3570 1561 3693 1635 ἐμοῦ
3727 1565 3894 1616 Πνεύ-

2277 1674 2443 1728 ματος
2484 1658 2578 1706 σύν
2608 1650 2671 1725 τῇ
2711 1649 2931 1726 δυνάμει
2955 1660 3047 1705 τοῦ
3090 1658 3283 1725 Κυρίου
3312 1653 3489 1710 Ἰησοῦ
3523 1670 3535 1682 ’
3565 1649 3715 1706 οῦδὲν
3757 1649 3890 1704 δια-

497 1737 621 1791 ritu
651 1751 785 1791 cum
810 1737 1029 1793 virtute
1063 1739 1302 1794 Domini
1327 1739 1469 1794 Jesu
1494 1741 1514 1773 ⁵
1541 1759 1553 1807 ;
1588 1741 1736 1796 nihil
1767 1741 2050 1797 interesse
2077 1758 2158 1797 rat

2281 1748 2445 1817 φέρειν
2494 1745 2779 1816 ἡγούμενος
2823 1750 2893 1813 τῷ
2928 1737 3206 1815 συνδέσμῳ
3247 1743 3275 1801 ἦ
3308 1749 3368 1815 τῇ
3425 1744 3706 1815 προσθέσει
3751 1746 3890 1816 πρὸς

496 1829 612 1891 tus,
666 1825 793 1880 sive
826 1825 1272 1896 conjunctione,
1325 1828 1450 1883 sive
1485 1829 1912 1901 prtepositione
1943 1831 2022 1886 ad
2051 1847 2166 1886 no-

497 1913 732 1968 minum
763 1914 1252 1984 conjunctionem
1293 1918 1498 1972 utaris.

1066 2025 1303 2080 CAPUT
1339 2026 1570 2082 XXVIII.

498 2111 668 2178 Quod
705 2127 835 2182 qua:
865 2112 1306 2188 tie/tominibus
1345 2114 1488 2188 dicit
1528 2115 1851 2186 Scriptura
1882 2123 2166 2188 tanquam

568 2198 693 2239 una
719 2199 848 2238 cum
882 2183 1124 2257 Christo
1152 2187 1567 2257 regnantibus,
1590 2183 1761 2244 ea'de
1781 2183 2018 2257 Spiritu
2048 2189 2171 2245 dici

567 2270 690 2308 non
722 2256 1056 2310 concedunt
1087 2256 1447 2313 adversarii.

569 2346 660 2400 69.
691 2342 1020 2398 Videamus
1079 2361 1259 2416 porro
1312 2361 1390 2402 an
1430 2346 1844 2404 defensionem
1893 2348 2166 2421 aliquam

497 2432 770 2503 patribus
795 2433 1014 2488 nostris
1059 2451 1240 2507 super
1274 2435 1630 2506 hujusmodi
1685 2454 1795 2493 usu
1849 2438 2158 2511 possimus

498 2521 861 2590 excogitare.
891 2525 1038 2578 Nam
1079 2526 1180 2596 qui
1212 2524 1387 2580 nobis
1444 2525 1526 2581 ita
1582 2526 1869 2598 loquendi
1917 2528 2161 2584 fuerunt

501 2615 804 2680 auctores,
863 2611 1056 2681 magis
1113 2629 1301 2685 quam
1343 2631 1454 2670 nos
1506 2616 1731 2672 hierent
1769 2617 1830 2673 in
1884 2618 2158 2673 crimine.

501 2699 719 2756 Paulus
757 2700 938 2769 igitur
990 2701 1448 2759 Colossensibus
1496 2705 1766 2762 scribens
1826 2727 1838 2764 :
1900 2708 1977 2762 Et
2038 2724 2158 2774 vos,

497 2789 716 2861 inquit,
748 2806 880 2846 cum
931 2795 1129 2847 essetis
1165 2796 1393 2850 mortui
1443 2795 1679 2852 delictis
1718 2813 1789 2854 ac
1839 2801 2157 2868 praeputio,

498 2879 829 2946 viviﬁca'n't
878 2881 1061 2936 simul
1086 2897 1218 2936 cum
1245 2885 1496 2945 Christo
1527 2887 1568 2938 δ.
1616 2889 1764 2942 Num
1813 2887 1994 2957 igitur
2043 2887 2152 2943 toti

497 2967 728 3039 papulo
759 2972 815 3022 et
850 2968 1120 3024 Ecclesiae
1169 2971 1420 3028 donavit
1457 2976 1612 3029 Deus
1642 2975 1824 3031 vitam
1883 2993 2015 3049 quae
2073 2981 2162 3032 est

499 3073 636 3112 cum
671 3057 922 3127 Christo,
979 3064 1188 3114 sancto
1219 3066 1421 3117 autem
1453 3063 1693 3134 Spiritui
1738 3080 1857 3120 non
1909 3071 1998 3120 est
2040 3066 2160 3121 vita

499 3161 641 3201 cum
689 3146 972 3202 Christo?
1006 3149 1179 3213 Quod
1203 3149 1250 3204 si
1281 3149 1441 3204 istud
1467 3150 1561 3206 vel
1593 3151 1800 3208 animo
1843 3154 2163 3227 concipere

499 3235 762 3308 impium
819 3242 933 3300 est,
989 3229 1194 3292 annon
1249 3240 1417 3310 pium
1477 3241 1669 3306 fuerit,
1705 3249 1767 3298 ut
1820 3244 2005 3300 habet
2054 3261 2164 3300 na-

499 3328 660 3384 tura.
689 3325 770 3380 ita
799 3325 980 3380 etiam
1013 3327 1454 3398 professionem
1509 3332 1877 3401 conjunctim
1932 3335 2163 3406 persol-

499 3416 685 3470 vere?
742 3415 982 3483 Adhaec,
1046 3432 1252 3472 annon
1299 3420 1549 3475 extremi
1597 3423 1862 3494 stuporis
1918 3431 2030 3495 est,
2079 3425 2164 3481 fa-

500 3503 607 3559 teri
664 3508 907 3560 sanctos
949 3521 1082 3560 esse
1126 3522 1265 3562 cum
1308 3508 1541 3565 Christo
1568 3510 1892 3584 (siquidem
1949 3517 2167 3572 Paulus

497 3593 896 3664 peregrinans
952 3610 988 3649 a
1031 3610 1284 3668 corpore
1316 3612 1579 3670 praesens
1632 3605 1719 3655 est
1756 3601 1921 3672 apud
1964 3605 2159 3660 Domi-

496 3684 680 3736 num7
709 3701 722 3748 ;
757 3687 810 3738 et
843 3682 947 3738 ubi
991 3684 1326 3753 emigravit,
1361 3687 1492 3758 jam
1544 3704 1684 3745 cum
1717 3691 1950 3748 Christo
1995 3696 2104 3765 est)
2139 3712 2150 3748 :

494 3771 608 3826 hos
633 3789 774 3827 vero
806 3774 1044 3845 Spiritui
1071 3780 1365 3848 quantum
1393 3778 1642 3850 quidem
1669 3780 1728 3835 in
1763 3782 1911 3854 ipsis
1935 3789 2158 3852 est,ne-

495 3877 614 3932 que
640 3862 756 3917 hoc
779 3862 1060 3926 tribuere,
1096 3871 1162 3922 ut
1195 3882 1360 3938 aeque
1407 3867 1618 3923 saltem
1668 3876 1848 3943 atque
1874 3873 2150 3930 homines

497 3966 635 4005 cum
662 3951 891 4006 Christo
932 3953 1049 4008 sit?
1081 3955 1234 4019 Quin
1266 3961 1322 4010 et
1350 3956 1566 4012 Paulus
1589 3961 1854 4031 seipsum
1889 3965 1987 4018 Dei
2018 3981 2159 4020 coo-

495 4044 838 4108 peratorem
869 4041 1134 4112 appellat
1159 4043 1218 4097 iii
1261 4044 1781 4104 administratione
1810 4051 2118 4122 Evangelii
2146 4069 2158 4106 ε

498 4125 601 4180 sed
634 4127 916 4196 Spiritum
947 4136 1246 4196 sanctum,
1276 4148 1382 4203 per
1413 4150 1593 4206 quem
1622 4137 1678 4191 in
1704 4139 1867 4192 omni
1896 4146 2168 4198 creatura

497 4230 629 4286 quae
651 4215 765 4270 sub
793 4216 944 4271 cmlo
975 4219 1410 4287 est,fructiticat
1437 4225 1848 4294 Evangelium,
1873 4228 1920 4282 si
1951 4244 2164 4302 coope-

497 4309 758 4360 ratorem
784 4305 1284 4377 appellemus,hic
1299 4325 1542 4382 quoque
1564 4313 1885 4385 impietatis
1908 4334 2018 4372 nos
2033 4334 2166 4373 reos

504 4395 824 4464 peragent?
849 4397 911 4449 Et
935 4400 994 4450 ut
1017 4396 1397 4468 videtur,vita
1429 4403 1800 4472 sperantium
1824 4405 1882 4459 in
1913 4406 2164 4462 Domino

498 4481 860 4538 abscondita
884 4489 970 4538 est
1001 4500 1140 4538 cum
1182 4463 1418 4542 Christo
1450 4463 1510 4542 in
1533 4490 1673 4556 Ileo,
1708 4507 1970 4565 cumque
2002 4495 2164 4549 Chri--
2202 4463 2241 4515 υ

493 4572 621 4623 stus
648 4569 999 4641 apparuerit
1025 4571 1146 4627 vita
1170 4578 1530 4637 nostra,tum
1564 4583 1620 4631 et
1650 4579 1761 4649 ipsi
1788 4596 1926 4636 eum
1958 4598 2030 4636 eo
2065 4598 2162 4654 ap-

497 4660 804 4730 parebunt
835 4662 895 4716 in
930 4661 1178 4733 gloria”:
1209 4664 1336 4736 ipse
1362 4672 1564 4722 autem
1586 4668 1840 4740 Spiritus
1868 4672 2022 4742 vitae,
2054 4674 2160 4746 qui

489 4746 761 4806 liberavit
795 4767 906 4806 nos
936 4767 971 4808 a
997 4751 1126 4822 lege
1153 4755 1380 4826 peccati
1403 4760 1446 4824 ε’,
1482 4773 1877 4831 nequaquam
1907 4767 1996 4817 est
2017 4779 2155 4819 cum

563 4955 584 4987 ⁴
615 4955 629 5007 t
659 4955 792 5012 Cor.
821 4971 900 5023 v1,
935 4962 1016 5012 lt.
1096 4961 1116 4994 ~'-
1141 4959 1160 5012 I
1187 4962 1316 5018 Cor.
1356 4979 1406 5029 v,
1434 4965 1487 5020 4.
1567 4966 1588 4998 ⁶
1618 4963 1842 5020 Coloss.
1877 4984 1931 5038 tt,
1970 4973 2054 5026 l3.

563 5177 681 5276 (7f)
713 5173 1336 5276 ξξτξιᾷξχθῆναι.ιιῖρε.
1388 5186 1698 5273 secundus
1731 5187 2161 5276 παραδεχθῆναι,

713 5254 853 5319 post
875 5246 1034 5304 idem
1069 5255 1259 5335 codex
1281 5246 1339 5306 ’ἐν
1363 5265 1472 5318 τοῖς
1502 5265 1718 5310 κατόπιν
1753 5246 2092 5335 ἐδιδάξαμεν.

565 5322 792 5407 ς75)’Τῷ
821 5327 1060 5407 δριστῲ.
1089 5324 1241 5407 Iiditi
1276 5331 1369 5407 σῦν
1395 5336 1467 5407 τῷ
1505 5337 1738 5402 Χριστῷ,
1772 5349 1906 5404 quae
1927 5322 2165 5407 ’μικρο-

494 5389 630 5444 sitio
669 5389 841 5462 deest
869 5389 930 5446 in
957 5389 1200 5450 duobus
1226 5389 1491 5453 melioris
1524 5389 2050 5462 notte'c'odicib‘us.

539 5465 682 5539 __(7_6_)
716 5458 860 5539 erat
885 5471 1180 5539 miserat.
1217 5469 1307 5539 stt;
1337 5470 1516 5525 iidem
1551 5471 1674 5528 duo
1712 5458 2168 5533 codices—modo

499 5531 680 5586 citati.
715 5533 985 5596 Quatuor
1013 5535 1113 5591 alii
1162 5539 1223 5590 Ei
1270 5536 1329 5590 δε
1360 5547 1650 5600 καὶτοῦτο,
1688 5545 1838 5601 Editi
1883 5549 1940 5599 Ei
1993 5531 2170 5601 aeni

499 5607 652 5653 τοῦτο
694 5607 802 5660 καί.
838 5605 1024 5669 Paulo
1056 5610 1192 5669 Post
1218 5609 1360 5672 editi
1393 5621 1499 5675 πῶς
1528 5614 1656 5687 οὐχὶ
1682 5623 1772 5669 καὶ
1797 5626 1886 5679 τῆς
1908 5619 2169 5692 ἐσχάτης,

2130 4971 2149 5004 7
2183 4969 2226 5023 II
2254 4971 2390 5026 Cor.
2432 4985 2484 5036 v,
2519 4971 2572 5026 8.

2278 1839 2370 1892 την
2406 1842 2505 1885 τῶν
2527 1833 2788 1906 ὀνομάτων
2821 1831 3125 1905 συμπλοκὴν
3152 1830 3592 1906 ἀποχρήσασθαι.

2801 2017 3190 2064 ΚΕΦΑΛΑΙΟΝ
3241 2010 3362 2067 ΚΙ-Γ.

2275 2102 2397 2175 Ὀτι
2422 2101 2593 2174 ἆπερὶ
2636 2109 2735 2152 τῶν
2768 2099 3049 2173 ἀνθρώπων
3087 2099 3220 2171 λέγει
3250 2102 3280 2158 ἡ
3311 2103 3485 2175 Γραφή
3529 2101 3594 2160 ὡς
3618 2098 3891 2175 συμβασι-

2349 2171 2592 2226 λευόντὼν
2623 2171 3052 2247 Χριστῷ,“ταυτα
3094 2177 3212 2246 περὶ
3249 2171 3641 2245 τουἸΙεύματος
3686 2171 3747 2224 ού
3791 2191 3892 2224 συ-

2349 2243 2677 2319 γχωροῦσιν
2700 2247 2750 2296 οἱ
2781 2243 3142 2315 ἀντιλέγοντες.

2350 2341 2436 2391 69.
2468 2331 2688 2408 Ἲδωμεν
2725 2331 2783 2386 δε
2813 2339 2902 2386 καὶ
2941 2337 2986 2385 εἰ
3028 2353 3143 2386 τινα
3198 2333 3484 2405 ἀπολογίαν
3536 2341 3639 2394 τοῖς
3670 2335 3887 2405 πατρά-

2280 2444 2362 2476 σιν
2389 2426 2536 2496 ἡμῶν
2590 2432 2688 2486 τῆς
2743 2427 2993 2498 χρήσεως
3041 2425 3234 2484 ταύτης
3274 2421 3634 2495 ἕπινοὴσομεν.
3678 2424 3742 2474 Οἱ
3778 2424 3886 2497 γὰρ

2277 2519 2370 2573 τὴν
2403 2513 2574 2589 ἀρχὴν
2604 2519 2968 2586 παρασχόντες
3016 2522 3088 2584 τῷ
3127 2513 3262 2585 λόγῳ
3307 2513 3499 2586 μᾶλλον
3557 2515 3703 2586 ἡμῶν
3755 2514 3891 2565 ὑπὸ·

2273 2623 2470 2656 κεινται
2527 2612 2631 2664 τοῖς
2672 2603 2986 2676 ἐγκλήμασι.
3041 2603 3250 2664 Παῦλος
3287 2608 3458 2655 τοίνυν
3519 2603 3891 2656 Κολοσσαεῦσι

2272 2695 2480 2768 γράφων
2514 2706 2528 2722 ⁸
2593 2698 2691 2746 Καὶ
2749 2694 2899 2764 ὑμᾶς,
2953 2697 3103 2764 φησὶ,
3155 2696 3366 2766 νεκρούς
3424 2696 3566 2752 ὄντας
3632 2699 3736 2751 τοῖς
3783 2700 3890 2743 πα-

2272 2789 2591 2856 ραπτώμασι
2643 2787 2733 2835 καὶ
2799 2790 2860 2855 τῇ
2934 2780 3282 2855 ἀκροϐυστίᾳ,
3347 2783 3766 2842 συνεζωοποίησε
3811 2791 3890 2853 τῷ

2280 2882 2496 2946 Χριστῶ
2555 2878 2686 2944 (75).
2721 2872 2856 2945 ’Λρα
2911 2872 2998 2923 οὖν
3033 2871 3138 2923 λαώ
3198 2875 3288 2944 μὲν
3342 2871 3439 2943 ὅλῳ
3479 2877 3568 2924 καὶ
3600 2870 3892 2944 Ἐκκλησία

2280 2962 2574 3036 ἐχαρίσατο
2615 2962 2640 3014 ὁ
2681 2965 2811 3024 Θεὸς
2840 2966 2932 3019 τὴν
2976 2965 3068 3012 σὺν
3099 2968 3316 3035 Χριστῶ
3343 2962 3504 3028 ζωὴν,
3550 2969 3622 3013 τῶ
3660 2957 3719 3013 δε
3749 2961 3892 3032 ἁγίῳ

2280 3054 2546 3123 Πνεῦματι
2600 3049 2728 3120 ούχὶ
2781 3053 2874 3101 σῦν
2923 3057 3134 3123 Χριστῶ
3185 3052 3214 3108 ἠ
3279 3050 3438 3115 ζωὴς
3506 3050 3569 3101 Εἰ
3620 3045 3679 3102 δε
3729 3057 3892 3102 τοῦτο

2279 3146 2368 3192 καὶ
2394 3141 2508 3211 (76)
2561 3137 2772 3211 διανοίᾳ
2809 3137 2980 3191 λαϐεῖν
3025 3138 3224 3211 ἀσεϐὲς,
3283 3147 3390 3200 πῶς
3433 3138 3538 3212 οὐχ
3598 3141 3764 3207 ὅσιον,
3817 3143 3888 3200 ὡς

2280 3233 2392 3301 ἔχει
2442 3232 2662 3302 φύσεως,
2723 3229 2858 3282 οὕτω
2917 3235 3007 3281 καὶ
3059 3233 3152 3287 τὴν
3208 3229 3485 3302 ὁμολογίαν
3547 3233 3894 3301 συνημμένως

2281 3315 2600 3372 ἀποδιδόναι
2633 3336 2646 3386 ;
2680 3317 2827 3385 Εἶτα,
2876 3327 2987 3380 πῶς
3034 3319 3092 3370 ού
3133 3327 3228 3380 τῆς
3275 3318 3517 3391 ἐσχάτης
3565 3317 3895 3390 ἀναλγησίας

2279 3414 2396 3470 τοῦς
2424 3413 2515 3482 μὲν
2574 3411 2757 3482 ἁγίους
2805 3409 3073 3482 ὁμολογεῖν
3129 3414 3223 3462 σὺν
3273 3417 3490 3483 Χριστῶ
3551 3408 3678 3462 εἶναι
3717 3412 3894 3484 (εἴπερ

2282 3496 2348 3556 δὴ
2385 3499 2592 3562 Παυλος
2618 3496 2926 3572 ἐκδημήσας
2977 3499 3076 3552 ἀπὸ
3107 3519 3196 3552 του
3230 3505 3469 3572 σώματος
3501 3500 3615 3569 (77)
3666 3495 3900 3570 ἐνδήμεῖ

2278 3594 2408 3664 πρὸς
2434 3594 2520 3642 τόν
2553 3594 2765 3664 Κύριον,
2789 3594 2878 3641 καὶ
2910 3589 3169 3651 ἀναλύσας
3203 3593 3295 3641 σὺν
3328 3596 3546 3664 Χριστῶ
3567 3587 3706 3640 ἔστιν
3728 3585 3896 3656 ἤδη),

2278 3688 2348 3732 τῶ
2380 3676 2438 3731 δε
2469 3682 2732 3752 Πνεύματι
2785 3681 3002 3740 τούτους
3052 3675 3190 3740 μηδὲ
3238 3685 3342 3738 τοῖς
3373 3677 3667 3750 ἀνθρώποις
3706 3676 3901 3740 ἐξίσου

2279 3771 2408 3841 μετὰ
2452 3776 2688 3843 Χριστοῦ
2740 3765 2889 3834 εἶναι,
2935 3772 3054 3839 τόγε
3111 3768 3178 3828 εἰς
3236 3767 3418 3828 αύτούς
3456 3768 3603 3839 ᾗκον,
3663 3763 3901 3840 μεταδι-

2281 3855 2471 3925 deum;
2531 3863 2632 3910 Καὶ
2666 3857 2867 3918 Παῦλος
2921 3866 3054 3910 Θεοῦ
3085 3860 3176 3930 μεν
3208 3860 3455 3930 συνεργόν
3504 3857 3684 3909 ἑαυτὸν
3727 3856 3777 3908 ἐν
3820 3867 3897 3930 τῇ

2279 3949 2548 4021 οἰκονομίᾳ
2598 3957 2689 4000 τοῦ
2746 3947 3060 4020 Ιίύαγγελίου
3118 3946 3307 4000 καλεῖ·
3349 3951 3406 3998 τό
3457 3944 3516 3998 δὲ
3563 3951 3773 4018 Πνεῦμα
3825 3953 3898 4000 τὸ

2277 4040 2445 4112 ἅγιον,
2472 4036 2546 4092 δι’
2578 4039 2638 4092 οὗ
2672 4038 2719 4092 ἐν
2747 4042 2893 4112 πάσῃ
2927 4043 3100 4090 κτίσει
3129 4047 3190 4110 τῇ
3239 4039 3338 4089 ύπό
3369 4042 3456 4090 τόν
3486 4037 3701 4111 ούρανόν
3757 4057 3897 4113 καρ-

2276 4138 2580 4203 ποφορεῐται
2648 4133 2705 4182 τό
2779 4128 3111 4200 Εύαγγέλιον,
3175 4125 3258 4179 ἐὰν
3337 4131 3584 4200 συνεργὸν
3638 4130 3892 4199 εἴπωμεν,

2275 4219 2544 4271 κάνταυθα
2593 4221 2708 4287 (78)
2764 4217 3000 4279 ἀσεϐείας
3057 4220 3257 4289 γραφὴν
3305 4217 3421 4268 καθ’
3469 4218 3614 4288 ἡμῶν
3661 4215 3891 4286 ἀπενέγ-

2275 4328 2492 4375 καιντο;
2531 4315 2630 4363 Καὶ
2683 4312 2750 4370 ὡς
2795 4312 2976 4374 ἔοικεν,
3028 4309 3057 4366 ἡ
3120 4311 3209 4380 μὲν
3269 4307 3375 4366 ζωὴ
3427 4315 3528 4358 τῶν
3587 4305 3893 4365 ἡλπικότων

2275 4399 2357 4452 ἐπὶ
2392 4403 2580 4475 Κύριον
2609 4404 2893 4474 κέκρυπται
2952 4401 3044 4450 σῦν
3076 4405 3148 4449 τῶ
3178 4405 3393 4468 Χριστὼ
3425 4395 3472 4447 ἐν
3503 4405 3574 4447 τῶ
3595 4403 3708 4448 Θεώ
3742 4413 3754 4424 ·
3787 4402 3896 4448 καὶ

2274 4492 2395 4542 ὅταν
2459 4493 2482 4541 ό
2533 4493 2767 4562 Χριστός
2825 4488 3116 4562 φανερωθῇ,
3173 4488 3201 4544 ἡ
3255 4486 3363 4545 ζωὴ
3416 4487 3586 4558 ἡμῶν,
3636 4490 3748 4538 τότε
3784 4492 3891 4538 καὶ

2274 4580 2423 4632 αὐτοὶ
2455 4585 2546 4632 σῦν
2592 4580 2732 4650 αὐτῷ
2769 4580 3220 4652 φανερωθήσονται
3249 4573 3296 4625 ἐν
3356 4571 3485 4646 δόξῃ
3523 4592 3536 4604 ·
3570 4575 3694 4626 αύτό
3724 4571 3783 4626 δὲ
3821 4581 3895 4629 τό

2277 4677 2487 4744 Πνεῦμα
2514 4679 2611 4731 τῆς
2643 4671 2746 4730 ζωή
2763 4691 2801 4735 ς,
2847 4672 2906 4720 τό
2937 4667 3286 4738 ἐλευθερώσειν
3343 4665 3478 4737 ἡμᾶς
3517 4670 3617 4716 από
3659 4673 3750 4716 τοῦ
3800 4670 3895 4717 νό-

2273 4782 2372 4836 μου
2418 4770 2508 4822 τῆς
2551 4762 2831 4834 ἁμαρτίας,
2865 4754 3112 4829 οὐδαμῶς
3163 4755 3275 4808 ἐστι
3328 4759 3420 4806 σῦν
3476 4763 3710 4830 Χριστὼ,
3763 4759 3896 4810 οὔτε

2651 4968 2670 5001 ⁸
2697 4964 2924 5022 Coloss.
2950 4980 3027 5032 Ill,
3061 4968 3114 5032 3,
3146 4967 3196 5019 4.
3275 4965 3296 4998 ⁵
3327 4965 3497 5020 Rom.
3529 4977 3646 5018 \‘lll.
3680 4964 3732 5016 ‘2.

2278 5195 2512 5270 Veteres
2544 5191 2678 5270 libri
2710 5195 2774 5246 ut
2802 5190 2864 5270 in
2895 5194 3107 5270 textu.__
3461 5255 3498 5270 ν
3652 5257 3687 5270 ε,
3842 5255 3856 5262 ,

2351 5267 2463 5333 (77)
2489 5265 2617 5316 Ἀπὸ
2649 5271 2740 5315 τοῦ
2771 5267 3028 5336 σςὺματος.
3071 5261 3156 5336 Ilii
3183 5274 3332 5336 mss.
3365 5255 3624 5336 codices.
3651 5254 3801 5336 ξι]ἱὲιί
3830 5255 3899 5309 ἐκ

2280 5329 2368 5386 τοῦ
2412 5329 3030 5407 σνιᾷματοςληιυὶόμροει
3058 5330 3200 5386 editi
3224 5331 3337 5407 οἷον.
3361 5334 3478 5400 τόγε
3509 5329 3581 5388 εἰς
3613 5329 3823 5407 αβτοῆς.
3845 5366 3895 5386 -.

2279 5411 2368 5458 καὶ
2401 5407 2447 5458 ἐν
2646 5400 3012 5478 rf:.Codices
3035 5418 3187 5458 mss.
3236 5405 3301 5457 ut
3324 5400 3384 5456 in
3416 5407 3578 5455 textu
3604 5400 3900 5470 etprima.

2283 5477 2632 5552 Basileensts
2663 5477 2867 5552 editio:
3467 5541 3482 5552 ,
3638 5546 3647 5552 _
3687 5541 3695 5550 ,
3822 5541 3864 5552 ,,

2353 5549 2788 5626 astuastu-49a.
2824 5551 2988 5605 Hanc
3021 5559 3419 5626 voce‘mhquae
3447 5541 3656 5608 deerat
3683 5541 3742 5608 in
3765 5541 3902 5615 edi-

2282 5614 2376 5690 tis,
2411 5614 2756 5679 addidimus
2782 5635 2855 5674 ex
2883 5634 3030 5674 mss.
3064 5614 3397 5674 codicibus.
