4114 6382
528 235 628 289 109

1914 237 1974 293 S.
2015 237 2268 296 BASILII
2305 239 2524 299 MAGNI

3798 253 3909 308 200

524 357 713 414 beant
744 359 1078 416 nescientes
1111 360 1177 426 1‘,
1219 361 1268 416 si
1292 375 1363 417 eo
1390 361 1797 431 adducuntur,
1838 366 1904 419 ut
1950 363 2169 436 aliquid

2300 365 2656 440 ἐφικνούμενοι
2682 375 2777 430 τῆς
2807 366 2976 437 ἀξίας,
3008 373 3295 435 κολάζουσι
3323 379 3418 426 τοῦ
3446 372 3602 446 λόγου
3645 377 3704 427 τὸ
3753 378 3912 452 ὑπερ-

529 447 711 505 etiam
737 449 1053 519 magniﬁce
1072 449 1399 524 loquantur
1419 451 1492 507 de
1513 453 1744 524 Spiritu,
1769 453 2016 526 perinde
2037 470 2185 527 qua-

528 537 577 593 si
606 538 960 608 dignitatem
998 539 1188 613 ipsius
1219 548 1658 614 assequuntur;
1694 544 1860 615 quod
1900 544 1961 599 in
2010 543 2183 600 dictis

526 627 782 684 modum
808 629 1060 698 excedit,
1091 631 1445 703 reprimunt.
1482 634 1643 698 Quos
1664 649 1841 689 suam
1861 633 2181 690 inﬁrmita-

528 721 648 773 tem
671 716 986 790 deplorare
1017 720 1366 791 oportebat:
1399 722 1689 794 quoniam
1709 722 1910 779 idonei
1933 739 2058 779 non
2081 741 2181 779 su-

523 822 685 875 mus,
717 808 821 880 qui
843 824 952 880 pro
984 808 1313 879 beneﬁciis,
1351 811 1573 884 quibus
1610 813 1811 884 reipsa
1859 812 2176 885 aﬂicimur,

524 895 723 951 verbis
739 897 964 966 gratias
982 913 1256 968 agamus.
1275 902 1529 972 Superat
1547 902 1709 957 enim
1731 918 1978 959 omnem
2009 902 2178 959 intel-

522 985 745 1042 lectum
767 1003 838 1043 ac
859 988 1153 1044 sermonis
1177 994 1458 1047 naturam
1484 992 1812 1063 redarguit,
1835 1009 1974 1049 cum
2001 1009 2074 1050 ea
2103 1009 2179 1050 ne

521 1075 840 1133 minimam
855 1078 1105 1150 quidem
1127 1079 1433 1150 dignitatis
1453 1081 1610 1138 illius
1630 1088 1863 1155 partem
1877 1084 2176 1156 adaequet,

517 1163 690 1236 juxta
710 1166 895 1223 verba
913 1166 1049 1224 libri
1069 1169 1534 1240 quiinscribitur
1549 1173 1870 1245 Sapientia:
1895 1174 2180 1231 Eafaltate

521 1258 674 1312 enim
694 1268 717 1325 ,'
755 1255 971 1329 inquit,
1008 1266 1502 1333 quatumcunque
1542 1266 1898 1333 potueritis:
1932 1270 2181 1334 superat

522 1345 676 1399 enim
699 1350 755 1400 et
775 1346 1006 1417 adhuc;
1028 1355 1081 1404 et
1104 1350 1444 1406 exultantes
1465 1367 1598 1408 eum
1619 1355 2041 1422 multiplicate.
2062 1354 2182 1409 No-

524 1435 628 1491 lite
654 1435 978 1494 laborare:
1009 1454 1129 1495 non
1160 1441 1316 1497 enim
1353 1445 1754 1514 assequemini
1791 1447 1856 1513 ιδ,
1910 1444 2178 1501 Profecto

2297 463 2486 509 πῖπτον
2541 463 2634 516 την
2697 465 3042 533 συμμετρίαν.
3110 468 3178 522 Ος
3244 461 3411 536 ἐχρῆν
3470 459 3757 540 ὀδύρεσθαι
3814 472 3910 526 τὴν

2293 544 2605 600 ἀσθάνειαν·
2640 552 2720 601 ὅτι
2779 547 2844 600 ὧν
2904 553 3038 623 ἔργῳ
3093 553 3392 625 πάσχομεν,
3436 553 3608 626 λόγοις
3660 554 3910 616 ἀντιπλη-

2290 639 2413 704 ροῦν
2444 638 2537 691 τὴν
2563 636 2724 708 χάριν
2773 634 2866 686 ούκ
2915 634 3246 709 ἐξαρκοῦμεν.
3291 643 3544 711 Υπερέχει
3591 643 3691 714 γὰρ
3737 645 3912 696 πάντα

2292 728 2429 790 νοῦν,
2463 729 2554 775 καὶ
2582 722 2739 795 λόγου
2785 727 2940 796 φύσιν
2991 723 3216 798 ἐλέγχει,
3268 724 3393 780 οὐδὲ
3442 728 3712 801 πολλοστῷ
3762 737 3909 806 μέρει

2287 819 2383 873 τῆς
2449 809 2598 875 ἀξίας
2659 818 3053 888 παρισουμένην
3110 819 3222 887 (84)
3285 821 3423 871 κατὰ
3473 823 3558 872 τὸν
3610 819 3761 892 λόγον
3808 831 3908 886 τῆς

2291 900 2702 975 ἐπιγραφομένης
2757 908 2988 976 Σοφίας·
3057 905 3312 976 Υψώσατε
3373 911 3496 984 γὰρ,
3563 929 3716 983 φησι,
3767 915 3906 966 καθ-

2291 996 2413 1044 όσον
2482 991 2541 1044 ἂν
2611 989 2841 1052 δύνησθε
2890 1015 2902 1028 ο
2975 997 3221 1069 ύπερέχει
3276 1001 3378 1071 γὰρ
3446 1003 3536 1052 xui.
3604 1003 3676 1053 ἔτι
3736 1022 3748 1036 ·
3815 1008 3906 1056 καὶ

2288 1081 2538 1152 ἡβῶντες
2595 1082 2749 1136 αὐτόν
2798 1082 3110 1141 πληθύνατε.
3183 1091 3266 1144 Μὴ
3336 1095 3552 1142 κοπιᾶτε
3600 1111 3613 1124 ο
3673 1091 3730 1144 ού
3792 1096 3900 1167 γάρ

2287 1177 2358 1245 μη
2423 1172 2690 1244 ἐφίκησθε.
2762 1173 2828 1226 Ἦ
2896 1195 2995 1227 που
3061 1174 3272 1250 φοϐεραὶ
3333 1180 3454 1251 ύμῖν
3521 1182 3576 1233 αἱ
3624 1182 3750 1255 ὑπὲρ
3793 1192 3902 1236 τῶν

2288 1266 2532 1314 τοιούτων
2599 1263 2762 1335 λόγων
2831 1264 3041 1317 εὐθῦναι
3105 1273 3210 1328 τοῖς
3267 1271 3412 1340 παρὰ
3462 1277 3553 1322 τοῦ
3621 1269 3904 1343 ἀψευδοῦς

2289 1352 2544 1412 ἀκηκοόσι
2572 1363 2705 1408 Θεοῦ
2733 1354 3117 1430 ἀσυγχώρητον
3160 1355 3288 1411 εἶναι
3323 1363 3418 1418 τὴν
3469 1357 3542 1423 εἷς
3581 1365 3640 1416 τὸ
3689 1369 3906 1440 Πνεῦμα

2288 1449 2345 1496 τό
2377 1444 2442 1515 άγ
2453 1464 2526 1496 ιον
2561 1445 2922 1518 βλασφημίαν.

520 1524 812 1581 terribiles
844 1526 1020 1584 vobis
1048 1529 1396 1586 istiusmodi
1428 1547 1782 1590 sermonum
1813 1534 2135 1591 reddendae
2160 1533 2426 1591 rationes
2447 1535 2550 1608 qui
2585 1551 2621 1593 a
2652 1539 2772 1592 Deo
2804 1537 3045 1594 mentiri
3075 1537 3278 1596 nescio
3309 1540 3586 1613 audistis,
3634 1542 3904 1602 irremis-

525 1612 764 1672 sibilem
794 1631 926 1674 esse
953 1617 1406 1692 blasphemiam
1437 1621 1500 1677 in
1529 1623 1816 1694 Spiritum
1840 1629 2120 1682 sanctum
2154 1626 2221 1682 ίδ.

1127 1749 1350 1806 CAPUT
1395 1751 1567 1807 XXIX.

522 1866 914 1950 Enumeratio
936 1872 1204 1950 virorum
1227 1874 1288 1929 in
1310 1874 1583 1950 Ecclesia
1609 1878 1965 1945 illustrium,
1990 1877 2094 1950 qui
2115 1878 2175 1933 in

683 1942 925 2011 scriptis
955 1945 1078 1998 suis
1104 1946 1198 2000 usi
1225 1954 1363 2001 sunt
1407 1947 1520 2004 hac
1547 1965 1704 2019 voce,
1737 1972 1764 1998 ‹‹
1795 1942 1958 2006 cum.
1977 1942 2003 1999 ›ἱ

590 2070 679 2121 71.
715 2067 867 2122 Sane
894 2072 1105 2125 contra
1135 2069 1195 2126 id
1223 2071 1390 2144 quod
1415 2073 1645 2142 dicunt,
1678 2075 2176 2144 gloriﬁcationem

517 2169 653 2212 cum
681 2155 917 2225 Spiritu
948 2174 1149 2215 carere
1179 2162 1544 2232 testimonio,
1596 2180 1705 2220 nec
1748 2166 1809 2220 in
1859 2165 2177 2237 Scripturis

517 2246 774 2309 exstare,
797 2243 948 2301 illud
969 2247 1228 2303 dicimus
1253 2266 1266 2304 :
1301 2250 1350 2305 si
1375 2252 1494 2322 60
1526 2252 1675 2308 nihil
1711 2253 1880 2309 aliud
1909 2259 1999 2311 est
2018 2269 2177 2310 rece-

515 2335 690 2403 ptum
707 2332 940 2405 absque
956 2335 1294 2408 Scripturis,
1319 2354 1393 2393 ne
1421 2339 1536 2396 hoc
1559 2341 1806 2413 quidem
1831 2343 2172 2415 recipiatur;

519 2421 613 2477 sin
642 2421 903 2494 plurima
923 2439 1147 2482 arcana
1167 2427 1313 2484 citra
1334 2429 1623 2502 scriptum
1647 2436 1891 2504 recepta
1913 2437 2054 2489 sunt
2072 2449 2177 2488 no-

515 2510 629 2582 bis,
665 2528 805 2568 cum
836 2513 966 2570 aliis
989 2515 1262 2586 pluribus
1289 2522 1345 2574 et
1369 2519 1486 2574 hoc
1506 2521 1888 2593 recipiemus.
1909 2523 2176 2579 Arbitror

516 2605 718 2656 autem
749 2603 1150 2674 apostolicum
1172 2622 1320 2673 esse,
1346 2608 1526 2665 etiam
1557 2626 1682 2666 non
1712 2613 1947 2684 scriptis
1987 2614 2173 2670 tradi-

517 2689 786 2747 tionibus
812 2693 1122 2750 inhaerere.
1159 2698 1370 2754 Laudo
1399 2701 1578 2768 enim,
1611 2701 1826 2773 inquit,
1861 2719 1980 2771 vos,
2013 2705 2176 2776 quod

512 2781 717 2836 omnia
746 2797 877 2838 mea
907 2785 1279 2857 meministis,
1319 2794 1374 2843 et
1400 2791 1905 2860 quemadmodum
1948 2795 2174 2850 tradidi

511 2872 693 2939 vobis,
725 2873 1080 2931 traditiones
1114 2880 1322 2934 tenetis
1353 2881 1417 2932 ιτ.
1449 2882 1516 2935 Et
1542 2879 1711 2950 illud,
1753 2884 1964 2940 Tenete
1984 2886 2172 2942 tradi-

511 2962 699 3017 tiones
730 2977 880 3034 quas
905 2967 1218 3035 accepistis
1247 2970 1370 3026 sive
1409 2985 1520 3039 per
1556 2987 1882 3030 sermonem
1918 2976 2041 3032 sive
2059 2991 2172 3046 per

469 3048 478 3052 ’
509 3052 817 3121 epistolam
843 3055 886 3088 ιθ
912 3071 925 3109 :
959 3071 1224 3127 quarum
1257 3073 1381 3114 una
1401 3064 1492 3115 est
1514 3065 1570 3116 et
1609 3061 1736 3118 haec
1761 3062 1836 3120 de
1853 3079 1976 3135 qua
2006 3080 2168 3121 nunc
2200 3075 2242 3130 ί]

507 3141 964 3214 agimus,quam
985 3145 1090 3217 qui
1107 3146 1185 3202 ab
1206 3147 1374 3204 initio
1389 3151 2168 3222 praescripserunt,tradide-

505 3234 768 3302 runtque
803 3234 1079 3303 posteris,
1115 3251 1230 3290 usu
1254 3253 1493 3310 semper
1523 3239 1700 3296 simul
1721 3258 1863 3298 cum
1897 3247 2167 3317 tempore

507 3319 1158 3394 progrediente,ipsam
1182 3324 1369 3396 longa
1394 3329 1832 3387 consuetudine
1863 3333 1925 3389 in
1963 3335 2166 3391 Eccle-

509 3407 614 3462 siis
636 3407 1056 3468 irradicarunt.
1083 3415 1235 3483 Ergo
1259 3415 1309 3471 si
1329 3416 1492 3473 velut
1520 3418 1583 3474 in
1604 3419 1907 3494 tribunali,
1938 3425 2164 3495 proba-

507 3495 771 3552 tionibus
793 3515 824 3554 e
843 3500 1066 3573 scripto
1089 3503 1375 3573 destituti,
1391 3506 1614 3563 multos
1635 3510 1808 3566 vobis
1830 3517 2012 3569 testes
2031 3531 2167 3588 pro-

505 3586 825 3658 ducamus,
851 3605 1053 3647 nonne
1085 3596 1445 3652 sententiam
1476 3597 1893 3658 absolventem
1927 3620 1963 3660 a
1992 3586 2164 3662 vobis

502 3683 986 3752 consequemur?
1010 3683 1134 3753 Ego
1158 3685 1406 3756 quidem
1430 3688 1690 3746 arbitror
1714 3709 1727 3744 :
1760 3693 1833 3748 1n
1861 3709 1962 3751 ore
1986 3697 2164 3768 siqui-

501 3767 635 3824 dem
689 3769 945 3828 duorum
1005 3788 1077 3829 ac
1126 3776 1310 3831 trium
1342 3779 1580 3835 testium
1630 3781 1810 3838 stabit
1843 3801 2016 3842 omne
2039 3767 2166 3843 uer-

504 3857 642 3913 bum
671 3859 738 3914 ”.
763 3861 930 3924 Quod
959 3863 1006 3937 si
1037 3863 1220 3920 etiam
1249 3869 1542 3939 temporis
1565 3869 2020 3931 diuturnitatem
2052 3892 2161 3949 pro

499 3944 678 4001 nobis
695 3945 1012 4006 facientem
1027 3951 1202 4007 vobis
1215 3955 1520 4012 evidenter
1531 3944 2161 4032 ostendamus,annon

500 4034 844 4092 videbimur
863 4038 1039 4095 vobis
1059 4041 1401 4112 probabilia
1415 4045 1634 4117 dicere,
1649 4065 1771 4106 non
1795 4067 1975 4124 posse
1993 4055 2160 4112 litem

499 4125 676 4181 istam
693 4126 831 4196 jure
846 4129 1023 4184 nobis
1040 4130 1302 4189 intendi?
1317 4137 1668 4195 Veneranda
1682 4141 1843 4198 enim
1863 4150 2000 4200 sunt
2014 4161 2161 4218 quo-

497 4209 834 4272 da'mmodo
854 4223 1085 4276 vetusta
1107 4221 1420 4294 dogmata,
1444 4243 1578 4299 quae
1599 4229 1678 4286 ob
1717 4209 2157 4306 antiquitatem,

497 4320 610 4360 ceu
639 4306 922 4363 canitiem
943 4311 1300 4384 quamdam,
1322 4313 1858 4390 habentquiddam
1888 4339 2160 4382 reveren-

2817 1723 3110 1773 ΚΕΦΑΛΛΙ
3118 1726 3208 1773 ΟΝ
3249 1720 3375 1778 ΚΘ’.

2302 1826 2638 1898 Λπαρίθησις
2689 1834 2788 1877 τῶν
2836 1829 2884 1878 εν
2950 1834 3010 1900 τῇ
3079 1827 3366 1902 Ἐκκλησία
3425 1825 3718 1904 Αδιαφανῶν,
3777 1837 3903 1889 ὅσοι

2359 1894 2662 1970 ἐχρήσαντο
2692 1897 2740 1950 ἐν
2795 1905 2904 1960 τοῖς
2955 1894 3368 1974 συγγράμμασιν
3414 1894 3607 1957 ἑαυτῶν
3756 1918 3897 1981 φωνῇ

2362 1990 2389 2017 ((
2435 1988 2551 2024 συν.
2596 1990 2623 2017 ))

2358 2080 2453 2131 71.
2491 2081 2630 2150 Πρός
2656 2097 2713 2150 γε
2737 2083 2840 2150 μὴν
2868 2083 2928 2132 τὸ
2977 2078 3277 2157 ἀμάρτυρον
3334 2088 3425 2136 καὶ
3470 2085 3703 2159 ἄγραφον
3763 2083 3900 2140 εἶναι

2285 2171 2378 2224 την
2433 2170 2526 2218 σὺν
2569 2176 2642 2238 τῷ
2705 2172 2970 2241 Πνεύματι
3032 2167 3337 2244 δοξολογίαν
3387 2173 3545 2228 ἐκεῖνο
3601 2175 3812 2249 λέγομεν
3880 2199 3897 2214 ο

2287 2256 2388 2322 ὅτι,
2422 2256 2464 2308 εἰ
2493 2260 2582 2329 μεν
2626 2257 2793 2331 μηδεν
2823 2261 2988 2337 ἕτερον
3036 2263 3287 2336 ἄγραφον,
3329 2261 3468 2337 μηδὲ
3511 2273 3667 2318 τοῦτο
3719 2286 3892 2343 παρα-

2289 2341 2539 2416 δεχθήτω
2574 2369 2586 2380 ·
2620 2349 2663 2401 εἰ
2709 2346 2768 2402 δὲ
2805 2353 2873 2402 τὰ
2923 2351 3146 2404 πλεῖστα
3199 2361 3298 2405 τῶν
3338 2364 3604 2427 μυστικῶν
3649 2356 3889 2430 ἀγράφως

2286 2437 2412 2507 ἡμῖν
2472 2437 2878 2512 ἑμπολιτεύεται,
2940 2445 3070 2514 μετά
3131 2441 3326 2495 πολλῶν
3383 2452 3485 2497 τῶν
3551 2446 3734 2522 ἐτέρων
3798 2454 3891 2500 καὶ

2284 2533 2438 2578 τοῦτο
2468 2525 2873 2602 παραδεξόμεθα
2901 2531 3036 2601 (85).
3075 2530 3445 2586 Ἀποστολικόν
3491 2531 3550 2588 δι
3605 2533 3752 2610 οἶμαι
3799 2542 3893 2590 καὶ

2285 2619 2342 2666 τό
2402 2624 2514 2678 ταῖς
2564 2616 2820 2693 ἀγράφοις
2880 2618 3213 2693 παραδόσεσι
3274 2629 3603 2697 παραμένειν.
3664 2625 3892 2679 Ἐπαινῶ

2283 2707 2410 2778 γὰρ,
2473 2712 2652 2779 φησὶν,
2714 2709 2866 2781 ὑμᾶς,
2937 2712 3013 2763 ὅτι
3071 2713 3240 2765 πάντα
3295 2733 3394 2785 μου
3461 2718 3746 2788 μέμνησθε,
3802 2723 3894 2770 καὶ

2283 2797 2454 2857 καθὼς
2517 2794 2802 2871 παρέδωκα
2857 2801 2999 2872 ὑμῖν,
3060 2804 3152 2863 τὰς
3205 2800 3530 2876 παραδόσεις
3577 2811 3827 2878 κατέχετε
3871 2828 3888 2843 ο

2283 2889 2371 2936 xui.
2433 2889 2511 2952 τό,
2582 2894 2825 2960 Κρατεῐτε
2888 2893 2978 2951 τὰς
3058 2889 3386 2968 παραδόσεις
3451 2894 3510 2956 οἷς
3573 2895 3891 2970 παρελάϐετε

2284 2979 2382 3028 εἴτε
2424 2974 2518 3029 διὰ
2573 2977 2752 3050 λόγου,
2796 2983 2893 3033 εἴτε
2953 2978 3047 3034 δει⁵
3113 2983 3384 3046 ἐπιστολῆς
3425 3007 3438 3019 ο
3500 2986 3567 3037 ὧν
3629 2992 3728 3060 μία
3770 2990 3888 3061 (86)

2283 3066 2396 3119 ἐστὶ
2423 3073 2512 3120 καὶ
2543 3069 2572 3126 ἡ
2606 3077 2853 3143 παροῦσα
2903 3072 3058 3144 αὕτη,
3102 3076 3163 3132 ἣν
3209 3077 3257 3126 οἱ
3313 3075 3366 3138 ἐξ
3398 3074 3577 3150 ἀρχῆς
3633 3074 3890 3142 διαταξά-

2279 3176 2423 3228 μενοι
2481 3154 2868 3231 παραδιδόντες
2925 3169 3033 3224 τοῐς
3091 3162 3288 3235 ἑφεξῆς,
3353 3169 3747 3240 συμπροῖούσης
3805 3167 3889 3222 ἀεὶ

2278 3255 2350 3316 τῷ
2389 3251 2564 3321 χρόνῳ
2609 3256 2700 3308 τῆς
2751 3256 3019 3323 χρήσεως,
3077 3248 3170 3304 διὰ
3214 3262 3420 3328 μακρᾶς
3465 3265 3562 3319 τῆς
3610 3259 3892 3322 συνηθείας

2278 3337 2395 3397 τάῐς
2423 3335 2752 3399 Ἐκκλησίαις
2804 3339 3273 3417 ἐγκατερρίξωσαν.
3319 3344 3434 3416 Ἆρ’
3480 3346 3568 3398 οὖν
3608 3346 3672 3418 εἰ,
3713 3349 3783 3409 ὡς
3839 3349 3892 3402 ἐν

2279 3420 2611 3500 δικαστηρίῳ
2638 3430 2730 3490 τὰς
2762 3425 2855 3481 δια
2910 3438 3008 3481 τῶν
3055 3431 3324 3505 ἐγγράφων
3374 3431 3695 3499 ἀποδείξεως
3754 3435 3894 3491 ἀπο-

2275 3534 2501 3587 ροῦντες,
2545 3521 2821 3592 μαρτύρων
2848 3521 2970 3592 ὑμῖν
2998 3521 3197 3584 πλῆθος
3229 3527 3713 3598 παραστησαίμεθα
3744 3527 3910 3601 (87),

2275 3603 2370 3656 οὐκ
2418 3603 2478 3655 ἂν
2529 3613 2621 3665 τῆς
2670 3605 2915 3678 ἀφιείσης
2973 3611 3099 3682 παρ’
3153 3612 3297 3684 ὑμῶν
3358 3612 3536 3686 ψήφου
3586 3617 3889 3688 τύχοιμιν;

2279 3693 2406 3766 Ἐγώ
2438 3685 2528 3768 μὲν
2579 3697 2738 3758 οὕτως
2791 3695 2939 3771 οἶμαι
2970 3721 2982 3733 ·
3016 3699 3130 3754 Ἐπὶ
3185 3707 3445 3776 στόματος
3489 3707 3590 3778 γὰρ
3642 3702 3738 3758 δύο
3785 3713 3894 3762 καὶ

2274 3793 2430 3860 τριῶν
2475 3789 2752 3862 μαρτύρων
2809 3791 3133 3848 σταθήσεται
3190 3798 3289 3844 πᾶν
3331 3794 3496 3868 ῥῆμα·
3544 3791 3605 3848 Εἰ
3661 3792 3720 3848 δε
3785 3804 3892 3852 καὶ

2275 3881 2359 3928 τόν
2390 3875 2549 3929 πολύν
2587 3882 2778 3952 χρόνον
2821 3883 2953 3952 πρὸς
2982 3883 3127 3954 ἡμῶν
3177 3886 3299 3935 ὅντα
3345 3883 3571 3956 ἐναργῶς
3623 3886 3743 3957 ὑμῖν
3782 3891 3888 3939 επ-

2275 3965 2592 4044 εδείκνυμεν,
2645 3971 2738 4021 οὐκ
2782 3969 2841 4022 ἆν
2890 3967 3138 4044 ἐδόξαμεν
3186 3973 3308 4044 ὑμῖν
3358 3973 3534 4026 εἰκότα
3587 3973 3766 4046 λέγειν²
3799 3981 3884 4048 μὴ

2273 4063 2404 4114 εἶναι
2453 4064 2569 4116 καθ’
2625 4066 2770 4135 ἡμῶν
2794 4066 2883 4120 τὴν
2916 4057 3071 4118 δίκην
3095 4062 3445 4136 εἰσαγώγιμον
3474 4067 3670 4122 ταύτην
3695 4080 3708 4131 ;
3741 4073 3885 4118 Δυσ-

2271 4156 2512 4211 ωπητικὰ
2560 4157 2661 4226 γὰρ
2710 4173 2818 4213 πως
2857 4154 2921 4204 τὰ
2975 4151 3172 4204 παλαιά
3219 4160 3320 4205 τῶν
3360 4151 3660 4228 δογμάτων,
3720 4156 3885 4212 οἱονεὶ

2268 4242 2426 4314 πολιᾷ
2459 4263 2562 4296 τινι
2594 4253 2656 4302 τῆ
2693 4243 3012 4317 ἀρχαιότητι
3063 4246 3121 4294 τό
3171 4240 3446 4316 αἰδέσιμον
3489 4247 3700 4317 ἔχοντα.
3743 4244 3880 4298 Ἀπ-

2271 4335 2637 4408 αριθμήσομαι
2663 4333 2750 4386 οὗν
2781 4335 2901 4406 ύμῖν
2927 4337 3049 4394 τοὺς
3068 4335 3370 4406 προστάτας
3398 4342 3487 4386 τοῦ
3535 4333 3690 4407 λόγου
3713 4335 3882 4409 (συμ-

496 4395 1275 4474 dum.Enumeraboitaque
1289 4403 1462 4460 vobis
1477 4406 1659 4479 hujus
1673 4409 1950 4470 dictionis
1963 4422 2160 4488 patro-

2282 4431 2675 4499 ταραμετρείται
2716 4420 2776 4475 δε
2823 4425 3029 4485 πάντως
3053 4425 3188 4475 κατὰ
3231 4427 3289 4476 τὸ
3339 4431 3671 4498 σιωπώμενον
3718 4431 3807 4478 xui
3857 4431 3888 4481 ό

494 4499 608 4540 nos
631 4485 1016 4560 vindicesque
1039 4491 1239 4560 (simul
1265 4495 1428 4551 enim
1456 4499 1862 4559 aestimaturin
1885 4485 2158 4579 eo,quod

493 4575 926 4642 tacetur,etiam
941 4582 1429 4657 tempus);neque
1443 4588 1603 4644 enim
1619 4606 1690 4646 ex
1704 4592 1879 4648 nobis
1890 4575 2155 4666 primum

494 4665 731 4721 initium
764 4670 1040 4741 sumpsit.
1076 4672 1186 4736 Qui
1214 4675 1767 4745 potuit?Nimirum
1806 4665 1917 4740 nos
1947 4703 2156 4747 revera

494 4755 758 4812 hesterni
783 4774 1014 4828 sumus,
1044 4765 1571 4834 quemadmodum
1603 4770 1746 4828 dicit
1784 4774 1894 4831 Job
1926 4779 1996 4844 3°,
2047 4781 2157 4837 sal-

569 4909 612 4943 “
639 4911 807 4963 Rom.
836 4925 956 4980 vm,
991 4917 1078 4968 26.

1161 4917 1206 4951 ¹⁸
1225 4917 1406 4976 Eccli.
1431 4937 1589 4989 Iun,
1625 4928 1712 4991 33,
1739 4929 1825 4983 34.

491 4993 613 5051 ιιι,
663 4984 746 5035 l5.

825 4983 873 5017 ³ο
902 4983 1036 5039 Job.
1070 5002 1185 5058 vni,
1229 4992 1282 5046 9.

565 5132 680 5218 (84).
711 5138 1130 5209 Ιῐάρισουμένην.
1179 5143 1264 5197 Ita
1298 5159 1449 5199 mss.
1486 5148 1774 5222 quinque.
1820 5154 1972 5212 Editi
2019 5178 2150 5234 παρ-

495 5223 740 5260 ισουμενη
753 5225 792 5260 ς.

564 5225 1149 5376 ἱξόῗῖίὶαρῖδεξόᾷεθα.
1178 5288 1790 5376 Ιῑειᾘιθελδθοιιῖηάυε.
1821 5301 1990 5376 Quod
2023 5305 2150 5376 qui-

490 5347 650 5414 dem,
697 5347 814 5446 ,ιη’
847 5347 1538 5446 Basil'ii‘.consuetuliine
1595 5347 2147 5446 1"6_E1ﬁéi13i”£{1§éis

490 5421 865 5518 appositum,
906 5427 1092 5518 secuti
1119 5447 1369 5518 sumus,
1411 5421 2152 5518 guamvié'ai’if‘qd’ziﬁiei

491 5505 638 5610 ἓξὲξ.
671 5492 938 5614 hgabcant
967 5492 1379 5574 καταδεξόμεθά.
1411 5492 1571 5562 Unus
1611 5492 2144 5573 eumne-ditiis“

557 5579 690 5615 ςωμε
728 5583 783 5615 α.

557 5593 783 5630 θωμινιι,

1909 4931 1953 4967 ¹⁶
1988 4934 2125 4991 Luc.
2156 4954 2255 5008 xu,
2284 4943 2368 4994 10.

2267 4519 2481 4590 χρόνος)
2538 4536 2551 4548 ·
2604 4515 2663 4566 ού
2711 4516 2812 4587 γὰρ
2877 4513 2931 4576 ιξ
2983 4515 3127 4586 ἡμῶν
3183 4515 3424 4589 ὥρμηται
3479 4524 3702 4590 πρῶτον.
3761 4521 3889 4570 Πό-

2271 4607 2349 4658 θεν
2397 4606 2508 4676 (88)
2551 4621 2562 4671 ;
2618 4605 2804 4677 χθιζοί
2854 4623 2985 4666 τινες
3039 4607 3192 4664 ὅντως
3240 4606 3408 4676 ἡμεῖς,
3461 4608 3596 4657 κατὰ
3644 4610 3729 4658 τόν
3778 4617 3890 4662 τοῦ

2266 4695 2382 4749 Ἰὼϐ
2428 4695 2600 4766 λόγον,
2633 4699 2765 4770 πρός
2811 4713 2870 4766 γε
2922 4703 3172 4747 τοσοῦτον
3225 4698 3440 4768 χρόνον,
3488 4699 3572 4747 τὸν
3616 4705 3712 4757 τῆς
3753 4715 3891 4750 συν-

2269 4788 2443 4847 ηθείας
2487 4789 2680 4846 ταύτης
2720 4784 3027 4854 ἡλικιώτην.
3062 4785 3190 4856 Ἐγὼ
3219 4788 3310 4857 μεν
3341 4786 3426 4838 οὖν
3457 4786 3631 4856 αὐτὸς,
3677 4787 3720 4840 εἰ
3757 4797 3885 4859 χρὴ

2984 4939 3028 4974 ιθ
3057 4940 3102 4992 ΙΙ
3128 4937 3333 4995 Thess.
3369 4955 3427 5005 ιι,
3465 4943 3550 4998 tt.
3631 4941 3674 4976 ¹⁹
3699 4940 3882 5000 Deut.

2451 4941 2492 4974 ¹⁷
2524 4941 2543 4993 l
2576 4938 2710 4994 Cor.
2741 4952 2814 5009 x1,
2849 4942 2901 4994 2.

2335 5163 2444 5235 (86)
2484 5163 2578 5214 Ὧν
2606 5165 2724 5236 μία.
2764 5162 2848 5216 ita
2875 5175 3023 5217 mss.
3074 5160 3365 5234 quinque.
3399 5161 3552 5218 Editi
3604 5163 3670 5214 ὧν
3717 5162 3883 5236 μάλι-

2264 5254 2990 5380 0l.(“Signi.Iazpue’rurrcztt"useat.
3048 5309 3131 5361 Ita
3160 5308 3386 5380 veteres
3419 5305 3556 5362 libri
3584 5311 3876 5380 quatuor.

2258 5376 2904 5452 Editim‘oa'a-madpaba.
2944 5380 3072 5434 Non
3118 5376 3311 5432 multo
3368 5383 3509 5450 post
3549 5376 3694 5452 m‘ss,
3749 5385 3878 5437 tres

2258 5447 2638 5523 ἐπιδείκνύμεν.

2318 5525 2445 5593 (88)
2475 5520 2656 5576 Πόθεν.
2683 5525 2827 5594 Reg.
2855 5520 3156 5580 secundus
3179 5525 3342 5594 Πόγεν
3363 5523 3464 5595 γάρ
3487 5541 3500 5592 ;
3526 5521 3632 5576 ἐπεὶ
3653 5523 3872 5596 χθιζοι.
