4114 6422
227 307 318 365 1m
1215 288 1235 295 ’
1502 319 1705 375 LIBER
1743 319 1835 374 nr.
1876 318 2150 375 SPlRlTU
2195 317 2496 376 SANCTO.

3585 300 3696 354 210

260 436 315 512 ἦγ’
367 438 526 513 ἡμᾶς
569 444 823 516 ὄργανον
890 444 1260 518 κολαστήριον⁸
1293 446 1362 506 ὡς
1387 445 1563 516 ἔμοιγε
1609 439 1762 495 οὐδὲν
1815 461 1910 514 φο-

2032 459 2160 499 rum
2189 442 2594 498 instrumenta
2623 437 2683 494 in
2715 450 2828 491 nos
2850 432 3207 488 moveantur
3232 444 3245 495 ;
3295 424 3464 498 quod
3493 421 3572 480 ad
3594 436 3692 478 me

272 530 541 608 ειρὼτερον
579 541 681 585 τοῦ
744 538 827 606 μὴ
891 533 1172 608 φοϐεῖσθαι
1228 535 1320 595 τὰς
1378 531 1612 600 ἀπειλὰς,
1646 531 1755 592 ἂςό
1799 533 1910 584 Κύ-

284 643 384 700 ριος
436 628 546 682 τοῖς
609 625 676 674 τὸ
744 630 974 696 Πνεῦμα
1045 621 1452 695 βλασφημοῦσιν
1534 619 1907 674 ἐπανετείνατο.

287 715 412 787 Πρὸς
443 713 531 784 μὲν
575 707 668 764 οὖν
725 715 852 774 τοὺς
916 711 1240 783 εὐγνώμονας
1291 719 1390 762 τῶν
1439 708 1722 785 ἀνθρώπων
1759 711 1907 767 ἱκανὴ

291 802 547 874 ἀπολογία
595 803 667 854 τὰ
719 801 990 876 εἰρημένα,
1033 803 1114 854 ὅτι
1174 796 1442 873 δεχόμεθα
1525 803 1694 872 φωνὴν
1776 797 1911 850 οὓτω

286 898 374 968 μὲν
416 892 573 964 φίλην
625 896 720 944 καὶ
779 890 1252 966 προσήγορονῌΞΞ)
1283 897 1393 952 τοῖς
1450 889 1644 960 ἁγίοις,
1676 890 1912 959 τοσούτῳ

287 980 344 1036 δε
391 985 497 1036 ἔθει
557 979 964 1054 βεϐαιωθεῖσαν·
1041 977 1181 1033 διότι
1241 977 1323 1051 ἀφ’
1385 979 1446 1031 οὗ
1502 977 1801 1049 κατηγγελη
1851 980 1910 1029 τὸ

284 1071 608 1144 Εὔαν-γέλων
666 1075 834 1144 μέχρι
871 1077 964 1123 τοῦ
1001 1077 1112 1135 νῦν,
1145 1069 1577 1142 ἐμπολιτευομένη
1629 1075 1746 1130 ταῖς
1791 1067 1911 1120 Ἐχ-

286 1163 541 1222 κλησίαις
605 1158 1045 1229 δείκνυταιοααί
1101 1163 1160 1212 τὸ
1214 1163 1484 1232 μέγιστον,
1545 1157 1764 1217 εὐσεϐῶς
1823 1160 1914 1208 καὶ

295 1255 451 1314 ὁσίως
493 1253 638 1303 κατά
692 1255 788 1308 τὴν
844 1253 1038 1303 ἔννοιαν
1079 1252 1304 1321 ἔχουσα.
1348 1251 1486 1322 Πρὸς
1545 1243 1604 1300 δὲ
1659 1250 1717 1298 τὸ
1780 1249 1917 1317 μέγα

301 1348 589 1417 κριτήριον,
644 1344 766 1392 τίνα
818 1344 912 1398 τὴν
958 1338 1240 1410 ἀπολογίαν
1297 1337 1503 1398 ἑαυτοῖς
1576 1335 1915 1410 εὐτρεπίσαι-

305 1447 426 1504 μεν;
453 1429 569 1483 Ὀτι
614 1429 795 1501 ἐνῆγεν
827 1429 940 1498 (16)
972 1430 1109 1500 ἡμᾶς
1138 1431 1268 1501 πρὸς
1298 1431 1394 1485 τὴν
1429 1423 1587 1489 δόξαν
1617 1432 1709 1478 τοῦ
1761 1423 1917 1477 Πνεῦ-

304 1541 462 1594 ματος
510 1528 720 1592 πρῶτον
768 1521 858 1590 μεν
889 1521 918 1578 ἠ
959 1521 1104 1593 παρὰ
1154 1525 1244 1570 τοῦ
1291 1521 1486 1592 Κυρίου
1542 1519 1917 1588 τιμὴ,σνμπα-

297 1610 615 1685 ραλαϐόντος
660 1610 830 1679 ἐαυτῷ
878 1612 969 1660 καὶ
1012 1616 1084 1678 τῷ
1131 1612 1298 1682 Πατρὶ
1341 1609 1474 1680 πρὸς
1520 1609 1578 1658 τὸ
1613 1603 1915 1677 βάπτισμα·

297 1704 473 1753 ἔπειτα
504 1703 534 1757 ἡ
575 1699 802 1752 ἑκάστου
851 1700 998 1769 ἡμῶν
1057 1693 1152 1749 διὰ
1200 1704 1294 1756 τῆς
1347 1697 1598 1755 τοιαύτης
1638 1712 1920 1765 μυσταγω-

2021 531 2268 604 quidem
2295 530 2521 596 attinet,
2548 525 2696 583 nihil
2725 523 2984 580 arbitror
3014 515 3682 585 formidabilius,quam

2021 637 2145 677 non
2176 620 2502 676 formidare
2531 617 2750 680 minas,
2782 628 2940 685 quas
2974 608 3264 681 Dominus
3292 605 3354 660 in
3404 602 3691 674 Spiritum

2019 710 2437 783 blasphemiae
2452 705 2819 779 jacientibus
2837 701 2958 774 64
2977 693 3511 783 intentavithitur
3525 687 3693 763 apud

2022 780 2304 858 cord—atos
2342 797 2622 854 homines
2655 795 2734 850 ad
2766 790 3190 865 purgationem
3218 783 3339 842 mei
3385 780 3695 838 sufﬁciunt

2019 890 2150 947 haec
2173 906 2309 962 quae
2351 888 2512 944 dicta
2542 889 2703 954 sunt,
2732 881 2902 955 quod
2932 877 3261 951 recipimus
3289 887 3504 930 vocem
3534 869 3688 925 adeo

2022 985 2259 1052 gratam
2291 996 2362 1035 ac
2387 977 2747 1034 familiarem
2775 970 3012 1037 sanctis,
3045 969 3293 1039 insuper
3321 967 3378 1019 et
3405 966 3532 1018 tam
3563 959 3693 1016 diu-

2021 1071 2146 1128 tino
2174 1087 2290 1126 usu
2319 1066 2936 1124 confirmatam.i\'am
2995 1074 3068 1114 ex
3109 1072 3232 1128 quo
3279 1058 3552 1125 tempore
3603 1051 3695 1105 cst

2023 1160 2448 1218 annuntiatum
2473 1153 2864 1224 Evangelium
2886 1163 3081 1221 usque
3099 1147 3177 1202 ad
3199 1159 3430 1216 praesen
3441 1144 3692 1212 s,osten-

2023 1253 2184 1308 ditur
2203 1251 2265 1305 in
2288 1246 2560 1304 Ecclesiis
2579 1244 2796 1300 usitata
2811 1241 2993 1296 fuisse
3010 1258 3022 1292 :
3037 1241 3095 1293 et
3113 1234 3279 1309 quod
3301 1237 3394 1288 est
3412 1229 3689 1288 omnium

2025 1340 2381 1408 maximum,
2417 1337 2584 1409 pium
2637 1350 2709 1390 ac
2761 1330 3112 1400 religiosum
3171 1337 3418 1380 sensum
3460 1319 3690 1376 habere

2026 1408 2496 1489 demonstratur.
2529 1429 2819 1483 Caeterum
2867 1419 3034 1492 apud
3081 1429 3377 1485 magnum
3404 1410 3554 1467 illud
3585 1408 3687 1465 tri-

2027 1519 2233 1590 bunal,
2253 1534 2442 1592 quam
2470 1514 2648 1572 nobis
2678 1510 3128 1569 excusationem
3155 1499 3688 1577 apparaverimus?

2029 1589 2318 1668 Nimirum
2349 1606 2516 1680 quod
2545 1603 2780 1660 induxit
2826 1617 2938 1657 nos
2986 1597 3066 1654 ad
3122 1593 3378 1666 gloriam
3436 1589 3690 1663 Spiritus

2028 1700 2296 1772 primum
2313 1679 2508 1752 honos
2524 1693 2610 1749 illi
2629 1690 2872 1748 habitus
2893 1705 2930 1745 a
2952 1685 3226 1750 Domino,
3246 1682 3306 1737 in
3324 1679 3690 1752 baptismate

289 1797 412 1863 γίας
454 1793 581 1865 τρὸς
618 1794 723 1847 τὴν·
769 1790 1084 1858 θεογνωσίαν
1135 1785 1421 1857 εἰσαγωγὴ·
1471 1783 1545 1856 ἐφ’
1605 1785 1775 1836 ἅπασι
1806 1778 1917 1834 δὲό

2032 1789 2314 1862 Spiritum
2370 1785 2740 1855 adjungente
2791 1778 2904 1834 sibi
2958 1781 3016 1832 et
3071 1773 3223 1830 Patri
3245 1772 3331 1824 '3:
3375 1773 3689 1842 praeterea,

282 1880 448 1954 0060;
505 1888 612 1930 τῶν
660 1877 1057 1942 ἀπειληθέντων,
1115 1874 1372 1949 ἁπείργων
1418 1879 1512 1933 τὴν
1568 1873 1766 1926 ἔννοιαν
1813 1874 1920 1924 πά-

284 1990 388 2033 σης
450 1967 679 2032 ἀναξίας
727 1972 818 2020 καὶ
868 1975 1111 2026 ταπεινῆς
1155 1965 1482 2035 ὑπολήψεως.
1519 1967 1584 2015 Οί
1612 1959 1671 2014 δὲ
1701 1960 1921 2013 ἐναντίοι

279 2064 332 2112 τί
412 2064 510 2111 καὶ
584 2057 812 2133 ἐροῦσι;
863 2061 1018 2109 ποίαν
1092 2054 1377 2125 ἀπολογίαν
1428 2062 1524 2113 τῆς
1579 2050 1921 2124 βλασφημίας

277 2150 522 2215 έξονσι;
583 2152 717 2220 μήτε
760 2149 854 2206 τὰς
910 2147 1066 2218 τιμὰς
1113 2146 1228 2214 (ιτ)
1264 2150 1356 2196 τοῦ
1415 2147 1610 2214 Κυρίου
1677 2136 1922 2192 καταιδε-

280 2241 524 2304 σθέντες,
561 2243 700 2310 μήτε
749 2238 845 2296 τὰς
890 2233 1104 2296 ἀπειλὰς
1161 2233 1321 2285 αὐτοῦ
1373 2231 1700 2304 φοϐηθέντες·
1760 2225 1922 2282 Οὗτοι

277 2330 372 2399 μὲν
415 2322 508 2377 οὖν
555 2328 736 2396 κύριοι
797 2321 1190 2395 βουλεύσασθαι
1241 2325 1359 2394 περὶ
1412 2328 1511 2372 τῶν
1557 2317 1669 2370 κατ’
1715 2317 1918 2384 αὐτοὺς,

281 2417 310 2475 ἧ
364 2422 464 2467 καὶ
506 2412 1039 2486 μεταϐουλεύσασθαι
1087 2407 1410 2471 ᾖδη.Αὑτός
1445 2405 1494 2461 δ’
1557 2406 1614 2458 ἀν
1671 2406 1921 2478 εὐξαίμην

285 2506 528 2578 μάλιστα
559 2509 652 2576 μὲν
708 2500 897 2556 δοῦναι
945 2506 1031 2554 τὸν
1089 2499 1283 2572 ἀγαθὸν
1335 2503 1462 2553 Θεὸν
1502 2503 1598 2556 τὴν
1627 2496 1813 2550 ἑαυτοῦ
1844 2496 1921 2547 εἰ-

291 2600 455 2668 ρὴνην
517 2591 890 2666 βραϐεύουσαν
945 2594 994 2642 ἐν
1036 2597 1147 2650 ταῖς
1199 2585 1450 2664 καρδίαις
1507 2587 1922 2654 ἁπάντων,ὧστε

297 2689 419 2744 τοὺς
475 2692 809 2756 σεφριγῶντας
855 2679 972 2733 καθ’
1034 2682 1180 2753 ἡμῶν
1237 2682 1480 2747 τούτους,
1533 2682 1621 2728 καὶ
1680 2694 1922 2728 συντετα-

304 2778 529 2846 γμένους
573 2775 676 2842 (18)
725 2768 994 2845 σφοδρῶς,
1055 2769 1103 2822 ἐν
1160 2773 1423 2841 Πνεύματι
1479 2772 1774 2842 πραότητος
1835 2753 1922 2816 καὶ

311 2862 527 2934 ἀγάπης
581 2861 991 2920 κατασταλῆναιο
1025 2860 1068 2912 εἰ
1095 2856 1144 2912 δ’
1175 2861 1279 2932 ἄρα
1336 2857 1596 2918 παντελῶς
1634 2856 1920 2927 ἐξηγρίων-

303 2973 398 3005 ται
449 2957 534 3004 καί
583 2951 978 3012 ἁτιθασσεύτως
1016 2949 1258 3022 ἱχουσιν,
1293 2947 1398 3000 ἀλλ’
1458 2949 1582 3019 ἡμῖν
1635 2965 1696 3017 γε
1735 2941 1920 2998 δοῦναι

302 3045 650 3116 μακροθύμως
700 3046 867 3116 φέεριν
920 3043 987 3092 τὰ
1032 3039 1156 3114 παρ’
1204 3038 1392 3092 αὐτῶν.
1438 3039 1646 3096 Πάντως
1701 3032 1780 3102 δὲ,
1811 3041 1918 3096 τοῖς

2031 1855 2200 1952 quod
2237 1876 2496 1950 quisque
2545 1876 2819 1929 nostrum
2850 1883 2959 1940 per
2984 1865 3167 1922 talem
3192 1860 3590 1918 initiationem
3612 1855 3692 1911 ad

2032 1967 2136 2025 Dei
2160 1947 2568 2035 cognitionem
2610 1958 2917 2016 institutus
2941 1959 3068 2010 est:
3095 1967 3280 2024 super
3318 1947 3525 2004 omnia
3550 1960 3691 2001 vero

2033 2063 2219 2115 terror
2248 2054 2554 2127 minarum
2579 2063 2789 2106 arcens
2821 2059 3069 2102 omnem
3094 2037 3469 2111 indignitatis
3502 2041 3558 2092 et
3577 2035 3690 2090 hu-

2032 2146 2283 2205 milioris
2308 2143 2612 2217 opinionis
2661 2137 3109 2210 cogitationem.
3143 2129 3482 2187 Adversarii
3511 2143 3692 2201 porro

2031 2239 2179 2312 quid
2202 2236 2447 2294 tandem
2462 2230 2675 2288 dicturi
2694 2228 2874 2284 sunt?
2896 2241 3084 2299 quam
3105 2220 3502 2294 blasphemiae
3516 2234 3693 2274 excu-

2033 2311 2330 2384 sationem
2353 2323 2639 2380 afferent?
2662 2320 2764 2392 qui
2795 2331 2991 2390 neque
3019 2315 3336 2377 honorem,
3368 2325 3552 2382 quem
3584 2311 3694 2363 Do-

2032 2419 2233 2474 minus
2292 2414 2498 2471 tribuit
2541 2409 2803 2483 Spiritui.
2850 2404 3088 2462 reveriti
3141 2407 3302 2468 sunt,
3342 2415 3454 2456 nec
3510 2397 3696 2454 minis

2030 2507 2188 2563 illius
2235 2502 2520 2560 deterriti.
2555 2499 2698 2571 ‘Istis
2740 2496 2988 2570 quidem
3044 2493 3302 2550 liberum
3342 2493 3430 2544 est
3480 2488 3556 2543 de
3585 2502 3695 2542 suo

2031 2595 2369 2653 consultare
2411 2591 2676 2660 negotio,
2710 2592 2814 2644 aut
2840 2587 3022 2643 etiam
3071 2587 3305 2638 mutare
3351 2577 3694 2635 consilium.

2032 2689 2166 2757 lpse
2189 2699 2332 2739 vero
2368 2680 2626 2753 optarim
2648 2678 2908 2734 maxime
2939 2673 3207 2747 quidem,
3233 2676 3298 2726 ut
3319 2673 3474 2727 Deus
3495 2667 3694 2723 bonus

2030 2775 2132 2830 det
2151 2789 2329 2830 suam
2344 2781 2735 2844 'pacem,quae
2751 2767 2833 2821 ita
2854 2766 2915 2820 in
2939 2762 3225 2819 cordibus
3245 2758 3520 2816 omnium
3542 2772 3696 2829 pra:-

2032 2862 2244 2930 sideat,
2277 2864 2342 2914 ut
2363 2857 2457 2914 isti
2488 2857 2592 2930 qui
2619 2857 2678 2912 in
2723 2871 2837 2910 nos
2880 2853 3165 2916 fremunt,
3199 2853 3258 2904 et
3296 2848 3358 2903 in
3377 2862 3490 2903 nos
3521 2850 3690 2901 atro-

2031 2949 2174 3004 citer
2227 2945 2664 3017 conglomerati
2717 2943 3056 3011 insurgunt,
3087 2939 3150 2993 in
3188 2936 3411 3009 Spiritu
3436 2933 3696 2990 lenitatis

2030 3043 2087 3094 et
2112 3037 2417 3094 charitatis
2469 3035 2952 3105 compcscantur.
2986 3027 3160 3094 Quod
3192 3026 3241 3080 si
3280 3039 3531 3096 prorsus
3553 3021 3693 3076 effe-

299 3137 355 3186 1'0
394 3132 673 3208 ἀπόκριμα
709 3138 803 3184 τοῦ
860 3131 1080 3183 θανάτου
1121 3128 1170 3181 ἐν
1218 3128 1422 3189 ἑαυτοῖς
1468 3127 1700 3198 ἣχουσιν
1758 3124 1815 3176 οὐ
1859 3125 1917 3175 τὸ

2032 3128 2140 3184 rati
2171 3131 2448 3194 sunt,nec
2478 3136 2901 3179 mansuescere
2925 3121 3365 3192 possunt,certe
3391 3113 3493 3168 det
3517 3109 3696 3167 nobis

287 3225 474 3276 παθεῖν
558 3223 690 3288 ὑπὲρ
767 3223 864 3282 τῆς
933 3224 1166 3280 πίστεως
1245 3216 1492 3288 ἀλγεινὸν,
1550 3213 1677 3266 ἀλλά
1735 3218 1793 3266 τὸ
1843 3217 1914 3285 μὴ

285 3313 586 3372 ἕναθλῆσαι
641 3310 774 3382 αὐτῇ
832 3311 942 3381 (19)
1013 3305 1440 3381 δυσφορώτατον·
1503 3305 1612 3358 ἐπει
1672 3309 1762 3356 καὶ
1811 3310 1918 3364 τοὶς

289 3403 548 3463 ἀθληταῖς
595 3401 658 3452 οὗ
728 3407 982 3452 τοσοῦτον
1030 3397 1238 3468 πληγὰς
1290 3395 1461 3449 λαϐεῖν
1520 3393 1920 3465 ἀγωνιζομένοις

290 3492 457 3566 βαρὺ,
493 3492 620 3544 ὅσον
652 3486 794 3563 μηδὲ
841 3485 1253 3561 παραδεχθῆναι
1282 3490 1395 3555 (20)
1429 3489 1524 3542 τὴν
1557 3482 1732 3558 ἀρχὴν
1761 3482 1834 3542 εἰς
1860 3485 1918 3533 1'0

294 3579 540 3637 στάδιον.
573 3580 642 3633 Ἦ
684 3581 832 3650 τάχα
884 3578 1030 3638 οὗτος
1078 3574 1138 3649 ᾖν
1165 3577 1191 3628 ὁ
1222 3579 1405 3650 καιρὸς
1449 3581 1541 3626 τοῦ
1580 3579 1756 3644 σιγᾷν,
1785 3574 1921 3623 κατα

558 3223 690 3296 ὑπὲρ
767 3223 830 3279 τῆ
842 3241 864 3282 ς
933 3224 1166 3280 πίστεως

291 3677 378 3726 τὸν
442 3675 606 3744 σοφὸν
668 3669 991 3742 Σολομῶντα.
1051 3671 1115 3720 Τί
1166 3669 1268 3740 γὰρ
1350 3664 1524 3737 ὄφελος
1578 3671 1649 3732 τῷ
1705 3665 1813 3714 ὸντι
1864 3680 1920 3713 κε

293 3761 548 3835 κραγὲναι
578 3764 712 3834 πρὸς
743 3760 950 3830 ἄνεμον,
982 3756 1114 3808 οὕτω
1161 3755 1342 3828 βιαίας
1380 3754 1538 3814 ζάλης
1581 3752 1918 3823 κατεχονσης

291 3856 378 3904 τὸν
421 3850 565 3924 βίον,
599 3848 688 3921 ὑφ’
721 3846 785 3910 ἧς
813 3867 962 3899 πσαα
995 3850 1086 3919 μὲν
1118 3842 1328 3897 διάνοια
1357 3852 1455 3895 τῶν
1482 3847 1568 3895 ⁴ιὸν
1607 3841 1758 3912 λόγον
1788 3860 1915 3892 κατ-

293 3944 632 4014 ηχουμὲνων,
696 3939 802 3990 οἶον
861 3935 1123 4008 ὀφθαλμὸς
1184 3940 1454 4007 κονιορτοῦ
1512 3934 1670 3996 τινος,
1715 3938 1802 3989 τῆς
1862 3928 1916 3981 ἐκ

289 4040 391 4084 τῶν
443 4028 864 4103 παραλοσγισμών
926 4024 1130 4086 ἀπάτης
1190 4021 1604 4087 ἀναπλησθεῐσα,
1655 4023 1916 4090 συγκέχυ-

293 4139 406 4171 ται·
459 4125 608 4169 πασα
639 4113 702 4168 δε
769 4113 903 4171 ἀκοὴ
969 4111 1284 4186 βαρυτάτοις
1340 4115 1430 4162 καὶ
1497 4107 1683 4167 ἀήθεσι
1726 4107 1915 4179 ψόφοις

299 4213 738 4260 κατακτυπεῖταιο
816 4201 1045 4256 δονεῖται
1104 4198 1162 4254 δι
1209 4202 1400 4268 πάντα,
1454 4203 1544 4251 καὶ
1587 4196 1635 4250 ἐν
1689 4193 1915 4268 κινδύνῳ

291 4297 413 4350 ἐστὶ
443 4304 540 4350 τοῦ
568 4300 849 4368 πτώματος
882 4309 896 4361 ;

925 4582 1169 4632 ΚΕΦΑΛ.
1216 4574 1294 4630 Α’-

641 4677 736 4732 ri;
795 4670 1070 4742 παρούσης
1145 4673 1245 4719 τῶν

992 4759 1197 4810 στάσεω
1208 4777 1249 4818 ς.

302 4679 554 4747 Διήγησις
641 4677 736 4732 τῆς
795 4670 1070 4742 παρούσης
1145 4673 1245 4719 τῶν
1350 4661 1668 4720 Ἐκκλησιῶν
1753 4679 1921 4712 κατα-

363 4877 452 4930 76.
487 4876 610 4925 Τίνι
661 4866 750 4922 οὖν
802 4868 1126 4941 ὁμοιώσομεν
1184 4867 1278 4921 τὴν
1329 4867 1598 4936 παροῦσαν
1647 4860 1921 4911 κατάστα-

357 5021 409 5056 ²³
441 5015 652 5076 Matth.
687 5027 890 5081 nun,
929 5012 1020 5068 19.
1098 5010 1145 5044 ’⁸
1173 5006 1365 5063 Eccle.
1390 5021 1470 5076 ιιι,
1507 5011 1561 5061 7.

312 5239 320 5248 ο
365 5165 478 5232 (15)
516 5165 619 5214 Καὶ
682 5161 1046 5233 προσήγορον.
1080 5155 1222 5224 Reg.
1256 5155 1510 5225 quartus
1558 5153 1648 5201 καὶ
1703 5133 1920 5220 εὖπροσ-

296 5253 487 5291 κἰοοον
502 5277 516 5289 .

331 5255 742 5378 Wayne-.37“.
795 5299 1254 5378 [tegaquartus
1314 5298 1582 5378 ἐνήχαγεν,
1634 5296 1692 5348 et
1736 5290 1921 5378 paulo

291 5365 431 5450 po‘st
463 5365 657 5433 Iidem.
703 5365 915 5432 codef
962 5365 1128 5438 ἑαυτῷ
1175 5373 1264 5420 καὶ
1312 5371 1371 5419 τὸ
1414 5365 1632 5438 νῐινεῦμα
1689 5368 1816 5437 πρὸς
1863 5366 1921 5416 τὸ

300 5449 594 5522 βάπτισμα.

365 5523 471 5592 (t7)
502 5505 602 5586 ιεάέ
633 5523 818 5596 τιμάς.
850 5511 1098 5584 Legitur
1123 5513 1216 5573 τὰς
1267 5511 1435 5583 φωνάς
1468 5507 1530 5565 in
1587 5522 1704 5564 uno
1763 5505 1923 5562 codi-

302 5609 364 5650 ce
396 5612 497 5654 ms.

396 5616 446 5652 In
485 5641 497 5654 .

365 5616 991 5744 (18)5Συντεταγμένους.
1046 5653 1131 5711 Ita
1197 5653 1387 5713 nostri
1458 5651 1698 5711 codices
1758 5665 1913 5706 mss.

2028 3219 2268 3275 illorum
2296 3217 2456 3272 facta
2487 3214 2808 3272 toleranter
2838 3211 3013 3266 ferre.
3038 3209 3100 3262 In
3130 3203 3503 3276 summa,qui
3535 3216 3695 3256 mor-

2029 3310 2101 3364 tis
2125 3306 2486 3364 sententiam
2515 3305 2577 3360 in
2619 3319 2748 3358 sese
2781 3300 3030 3361 habent,
3063 3298 3155 3353 his
3199 3293 3524 3351 molestum
3570 3306 3695 3346 non

2029 3403 2118 3454 est
2141 3413 2251 3470 pro
2300 3395 2419 3450 ﬁde
2470 3393 2692 3463 afﬂigi:
2723 3390 2832 3445 sed
2886 3388 3153 3444 maxime
3206 3380 3578 3440 intolerabile
3609 3384 3698 3435 est

2029 3504 2139 3560 pro
2170 3503 2242 3543 ea
2272 3502 2395 3541 non
2439 3490 2722 3548 certasse,
2751 3475 3254 3554 quandoquidem
3300 3472 3538 3530 athletis
3571 3485 3696 3525 non

2028 3577 2278 3651 perinde
2306 3591 2486 3645 grave
2531 3579 2621 3628 est
2669 3572 2732 3627 in
2781 3568 3106 3625 certamine
3137 3565 3350 3638 plagas
3400 3561 3692 3633 accipere,

2029 3684 2217 3740 quam
2247 3682 2322 3720 ne
2348 3663 2583 3720 admitti
2623 3661 2871 3734 quidem
2907 3657 3155 3714 omnino
3177 3656 3239 3710 in
3263 3652 3550 3709 stadium.
3580 3652 3698 3704 Aut

2027 3755 2304 3813 fortassis
2338 3755 2453 3810 hoc
2481 3757 2605 3808 erat
2628 3749 2842 3806 silentii
2875 3754 3133 3818 tempus,
3151 3745 3326 3815 juxta
3357 3741 3694 3812 sapientem

2029 3846 2416 3903 Salomonem
2455 3845 2522 3896 2⁸.
2554 3845 2702 3897 Nam
2741 3839 2886 3911 quid
2923 3836 3168 3909 prodest
3195 3847 3404 3889 revera
3430 3829 3694 3884 clamare

2029 3936 2322 3990 adversus
2341 3938 2754 3999 ventum,cum
2780 3931 3106 3998 tempestas
3137 3923 3284 3980 adeo
3314 3919 3580 3977 violenta
3603 3918 3692 3972 vi-

2028 4029 2150 4081 tam
2170 4028 2491 4095 occupet,a
2511 4037 2636 4094 qua
2655 4035 2826 4074 mens
2848 4016 3133 4090 quaelibet
3149 4029 3357 4070 eorum
3381 4009 3487 4083 qui
3511 4007 3692 4064 verbo

2024 4115 2238 4170 initiati
2261 4119 2417 4178 sunt,
2453 4117 2516 4167 ut
2561 4109 2772 4167 oculus
2793 4108 2853 4163 in
2885 4122 3009 4179 quo
3041 4102 3305 4177 pulveris
3337 4097 3566 4172 aliquid
3596 4096 3691 4152 in-

2027 4205 2198 4276 sidet,
2225 4205 2306 4260 ita
2329 4200 2865 4258 ratiocinationum
2886 4196 3179 4252 falsarum
3201 4207 3401 4248 errore
3422 4187 3688 4260 oppleta:

2027 4295 2282 4352 confusa
2307 4298 2395 4348 est
2418 4309 2431 4360 ;
2455 4289 2741 4363 quaelibet
2769 4302 2946 4342 aures
2967 4280 3341 4355 gravissimis
3361 4283 3418 4334 et
3435 4274 3691 4332 insolitis

2029 4385 2198 4442 sonis
2239 4382 2682 4448 obtunduntur,
2715 4377 2953 4435 turbine
3005 4389 3149 4430 vero
3197 4368 3692 4437 circumaguntur

2029 4475 2257 4544 omnia,
2291 4477 2553 4545 suntque
2578 4471 2639 4526 in
2669 4467 2936 4542 periculo
2964 4465 3150 4521 ruinae
3173 4463 3200 4518 ?

2651 4577 2876 4634 CAPUT
2913 4575 3066 4630 XXX.

2184 4690 2498 4761 Expositio
2525 4686 2839 4758 prasentis
2868 4681 3277 4739 Ecclesiarum
3307 4680 3526 4732 status.

2102 4862 2191 4915 76.
2217 4854 2320 4913 Cui
2343 4853 2522 4924 igitur
2539 4846 3032 4923 comparabimus
3051 4844 3409 4917 praesentem
3433 4839 3688 4901 statum?

2032 5143 2184 5201 Editi
2213 5144 2580 5214 συντεταμένον
2594 5160 2635 5214 ;_.
2659 5135 3307 5214 _Confir_matur‘nostra
3345 5128 3686 5214 emendatio

2032 5234 2104 5273 ex
2134 5217 2317 5288 Epist.
2348 5204 2537 5288 a1.'79_,
2571 5210 2672 5267 ubi
2703 5207 2950 5288 Basilius
2977 5205 3192 5288 eadem
3222 5219 3366 5288 voce
3394 5204 3596 5269 utitur,
3624 5204 3686 5256 ut

2030 5277 2197 5345 mala
2224 5283 2709 5343 adversariorum
2741 5279 2994 5337 consilia
3011 5277 3321 5347 ,designet.

2105 5359 2216 5430 (19)
2250 5358 2415 5430 Λῦτῇδ
2450 5356 2600 5412 Editi
2630 5355 2679 5408 ἐν
2712 5354 2866 5426 αὐτῇ.
2901 5343 3020 5408 Sed
3048 5343 3216 5406 deest
3253 5344 3599 5420 praepositio
3625 5343 3688 5400 in

2029 5420 2330 5487 veteribus
2357 5420 2545 5486 libris.

2105 5484 2815 5574 παὸεχθῆναι.
2881 5495 2973 5553 Sic
3031 5490 3268 5550 codices
3331 5507 3479 5547 mss.
3537 5484 3690 5543 Editi

2031 5581 2101 5650 μὴ
2116 5571 2408 5648 δεχθῆναι.
