4114 6380
422 285 517 338 2H

1795 280 1851 336 S.
1892 281 2156 339 BASILII
2193 283 2418 340 MAGNI

3698 280 3808 332 2l2

424 405 695 464 Profecto
745 405 957 462 similis
989 405 1198 479 praslio
1229 406 1455 477 navali,
1485 405 1653 479 quod
1680 422 1751 462 ex
1782 407 2090 463 veteribus

2209 429 2284 461 σιν
2310 427 2322 476 ;
2352 410 2419 462 Ἤ
2446 429 2545 462 που
2605 410 2761 481 ὁμοία
2822 404 2933 458 ἐστὶ
2993 403 3194 475 πολέμῳ
3247 406 3349 454 τινί
3385 409 3633 470 ναυτικῶ,
3667 403 3720 454 ὃν
3751 400 3810 453 ἐκ

422 495 672 552 offensis
702 496 811 552 viri
838 496 1092 568 quidam
1139 495 1311 552 bellis
1347 496 1600 552 nauticis
1628 496 1849 552 assueti
1875 512 1946 552 ac
1966 497 2089 553 bel-

421 585 604 656 laces,
638 585 787 640 dum
819 585 1076 640 multum
1107 585 1260 641 inter
1291 601 1419 641 sese
1437 585 1648 641 odium
1675 585 1864 649 alunt,
1899 588 2088 642 susci-

422 679 645 732 tarunt.
680 677 848 731 Nunc
896 674 1078 745 igitur
1115 675 1174 730 in
1222 675 1337 730 hac
1362 675 1628 744 imagine
1678 675 1826 731 mihi
1883 681 2090 748 specta

421 765 682 822 classem
719 764 1002 836 utrinque
1033 764 1290 820 adverso
1340 764 1572 836 impetu
1621 764 1996 821 horrendum
2026 766 2087 822 in

422 855 677 912 modum
707 855 1259 924 ingruentem,mox
1288 854 1523 924 irajam
1547 870 1618 910 eo
1649 860 2001 928 erumpente
2024 859 2090 912 ut

425 947 500 1002 sit
542 943 1030 1013 immedicabilis,
1077 959 1437 1013 congressos
1483 943 1793 1000 dimicare.
1831 948 2009 1014 Pone,
2044 945 2087 1001 si

421 1036 530 1100 vis,
561 1034 826 1091 violento
887 1033 1122 1088 turbine
1176 1033 1508 1103 circumagi
1561 1033 1842 1104 classem,
1885 1033 2088 1104 caligi-

421 1140 686 1197 nemque
743 1123 997 1178 densam
1032 1138 1062 1178 e
1103 1123 1372 1178 nubibus
1401 1123 1775 1195 incumbere,
1810 1123 2088 1196 adeoque

423 1214 975 1270 obscurareomnes
996 1227 1199 1268 rerum
1222 1212 1550 1268 visibilium
1575 1213 1899 1286 species,ut
1919 1212 2089 1269 nulla

421 1306 539 1378 65
563 1305 691 1375 jam
744 1304 818 1359 sit
847 1303 1184 1360 amicorum
1212 1307 1267 1358 et
1297 1303 1563 1359 hostium
1612 1303 1914 1372 discretio,
1948 1320 2088 1376 pro-

420 1402 624 1471 pterea
645 1394 813 1468 quod
833 1393 914 1450 ob
936 1393 1355 1450 confusionem
1373 1393 1653 1466 symbola
1675 1394 1954 1450 militaria
1971 1394 2090 1451 sint

420 1484 802 1558 ignota.lluic
826 1483 1079 1553 imagini
1097 1482 1405 1539 evidentiae
1429 1499 1571 1554 ergo
1593 1483 1896 1539 addamus
1910 1485 2090 1540 etiam

420 1591 590 1634 mare
611 1575 1032 1644 intumescere,
1065 1579 1248 1647 atque
1282 1574 1361 1630 ab
1405 1575 1528 1630 imo
1552 1591 1793 1630 sursum
1827 1575 1985 1646 ferri,
2018 1591 2090 1631 ac

419 1665 841 1722 vehementem
855 1664 1113 1720 imbrem
1128 1680 1157 1719 e
1171 1663 1439 1719 nubibus
1450 1664 1734 1720 deorsum
1750 1680 2090 1737 erumpere.

2198 500 2429 552 παλαίῶν
2482 498 2994 574 προσκρουσμάτων,
3044 492 3203 545 πολὺν
3269 491 3383 542 κατ’
3435 490 3664 548 ἀλλήλοιν
3718 495 3808 542 τόν

2202 591 2364 661 θυμόν
2430 588 2729 662 θρέψαντες,
2776 587 3044 658 ναυμάχοι
3115 584 3242 642 τινες
3313 578 3498 656 ἄνδρες
3548 583 3660 649 (21)
3716 584 3810 631 καὶ

2200 678 2531 750 φιλοπόλεμοι
2589 681 2999 734 συνεστήσαντο.
3046 672 3182 745 Ὀρα
3229 669 3294 729 δὴ
3366 667 3452 722 οὖν
3506 690 3597 742 μοι
3644 668 3692 721 ἓν

2201 768 2356 820 εἰκόνι
2435 772 2598 840 ταύτῃ
2692 765 2914 839 φοϐερῶς
3011 763 3320 837 ἑκατέρωθεν
3412 759 3813 832 ἀντεφορμῶντα

2198 860 2284 910 τὸν
2345 857 2544 923 στόλον,
2601 863 2712 908 εἶτα
2769 856 2836 916 εἰς
2879 857 2937 907 τό
2977 852 3260 910 ἀνήκεστον
3309 860 3404 913 τῆς
3454 850 3611 922 ὀργῆς
3659 849 3814 922 ὶκραο

2197 951 2426 1018 γείσης,
2503 949 2866 1018 συμπεσόντας
2948 939 3377 1013 διαγωνίζεσθαι.
3465 941 3707 1005 Υπόθου,
3769 937 3814 990 εἰ

2201 1033 2415 1108 βούλει,
2459 1039 2549 1087 καὶ
2592 1033 2808 1086 λαίλαπι
2858 1031 3013 1105 βιαίᾳ
3068 1030 3367 1082 κλονεῖσθαι
3414 1032 3472 1080 τό
3529 1031 3810 1098 ναυτικὸν,

2199 1130 2286 1177 καὶ
2348 1129 2500 1197 ζόφον
2566 1123 2767 1199 ἁθρόως
2846 1121 2902 1174 ἐκ
2962 1130 3120 1194 νεφῶν
3193 1119 3483 1192 ἐπισχόντα
3556 1118 3812 1191 μελαίνειν

2198 1221 2300 1266 πᾶν
2349 1219 2406 1266 τό
2470 1217 2743 1288 ὁρώμενον,
2787 1215 2852 1273 ὡς
2909 1209 3173 1285 μηδεμίαν
3214 1209 3287 1262 ἑτι
3333 1206 3460 1261 εἶναι
3519 1208 3674 1280 φίλων
3720 1211 3813 1259 καὶ

2199 1304 2452 1377 πολεμίων
2518 1302 2816 1380 διάκρισιν,
2867 1312 2965 1354 τῶν
3047 1299 3316 1374 συμϐόλων
3371 1299 3548 1360 αὐτοῖς
3626 1297 3818 1370 ἀγνοη-

2203 1397 2386 1448 θέντων
2457 1391 2550 1448 διὰ
2608 1400 2700 1453 τὴν
2779 1397 3072 1465 σύγχυσιν.
3123 1391 3239 1444 Ἔτι
3299 1392 3684 1463 προσθήσωμεν
3735 1384 3810 1440 δι’

2201 1485 2467 1559 ἐνάργειαν
2511 1493 2572 1557 τῇ
2636 1485 2792 1536 εἰκόνι
2839 1489 2930 1535 καὶ
2987 1482 3254 1534 Θάλασσαν
3299 1477 3551 1532 οἰδοῦσαν
3578 1478 3693 1550 (22)
3722 1481 3816 1529 καὶ

2201 1577 2306 1628 ἄνω
2362 1581 2709 1650 στρεφομένην
2755 1574 2808 1626 ἐκ
2856 1582 2952 1625 τῶν
3009 1571 3204 1644 βυθῶν,
3239 1575 3328 1623 καὶ
3374 1569 3581 1644 λάϐρον,
3637 1567 3691 1620 ἐκ
3738 1586 3817 1619 νε-

2203 1673 2306 1737 φῶν
2379 1661 2522 1740 ὓδωρ
2605 1663 3125 1738 καταρρηγνύμενον,
3202 1666 3292 1713 καὶ
3377 1659 3588 1733 φοϐερόν
3666 1657 3818 1709 ἐπαν-

421 1753 901 1826 horribilemque
919 1753 1248 1826 procellam
1273 1753 1620 1825 ingentibus
1643 1770 1712 1809 ac
1734 1753 2091 1809 decumanis

2209 1757 2480 1826 ιστάμενον
2539 1753 2594 1806 ἐκ
2636 1759 2918 1828 τρικυμίας
2983 1755 3070 1804 τόν
3130 1747 3389 1802 κλύδωνα·
3453 1747 3564 1802 εἶτα
3619 1766 3820 1801 παντα-

421 1844 710 1901 ﬂuctibus
743 1859 1068 1915 exsurgere
1094 1862 1106 1913 ;
1132 1843 1414 1916 posthaec
1445 1843 1639 1898 ventis
1662 1843 1932 1916 undique
1953 1860 2094 1900 con-

421 1933 836 2005 cursantibus,
873 1938 1061 1988 totam
1095 1932 1351 1988 classem
1384 1933 1537 1988 inter
1567 1948 1630 1988 se
1679 1949 1817 1987 cum
1858 1932 2095 2001 fragore

429 2023 659 2089 collidi,
691 2029 873 2098 atque
905 2039 976 2078 ex
1005 2021 1076 2077 iis
1104 2021 1207 2094 qui
1239 2022 1298 2078 in
1331 2022 1456 2078 acie
1490 2022 1826 2088 stant,alios
1846 2022 2096 2095 quidem

425 2117 627 2168 castra
649 2128 760 2168 sua
790 2110 1256 2184 prodere,atque
1278 2109 1574 2180 ﬂagrante
1605 2110 1814 2183 praelio
1839 2109 2096 2166 transfu-

424 2217 563 2273 gere
589 2218 602 2257 :
629 2201 778 2259 alios
805 2216 948 2257 vero
979 2199 1131 2271 cogi,
1161 2204 1227 2255 ut
1269 2200 1494 2271 pariter
1524 2203 1580 2254 et
1605 2199 1864 2272 scaphas
1892 2198 2098 2272 impel-

421 2291 551 2349 lant
581 2307 618 2348 a
658 2291 846 2347 ventis
905 2295 1095 2355 actas,
1141 2293 1196 2344 et
1225 2294 1548 2344 occurrant
1599 2288 2093 2362 irrumpentibus,

427 2397 681 2453 seseque
738 2384 950 2436 mutuo
981 2395 1090 2450 per
1141 2378 1500 2434 seditionem
1534 2378 1832 2434 trucident
1864 2395 1876 2432 :
1909 2394 2099 2450 quam

427 2471 786 2528 seditionem
807 2470 1029 2542 partim
1056 2469 1286 2525 invidia
1307 2469 1602 2524 adversus
1625 2469 2095 2541 praestantiores,

426 2561 649 2636 partim
672 2576 809 2633 quce
835 2559 1086 2629 singulis
1113 2557 1286 2614 adest
1309 2557 1589 2614 vincendi
1621 2557 1925 2630 cupiditas
1946 2557 2101 2613 exci-

428 2650 595 2708 tavit.
623 2649 715 2704 Ad
745 2648 877 2704 hac
900 2649 1098 2719 cogita
1122 2646 1378 2703 confuso
1399 2647 1671 2719 quodam
1703 2652 1758 2702 et
1779 2645 2100 2702 indiscrete

432 2739 641 2796 sonitu
675 2738 1025 2795 universum
1057 2736 1208 2793 illud
1256 2752 1427 2792 mare
1476 2737 1787 2809 compleri,
1820 2737 2044 2808 partim
2071 2753 2101 2792 e

437 2835 760 2887 ventorum
804 2829 1075 2902 strepitu,
1133 2829 1353 2902 partim
1395 2843 1425 2882 e
1467 2827 1774 2884 collisione
1830 2828 2101 2899 navium,

430 2921 657 2995 partim
689 2936 758 2976 ex
797 2919 1101 2975 i-ndarum
1129 2919 1360 2992 impetu
1384 2917 1764 2982 ferventium,
1790 2919 2009 2990 partim
2031 2934 2104 2973 ex

427 3011 860 3069 vociferatione
883 3009 1492 3082 praelanlium,varias
1518 3026 1698 3066 voces
1721 3009 1800 3065 ob
1823 3009 2104 3079 ingruen-

2204 1847 2362 1918 χόθεν
2391 1853 2489 1896 τῶν
2544 1847 2844 1916 πνευμάτων
2899 1843 2966 1902 εἰς
3018 1845 3208 1893 ταυτὸν
3263 1846 3652 1913 συμπεσόντων,
3685 1840 3820 1890 πάν-

2207 1953 2274 1985 τα
2320 1936 2406 1985 τόν
2459 1932 2638 1984 στόλον
2693 1936 3190 2007 συναρασσόμενον,
3240 1934 3324 1981 καὶ
3373 1938 3470 1980 τῶν
3513 1927 3595 1979 ἐπὶ
3647 1946 3820 1999 παρα-

2207 2021 2398 2084 τάξεως
2445 2025 2566 2083 τούς
2611 2023 2701 2093 μεν
2747 2015 3264 2092 καταπροδιδόντας,
3325 2023 3415 2069 καὶ
3481 2016 3605 2091 παρ’
3653 2015 3820 2072 αὐτὴν

2206 2115 2300 2169 τὴν
2360 2110 2582 2183 ἀγωνίαν
2639 2109 3076 2182 αὐτομολοῦντας·
3133 2111 3254 2170 τοὺς
3308 2103 3366 2159 δὲ
3405 2105 3634 2178 ἀνάγκην
3675 2108 3824 2176 ἔχειν

2209 2202 2339 2271 ὁμοῦ
2370 2219 2424 2252 τε
2474 2197 2785 2252 διωθεῖσθαι
2825 2203 2884 2257 τὴ
2940 2200 3113 2270 σκάφη
3166 2197 3221 2249 ἐκ
3273 2205 3372 2248 τῶν
3422 2195 3616 2268 ἀνέμων
3649 2195 3821 2267 ἐπιφε-

2207 2295 2442 2362 ρόμενα,
2505 2293 2595 2340 καὶ
2651 2287 2940 2340 ὼτεπιέναι
3015 2284 3126 2348 τοῖς
3199 2285 3462 2358 ἔφορμῶσι
3509 2285 3622 2354 (23)
3656 2327 3670 2352 ,
3727 2289 3818 2334 καὶ

2211 2378 2471 2442 ἀλλήλους
2518 2380 2880 2450 καταφονεύειν
2935 2378 3034 2429 ὑπὸ
3084 2385 3176 2437 τῆς
3231 2378 3502 2440 στάσεως,
3534 2376 3594 2433 ἣν
3626 2375 3650 2424 ό
3688 2376 3814 2447 πρὸς

2209 2473 2268 2522 τὸ
2301 2471 2553 2542 ὑπερέχον
2611 2470 2827 2540 φθόνος,
2860 2472 2950 2518 καὶ
2971 2469 3002 2525 ἡ
3033 2465 3283 2538 ἐπιθυμία
3335 2472 3426 2516 τοῦ
3485 2464 3638 2516 αὐτὸν
3691 2463 3817 2515 ἱκα-

2213 2578 2333 2611 στον
2426 2551 2633 2627 κρατεῖν
2728 2557 3020 2615 ἐνεποίησεν
3096 2558 3238 2627 (24).
3309 2555 3654 2626 Ἐνθυμὴθητι
3734 2551 3822 2604 ἐπὶ

2210 2652 2414 2710 τούτοις
2465 2657 2699 2720 συμμιγῆ
2749 2667 2864 2698 τινα
2930 2649 3018 2698 καὶ
3066 2645 3272 2717 ἄσημον
3326 2641 3461 2715 ἦχον
3513 2649 3686 2695 πᾶσαν
3732 2641 3825 2694 ἕπε

2426 2565 2633 2632 κρατεῖν

2212 2743 2410 2812 έχοντα
2580 2743 2673 2796 τήν
2706 2737 2808 2790 ἐκεῖ
2852 2737 3140 2798 θάλασσαν,
3179 2735 3233 2788 ἐκ
3280 2744 3379 2787 τῶν
3423 2737 3822 2809 περιηχούντων

2214 2827 2430 2900 ἀνέμων,
2463 2833 2554 2880 καὶ
2604 2835 2696 2880 τού
2753 2829 2992 2899 πατάγου
3053 2835 3150 2878 τῶν
3205 2824 3414 2894 πλοίων,
3447 2829 3538 2875 καὶ
3593 2831 3683 2875 τοῦ
3733 2824 3824 2897 ρος

2215 2921 2328 2971 θίου
2388 2922 2603 2984 ζέοντος,
2656 2921 2744 2969 καὶ
2801 2917 2857 2969 ἐκ
2916 2925 3011 2978 τῆς
3088 2915 3216 2989 βοῆς
3279 2924 3377 2966 τῶν
3438 2915 3825 2988 πολεμούντων,

2211 3005 2554 3070 παντοδαπὰς
2626 3009 2795 3080 φωνὰς
2856 3005 2935 3059 ἐπὶ
2994 3014 3099 3068 τοῖς
3156 3008 3374 3058 πάθεσιν
3435 3005 3696 3079 ἀφιέντων·
3750 3007 3826 3066 ὡς

429 3103 510 3160 tia
562 3101 723 3159 mala
770 3101 1286 3170 emittentium,ut
1332 3115 1529 3172 neque
1578 3100 1866 3171 naucleri,
1902 3115 2094 3172 neque

2211 3103 2344 3172 μήτε
2398 3100 2692 3172 ναυάρχου,
2743 3102 2872 3168 μήτε
2951 3096 3268 3171 κυϐερνήτου
3338 3102 3505 3169 φωνὴν
3576 3095 3822 3148 εἰσακού-

430 3191 853 3264 gubernatoris
883 3191 1244 3246 exaudiatur
1269 3205 1410 3257 vox,
1438 3189 1546 3244 sed
1577 3189 1649 3244 sit
1678 3189 1894 3261 ingens
1927 3205 2099 3261 qum-

430 3283 575 3339 dam
598 3281 971 3356 perturbatio
1002 3279 1420 3352 confusioque,
1456 3279 1793 3334 incredibili
1823 3279 2101 3352 quadam

431 3373 734 3429 malorum
782 3371 1224 3441 magnitudine,
1247 3369 1329 3425 ob
1388 3369 1525 3424 vitas
1584 3369 2098 3441 desperationem,

430 3477 678 3518 omnem
727 3461 810 3515 eis
849 3459 1142 3532 peccandi
1189 3458 1493 3515 licentiam
1553 3458 1859 3514 afferente.
1895 3458 2100 3529 Adjice

430 3551 644 3608 iisdem
674 3555 729 3607 et
755 3549 1266 3606 immedicabilem
1293 3549 1626 3623 quemdam
1655 3549 2099 3623 morbum,glo-

429 3642 534 3699 rite
555 3641 964 3715 adipiscendae
986 3641 1267 3696 insanam
1289 3639 1858 3712 cupiditatem,adeo
1875 3644 2100 3694 utnavc

424 3735 556 3806 jam
577 3733 640 3788 in
666 3733 925 3789 fundum
947 3731 1325 3804 prolabente,
1357 3729 1474 3803 ipsi
1495 3735 1765 3785 vectores
1789 3729 1862 3784 de
1881 3729 2101 3802 prima-

430 3829 525 3882 tus
561 3822 944 3880 contentione
974 3821 1124 3878 nihil
1161 3821 1488 3876 remittant.

500 3920 590 3969 77.
619 3912 827 3969 Transi
847 3912 976 3983 jam
1008 3911 1085 3968 ab
1109 3911 1372 3980 imagine
1396 3909 1474 3966 ab
1497 3925 1699 3982 ipsum
1726 3907 1870 3966 mali
1899 3924 2100 3963 exem-

430 4002 585 4076 plar.
609 4007 827 4057 Annon
881 4000 1026 4056 olim
1070 4000 1388 4056 videbatur
1432 3998 1896 4072 quodammodo
1928 3999 2097 4053 Aria-

431 4107 578 4149 num
604 4091 885 4156 schisma,
919 4090 979 4145 in
1011 4090 1420 4145 adversariam
1446 4088 1716 4144 Ecclesiae
1741 4087 1838 4143 Dei
1863 4093 2098 4160 partem

430 4181 888 4256 separatum,in
932 4180 1197 4236 hostium
1231 4181 1356 4236 acie
1409 4179 1613 4253 ipsum
1643 4194 1750 4251 per
1791 4195 1854 4234 se
1900 4178 2096 4234 solum

431 4272 768 4328 obsistere?
797 4273 1012 4327 Verum
1067 4275 1471 4342 posteaquam
1503 4268 1741 4338 elonga
1786 4268 2096 4340 atrocique

431 4361 810 4419 contentione
835 4376 1026 4433 usque
1048 4359 1125 4416 ad
1143 4359 1529 4415 manifestum
1554 4362 1862 4414 certamen
1895 4358 1952 4412 in
1984 4374 2096 4413 nos

427 4452 702 4509 instructi
759 4455 919 4523 sunt,
979 4455 1102 4506 tum
1163 4450 1425 4521 denique
1483 4448 1712 4504 bellum
1757 4449 1815 4504 in
1874 4449 2096 4503 multas

2214 3190 2383 3255 εσθαι,
2419 3186 2546 3238 ἀλλὰ
2598 3184 2772 3244 δεινήν
2825 3207 2941 3239 τινα
2997 3189 3126 3239 εἶναι
3158 3188 3268 3258 (26)
3302 3185 3518 3249 ἀταξίαν
3565 3190 3655 3238 καὶ
3696 3188 3826 3256 σύγ-

2211 3287 2522 3350 χυσιν,τῆς
2577 3286 2678 3329 τῶν
2729 3286 2900 3328 κακῶν
2958 3277 3285 3351 ὑπερϐολῆς,
3324 3273 3411 3334 διὴ
3466 3281 3559 3335 τὴν
3607 3279 3737 3351 πρὸς
3762 3281 3823 3327 τὸ

2215 3372 2308 3441 ζῇν
2387 3367 2679 3439 ἀπόγνωσιν
2717 3411 2729 3433 ,
2788 3368 2996 3419 οἷπασαν
3086 3367 3264 3428 αὐτοῖς
3328 3374 3418 3418 τοῦ
3504 3367 3823 3439 ἁμαρτάνειν

2213 3455 2394 3511 ἄδειαν
2453 3456 2793 3530 ἐμποιούσης.
2853 3459 3086 3530 Πρόσθες
3143 3458 3322 3519 αὐτοῖς
3393 3461 3484 3509 καὶ
3543 3455 3824 3530 ἀμήχανόν

2212 3567 2328 3599 τινα
2385 3552 2534 3600 νόσον
2580 3544 2896 3620 δοξομανίας
2927 3548 3061 3619 (27)·
3097 3550 3251 3615 ὥστε,
3298 3554 3392 3608 τῆς
3429 3551 3546 3606 νεὼς
3569 3549 3673 3616 {28,
3705 3542 3820 3603 ἤδη

2213 3638 2283 3700 εἰς
2324 3636 2487 3710 βυθόν
2527 3641 2826 3711 φερομένης,
2861 3641 2980 3698 τοὺς
3021 3635 3268 3697 ἐπιϐάτας
3313 3635 3546 3697 ἀλλήλοις
3573 3639 3678 3707 (29)
3720 3645 3823 3697 τῆς

2211 3736 2310 3779 τῶν
2336 3732 2600 3801 πρωτείων
2631 3723 2806 3802 ἔριδος
2837 3731 2908 3800 μὴ
2944 3729 3210 3799 ὑφίεσθαι,

2357 3935 2371 3949 .
2402 3891 2617 3945 Μετάϐα
2667 3888 2733 3950 δή
2785 3910 2875 3964 μοι
2929 3889 3028 3943 ἀπὸ
3085 3899 3180 3953 τῆς
3229 3890 3418 3951 εἰκόνος
3449 3889 3526 3942 ἐπ’
3557 3890 3683 3942 αύτό
3725 3899 3821 3943 τοῦ

2209 3990 2373 4034 κακοῦ
2431 3985 2488 4033 τό
2549 3980 2866 4054 ἀρχέτυπον.
2912 3981 3056 4052 Ούχὶ
3115 3980 3276 4032 πάλαι
3338 3985 3429 4053 μέν
3494 4001 3603 4041 πως
3651 3975 3824 4032 ἰὸόκει

2207 4077 2266 4124 τό
2318 4072 2576 4146 ’Λρειανόν
2627 4076 2882 4142 σχίσμα,
2918 4071 2984 4131 εἰς
3038 4069 3314 4122 ἀντίπαλον
3367 4079 3555 4143 μοῖραν
3604 4068 3824 4142 ἀποκρι-

2211 4164 2291 4214 θὲν
2334 4170 2391 4234 τῇ
2444 4161 2727 4232 Ἐκκλησία
2775 4167 2869 4211 τοῦ
2917 4168 3050 4212 Θεοῦ
3079 4204 3090 4226 ,
3134 4160 3184 4211 ἐν
3224 4159 3480 4232 πολεμίων
3527 4159 3669 4222 τάξει
3729 4159 3823 4210 αύ-

2209 4254 2266 4304 τὸ
2306 4250 2420 4302 καθ’
2474 4251 2626 4302 ἑαυτό
2685 4254 2838 4322 μόνον
2893 4248 3328 4309 ἂντικαθέζεσθαι
3353 4267 3365 4317 ;
3395 4249 3516 4301 "Ora
3546 4247 3604 4301 δὲ
3643 4252 3696 4301 ἐκ
3726 4256 3818 4308 τῆς

2209 4347 2415 4414 μακρᾶς
2459 4345 2548 4391 καὶ
2592 4339 2831 4412 χαλεπῆς
2887 4337 3058 4414 ἔριδος
3112 4340 3177 4400 εἰς
3225 4349 3460 4413 προφανῆ
3507 4342 3632 4412 ἡμῖν
3685 4337 3819 4409 r276)-

2207 4452 2270 4483 να
2347 4429 2817 4498 ἀντικατέστησαν,
2875 4449 2988 4496 τοτε
3042 4426 3108 4488 δὴ
3167 4429 3233 4489 εἰς
3294 4429 3454 4481 πολλὰ
3503 4434 3630 4502 μέρη
3682 4432 3821 4481 κατὰ

429 4547 630 4616 partes
651 4542 825 4614 juxta
855 4541 1072 4596 modos
1117 4538 1591 4595 innumerabiles
1625 4539 1954 4594 dissectum
1984 4543 2094 4606 est,

2209 4526 2428 4594 μυρίους
2473 4521 2747 4592 τρόπουςό
2785 4519 3002 4591 πόλεμος
3053 4516 3367 4591 διεσχίσθη·
3412 4523 3544 4571 ὥστε
3593 4523 3681 4570 καὶ
3723 4515 3822 4572 διὰ

429 4633 516 4689 sic
560 4637 626 4689 ut
653 4631 875 4705 partim
908 4631 988 4686 ob
1017 4645 1407 4686 communem
1463 4628 1851 4698 simultatem,
1875 4629 2094 4701 partim

429 4721 511 4778 ob
537 4722 838 4795 privatam
867 4719 1277 4794 suspicionem
1327 4717 1614 4773 omnibus
1644 4717 1852 4773 odium
1882 4718 2096 4791 impla-
2146 4707 2158 4717 ’

430 4811 618 4869 cabile
649 4817 824 4870 esset.
854 4814 988 4867 Haec
1024 4827 1167 4868 vero
1191 4813 1518 4882 tempestas
1551 4807 1949 4864 Ecclesiarum
1972 4824 2096 4881 qua

503 4916 872 4992 (21)_‘Avd‘psg.
932 4922 1097 4975 Hanc
1147 4934 1360 4974 vocem
1428 4916 1779 4992 addidimus
1828 4931 1900 4972 ex
1945 4933 2090 4972 mss.

429 4988 781 5048 codicibusﬁ
817 4994 947 5048 Mox
1013 4997 1277 5062 quatuor
1349 4989 1588 5062 codices
1654 4988 2090 5062 ἀντεφορμοῦντα.

427 5063 612 5120 Paulo
663 5068 800 5135 post
846 5063 988 5118 editi
1033 5061 1306 5116 ἐπελθόντα
1351 5061 1604 5134 μελαίνειν
1661 5082 1786 5122 πως.
1820 5061 2092 5133 Quinque

425 5151 572 5192 mss.
599 5134 747 5190 utin
766 5138 950 5190 textu.

497 5211 611 5278 (22)
645 5209 1103 5279 Προσθὴσωμεν...
1158 5202 1430 5279 οιδοῡσαν,
1487 5208 1571 5261 Ita
1623 5205 1908 5279 quinque,
1943 5220 2089 5279 mss.

425 5275 598 5335 Editi
634 5275 1061 5353 προσθέσομξεν...
1111 5275 1480 5353 *οἰδαίνουσακ
1557 5275 1687 5353 Mox
1771 5275 2089 5353 (fditi_uvu-_

429 5348 805 5425 σπρεφομὲνην.
843 5348 958 5406 Sed
1011 5349 1224 5425 melior
1271 5350 1402 5405 visa
1452 5353 1546 5405 est
1577 5349 1874 5420 scriptura
1925 5348 2091 5418 Regii

426 5423 628 5495 quarti
648 5438 844 5495 quem
877 5423 1064 5477 secuti
1096 5437 1329 5495 sumus.

496 5495 612 5563 (23)
640 5491 967 5566 _‘quoppdaa't.
1003 5493 1250 5550 Codices
1282 5491 1884 5566 nonnulliépopuooa-i.

1445 5559 1710 5621 codices.
1775 5562 1927 5619 Editi
2006 5559 2087 5614 ἂν·

499 5563 983 5633 (24)Ἐνεπόίησεν.
1064 5566 1151 5620 Ita
1227 5580 1374 5619 mss.

425 5638 571 5692 εποίη
581 5652 687 5688 σεν.

2207 4614 2262 4663 τὸ
2316 4614 2485 4662 κοινόν
2541 4613 2714 4682 ἔχθος,
2747 4615 2837 4660 xui
2888 4606 2981 4661 δια
3033 4615 3090 4660 τό
3147 4607 3297 4670 ἰδίως
3351 4611 3598 4672 ὕποπτον,
3634 4604 3824 4660 ἀδιάλ-

2206 4701 2393 4753 λακτον
2447 4708 2607 4752 πᾶσιν
2667 4702 2928 4771 ὑπάρχειν
2979 4703 3036 4750 τό
3085 4706 3255 4770 μῖσος.
3284 4699 3341 4748 't)
3390 4695 3447 4750 δὲ
3481 4698 3635 4758 σάλος
3665 4698 3823 4759 οὗτος

2207 4799 2305 4842 τῶν
2347 4790 2662 4848 Ἐκκλησιῶν
2711 4789 2847 4850 τίνος
2897 4789 2988 4840 ούκ
3042 4787 3156 4840 ἐστι
3213 4788 3503 4841 θαλασσίου
3553 4783 3823 4851 κλύδωνος

2279 4916 2728 4988 (25)Ἐπέχοντα.
2793 4915 2878 4971 Ita
2945 4931 3094 4973 mss.
3160 4916 3452 4989 quinque.
3505 4913 3652 4970 Editi
3709 4912 3821 4965 ἀπ-

2207 4997 2464 5061 ηχοῡντα.

2279 5057 2397 5133 (26)
2418 5059 2589 5133 Εἶναι,
2615 5063 2777 5115 Hanc
2804 5075 3016 5133 vocem
3042 5075 3113 5114 ex
3135 5060 3437 5133 veteribus
3459 5059 3624 5133 libris
3646 5057 3822 5113 addi-

2203 5131 2432 5188 dimus.
2457 5132 2637 5187 Paulo
2667 5136 2804 5204 post
2833 5132 2972 5187 editi
3015 5139 3188 5183 πᾶσαν
3221 5132 3416 5193 αὐτοῖς.
3453 5131 3606 5186 Libri
3652 5135 3821 5185 vete~

2203 5221 2294 5260 res
2319 5210 2381 5259 ut
2409 5205 2469 5258 in
2504 5208 2685 5258 textu.

2276 5277 2388 5346 (‘27)
2422 5275 2760 5347 Δοξομανίας.
2795 5277 2936 5343 Reg.
2971 5279 3224 5346 quartus
3259 5271 3597 5348 δοξομανὶαν.

2274 5348 2386 5419 (28)
2413 5354 2518 5419 Τῆς
2549 5353 2687 5419 νεώς.
2711 5349 2847 5401 Tl'es
2882 5363 3024 5400 mss.
3060 5355 3149 5406 τῆς
3177 5352 3323 5406 νηός.

2273 5423 2384 5488 ('29)
2421 5418 2704 5480 Ἀλλὴλοις.
2742 5421 2903 5473 lianc
2935 5434 3146 5472 vocem
3170 5418 3517 5473 addidimus
3544 5433 3614 5471 ex
3659 5419 3823 5488 vete-

2198 5485 2375 5545 ribus
2401 5489 2584 5560 libris,
2614 5491 2670 5544 in
2699 5490 2922 5562 quibus
2941 5491 3120 5545 etiam
3145 5489 3559 5562 legiturpaulo
3579 5493 3712 5562 post
3734 5485 3818 5538 ἐπ’

2199 5563 2348 5629 αύτό,
2383 5578 2494 5634 pro
2541 5578 2610 5634 eo
2661 5560 2826 5634 quod
2873 5567 3001 5634 erat
3055 5562 3112 5616 in
3160 5562 3331 5615 editis
3365 5560 3439 5612 ἐπ’
3469 5560 3646 5614 αὑτοῦ.
3683 5561 3820 5616 Mox

2197 5633 2416 5706 Regius
2445 5633 2652 5689 tertius
2681 5633 2780 5695 τῆς
2808 5633 3117 5694 Ἐκκλησίας
3149 5641 3240 5686 τοῦ
3268 5641 3400 5686 Θεοῦ
