4114 6436
225 290 306 350 1B
1491 309 1696 366 LIBER
1733 311 1825 366 DE
1864 310 2134 368 SPIRITU
2175 307 2471 365 SANCTO.

3584 288 3693 345 214

247 424 599 502 Eripit-inp“;
668 428 729 482 ἐν
792 431 843 485 ὦ
902 439 1015 487 πᾶν
1217 434 1355 508 ὃριον
1387 437 1633 508 Πατέρων
1699 417 1907 493 κεκίνη-

2026 432 2273 492 tandem
2304 429 2547 488 marina
2566 424 2834 500 procella
2860 434 2986 479 non
3015 423 3105 476 est
3129 416 3386 476 atrocior
3405 415 3435 470 ‘I
3464 414 3528 470 in
3565 427 3692 486 qua

260 538 332 572 ται
382 524 491 581 πᾶς
562 515 630 573 δὲ
688 522 975 595 θεμέλιος,
1022 528 1117 577 καὶ
1173 526 1305 576 εἴτι
1344 522 1604 599 ὀχύρωμα
1634 520 1914 597 δογμάτων

275 608 706 666 διασεσάλευται.
745 612 1041 667 Κλονείται
1086 610 1148 666 δε
1196 614 1369 667 πάντα
1427 618 1519 665 καὶ
1576 619 1915 667 κατασείεται

281 704 444 777 σαθρᾷ
524 712 591 775 τῇ
678 700 854 775 βάσει
934 706 1363 777 ἑπαιωρούμενα·
1425 701 1663 764 αλλήλοις
1716 699 1776 756 δε
1828 702 1917 775 ἆμ-

287 800 556 853 πίπτοντες
656 793 758 862 ὑπ,
832 792 1075 851 αλλήλων
1160 791 1571 867 ἀνατρεπόμεθα.
1661 792 1767 846 Κᾶν
1841 798 1913 866 μὴ

288 885 462 957 φθάσῃ
535 881 718 955 βαλὼν
791 884 819 935 ό
876 882 1122 955 «alipta;
1156 927 1171 952 ,
1228 884 1253 934 ὀ
1313 884 1661 956 παραστάτης
1700 885 1911 951 ἔτρωσε.

287 973 389 1028 Κίον
633 971 879 1044 βληθεὶς,
929 974 955 1024 ὀ
1005 976 1374 1034 συνασπιστης
1412 970 1565 1030 ἐπέϐη
1621 972 1759 1043 (30).
1812 979 1917 1025 Το-

284 1083 474 1117 σουτσν
528 1061 781 1125 ἀλλήλοις
832 1081 1200 1135 κοινωνουμεν,
1233 1064 1354 1114 ὅσον
1407 1070 1552 1135 κοινῇ
1611 1066 1730 1123 τοὺς
1772 1060 1913 1114 ἑνανι

279 1160 429 1215 τίους
493 1160 697 1224 μισεῖν.
758 1148 1008 1205 Ἐπειδὰν
1066 1149 1127 1205 δε
1182 1151 1509 1225 παρελθωσιν
1558 1154 1607 1203 οἱ
1654 1151 1913 1224 πολέμιοι,

291 1243 538 1305 manu;
608 1239 722 1301 ἤδη
797 1241 1054 1315 βλέπομεν
1109 1241 1407 1314 πολεμίους.
1487 1241 1606 1294 Ἐπὶ
1685 1244 1911 1307 τούτοις,

293 1343 397 1386 τῶν
424 1336 684 1403 ναυαγίων
716 1335 775 1384 τό
815 1332 1014 1393 πλῆθος
1057 1337 1137 1393 τίς
1190 1330 1250 1383 ἂν
1305 1330 1754 1404 ἐξαριθμήσαιτοι
1815 1339 1914 1382 τῶν

294 1426 391 1495 μὲν
438 1421 492 1475 ἐκ
544 1430 640 1482 τῆς
694 1430 799 1474 τῶν
866 1421 1120 1494 πολεμίων
1186 1419 1484 1496 προσϐολῆς
1550 1416 1910 1488 καταδύντων,

294 1520 396 1565 τῶν
434 1509 491 1565 δὲ
525 1511 583 1563 ἐκ
622 1520 722 1573 τῆς
775 1510 1028 1585 λαθραίας
1074 1518 1176 1562 τῶν
1218 1512 1641 1582 συμμαχούντων
1698 1508 1912 1561 ἐπιϐου-

291 1602 405 1667 λῆς,
449 1601 617 1653 ἄλλων
676 1599 735 1653 ἐκ
792 1608 889 1662 τῆς
944 1599 1176 1674 ἀπειρίας
1220 1610 1320 1652 τῶν
1368 1600 1718 1653 εὐθυνόντων·
1780 1601 1910 1652 ὅπου

286 1712 347 1764 γε
372 1688 672 1765 αὔτανδροι
705 1689 1035 1757 Ἐκκλησίαι,
1077 1691 1184 1742 οἷον
1236 1689 1451 1763 ὑφάλοις
1502 1694 1615 1741 ¹τισὶ
1659 1696 1766 1749 τοῖς
1826 1690 1911 1740 αἱ-

2026 528 2092 579 ut
2115 537 2329 579 omnes
2354 522 2598 576 Patrum
2625 512 2865 572 termini
2893 512 3027 567 loco
3055 508 3202 564 moti
3236 504 3488 573 sunt,ita
3506 515 3690 558 omne

2024 610 2580 675 fundamentum,et
2592 606 2639 661 si
2654 603 2821 678 quod
2834 602 3192 671 dogmatum
3215 593 3688 660 munimentum,

2027 701 2387 758 convulsum
2415 701 2521 753 est.
2554 695 2889 751 Volvuntur
2931 691 3183 760 insuper
3213 690 3271 741 et
3316 685 3692 756 quassantur

2025 792 2253 857 omnia,
2282 787 2441 862 putri
2468 780 2963 851 basiinnitentia,
3003 778 3278 849 dumque
3306 773 3409 830 alii
3443 771 3504 827 in
3534 769 3688 826 alios

2024 858 2616 949 vicissim-impetum
2655 873 2933 937 facimus,
2966 868 3065 924 alii
3105 866 3185 922 ab
3211 864 3345 921 aliis
3397 858 3690 917 subverti-

2025 985 2181 1027 mur.
2201 973 2269 1026 Et
2295 968 2343 1023 si
2372 948 2425 1023 te
2447 965 2613 1038 prior
2633 978 2758 1018 non
2783 957 3146 1033 percusserit
3162 952 3440 1023 hostis,is
3452 948 3558 1024 qui
3580 963 3685 1005 au-

2023 1037 2586 1126 xiliatur,vulnerat.
2599 1054 2641 1119 Ο
2653 1050 2772 1107 uod
2791 1049 2840 1105 si
2854 1048 2949 1104 ille
2963 1037 3686 1108 cecideritictus,commi-

2022 1148 2128 1205 lito
2155 1149 2286 1219 jam
2317 1144 2596 1215 insurgit.
2627 1144 2885 1197 Tantum
2914 1138 3068 1193 inter
3097 1148 3212 1190 nos
3259 1130 3561 1188 habemus
3593 1142 3691 1183 so-

2024 1238 2272 1304 cietatis,
2306 1238 2603 1309 quantum
2635 1226 2945 1286 communi
2976 1224 3118 1282 odio
3147 1219 3530 1279 adversarios
3550 1232 3690 1290 pro-

2026 1308 2365 1400 sequimur.
2387 1323 2497 1381 Ubi
2529 1335 2709 1395 porro
2734 1314 3130 1391 praeterierint
3152 1313 3382 1376 hostes,
3410 1308 3543 1379 jam
3570 1320 3686 1361 nos

2021 1418 2176 1473 inter
2198 1430 2311 1471 nos
2340 1394 2546 1469 hostes
2573 1410 2852 1466 videmus
2883 1421 3036 1462 esse.
3064 1402 3163 1459 His
3205 1400 3280 1456 de
3314 1397 3515 1455 causis
3545 1394 3686 1467 quis

2024 1520 2383 1563 enumerare
2402 1502 2595 1575 possit
2609 1497 3072 1568 naufragiorum
3092 1487 3568 1552 multitudinem,
3590 1483 3686 1539 vel

2022 1613 2233 1654 eorum
2257 1594 2363 1667 qui
2384 1573 2651 1648 hostium
2684 1586 3085 1660 impressione
3110 1580 3565 1649 demerguntur,
3585 1573 3685 1630 vel

2020 1689 2127 1760 qui
2160 1700 2233 1741 ex
2254 1663 2502 1740 occultis
2524 1680 2828 1737 sociorum
2860 1673 3094 1731 insidiis
3125 1668 3431 1734 occidunt,
3452 1664 3549 1721 vel
3577 1663 3682 1736 qui

274 1788 510 1855 peruret;
582 1778 765 1842 δόλοις
817 1782 1284 1853 προσαραχθεῖσαι
1334 1776 1715 1854 διεφθάρησαν,
1767 1778 1907 1830 ἄλλοι

2018 1791 2127 1849 per
2150 1772 2516 1846 imperitiam
2542 1770 2769 1825 ducum
2791 1767 3045 1838 pereunt
3069 1781 3082 1831 ;
3106 1775 3246 1816 cum
3271 1754 3540 1813 Ecclesias
3555 1767 3682 1808 una

272 1868 337 1925 δὲ
392 1880 501 1924 τῶν
560 1870 773 1946 ἐχθρῶν
826 1877 919 1922 τοῦ
973 1875 1233 1943 σωτηρίου
1281 1871 1480 1930 πάθους
1505 1873 1636 1941 (31),
1668 1869 1908 1944 παραλα-

266 1961 460 2023 ϐόντες
518 1964 646 2021 τοὺς
710 1963 897 2022 οἴακας
926 2002 939 2027 ,
991 1965 1110 2034 περὶ
1158 1964 1252 2018 τὴν
1317 1965 1498 2012 πίστιν
1556 1958 1904 2030 ἐναυάγησαν.

271 2053 340 2105 Αἱ
388 2047 455 2103 δε
496 2048 557 2101 ἐκ
610 2057 716 2101 τὼν
774 2047 1057 2122 ἀρχόντων
1105 2057 1198 2101 τοῦ
1241 2052 1446 2121 κόσμου
1498 2049 1686 2101 τούτου
1719 2047 1908 2120 ἐπαγό-

264 2160 428 2213 μεναι
474 2142 728 2211 ταραχαὶ
774 2143 929 2200 ποίας
997 2137 1128 2209 ούχὶ
1197 2137 1408 2199 θυέλλης
1461 2143 1550 2190 καὶ
1603 2135 1908 2209 καταιγίδος

266 2226 642 2304 σφοδρότερον
698 2229 812 2298 (32)
856 2232 976 2289 τοὺς
1015 2227 1170 2288 λαοὺς
1225 2226 1611 2302 ἁνατρέπουση
1658 2232 1906 2298 Κατηφης

267 2317 330 2373 δέ
358 2340 442 2381 τις
495 2323 666 2378 ὄντως
708 2319 821 2387 (33)
875 2322 966 2368 καὶ
1019 2322 1214 2388 στυγνὴ
1272 2321 1598 2389 σκοτόμαινα
1644 2320 1739 2378 τὰς
1792 2316 1907 2369 Ἐκ-

262 2409 506 2469 κλησίας
565 2406 774 2479 ἐπέχει,
834 2413 932 2458 τῶν
990 2405 1307 2479 λαμπτήρων
1369 2414 1459 2458 τοῦ
1526 2411 1748 2478 κόσμου,
1817 2405 1905 2467 οὓς

269 2500 417 2550 ἓθετο
465 2499 495 2548 ὁ
537 2501 670 2556 Θεὸς
725 2497 821 2555 τὰς
874 2494 1063 2567 ψυχὰς
1125 2504 1225 2547 τῶν
1280 2494 1415 2548 λαῶν
1465 2495 1724 2567 φωτίζειν,
1777 2494 1906 2557 ἐξοι-

274 2588 588 2639 κισθέντων.
648 2587 723 2638 Τό
764 2581 827 2637 δὲ
887 2584 1207 2657 ὑπερϐάλλον
1254 2585 1430 2645 αὐτοῖς
1486 2593 1580 2645 τῆς
1630 2588 1762 2658 πρὸς
1820 2583 1905 2636 ἀλ-

278 2674 472 2734 λήλους
528 2675 891 2747 φιλονεικίας,
957 2673 1366 2747 ἐπικρεμαμένου
1425 2670 1534 2733 ἤδη
1592 2680 1685 2726 τοῦ
1743 2672 1901 2746 φόϐου

285 2773 389 2825 τῆς
451 2772 545 2815 τοῦ
600 2768 782 2825 παντὸς
861 2761 1157 2827 διαλύσεως
1186 2803 1201 2827 ,
1252 2770 1589 2838 παραιτεῖται
1640 2766 1750 2828 (34)
1807 2767 1902 2821 τὴν

282 2854 572 2909 αἰσθησεν.
632 2860 727 2905 Τοῦ
772 2856 875 2929 γὰρ
941 2861 1117 2906 κοινοῦ
1173 2853 1263 2904 καί
1328 2850 1594 2925 δημοσίου
1676 2851 1900 2924 πολέμου

277 2942 469 2995 πλεῖόν
511 2942 620 2995 ἔστι
669 2947 729 2995 τὸ
786 2940 929 2995 ἴδιον
981 2940 1248 3015 δυσμενὲς,
1300 2950 1396 3003 τῆς
1435 2941 1489 2994 ἐκ
1516 2949 1607 2994 τού
1636 2950 1903 3015 κρατῆσαι

279 3038 392 3082 τῶν
444 3029 677 3082 ἐναντίων
729 3027 896 3093 δόξης
952 3038 1045 3082 τοῦ
1108 3038 1286 3090 κοινῶς
1337 3036 1470 3082 πᾶσι
1516 3028 1900 3090 λυσιτελοῦντος

279 3121 653 3194 τζοοτιθεμένης
688 3163 705 3189 ,
781 3121 861 3182 οἷς
939 3122 998 3171 τό
1065 3123 1365 3192 παραυτίκα
1431 3128 1528 3180 τῆς
1603 3117 1900 3191 φιλοτιμίας
1930 3152 1969 3207 C

268 3215 491 3284 τερπνόν
559 3219 664 3263 τῶν
725 3210 799 3271 εἰς
864 3210 1083 3283 ὕστερον
1135 3208 1482 3281 ἀποκειμένων
1533 3211 1736 3281 μισθῶν
1764 3228 1897 3281 προ-

261 3304 570 3375 τιμότερον.
642 3302 831 3373 Διόπερ
888 3300 1078 3360 πάντες
1134 3299 1349 3371 ὁμοίως,
1405 3299 1525 3350 καθ’
1576 3298 1629 3350 ὃν
1659 3296 1720 3349 ἂν
1774 3298 1898 3349 ἕκα-

269 3410 388 3451 στος
450 3387 689 3447 δύνηται
751 3394 964 3462 τρόπον,
1018 3391 1113 3449 τὰς
1160 3390 1372 3460 φονικὰς
1420 3395 1607 3462 χεῖρας
1661 3385 1900 3448 αλλήλοις

266 3479 703 3556 ἆντεπιφέρουσι.
744 3486 986 3553 Τραχείκ
1041 3476 1101 3531 δε
1152 3498 1229 3539 τις
1280 3483 1484 3553 κραυγὴ
1545 3486 1646 3529 τῶν
1703 3476 1758 3539 ἐξ
1816 3475 1874 3527 ἀν

264 3570 502 3641 τιλογίας
552 3566 1021 3640 παρατριϐομένων
1072 3566 1331 3634 αλλήλοις,
1371 3572 1463 3619 καὶ
1516 3565 1616 3639 βοὴ
1668 3567 1895 3638 ἄσημος,

269 3664 359 3711 καὶ
417 3655 719 3731 δύσκριτος
778 3653 918 3728 ἦχος
959 3655 1145 3707 ἐκτῶν
1194 3654 1461 3727 ἁσιγὴτων
1514 3654 1764 3729 θορύϐων,
1796 3661 1898 3707 πᾶ-

274 3767 369 3800 σαν
419 3744 532 3805 ἤδη
580 3742 785 3818 σχεδόν
839 3745 1152 3803 Ἐκκλησίαν
1191 3744 1544 3818 πεπλήρωκεν,
1598 3743 1681 3797 ἐπὶ
1737 3745 1899 3816 ύπερ-

272 3839 423 3898 ϐολὰς
482 3844 580 3890 καὶ
628 3834 882 3907 ἐλλείψεις
943 3840 1002 3887 τό
1065 3835 1209 3897 suos;
1262 3832 1438 3907 δόγμα
1494 3842 1587 3894 τῆς
1639 3832 1902 3894 εὐσεϐείας

273 3931 738 4001 παρατρεπόντων.
812 3926 879 3977 Οἱ
938 3927 1028 3997 μὲν
1092 3925 1193 3997 γὰρ
1258 3922 1341 3976 ἐπὶ
1410 3919 1749 3996 Ἰονὸαίσμόν
1808 3919 1903 3975 διὰ

270 4028 371 4079 τῆς
433 4018 761 4087 συγχύσεως
819 4022 920 4065 τῶν
958 4019 1273 4088 προσώπων,
1317 4015 1364 4065 οἰ
1419 4008 1477 4065 δὲ
1530 4011 1612 4064 ἐπὶ
1681 4010 1903 4069 Ἐλληνι-

276 4112 417 4178 σξιόν
458 4103 554 4157 δια
608 4113 704 4164 τῆς
756 4110 858 4154 τῶν
917 4106 1117 4175 φύσεων
1167 4100 1522 4162 ἐναντιότητος
1574 4106 1900 4176 παραφέρον-

278 4211 413 4247 ται’
482 4196 598 4245 οὔτε
657 4200 757 4254 τῆς
816 4193 1159 4244 θεοπνεύστου
1225 4197 1432 4264 Γραφῆς
1489 4193 1777 4263 μεσιτεύειν
1814 4189 1905 4241 αύ-

275 4292 392 4347 τοῑς
442 4282 741 4356 ἐξαρκούση
756 4302 800 4346 ς,
856 4283 974 4332 οὔτε
1015 4289 1117 4332 τῶν
1169 4278 1269 4332 ἀπο
1279 4279 1530 4332 στολικῶν
1561 4275 1903 4352 παραδόσεων

275 4378 366 4435 τὰς
422 4377 561 4446 πρὸς
606 4370 863 4432 ἀλλήλους
914 4369 1087 4430 αὐτοῖς
1156 4366 1445 4440 διαλλαγὰς
1509 4367 1900 4442 βραϐευουσῶν-

282 4461 363 4524 Εἷς
419 4461 482 4515 δέ
551 4463 673 4536 ὄρος
732 4459 953 4533 φιλίας,
1010 4463 1070 4511 τὸ
1114 4460 1232 4512 καθ’
1301 4457 1496 4518 ἡδονὴν
1565 4458 1757 4511 εἰπεῖν’
1815 4464 1905 4510 καὶ

284 4554 477 4626 ἔχθρας
537 4549 787 4627 ἀρκοῦσα
837 4554 1140 4624 πρόφασις,
1208 4552 1267 4601 τό
1325 4554 1396 4621 μὴ
1464 4547 1730 4621 συμϐῆναι
1794 4554 1906 4608 ταῖς

290 4638 489 4703 δόξαις,
548 4644 749 4701 “dan;
780 4635 840 4691 δὲ
880 4643 1213 4711 συνωμοσίας
1272 4642 1580 4712 πιστότερον
1618 4641 1747 4712 πρὸς
1793 4656 1905 4688 κοι-

287 4738 469 4785 νωνίαν
518 4735 760 4792 στάσεως
806 4733 836 4788 η
878 4738 971 4782 τοῦ
1026 4729 1327 4802 σφάλματος
1356 4731 1623 4802 ὁμοιότης.
1655 4727 1908 4798 Θεολόγος

286 4820 348 4876 3's
394 4830 515 4889 πᾶς,
572 4826 669 4873 καὶ
736 4822 762 4871 ό
806 4823 1022 4894 μυρίαις
1076 4818 1259 4877 κηλίσι
1291 4823 1385 4876 τὴν
1435 4818 1623 4889 ψυχὴν
1679 4837 1906 4890 στιγμα-

276 4918 395 4975 τίας
450 4916 599 4979 (35).
654 4910 916 4963 Ἐντευθεν
955 4916 1064 4969 τοῖς
1117 4915 1506 4981 νεωτεροποιοῑς
1545 4906 1763 4982 εὐπορία
1808 4915 1906 4959 τῶν

284 5003 765 5063 σνστασιαζόντων
832 4999 1026 5058 πολλή.
1113 5006 1401 5073 Τοιγαρουν
1470 4998 1905 5071 αύτοχειροτόνη-

361 5152 469 5219 ξ30)
492 5145 705 5213 Ἐπέϐη.
732 5148 816 5200 Ita
847 5141 1076 5219 Regius
1120 5142 1446 5219 secundus,
1473 5140 1662 5219 multo
1687 5140 1908 5219 melius

296 5212 477 5293 quam
509 5212 654 5276 editi
678 5215 1104 5293 inxuéén._'l‘res
1131 5213 1228 5293 alii
1269 5214 1507 5269 codices
1537 5212 1764 5270 ἐπενέϐη.

360 5298 473 5363 (31)
530 5296 791 5368 Σωτηρίου
844 5289 1081 5347 παθονς.
1135 5288 1218 5340 lla
1265 5301 1379 5339 OJG
1438 5284 1593 5353 Regii
1663 5282 1913 5339 secundi

360 5364 753 5411 nenrinvimns
784 5359 967 5411 (γυοά
1005 5358 1069 5411 in
1100 5356 1270 5411 editis
1305 5302 1620 5411 iEtIBthllttt‘
1649 5360 1911 5411 σωτηοὶου

300 5356 753 5422 θὼοῐίέᾶνίωῖιδ
784 5359 967 5435 quod
1005 5358 1069 5435 in
1100 5356 1270 5435 editis
1305 5356 1620 5435 legebatur
1649 5360 1911 5426 σωτηρὶου

303 5439 602 5512 ῌνεῦματος.
632 5453 763 5496 non
796 5427 895 5491 ést
920 5428 1092 5512 stylo
1122 5432 1177 5482 et
1203 5443 1367 5483 more
1397 5427 1750 5512 Basiliiz‘qui
1785 5427 1915 5512 Spi-

303 5497 457 5569 ritum
478 5497 763 5573 sanctum
783 5497 1089 5574 ,σωτήριον
1105 5515 1408 5574 nusquam
1440 5497 1724 5570 appellat.
1750 5497 1917 5574 Unde

298 5571 672 5647 Combetisius
716 5571 1090 5651 legendum
1142 5571 1395 5642 putabat
1447 5589 1707 5644 σωτηριου
1754 5572 1915 5644 κηρύ-

286 5679 474 5736 lauto;

2020 1880 2161 1920 cum
2193 1843 2337 1935 ipsis
2364 1858 2744 1923 hominibus,
2766 1853 3183 1911 hiereticorum
3205 1846 3361 1905 dolis
3376 1844 3541 1901 velut
3556 1843 3677 1914 66

2020 1955 2135 2010 sub
2156 1932 2319 2025 aqua
2346 1948 2676 2006 latentibus
2708 1943 2973 2017 scopulis
3019 1940 3205 2006 illisae,
3244 1934 3490 2011 perditae
3520 1932 3673 1988 sint:

2020 2043 2121 2098 alii
2150 2022 2291 2097 vero
2316 2055 2389 2095 ex
2412 2036 2691 2094 hostibus
2723 2032 3043 2091 salutiferae
3070 2026 3402 2101 passionis,
3434 2022 3540 2096 qui
3565 2036 3677 2090 επις

2018 2131 2350 2190 bernacula
2371 2129 2765 2201 occuparunt,
2791 2120 3147 2180 circatidem
3177 2113 3568 2184 naufragium
3588 2110 3674 2166 fe-

2017 2224 2204 2280 cerint
2216 2222 2244 2276 ‘2
2264 2224 2352 2278 Cae
2363 2199 2551 2275 terum
2564 2216 2754 2273 turbae
2776 2214 2852 2269 ab
2869 2211 3052 2282 hujus
3066 2205 3280 2265 mundi
3295 2199 3675 2278 principibus

2016 2310 2492 2385 proﬁciscentes,
2514 2321 2639 2378 qua
2668 2319 2790 2359 non
2816 2298 3101 2374 procella,
3134 2310 3258 2368 quo
3286 2307 3412 2349 non
3435 2288 3673 2346 turbine

2012 2382 2360 2456 horribilius
2391 2395 2747 2450 subvertant.
2774 2388 3035 2463 populos
3052 2388 3080 2443 ?
3100 2382 3394 2441 Ecclesias
3415 2393 3558 2436 vero
3578 2391 3674 2433 ca-

2012 2487 2133 2559 ligo
2159 2485 2437 2558 quaedam
2468 2482 2623 2538 adeo
2652 2480 2833 2553 plane
2858 2476 3040 2533 tristis
3062 2490 3132 2531 ac
3155 2475 3373 2529 mmsta
3391 2468 3667 2537 occupat,

2012 2557 2286 2633 videlicet
2312 2570 2720 2629 luminaribus
2750 2566 2987 2635 mundi,
3017 2580 3151 2638 quae
3187 2564 3341 2618 Deus
3384 2557 3672 2631 posuerat

2014 2666 2095 2722 ad
2113 2662 2548 2720 illuminandas
2572 2659 2943 2733 populorum
2964 2655 3227 2723 animas,
3248 2651 3434 2707 domo
3459 2642 3668 2719 proﬂi-

2013 2749 2721 2826 gatis.Porroimmodica
2736 2747 2866 2818 jam
2884 2746 3036 2801 inter
3056 2744 3222 2815 ipsos
3235 2735 3669 2796 vincendicon-

2010 2844 2217 2909 tentio,
2243 2858 2382 2898 cum
2402 2841 2531 2912 jam
2560 2837 2876 2894 immineat
2894 2838 3090 2890 terror
3119 2829 3406 2887 minitans
3425 2824 3666 2882 ruinam

2012 2932 2298 2999 universi,
2330 2930 2543 2986 adimit
2574 2926 2719 2983 mali
2748 2940 3016 2980 sensum.
3040 2925 3185 2978 Nam
3214 2918 3451 2991 privata
3483 2913 3668 2969 simu-

2007 3023 2121 3080 ltas
2138 3022 2275 3095 plus
2303 3024 2391 3076 est
2410 3034 2598 3092 quam
2616 3029 2940 3071 commune
2960 3010 3395 3085 publicumque
3411 3003 3663 3070 bellum,

2008 3113 2156 3169 dum
2171 3108 2554 3167 adversarios
2575 3104 2853 3162 vincendi
2867 3102 3057 3174 gloria
3078 3097 3387 3173 praefertur
3407 3092 3665 3168 publica;

2008 3202 2283 3259 omnium
2316 3197 2574 3265 utilitati,
2600 3194 2827 3268 quibus
2874 3206 3137 3266 praesens
3174 3182 3666 3259 temporariaque

2009 3291 2209 3363 gloriae
2222 3289 2501 3360 voluptas
2525 3286 2683 3359 prior
2704 3300 2774 3340 ac
2796 3282 2994 3356 potior
3008 3285 3100 3337 est
3120 3275 3373 3351 praemiis
3388 3274 3447 3330 in
3460 3274 3665 3345 poste-

2008 3398 2145 3438 rum
2174 3377 2473 3450 repositis.
2517 3379 2721 3447 quue
2769 3387 2982 3429 omnes
3031 3369 3252 3443 pariter
3297 3376 3665 3439 quocunque

2009 3474 2267 3544 possunt
2296 3467 2480 3523 modo
2513 3463 2937 3522 interfectrices
2986 3475 3207 3517 manus
3252 3455 3369 3512 sibi
3404 3453 3665 3509 invicem

2010 3562 2288 3618 afferunt.
2321 3556 2590 3613 Acerbus
2621 3560 2824 3611 autem
2855 3552 3109 3625 quidam
3159 3548 3387 3605 clamor
3429 3557 3663 3610 eorum,

2010 3653 2114 3723 qui
2139 3667 2211 3706 ex
2240 3648 2621 3705 contentione
2651 3660 2781 3700 sese
2810 3648 3022 3698 mutuo
3051 3638 3362 3699 collidunt,
3386 3631 3662 3690 confusa-

2009 3757 2128 3814 que
2167 3736 2534 3801 vociferatio,
2564 3733 2948 3790 indistinctus
2989 3730 3221 3786 sonitus
3264 3743 3296 3783 e
3343 3736 3665 3795 nunquam

2011 3811 2324 3887 silentibus
2347 3825 2730 3892 tumultibus,
2758 3827 2944 3879 totam
2976 3834 3163 3893 prope
3179 3819 3306 3889 jam
3338 3811 3665 3870 Ecclesiam

2008 3918 2300 3992 implevit,
2327 3932 2435 3989 per
2456 3930 2737 3971 excessus
2753 3929 2823 3969 ac
2858 3912 3126 3968 detectus
3163 3911 3392 3963 rectum
3424 3900 3664 3976 pietatis

2010 3989 2239 4079 dogma
2268 4004 2776 4061 subvertentibus.
2800 4005 2947 4059 Nam
2975 3999 3071 4055 alii
3093 3997 3340 4071 quidem
3363 3994 3442 4050 ad
3461 3989 3667 4047 Judai-

2014 4115 2238 4161 smum,
2274 4096 2352 4152 ob
2382 4110 2783 4168 personarum
2813 4090 3251 4153 confusionem,
3288 4084 3389 4142 alii
3432 4086 3664 4147 contra,

2013 4189 2092 4246 ad
2110 4187 2539 4261 paganismum
2558 4200 2665 4256 per
2683 4188 3043 4239 naturarum
3065 4176 3550 4236 contrarietatem
3570 4171 3668 4226 de-

2012 4280 2317 4335 feruntur:
2352 4277 2504 4332 adeo
2528 4279 2593 4330 ut
2617 4291 2727 4330 nec
2748 4271 3033 4329 divinitus
3054 4268 3345 4342 inspirata
3362 4264 3668 4336 Scriptura
3694 4270 3697 4271 '

2013 4370 2166 4425 inter
2185 4367 2317 4422 illos
2342 4370 2716 4437 sequestram
2744 4377 2922 4433 agere
2952 4360 3163 4434 possit,
3191 4373 3302 4413 nec
3326 4350 3666 4427 apostolicae

2015 4456 2367 4514 traditiones
2396 4454 2527 4509 illos
2561 4454 2713 4509 inter
2758 4469 2820 4508 se
2868 4449 3187 4507 conciliare
3238 4444 3497 4501 valeant.
3550 4438 3667 4497 Sed

1937 4513 1979 4566 Ι)
2012 4546 2227 4603 unicus
2248 4543 2519 4600 amicitiae
2554 4542 2691 4598 ﬁnis
2717 4541 2903 4597 estad
2929 4538 3186 4609 gratiam
3213 4532 3380 4606 loqui
3405 4549 3417 4587 :
3451 4546 3524 4586 ac
3549 4528 3668 4584 suf-

2013 4636 2220 4693 ficiens
2240 4639 2327 4690 est
2349 4633 2665 4689 inimicitiae
2688 4648 2893 4698 causa,
2911 4627 3304 4702 opinionibus
3328 4619 3667 4678 dissentire.

2015 4729 2195 4781 Porro
2211 4723 2429 4778 erroris
2454 4720 2786 4776 similitudo
2808 4736 2902 4774 res
2916 4722 3006 4773 est
3021 4714 3236 4788 quavis
3253 4712 3385 4783 conj
3398 4709 3667 4766 uratione

2013 4813 2243 4869 ﬁrmior
2272 4811 2352 4867 ad
2381 4808 2691 4866 seditionis
2740 4806 3109 4863 societatem.
3161 4800 3496 4870 Theologus
3524 4812 3668 4853 vero

2016 4902 2266 4975 quilibet
2294 4905 2401 4970 est,
2420 4900 2469 4955 is
2494 4900 2699 4967 etiam,
2722 4896 2827 4969 qui
2847 4892 3101 4951 maculis
3123 4888 3669 4948 innumerabilibus

2017 4992 2285 5049 animam
2316 4990 2535 5046 habeat
2560 4991 2850 5043 notatam.
2878 4985 3019 5041 Hinc
3047 4998 3251 5040 rerum
3271 4978 3668 5038 novatoribus

2232 5130 2602 5218 ξῗθδρότεῇον·
2627 5133 2750 5199 Βθε
2810 5126 3452 5218 εεξίξυηάιξξιβαρύητερον.

2088 5199 2201 5278 (‘33:)
2232 5199 2452 5265 ”ὑντό›ς.
2489 5199 2568 5258 ita
2592 5219 2739 5259 mss.
2771 5202 3029 5278 codices.
3061 5199 3418 5257 Εόίῑίόύτως.

2092 5263 2203 5348 ζ34)
2231 5263 2595 5349 ΙΙαραιτεῖται.
2623 5278 2761 5341 Reg.
2788 5273 3093 5349 secundus
3114 5277 3466 5349 παραιρεῖταιΣ
3489 5263 3672 5349 Paulo

2022 5339 2157 5423 po‘st
2182 5339 2327 5423 editi
2349 5349 2675 5423 κρατεῖσθαι.
2704 5340 2836 5403 Mss.
2863 5345 3002 5423 utin
3030 5339 3213 5401 textu'.
3239 5339 3507 5399 Subinde
3529 5340 3670 5405 Reg.

2028 5416 2335 5477 secundus
2356 5416 2444 5479 τῆς
2468 5419 2776 5491 φιλονεικίας
2805 5416 3038 5490 τερπνόν.

2069 5497 2209 5582 ,(35)
2239 5482 2575 5564 Στιγματίκς.
2617 5491 2702 5547 Ita
2731 5482 2878 5546 mss'.
2911 5492 3190 5561 quatuor.
3248 5482 3401 5539 Editi
3455 5496 3676 5552 στιγμα-

2027 5582 2195 5624 τισας.
