  <div class='ocr_page' id='page_1' title='image "/cluster/home/n/w/nwhite01/storage/ocr_20150623/32:no.4/coo.31924054869296/117.png"; bbox 0 0 4114 6404; ppageno 0'>
   <div class='ocr_carea' id='block_1_1' title="bbox 453 258 560 312">
    <p class='ocr_par' dir='ltr' id='par_1_1' title="bbox 453 258 560 312">
     <span class='ocr_line' id='line_1_1' title="bbox 453 258 560 312; baseline 0 -1"><span class='ocrx_word' id='word_1_1' title='bbox 453 258 560 312; x_wconf 75' lang='grc'><strong>215</strong></span> 
     </span>
    </p>
   </div>
   <div class='ocr_carea' id='block_1_2' title="bbox 1849 261 2449 320">
    <p class='ocr_par' dir='ltr' id='par_1_2' title="bbox 1849 261 2449 320">
     <span class='ocr_line' id='line_1_2' title="bbox 1849 261 2449 320; baseline 0.003 -2"><span class='ocrx_word' id='word_1_2' title='bbox 1849 263 1907 318; x_wconf 92' lang='lat' dir='ltr'><strong>S.</strong></span> <span class='ocrx_word' id='word_1_3' title='bbox 1945 261 2193 317; x_wconf 83' lang='lat' dir='ltr'><strong>BASlLll</strong></span> <span class='ocrx_word' id='word_1_4' title='bbox 2231 263 2449 320; x_wconf 83' lang='lat' dir='ltr'><strong>MAGNI</strong></span> 
     </span>
    </p>
   </div>
   <div class='ocr_carea' id='block_1_3' title="bbox 3734 269 3849 317">
    <p class='ocr_par' dir='ltr' id='par_1_3' title="bbox 3734 269 3849 317">
     <span class='ocr_line' id='line_1_3' title="bbox 3734 269 3849 317; baseline 0.009 -1"><span class='ocrx_word' id='word_1_5' title='bbox 3734 269 3849 317; x_wconf 76' lang='grc'><strong>216</strong></span> 
     </span>
    </p>
   </div>
   <div class='ocr_carea' id='block_1_4' title="bbox 456 381 2138 467">
    <p class='ocr_par' dir='ltr' id='par_1_4' title="bbox 456 381 2116 459">
     <span class='ocr_line' id='line_1_4' title="bbox 456 381 2116 459; baseline 0.002 -21"><span class='ocrx_word' id='word_1_6' title='bbox 456 381 649 438; x_wconf 91' lang='lat' dir='ltr'><strong>multa</strong></span> <span class='ocrx_word' id='word_1_7' title='bbox 677 381 854 455; x_wconf 89' lang='lat' dir='ltr'><strong>copia</strong></span> <span class='ocrx_word' id='word_1_8' title='bbox 887 382 1072 439; x_wconf 86' lang='lat' dir='ltr'><strong>simul</strong></span> <span class='ocrx_word' id='word_1_9' title='bbox 1095 384 1485 444; x_wconf 86' lang='lat' dir='ltr'><strong>exoitantium</strong></span> <span class='ocrx_word' id='word_1_10' title='bbox 1514 387 1890 444; x_wconf 82' lang='lat' dir='ltr'><strong>seditionem.</strong></span> <span class='ocrx_word' id='word_1_11' title='bbox 1911 388 2116 459; x_wconf 84' lang='lat' dir='ltr'><strong>Itaque</strong></span> 
     </span>
    </p>
   </div>
   <div class='ocr_carea' id='block_1_5' title="bbox 2251 381 3852 467">
    <p class='ocr_par' dir='ltr' id='par_1_5' title="bbox 2251 387 3852 467">
     <span class='ocr_line' id='line_1_5' title="bbox 2251 387 3852 467; baseline -0.002 -25"><span class='ocrx_word' id='word_1_12' title='bbox 2251 409 2312 442; x_wconf 85' lang='grc' dir='ltr'><strong>ὀι</strong></span> <span class='ocrx_word' id='word_1_13' title='bbox 2340 398 2431 447; x_wconf 81' lang='grc' dir='ltr'><strong>καὶ</strong></span> <span class='ocrx_word' id='word_1_14' title='bbox 2475 387 2887 466; x_wconf 72' lang='grc' dir='ltr'><strong>σπουδαρχίδαι</strong></span> <span class='ocrx_word' id='word_1_15' title='bbox 2908 399 3007 444; x_wconf 88' lang='grc' dir='ltr'><strong>τῶν</strong></span> <span class='ocrx_word' id='word_1_16' title='bbox 3042 387 3360 445; x_wconf 78' lang='grc' dir='ltr'><strong>Ἐκκλησιῶν</strong></span> <span class='ocrx_word' id='word_1_17' title='bbox 3391 394 3484 451; x_wconf 80' lang='grc' dir='ltr'><strong>τάς</strong></span> <span class='ocrx_word' id='word_1_18' title='bbox 3508 393 3852 467; x_wconf 77' lang='grc' dir='ltr'><strong>προστασίας</strong></span> 
     </span>
    </p>
   </div>
   <div class='ocr_carea' id='block_1_6' title="bbox 457 471 2119 549">
    <p class='ocr_par' dir='ltr' id='par_1_6' title="bbox 457 471 2119 549">
     <span class='ocr_line' id='line_1_6' title="bbox 457 471 2119 549; baseline 0.004 -23"><span class='ocrx_word' id='word_1_19' title='bbox 457 471 564 544; x_wconf 91' lang='lat' dir='ltr'><strong>qui</strong></span> <span class='ocrx_word' id='word_1_20' title='bbox 585 471 816 544; x_wconf 86' lang='lat' dir='ltr'><strong>seipsos</strong></span> <span class='ocrx_word' id='word_1_21' title='bbox 847 473 970 529; x_wconf 90' lang='lat' dir='ltr'><strong>suis</strong></span> <span class='ocrx_word' id='word_1_22' title='bbox 995 473 1228 544; x_wconf 84' lang='lat' dir='ltr'><strong>elegere</strong></span> <span class='ocrx_word' id='word_1_23' title='bbox 1250 476 1810 549; x_wconf 79' lang='lat' dir='ltr'><strong>suifragiis,quique</strong></span> <span class='ocrx_word' id='word_1_24' title='bbox 1834 476 2119 532; x_wconf 82' lang='lat' dir='ltr'><strong>atfectant</strong></span> 
     </span>
    </p>
   </div>
   <div class='ocr_carea' id='block_1_7' title="bbox 459 561 2117 638">
    <p class='ocr_par' dir='ltr' id='par_1_7' title="bbox 459 561 2117 638">
     <span class='ocr_line' id='line_1_7' title="bbox 459 561 2117 638; baseline 0.003 -22"><span class='ocrx_word' id='word_1_25' title='bbox 459 561 934 634; x_wconf 90' lang='lat' dir='ltr'><strong>principatum,ii</strong></span> <span class='ocrx_word' id='word_1_26' title='bbox 951 563 1348 620; x_wconf 87' lang='lat' dir='ltr'><strong>Ecclesiarum</strong></span> <span class='ocrx_word' id='word_1_27' title='bbox 1366 566 1754 638; x_wconf 76' lang='lat' dir='ltr'><strong>praefecturas</strong></span> <span class='ocrx_word' id='word_1_28' title='bbox 1767 566 2117 637; x_wconf 88' lang='lat' dir='ltr'><strong>sortiuntur,</strong></span> 
     </span>
    </p>
   </div>
   <div class='ocr_carea' id='block_1_8' title="bbox 462 652 2122 729">
    <p class='ocr_par' dir='ltr' id='par_1_8' title="bbox 462 652 2122 729">
     <span class='ocr_line' id='line_1_8' title="bbox 462 652 2122 729; baseline 0.001 -20"><span class='ocrx_word' id='word_1_29' title='bbox 462 652 709 724; x_wconf 85' lang='lat' dir='ltr'><strong>repulsa</strong></span> <span class='ocrx_word' id='word_1_30' title='bbox 755 653 946 709; x_wconf 84' lang='lat' dir='ltr'><strong>sancti</strong></span> <span class='ocrx_word' id='word_1_31' title='bbox 994 655 1246 726; x_wconf 79' lang='lat' dir='ltr'><strong>Spiritus</strong></span> <span class='ocrx_word' id='word_1_32' title='bbox 1285 655 1827 712; x_wconf 76' lang='lat' dir='ltr'><strong>administratione.</strong></span> <span class='ocrx_word' id='word_1_33' title='bbox 1868 659 2122 729; x_wconf 86' lang='lat' dir='ltr'><strong>Jamque</strong></span> 
     </span>
    </p>
   </div>
   <div class='ocr_carea' id='block_1_9' title="bbox 464 743 2125 815">
    <p class='ocr_par' dir='ltr' id='par_1_9' title="bbox 464 743 2125 815">
     <span class='ocr_line' id='line_1_9' title="bbox 464 743 2125 815; baseline 0.002 -17"><span class='ocrx_word' id='word_1_34' title='bbox 464 757 714 815; x_wconf 85' lang='lat' dir='ltr'><strong>prorsus</strong></span> <span class='ocrx_word' id='word_1_35' title='bbox 741 743 1104 814; x_wconf 87' lang='lat' dir='ltr'><strong>evangelicis</strong></span> <span class='ocrx_word' id='word_1_36' title='bbox 1134 745 1346 800; x_wconf 85' lang='lat' dir='ltr'><strong>ritibus</strong></span> <span class='ocrx_word' id='word_1_37' title='bbox 1379 745 1458 801; x_wconf 92' lang='lat' dir='ltr'><strong>ob</strong></span> <span class='ocrx_word' id='word_1_38' title='bbox 1477 745 1784 802; x_wconf 88' lang='lat' dir='ltr'><strong>sublatum</strong></span> <span class='ocrx_word' id='word_1_39' title='bbox 1807 762 2008 802; x_wconf 91' lang='lat' dir='ltr'><strong>rerum</strong></span> <span class='ocrx_word' id='word_1_40' title='bbox 2031 762 2125 801; x_wconf 92' lang='lat' dir='ltr'><strong>or-</strong></span> 
     </span>
    </p>
   </div>
   <div class='ocr_carea' id='block_1_10' title="bbox 466 831 2125 908">
    <p class='ocr_par' dir='ltr' id='par_1_10' title="bbox 466 831 2125 908">
     <span class='ocr_line' id='line_1_10' title="bbox 466 831 2125 908; baseline 0.003 -22"><span class='ocrx_word' id='word_1_41' title='bbox 466 831 672 888; x_wconf 87' lang='lat' dir='ltr'><strong>dinem</strong></span> <span class='ocrx_word' id='word_1_42' title='bbox 698 831 988 899; x_wconf 89' lang='lat' dir='ltr'><strong>confusis,</strong></span> <span class='ocrx_word' id='word_1_43' title='bbox 1021 833 1340 889; x_wconf 80' lang='lat' dir='ltr'><strong>ineffabilis</strong></span> <span class='ocrx_word' id='word_1_44' title='bbox 1372 839 1461 891; x_wconf 91' lang='lat' dir='ltr'><strong>est</strong></span> <span class='ocrx_word' id='word_1_45' title='bbox 1491 835 1570 890; x_wconf 90' lang='lat' dir='ltr'><strong>ad</strong></span> <span class='ocrx_word' id='word_1_46' title='bbox 1608 835 1999 908; x_wconf 78' lang='lat' dir='ltr'><strong>praefecturas</strong></span> <span class='ocrx_word' id='word_1_47' title='bbox 2044 835 2125 890; x_wconf 90' lang='lat' dir='ltr'><strong>ir-</strong></span> 
     </span>
    </p>
   </div>
   <div class='ocr_carea' id='block_1_11' title="bbox 466 921 2122 996">
    <p class='ocr_par' dir='ltr' id='par_1_11' title="bbox 466 921 2122 996">
     <span class='ocr_line' id='line_1_11' title="bbox 466 921 2122 996; baseline 0.002 -20"><span class='ocrx_word' id='word_1_48' title='bbox 466 921 1075 994; x_wconf 88' lang='lat' dir='ltr'><strong>ruptio,unoquoque</strong></span> <span class='ocrx_word' id='word_1_49' title='bbox 1105 938 1315 979; x_wconf 90' lang='lat' dir='ltr'><strong>eorum</strong></span> <span class='ocrx_word' id='word_1_50' title='bbox 1344 923 1448 996; x_wconf 90' lang='lat' dir='ltr'><strong>qui</strong></span> <span class='ocrx_word' id='word_1_51' title='bbox 1470 925 1799 980; x_wconf 82' lang='lat' dir='ltr'><strong>ambitione</strong></span> <span class='ocrx_word' id='word_1_52' title='bbox 1819 925 2122 992; x_wconf 86' lang='lat' dir='ltr'><strong>laborant,</strong></span> 
     </span>
    </p>
   </div>
   <div class='ocr_carea' id='block_1_12' title="bbox 471 1010 2126 1086">
    <p class='ocr_par' dir='ltr' id='par_1_12' title="bbox 471 1010 2126 1086">
     <span class='ocr_line' id='line_1_12' title="bbox 471 1010 2126 1086; baseline 0.002 -21"><span class='ocrx_word' id='word_1_53' title='bbox 471 1026 604 1066; x_wconf 89' lang='lat' dir='ltr'><strong>sese</strong></span> <span class='ocrx_word' id='word_1_54' title='bbox 632 1010 691 1067; x_wconf 90' lang='lat' dir='ltr'><strong>in</strong></span> <span class='ocrx_word' id='word_1_55' title='bbox 725 1010 1048 1081; x_wconf 85' lang='lat' dir='ltr'><strong>dignitates</strong></span> <span class='ocrx_word' id='word_1_56' title='bbox 1096 1029 1205 1086; x_wconf 91' lang='lat' dir='ltr'><strong>per</strong></span> <span class='ocrx_word' id='word_1_57' title='bbox 1252 1013 1375 1069; x_wconf 87' lang='lat' dir='ltr'><strong>vim</strong></span> <span class='ocrx_word' id='word_1_58' title='bbox 1407 1014 1770 1071; x_wconf 91' lang='lat' dir='ltr'><strong>intrudente.</strong></span> <span class='ocrx_word' id='word_1_59' title='bbox 1804 1014 1938 1070; x_wconf 87' lang='lat' dir='ltr'><strong>Jam</strong></span> <span class='ocrx_word' id='word_1_60' title='bbox 1982 1029 2126 1070; x_wconf 90' lang='lat' dir='ltr'><strong>vero</strong></span> 
     </span>
    </p>
   </div>
   <div class='ocr_carea' id='block_1_13' title="bbox 470 1100 2128 1177">
    <p class='ocr_par' dir='ltr' id='par_1_13' title="bbox 470 1100 2128 1177">
     <span class='ocr_line' id='line_1_13' title="bbox 470 1100 2128 1177; baseline 0.002 -21"><span class='ocrx_word' id='word_1_61' title='bbox 470 1100 673 1169; x_wconf 82' lang='lat' dir='ltr'><strong>gravis</strong></span> <span class='ocrx_word' id='word_1_62' title='bbox 688 1100 970 1173; x_wconf 80' lang='lat' dir='ltr'><strong>quaedam</strong></span> <span class='ocrx_word' id='word_1_63' title='bbox 991 1102 1284 1159; x_wconf 90' lang='lat' dir='ltr'><strong>anarchia</strong></span> <span class='ocrx_word' id='word_1_64' title='bbox 1303 1103 1383 1159; x_wconf 91' lang='lat' dir='ltr'><strong>ab</strong></span> <span class='ocrx_word' id='word_1_65' title='bbox 1402 1103 1517 1160; x_wconf 90' lang='lat' dir='ltr'><strong>hoc</strong></span> <span class='ocrx_word' id='word_1_66' title='bbox 1532 1104 1903 1177; x_wconf 87' lang='lat' dir='ltr'><strong>principatus</strong></span> <span class='ocrx_word' id='word_1_67' title='bbox 1921 1119 2128 1160; x_wconf 90' lang='lat' dir='ltr'><strong>amore</strong></span> 
     </span>
    </p>
   </div>
   <div class='ocr_carea' id='block_1_14' title="bbox 470 1190 2131 1268">
    <p class='ocr_par' dir='ltr' id='par_1_14' title="bbox 470 1190 2131 1268">
     <span class='ocr_line' id='line_1_14' title="bbox 470 1190 2131 1268; baseline 0.002 -22"><span class='ocrx_word' id='word_1_68' title='bbox 470 1191 732 1263; x_wconf 90' lang='lat' dir='ltr'><strong>populos</strong></span> <span class='ocrx_word' id='word_1_69' title='bbox 760 1190 978 1248; x_wconf 82' lang='lat' dir='ltr'><strong>invasit</strong></span> <span class='ocrx_word' id='word_1_70' title='bbox 1004 1209 1016 1247; x_wconf 95' lang='lat'>:</span> <span class='ocrx_word' id='word_1_71' title='bbox 1046 1192 1209 1250; x_wconf 89' lang='lat' dir='ltr'><strong>unde</strong></span> <span class='ocrx_word' id='word_1_72' title='bbox 1230 1193 1406 1250; x_wconf 81' lang='lat' dir='ltr'><strong>irritae</strong></span> <span class='ocrx_word' id='word_1_73' title='bbox 1436 1199 1575 1251; x_wconf 87' lang='lat' dir='ltr'><strong>sunt</strong></span> <span class='ocrx_word' id='word_1_74' title='bbox 1594 1211 1843 1268; x_wconf 88' lang='lat' dir='ltr'><strong>prorsus</strong></span> <span class='ocrx_word' id='word_1_75' title='bbox 1891 1211 1962 1251; x_wconf 90' lang='lat' dir='ltr'><strong>ac</strong></span> <span class='ocrx_word' id='word_1_76' title='bbox 2003 1195 2131 1250; x_wconf 89' lang='lat' dir='ltr'><strong>ina-</strong></span> 
     </span>
    </p>
   </div>
   <div class='ocr_carea' id='block_1_15' title="bbox 469 1275 2131 1353">
    <p class='ocr_par' dir='ltr' id='par_1_15' title="bbox 469 1275 2131 1353">
     <span class='ocr_line' id='line_1_15' title="bbox 469 1275 2131 1353; baseline 0.002 -17"><span class='ocrx_word' id='word_1_77' title='bbox 469 1295 580 1336; x_wconf 87' lang='lat' dir='ltr'><strong>nes</strong></span> <span class='ocrx_word' id='word_1_78' title='bbox 608 1280 1024 1353; x_wconf 83' lang='lat' dir='ltr'><strong>praefectorum</strong></span> <span class='ocrx_word' id='word_1_79' title='bbox 1048 1283 1681 1348; x_wconf 88' lang='lat' dir='ltr'><strong>exhortationes,dum</strong></span> <span class='ocrx_word' id='word_1_80' title='bbox 1701 1301 1883 1343; x_wconf 92' lang='lat' dir='ltr'><strong>nemo</strong></span> <span class='ocrx_word' id='word_1_81' title='bbox 1904 1302 1966 1341; x_wconf 90' lang='lat' dir='ltr'><strong>se</strong></span> <span class='ocrx_word' id='word_1_82' title='bbox 1997 1275 2131 1340; x_wconf 75' lang='lat' dir='ltr'><strong>ma-</strong></span> 
     </span>
    </p>
   </div>
   <div class='ocr_carea' id='block_1_16' title="bbox 472 1371 2129 1449">
    <p class='ocr_par' dir='ltr' id='par_1_16' title="bbox 472 1371 2129 1449">
     <span class='ocr_line' id='line_1_16' title="bbox 472 1371 2129 1449; baseline 0.004 -25"><span class='ocrx_word' id='word_1_83' title='bbox 472 1371 565 1442; x_wconf 80' lang='lat' dir='ltr'><strong>gis</strong></span> <span class='ocrx_word' id='word_1_84' title='bbox 595 1371 762 1429; x_wconf 87' lang='lat' dir='ltr'><strong>alteri</strong></span> <span class='ocrx_word' id='word_1_85' title='bbox 784 1372 1146 1441; x_wconf 86' lang='lat' dir='ltr'><strong>auscultare,</strong></span> <span class='ocrx_word' id='word_1_86' title='bbox 1175 1390 1363 1446; x_wconf 88' lang='lat' dir='ltr'><strong>quam</strong></span> <span class='ocrx_word' id='word_1_87' title='bbox 1393 1375 1522 1432; x_wconf 88' lang='lat' dir='ltr'><strong>aliis</strong></span> <span class='ocrx_word' id='word_1_88' title='bbox 1553 1375 1850 1449; x_wconf 90' lang='lat' dir='ltr'><strong>imperare</strong></span> <span class='ocrx_word' id='word_1_89' title='bbox 1885 1375 2129 1442; x_wconf 88' lang='lat' dir='ltr'><strong>debere,</strong></span> 
     </span>
    </p>
   </div>
   <div class='ocr_carea' id='block_1_17' title="bbox 471 1460 1914 1539">
    <p class='ocr_par' dir='ltr' id='par_1_17' title="bbox 471 1460 1914 1539">
     <span class='ocr_line' id='line_1_17' title="bbox 471 1460 1914 1539; baseline 0.003 -22"><span class='ocrx_word' id='word_1_90' title='bbox 471 1460 552 1518; x_wconf 91' lang='lat' dir='ltr'><strong>ob</strong></span> <span class='ocrx_word' id='word_1_91' title='bbox 585 1461 812 1518; x_wconf 85' lang='lat' dir='ltr'><strong>fastum</strong></span> <span class='ocrx_word' id='word_1_92' title='bbox 841 1478 914 1519; x_wconf 83' lang='lat' dir='ltr'><strong>ex</strong></span> <span class='ocrx_word' id='word_1_93' title='bbox 941 1461 1178 1520; x_wconf 87' lang='lat' dir='ltr'><strong>inscitia</strong></span> <span class='ocrx_word' id='word_1_94' title='bbox 1207 1471 1568 1539; x_wconf 89' lang='lat' dir='ltr'><strong>conceptum</strong></span> <span class='ocrx_word' id='word_1_95' title='bbox 1599 1467 1914 1524; x_wconf 86' lang='lat' dir='ltr'><strong>existimat.</strong></span> 
     </span>
    </p>
   </div>
   <div class='ocr_carea' id='block_1_18' title="bbox 543 1553 2128 1631">
    <p class='ocr_par' dir='ltr' id='par_1_18' title="bbox 543 1553 2128 1631">
     <span class='ocr_line' id='line_1_18' title="bbox 543 1553 2128 1631; baseline 0.005 -25"><span class='ocrx_word' id='word_1_96' title='bbox 543 1555 633 1608; x_wconf 87' lang='lat'><strong>&#39;78.</strong></span> <span class='ocrx_word' id='word_1_97' title='bbox 657 1555 775 1609; x_wconf 78' lang='lat' dir='ltr'><strong>Has</strong></span> <span class='ocrx_word' id='word_1_98' title='bbox 800 1553 880 1609; x_wconf 93' lang='lat' dir='ltr'><strong>ob</strong></span> <span class='ocrx_word' id='word_1_99' title='bbox 901 1569 995 1610; x_wconf 89' lang='lat' dir='ltr'><strong>res</strong></span> <span class='ocrx_word' id='word_1_100' title='bbox 1017 1554 1190 1611; x_wconf 90' lang='lat' dir='ltr'><strong>silere</strong></span> <span class='ocrx_word' id='word_1_101' title='bbox 1213 1556 1414 1612; x_wconf 85' lang='lat' dir='ltr'><strong>utilius</strong></span> <span class='ocrx_word' id='word_1_102' title='bbox 1430 1556 1914 1631; x_wconf 89' lang='lat' dir='ltr'><strong>judicavi,quam</strong></span> <span class='ocrx_word' id='word_1_103' title='bbox 1939 1558 2128 1630; x_wconf 91' lang='lat' dir='ltr'><strong>loqui,</strong></span> 
     </span>
    </p>
   </div>
   <div class='ocr_carea' id='block_1_19' title="bbox 473 1642 2132 1717">
    <p class='ocr_par' dir='ltr' id='par_1_19' title="bbox 473 1642 2132 1717">
     <span class='ocr_line' id='line_1_19' title="bbox 473 1642 2132 1717; baseline 0.004 -20"><span class='ocrx_word' id='word_1_104' title='bbox 473 1644 768 1714; x_wconf 85' lang='lat' dir='ltr'><strong>tanquam</strong></span> <span class='ocrx_word' id='word_1_105' title='bbox 789 1642 1054 1700; x_wconf 89' lang='lat' dir='ltr'><strong>hominis</strong></span> <span class='ocrx_word' id='word_1_106' title='bbox 1078 1660 1192 1700; x_wconf 82' lang='lat' dir='ltr'><strong>vox</strong></span> <span class='ocrx_word' id='word_1_107' title='bbox 1208 1661 1314 1717; x_wconf 90' lang='lat' dir='ltr'><strong>per</strong></span> <span class='ocrx_word' id='word_1_108' title='bbox 1335 1649 1534 1702; x_wconf 88' lang='lat' dir='ltr'><strong>tantos</strong></span> <span class='ocrx_word' id='word_1_109' title='bbox 1550 1647 1842 1703; x_wconf 87' lang='lat' dir='ltr'><strong>tumultus</strong></span> <span class='ocrx_word' id='word_1_110' title='bbox 1860 1647 2132 1704; x_wconf 80' lang='lat' dir='ltr'><strong>exaudiri</strong></span> 
     </span>
    </p>
   </div>
   <div class='ocr_carea' id='block_1_20' title="bbox 2233 477 3850 556">
    <p class='ocr_par' dir='ltr' id='par_1_20' title="bbox 2233 477 3850 556">
     <span class='ocr_line' id='line_1_20' title="bbox 2233 477 3850 556; baseline -0.002 -24"><span class='ocrx_word' id='word_1_111' title='bbox 2233 477 2684 556; x_wconf 73' lang='grc' dir='ltr'><strong>διαλαγχάνουσι,</strong></span> <span class='ocrx_word' id='word_1_112' title='bbox 2734 485 2828 539; x_wconf 76' lang='grc' dir='ltr'><strong>τὴν</strong></span> <span class='ocrx_word' id='word_1_113' title='bbox 2879 482 3174 552; x_wconf 76' lang='grc' dir='ltr'><strong>οἰκονομίαν</strong></span> <span class='ocrx_word' id='word_1_114' title='bbox 3213 486 3305 531; x_wconf 86' lang='grc' dir='ltr'><strong>τοῦ</strong></span> <span class='ocrx_word' id='word_1_115' title='bbox 3336 478 3488 552; x_wconf 83' lang='grc' dir='ltr'><strong>ἀγίου</strong></span> <span class='ocrx_word' id='word_1_116' title='bbox 3544 484 3850 552; x_wconf 83' lang='grc' dir='ltr'><strong>ΙΙνεύματος</strong></span> 
     </span>
    </p>
   </div>
   <div class='ocr_carea' id='block_1_21' title="bbox 2230 567 3851 646">
    <p class='ocr_par' dir='ltr' id='par_1_21' title="bbox 2230 567 3851 646">
     <span class='ocr_line' id='line_1_21' title="bbox 2230 567 3851 646; baseline -0.002 -23"><span class='ocrx_word' id='word_1_117' title='bbox 2230 576 2619 646; x_wconf 84' lang='grc' dir='ltr'><strong>παρωσάμενοι.</strong></span> <span class='ocrx_word' id='word_1_118' title='bbox 2647 575 2748 624; x_wconf 85' lang='grc' dir='ltr'><strong>Καὶ</strong></span> <span class='ocrx_word' id='word_1_119' title='bbox 2777 571 3033 631; x_wconf 77' lang='grc' dir='ltr'><strong>παντελῶς</strong></span> <span class='ocrx_word' id='word_1_120' title='bbox 3058 567 3165 628; x_wconf 72' lang='grc' dir='ltr'><strong>ἤδη</strong></span> <span class='ocrx_word' id='word_1_121' title='bbox 3206 576 3308 621; x_wconf 90' lang='grc' dir='ltr'><strong>τῶν</strong></span> <span class='ocrx_word' id='word_1_122' title='bbox 3356 569 3694 641; x_wconf 84' lang='grc' dir='ltr'><strong>εύαγγελικῶν</strong></span> <span class='ocrx_word' id='word_1_123' title='bbox 3727 570 3851 620; x_wconf 83' lang='grc' dir='ltr'><strong>θεσ-</strong></span> 
     </span>
    </p>
   </div>
   <div class='ocr_carea' id='block_1_22' title="bbox 2231 657 3854 734">
    <p class='ocr_par' dir='ltr' id='par_1_22' title="bbox 2231 657 3854 734">
     <span class='ocr_line' id='line_1_22' title="bbox 2231 657 3854 734; baseline -0.002 -21"><span class='ocrx_word' id='word_1_124' title='bbox 2231 670 2340 734; x_wconf 93' lang='grc' dir='ltr'><strong>μῶν</strong></span> <span class='ocrx_word' id='word_1_125' title='bbox 2391 661 2442 724; x_wconf 82' lang='grc' dir='ltr'><strong>ἐξ</strong></span> <span class='ocrx_word' id='word_1_126' title='bbox 2499 661 2762 734; x_wconf 77' lang='grc' dir='ltr'><strong>ἀκοσμίας</strong></span> <span class='ocrx_word' id='word_1_127' title='bbox 2806 663 3230 732; x_wconf 64' lang='grc' dir='ltr'><strong>συγκεχυμένων,</strong></span> <span class='ocrx_word' id='word_1_128' title='bbox 3280 657 3548 730; x_wconf 74' lang='grc' dir='ltr'><strong>ἀμύθητος</strong></span> <span class='ocrx_word' id='word_1_129' title='bbox 3609 660 3854 730; x_wconf 86' lang='grc' dir='ltr'><strong>ὠθισμός</strong></span> 
     </span>
    </p>
   </div>
   <div class='ocr_carea' id='block_1_23' title="bbox 2234 747 3852 826">
    <p class='ocr_par' dir='ltr' id='par_1_23' title="bbox 2234 747 3852 826">
     <span class='ocr_line' id='line_1_23' title="bbox 2234 747 3852 826; baseline -0.002 -24"><span class='ocrx_word' id='word_1_130' title='bbox 2234 749 2316 803; x_wconf 78' lang='grc' dir='ltr'><strong>ἐπὶ</strong></span> <span class='ocrx_word' id='word_1_131' title='bbox 2373 755 2464 813; x_wconf 79' lang='grc' dir='ltr'><strong>τὰς</strong></span> <span class='ocrx_word' id='word_1_132' title='bbox 2517 747 2802 826; x_wconf 71' lang='grc' dir='ltr'><strong>προεδρίας</strong></span> <span class='ocrx_word' id='word_1_133' title='bbox 2856 749 2991 819; x_wconf 81' lang='grc' dir='ltr'><strong>ἐστὶ,</strong></span> <span class='ocrx_word' id='word_1_134' title='bbox 3047 757 3146 801; x_wconf 91' lang='grc' dir='ltr'><strong>τῶν</strong></span> <span class='ocrx_word' id='word_1_135' title='bbox 3211 755 3572 820; x_wconf 80' lang='grc' dir='ltr'><strong>φανητιωντων</strong></span> <span class='ocrx_word' id='word_1_136' title='bbox 3618 747 3852 799; x_wconf 76' lang='grc' dir='ltr'><strong>ἑκάστου</strong></span> 
     </span>
    </p>
   </div>
   <div class='ocr_carea' id='block_1_24' title="bbox 2235 837 3857 915">
    <p class='ocr_par' dir='ltr' id='par_1_24' title="bbox 2235 837 3857 915">
     <span class='ocr_line' id='line_1_24' title="bbox 2235 837 3857 915; baseline -0.002 -23"><span class='ocrx_word' id='word_1_137' title='bbox 2235 839 2415 893; x_wconf 86' lang='grc' dir='ltr'><strong>ἑαυτόν</strong></span> <span class='ocrx_word' id='word_1_138' title='bbox 2463 842 2710 893; x_wconf 78' lang='grc' dir='ltr'><strong>εἰσποιεῖν</strong></span> <span class='ocrx_word' id='word_1_139' title='bbox 2741 848 2802 912; x_wconf 73' lang='grc' dir='ltr'><strong>τῇ</strong></span> <span class='ocrx_word' id='word_1_140' title='bbox 2857 844 3159 915; x_wconf 79' lang='grc' dir='ltr'><strong>προστασίᾳ</strong></span> <span class='ocrx_word' id='word_1_141' title='bbox 3209 837 3547 910; x_wconf 77' lang='grc' dir='ltr'><strong>βιαζομένου.</strong></span> <span class='ocrx_word' id='word_1_142' title='bbox 3583 838 3857 911; x_wconf 84' lang='grc' dir='ltr'><strong>Ἀναρχία</strong></span> 
     </span>
    </p>
   </div>
   <div class='ocr_carea' id='block_1_25' title="bbox 2238 926 3850 1003">
    <p class='ocr_par' dir='ltr' id='par_1_25' title="bbox 2238 926 3850 1003">
     <span class='ocr_line' id='line_1_25' title="bbox 2238 926 3850 1003; baseline -0.001 -21"><span class='ocrx_word' id='word_1_143' title='bbox 2238 927 2296 982; x_wconf 75' lang='grc' dir='ltr'><strong>δέ</strong></span> <span class='ocrx_word' id='word_1_144' title='bbox 2335 950 2414 991; x_wconf 90' lang='grc' dir='ltr'><strong>τις</strong></span> <span class='ocrx_word' id='word_1_145' title='bbox 2445 927 2587 988; x_wconf 75' lang='grc' dir='ltr'><strong>δεινὴ</strong></span> <span class='ocrx_word' id='word_1_146' title='bbox 2623 929 2724 982; x_wconf 87' lang='grc' dir='ltr'><strong>ἀπὸ</strong></span> <span class='ocrx_word' id='word_1_147' title='bbox 2755 937 2850 992; x_wconf 85' lang='grc' dir='ltr'><strong>τῆς</strong></span> <span class='ocrx_word' id='word_1_148' title='bbox 2875 929 3157 1003; x_wconf 74' lang='grc' dir='ltr'><strong>φιλαρχίας</strong></span> <span class='ocrx_word' id='word_1_149' title='bbox 3195 930 3388 988; x_wconf 79' lang='grc' dir='ltr'><strong>ταύτης</strong></span> <span class='ocrx_word' id='word_1_150' title='bbox 3418 934 3528 990; x_wconf 86' lang='grc' dir='ltr'><strong>τοῖς</strong></span> <span class='ocrx_word' id='word_1_151' title='bbox 3556 927 3700 988; x_wconf 90' lang='grc' dir='ltr'><strong>λαοῖς</strong></span> <span class='ocrx_word' id='word_1_152' title='bbox 3729 926 3850 980; x_wconf 85' lang='grc' dir='ltr'><strong>ἐπε-</strong></span> 
     </span>
    </p>
   </div>
   <div class='ocr_carea' id='block_1_26' title="bbox 2235 1017 3852 1094">
    <p class='ocr_par' dir='ltr' id='par_1_26' title="bbox 2235 1017 3852 1094">
     <span class='ocr_line' id='line_1_26' title="bbox 2235 1017 3852 1094; baseline -0.002 -22"><span class='ocrx_word' id='word_1_153' title='bbox 2235 1026 2512 1092; x_wconf 81' lang='grc' dir='ltr'><strong>κώμασεν·</strong></span> <span class='ocrx_word' id='word_1_154' title='bbox 2577 1022 2688 1072; x_wconf 83' lang='grc' dir='ltr'><strong>ὅθεν</strong></span> <span class='ocrx_word' id='word_1_155' title='bbox 2746 1021 3006 1094; x_wconf 75' lang='grc' dir='ltr'><strong>ἄπρακτοι</strong></span> <span class='ocrx_word' id='word_1_156' title='bbox 3071 1017 3327 1077; x_wconf 78' lang='grc' dir='ltr'><strong>παντελῶς</strong></span> <span class='ocrx_word' id='word_1_157' title='bbox 3382 1022 3471 1068; x_wconf 81' lang='grc' dir='ltr'><strong>καὶ</strong></span> <span class='ocrx_word' id='word_1_158' title='bbox 3537 1018 3696 1090; x_wconf 85' lang='grc' dir='ltr'><strong>ἀργαὶ</strong></span> <span class='ocrx_word' id='word_1_159' title='bbox 3745 1024 3852 1068; x_wconf 88' lang='grc' dir='ltr'><strong>τῶν</strong></span> 
     </span>
    </p>
   </div>
   <div class='ocr_carea' id='block_1_27' title="bbox 2237 1105 3849 1184">
    <p class='ocr_par' dir='ltr' id='par_1_27' title="bbox 2237 1105 3849 1184">
     <span class='ocr_line' id='line_1_27' title="bbox 2237 1105 3849 1184; baseline -0.004 -21"><span class='ocrx_word' id='word_1_160' title='bbox 2237 1109 2652 1163; x_wconf 81' lang='grc' dir='ltr'><strong>ἐπιστατούντων</strong></span> <span class='ocrx_word' id='word_1_161' title='bbox 2677 1109 2730 1161; x_wconf 91' lang='grc' dir='ltr'><strong>αἰ</strong></span> <span class='ocrx_word' id='word_1_162' title='bbox 2760 1109 3137 1184; x_wconf 71' lang='grc' dir='ltr'><strong>παρακλήσεις,</strong></span> <span class='ocrx_word' id='word_1_163' title='bbox 3157 1107 3214 1159; x_wconf 86' lang='grc' dir='ltr'><strong>ού</strong></span> <span class='ocrx_word' id='word_1_164' title='bbox 3238 1107 3426 1177; x_wconf 89' lang='grc' dir='ltr'><strong>μᾶλλον</strong></span> <span class='ocrx_word' id='word_1_165' title='bbox 3451 1105 3654 1159; x_wconf 79' lang='grc' dir='ltr'><strong>ἀκούειν</strong></span> <span class='ocrx_word' id='word_1_166' title='bbox 3683 1110 3849 1172; x_wconf 85' lang='grc' dir='ltr'><strong>τινός,</strong></span> 
     </span>
    </p>
   </div>
   <div class='ocr_carea' id='block_1_28' title="bbox 2239 1193 3852 1273">
    <p class='ocr_par' dir='ltr' id='par_1_28' title="bbox 2239 1193 3852 1273">
     <span class='ocr_line' id='line_1_28' title="bbox 2239 1193 3852 1273; baseline -0.002 -22"><span class='ocrx_word' id='word_1_167' title='bbox 2239 1200 2267 1258; x_wconf 73' lang='grc' dir='ltr'>ἡ</span> <span class='ocrx_word' id='word_1_168' title='bbox 2304 1199 2444 1270; x_wconf 79' lang='grc' dir='ltr'><strong>αύτῷ</strong></span> <span class='ocrx_word' id='word_1_169' title='bbox 2491 1199 2603 1268; x_wconf 79' lang='lat'><strong>(36)</strong></span> <span class='ocrx_word' id='word_1_170' title='bbox 2649 1200 2835 1273; x_wconf 78' lang='grc' dir='ltr'><strong>ἄρχειν</strong></span> <span class='ocrx_word' id='word_1_171' title='bbox 2869 1198 3048 1273; x_wconf 84' lang='grc' dir='ltr'><strong>ἐτέρων</strong></span> <span class='ocrx_word' id='word_1_172' title='bbox 3098 1196 3415 1268; x_wconf 82' lang='grc' dir='ltr'><strong>ὀφειλόμενον</strong></span> <span class='ocrx_word' id='word_1_173' title='bbox 3447 1193 3578 1249; x_wconf 87' lang='grc' dir='ltr'><strong>εἶναι</strong></span> <span class='ocrx_word' id='word_1_174' title='bbox 3621 1196 3852 1248; x_wconf 76' lang='grc' dir='ltr'><strong>ἑκάστου</strong></span> 
     </span>
    </p>
   </div>
   <div class='ocr_carea' id='block_1_29' title="bbox 2241 1284 3361 1359">
    <p class='ocr_par' dir='ltr' id='par_1_29' title="bbox 2241 1284 3361 1359">
     <span class='ocr_line' id='line_1_29' title="bbox 2241 1284 3361 1359; baseline -0.004 -19"><span class='ocrx_word' id='word_1_175' title='bbox 2241 1284 2334 1341; x_wconf 78' lang='grc' dir='ltr'><strong>διὰ</strong></span> <span class='ocrx_word' id='word_1_176' title='bbox 2361 1291 2446 1340; x_wconf 85' lang='grc' dir='ltr'><strong>τόν</strong></span> <span class='ocrx_word' id='word_1_177' title='bbox 2473 1286 2525 1350; x_wconf 83' lang='grc' dir='ltr'><em>ἐξ</em></span> <span class='ocrx_word' id='word_1_178' title='bbox 2555 1285 2782 1359; x_wconf 85' lang='grc' dir='ltr'><strong>ἀμαθίας</strong></span> <span class='ocrx_word' id='word_1_179' title='bbox 2814 1293 2970 1359; x_wconf 86' lang='grc' dir='ltr'><strong>τῦφον</strong></span> <span class='ocrx_word' id='word_1_180' title='bbox 3009 1285 3361 1358; x_wconf 74' lang='grc' dir='ltr'><strong>λογιζομένου.</strong></span> 
     </span>
    </p>
   </div>
   <div class='ocr_carea' id='block_1_30' title="bbox 2314 1553 3858 1628">
    <p class='ocr_par' dir='ltr' id='par_1_30' title="bbox 2314 1553 3858 1628">
     <span class='ocr_line' id='line_1_30' title="bbox 2314 1553 3858 1628; baseline -0.003 -18"><span class='ocrx_word' id='word_1_181' title='bbox 2314 1559 2408 1611; x_wconf 85' lang='grc'><strong>78.</strong></span> <span class='ocrx_word' id='word_1_182' title='bbox 2450 1558 2545 1607; x_wconf 84' lang='grc' dir='ltr'><strong>Διὰ</strong></span> <span class='ocrx_word' id='word_1_183' title='bbox 2582 1561 2746 1608; x_wconf 88' lang='grc' dir='ltr'><strong>ταῦτα</strong></span> <span class='ocrx_word' id='word_1_184' title='bbox 2782 1553 3206 1628; x_wconf 72' lang='grc' dir='ltr'><strong>λυσιτελεστέραν</strong></span> <span class='ocrx_word' id='word_1_185' title='bbox 3259 1561 3352 1606; x_wconf 88' lang='grc' dir='ltr'><strong>τοῦ</strong></span> <span class='ocrx_word' id='word_1_186' title='bbox 3389 1553 3545 1625; x_wconf 80' lang='grc' dir='ltr'><strong>λόγου</strong></span> <span class='ocrx_word' id='word_1_187' title='bbox 3602 1558 3692 1613; x_wconf 72' lang='grc' dir='ltr'><strong>τὴν</strong></span> <span class='ocrx_word' id='word_1_188' title='bbox 3729 1573 3858 1606; x_wconf 87' lang='grc' dir='ltr'><strong>σιω-</strong></span> 
     </span>
    </p>
   </div>
   <div class='ocr_carea' id='block_1_31' title="bbox 2243 1642 3856 1719">
    <p class='ocr_par' dir='ltr' id='par_1_31' title="bbox 2243 1642 3856 1719">
     <span class='ocr_line' id='line_1_31' title="bbox 2243 1642 3856 1719; baseline -0.001 -23"><span class='ocrx_word' id='word_1_189' title='bbox 2243 1650 2345 1705; x_wconf 79' lang='grc' dir='ltr'><strong>πὴν</strong></span> <span class='ocrx_word' id='word_1_190' title='bbox 2417 1644 2698 1718; x_wconf 81' lang='grc' dir='ltr'><strong>ἐτιθέμην,</strong></span> <span class='ocrx_word' id='word_1_191' title='bbox 2770 1647 2833 1705; x_wconf 80' lang='grc' dir='ltr'><strong>ὡς</strong></span> <span class='ocrx_word' id='word_1_192' title='bbox 2901 1644 2958 1696; x_wconf 77' lang='grc' dir='ltr'><strong>ού</strong></span> <span class='ocrx_word' id='word_1_193' title='bbox 3019 1642 3311 1716; x_wconf 75' lang='grc' dir='ltr'><strong>δυναμένης</strong></span> <span class='ocrx_word' id='word_1_194' title='bbox 3363 1653 3529 1716; x_wconf 73' lang='grc' dir='ltr'><strong>φωνῆς</strong></span> <span class='ocrx_word' id='word_1_195' title='bbox 3577 1643 3856 1719; x_wconf 81' lang='grc' dir='ltr'><strong>ἀνθρώπου</strong></span> 
     </span>
    </p>
   </div>
   <div class='ocr_carea' id='block_1_32' title="bbox 473 1731 2138 1810">
    <p class='ocr_par' dir='ltr' id='par_1_32' title="bbox 473 1731 2132 1808">
     <span class='ocr_line' id='line_1_32' title="bbox 473 1731 2132 1808; baseline 0.004 -22"><span class='ocrx_word' id='word_1_196' title='bbox 473 1745 599 1787; x_wconf 91' lang='lat' dir='ltr'><strong>non</strong></span> <span class='ocrx_word' id='word_1_197' title='bbox 629 1731 841 1803; x_wconf 88' lang='lat' dir='ltr'><strong>possit.</strong></span> <span class='ocrx_word' id='word_1_198' title='bbox 869 1734 1020 1788; x_wconf 87' lang='lat' dir='ltr'><strong>Nam</strong></span> <span class='ocrx_word' id='word_1_199' title='bbox 1050 1733 1101 1788; x_wconf 92' lang='lat' dir='ltr'><strong>si</strong></span> <span class='ocrx_word' id='word_1_200' title='bbox 1131 1749 1272 1790; x_wconf 89' lang='lat' dir='ltr'><strong>vera</strong></span> <span class='ocrx_word' id='word_1_201' title='bbox 1302 1739 1443 1791; x_wconf 88' lang='lat' dir='ltr'><strong>sunt</strong></span> <span class='ocrx_word' id='word_1_202' title='bbox 1468 1751 1604 1808; x_wconf 75' lang='lat' dir='ltr'><strong>quae</strong></span> <span class='ocrx_word' id='word_1_203' title='bbox 1650 1735 1802 1792; x_wconf 83' lang='lat' dir='ltr'><strong>dixit</strong></span> <span class='ocrx_word' id='word_1_204' title='bbox 1847 1735 2132 1793; x_wconf 87' lang='lat' dir='ltr'><strong>Ecclesia-</strong></span> 
     </span>
    </p>
   </div>
   <div class='ocr_carea' id='block_1_33' title="bbox 2251 1731 3856 1810">
    <p class='ocr_par' dir='ltr' id='par_1_33' title="bbox 2251 1733 3856 1810">
     <span class='ocr_line' id='line_1_33' title="bbox 2251 1733 3856 1810; baseline -0.001 -21"><span class='ocrx_word' id='word_1_205' title='bbox 2251 1733 2339 1789; x_wconf 72' lang='grc' dir='ltr'><strong>διὰ</strong></span> <span class='ocrx_word' id='word_1_206' title='bbox 2382 1739 2644 1788; x_wconf 89' lang='grc' dir='ltr'><strong>τοσούτων</strong></span> <span class='ocrx_word' id='word_1_207' title='bbox 2688 1734 2916 1810; x_wconf 79' lang='grc' dir='ltr'><strong>θορύϐων</strong></span> <span class='ocrx_word' id='word_1_208' title='bbox 2967 1735 3398 1792; x_wconf 78' lang='grc' dir='ltr'><strong>εἰσακουσθῆναι.</strong></span> <span class='ocrx_word' id='word_1_209' title='bbox 3435 1734 3494 1787; x_wconf 86' lang='grc' dir='ltr'><strong>Εἰ</strong></span> <span class='ocrx_word' id='word_1_210' title='bbox 3543 1737 3642 1809; x_wconf 78' lang='grc' dir='ltr'><strong>γὰρ</strong></span> <span class='ocrx_word' id='word_1_211' title='bbox 3686 1733 3856 1793; x_wconf 82' lang='grc' dir='ltr'><strong>ἀληθῆ</strong></span> 
     </span>
    </p>
   </div>
   <div class='ocr_carea' id='block_1_34' title="bbox 475 1820 2132 1897">
    <p class='ocr_par' dir='ltr' id='par_1_34' title="bbox 475 1820 2132 1897">
     <span class='ocr_line' id='line_1_34' title="bbox 475 1820 2132 1897; baseline 0.002 -20"><span class='ocrx_word' id='word_1_212' title='bbox 475 1824 596 1877; x_wconf 89' lang='lat' dir='ltr'><strong>stes</strong></span> <span class='ocrx_word' id='word_1_213' title='bbox 619 1822 692 1890; x_wconf 80' lang='grc'><strong>³⁵,</strong></span> <span class='ocrx_word' id='word_1_214' title='bbox 713 1820 898 1877; x_wconf 80' lang='lat' dir='ltr'><strong>verba</strong></span> <span class='ocrx_word' id='word_1_215' title='bbox 918 1821 1337 1894; x_wconf 83' lang='lat' dir='ltr'><strong>sapientumin</strong></span> <span class='ocrx_word' id='word_1_216' title='bbox 1355 1823 1555 1896; x_wconf 91' lang='lat' dir='ltr'><strong>quiete</strong></span> <span class='ocrx_word' id='word_1_217' title='bbox 1577 1824 2132 1897; x_wconf 91' lang='lat' dir='ltr'><strong>audiri,plurimum</strong></span> 
     </span>
    </p>
   </div>
   <div class='ocr_carea' id='block_1_35' title="bbox 474 1910 2133 1986">
    <p class='ocr_par' dir='ltr' id='par_1_35' title="bbox 474 1910 2133 1986">
     <span class='ocr_line' id='line_1_35' title="bbox 474 1910 2133 1986; baseline 0.001 -16"><span class='ocrx_word' id='word_1_218' title='bbox 474 1910 668 1975; x_wconf 76' lang='lat' dir='ltr'><strong>abest,</strong></span> <span class='ocrx_word' id='word_1_219' title='bbox 694 1915 758 1968; x_wconf 86' lang='lat' dir='ltr'><strong>ut</strong></span> <span class='ocrx_word' id='word_1_220' title='bbox 783 1911 844 1968; x_wconf 93' lang='lat' dir='ltr'><strong>in</strong></span> <span class='ocrx_word' id='word_1_221' title='bbox 891 1911 1008 1968; x_wconf 91' lang='lat' dir='ltr'><strong>hoc</strong></span> <span class='ocrx_word' id='word_1_222' title='bbox 1040 1916 1199 1969; x_wconf 90' lang='lat' dir='ltr'><strong>statu</strong></span> <span class='ocrx_word' id='word_1_223' title='bbox 1228 1929 1432 1970; x_wconf 90' lang='lat' dir='ltr'><strong>rerum</strong></span> <span class='ocrx_word' id='word_1_224' title='bbox 1458 1913 1532 1970; x_wconf 89' lang='lat' dir='ltr'><strong>de</strong></span> <span class='ocrx_word' id='word_1_225' title='bbox 1563 1914 1659 1970; x_wconf 90' lang='lat' dir='ltr'><strong>his</strong></span> <span class='ocrx_word' id='word_1_226' title='bbox 1701 1914 1871 1986; x_wconf 91' lang='lat' dir='ltr'><strong>loqui</strong></span> <span class='ocrx_word' id='word_1_227' title='bbox 1913 1931 2133 1972; x_wconf 89' lang='lat' dir='ltr'><strong>conve-</strong></span> 
     </span>
    </p>
   </div>
   <div class='ocr_carea' id='block_1_36' title="bbox 474 2002 2134 2078">
    <p class='ocr_par' dir='ltr' id='par_1_36' title="bbox 474 2002 2134 2078">
     <span class='ocr_line' id='line_1_36' title="bbox 474 2002 2134 2078; baseline 0.002 -20"><span class='ocrx_word' id='word_1_228' title='bbox 474 2002 618 2058; x_wconf 90' lang='lat' dir='ltr'><strong>niat.</strong></span> <span class='ocrx_word' id='word_1_229' title='bbox 654 2005 738 2060; x_wconf 81' lang='lat' dir='ltr'><strong>Me</strong></span> <span class='ocrx_word' id='word_1_230' title='bbox 767 2019 910 2059; x_wconf 91' lang='lat' dir='ltr'><strong>vero</strong></span> <span class='ocrx_word' id='word_1_231' title='bbox 937 2004 1118 2060; x_wconf 88' lang='lat' dir='ltr'><strong>etiam</strong></span> <span class='ocrx_word' id='word_1_232' title='bbox 1152 2003 1300 2060; x_wconf 93' lang='lat' dir='ltr'><strong>illud</strong></span> <span class='ocrx_word' id='word_1_233' title='bbox 1321 2005 1745 2078; x_wconf 88' lang='lat' dir='ltr'><strong>propheticum</strong></span> <span class='ocrx_word' id='word_1_234' title='bbox 1773 2005 2007 2062; x_wconf 88' lang='lat' dir='ltr'><strong>dictum</strong></span> <span class='ocrx_word' id='word_1_235' title='bbox 2037 2022 2134 2062; x_wconf 90' lang='lat' dir='ltr'><strong>re-</strong></span> 
     </span>
    </p>
   </div>
   <div class='ocr_carea' id='block_1_37' title="bbox 475 2093 2138 2169">
    <p class='ocr_par' dir='ltr' id='par_1_37' title="bbox 475 2093 2138 2169">
     <span class='ocr_line' id='line_1_37' title="bbox 475 2093 2138 2169; baseline 0.002 -20"><span class='ocrx_word' id='word_1_236' title='bbox 475 2093 715 2167; x_wconf 91' lang='lat' dir='ltr'><strong>primit:</strong></span> <span class='ocrx_word' id='word_1_237' title='bbox 748 2094 1105 2165; x_wconf 80' lang='lat' dir='ltr'><strong>Intellz&#39;gens</strong></span> <span class='ocrx_word' id='word_1_238' title='bbox 1125 2097 1188 2152; x_wconf 78' lang='lat' dir='ltr'><strong>in</strong></span> <span class='ocrx_word' id='word_1_239' title='bbox 1211 2101 1474 2164; x_wconf 82' lang='lat' dir='ltr'><strong>tempore</strong></span> <span class='ocrx_word' id='word_1_240' title='bbox 1495 2097 1602 2152; x_wconf 80' lang='lat' dir='ltr'><strong>illo</strong></span> <span class='ocrx_word' id='word_1_241' title='bbox 1633 2096 1876 2154; x_wconf 73' lang='lat' dir='ltr'><strong>tacebit:</strong></span> <span class='ocrx_word' id='word_1_242' title='bbox 1897 2113 1960 2154; x_wconf 91' lang='lat' dir='ltr'><strong>eo</strong></span> <span class='ocrx_word' id='word_1_243' title='bbox 1982 2097 2138 2169; x_wconf 83' lang='lat' dir='ltr'><strong>quod</strong></span> 
     </span>
    </p>
   </div>
   <div class='ocr_carea' id='block_1_38' title="bbox 477 2185 2138 2259">
    <p class='ocr_par' dir='ltr' id='par_1_38' title="bbox 477 2185 2138 2259">
     <span class='ocr_line' id='line_1_38' title="bbox 477 2185 2138 2259; baseline 0.002 -20"><span class='ocrx_word' id='word_1_244' title='bbox 477 2189 709 2254; x_wconf 81' lang='lat' dir='ltr'><strong>tempus</strong></span> <span class='ocrx_word' id='word_1_245' title='bbox 730 2186 958 2241; x_wconf 81' lang='lat' dir='ltr'><strong>malum</strong></span> <span class='ocrx_word' id='word_1_246' title='bbox 983 2190 1068 2242; x_wconf 83' lang='lat' dir='ltr'><strong>est</strong></span> <span class='ocrx_word' id='word_1_247' title='bbox 1091 2187 1158 2256; x_wconf 76' lang='grc'><strong>³⁵,</strong></span> <span class='ocrx_word' id='word_1_248' title='bbox 1189 2185 1250 2241; x_wconf 92' lang='lat' dir='ltr'><strong>in</strong></span> <span class='ocrx_word' id='word_1_249' title='bbox 1280 2201 1402 2258; x_wconf 90' lang='lat' dir='ltr'><strong>quo</strong></span> <span class='ocrx_word' id='word_1_250' title='bbox 1432 2185 1531 2241; x_wconf 86' lang='lat' dir='ltr'><strong>alii</strong></span> <span class='ocrx_word' id='word_1_251' title='bbox 1562 2186 1809 2258; x_wconf 89' lang='lat' dir='ltr'><strong>quidem</strong></span> <span class='ocrx_word' id='word_1_252' title='bbox 1845 2186 2138 2259; x_wconf 86' lang='lat' dir='ltr'><strong>supplan-</strong></span> 
     </span>
    </p>
   </div>
   <div class='ocr_carea' id='block_1_39' title="bbox 478 2273 2134 2349">
    <p class='ocr_par' dir='ltr' id='par_1_39' title="bbox 478 2273 2134 2349">
     <span class='ocr_line' id='line_1_39' title="bbox 478 2273 2134 2349; baseline 0.001 -19"><span class='ocrx_word' id='word_1_253' title='bbox 478 2273 736 2342; x_wconf 81' lang='lat' dir='ltr'><strong>tant,alii</strong></span> <span class='ocrx_word' id='word_1_254' title='bbox 761 2291 905 2331; x_wconf 91' lang='lat' dir='ltr'><strong>vero</strong></span> <span class='ocrx_word' id='word_1_255' title='bbox 927 2274 1225 2331; x_wconf 87' lang='lat' dir='ltr'><strong>insultant</strong></span> <span class='ocrx_word' id='word_1_256' title='bbox 1243 2275 1700 2348; x_wconf 87' lang='lat' dir='ltr'><strong>lapso,aliivero</strong></span> <span class='ocrx_word' id='word_1_257' title='bbox 1722 2276 2134 2349; x_wconf 89' lang='lat' dir='ltr'><strong>applaudunt;</strong></span> 
     </span>
    </p>
   </div>
   <div class='ocr_carea' id='block_1_40' title="bbox 478 2362 2140 2436">
    <p class='ocr_par' dir='ltr' id='par_1_40' title="bbox 478 2362 2140 2436">
     <span class='ocr_line' id='line_1_40' title="bbox 478 2362 2140 2436; baseline 0.003 -19"><span class='ocrx_word' id='word_1_258' title='bbox 478 2363 586 2418; x_wconf 91' lang='lat' dir='ltr'><strong>sed</strong></span> <span class='ocrx_word' id='word_1_259' title='bbox 613 2362 719 2436; x_wconf 90' lang='lat' dir='ltr'><strong>qui</strong></span> <span class='ocrx_word' id='word_1_260' title='bbox 757 2364 870 2435; x_wconf 75' lang='lat'><strong>67</strong></span> <span class='ocrx_word' id='word_1_261' title='bbox 924 2363 1259 2420; x_wconf 90' lang='lat' dir='ltr'><strong>labascenti</strong></span> <span class='ocrx_word' id='word_1_262' title='bbox 1303 2380 1557 2420; x_wconf 90' lang='lat' dir='ltr'><strong>manum</strong></span> <span class='ocrx_word' id='word_1_263' title='bbox 1604 2381 1677 2420; x_wconf 83' lang='lat' dir='ltr'><strong>ex</strong></span> <span class='ocrx_word' id='word_1_264' title='bbox 1726 2365 2140 2422; x_wconf 87' lang='lat' dir='ltr'><strong>misericordia</strong></span> 
     </span>
    </p>
   </div>
   <div class='ocr_carea' id='block_1_41' title="bbox 476 2451 2140 2526">
    <p class='ocr_par' dir='ltr' id='par_1_41' title="bbox 476 2451 2140 2526">
     <span class='ocr_line' id='line_1_41' title="bbox 476 2451 2140 2526; baseline 0.001 -18"><span class='ocrx_word' id='word_1_265' title='bbox 476 2453 766 2523; x_wconf 83' lang='lat' dir='ltr'><strong>porrigat,</strong></span> <span class='ocrx_word' id='word_1_266' title='bbox 793 2451 997 2507; x_wconf 90' lang='lat' dir='ltr'><strong>nullus</strong></span> <span class='ocrx_word' id='word_1_267' title='bbox 1025 2457 1113 2508; x_wconf 86' lang='lat' dir='ltr'><strong>est</strong></span> <span class='ocrx_word' id='word_1_268' title='bbox 1137 2472 1150 2521; x_wconf 90' lang='lat'><strong>;</strong></span> <span class='ocrx_word' id='word_1_269' title='bbox 1179 2469 1537 2526; x_wconf 86' lang='lat' dir='ltr'><strong>quanquam</strong></span> <span class='ocrx_word' id='word_1_270' title='bbox 1558 2454 1732 2524; x_wconf 82' lang='lat' dir='ltr'><strong>juxta</strong></span> <span class='ocrx_word' id='word_1_271' title='bbox 1755 2454 1952 2523; x_wconf 85' lang='lat' dir='ltr'><strong>legem</strong></span> <span class='ocrx_word' id='word_1_272' title='bbox 1981 2459 2140 2510; x_wconf 89' lang='lat' dir='ltr'><strong>vete-</strong></span> 
     </span>
    </p>
   </div>
   <div class='ocr_carea' id='block_1_42' title="bbox 475 2541 2139 2615">
    <p class='ocr_par' dir='ltr' id='par_1_42' title="bbox 475 2541 2139 2615">
     <span class='ocr_line' id='line_1_42' title="bbox 475 2541 2139 2615; baseline 0.001 -18"><span class='ocrx_word' id='word_1_273' title='bbox 475 2556 606 2597; x_wconf 85' lang='lat' dir='ltr'><strong>rem</strong></span> <span class='ocrx_word' id='word_1_274' title='bbox 623 2543 784 2604; x_wconf 73' lang='lat' dir='ltr'><strong>“,ne</strong></span> <span class='ocrx_word' id='word_1_275' title='bbox 814 2541 863 2598; x_wconf 89' lang='lat' dir='ltr'><strong>is</strong></span> <span class='ocrx_word' id='word_1_276' title='bbox 893 2542 1142 2615; x_wconf 89' lang='lat' dir='ltr'><strong>quidem</strong></span> <span class='ocrx_word' id='word_1_277' title='bbox 1164 2544 1269 2615; x_wconf 90' lang='lat' dir='ltr'><strong>qui</strong></span> <span class='ocrx_word' id='word_1_278' title='bbox 1293 2543 1384 2598; x_wconf 88' lang='lat' dir='ltr'><strong>vel</strong></span> <span class='ocrx_word' id='word_1_279' title='bbox 1407 2543 2003 2615; x_wconf 88' lang='lat' dir='ltr'><strong>jumentuminimici</strong></span> <span class='ocrx_word' id='word_1_280' title='bbox 2025 2543 2139 2599; x_wconf 88' lang='lat' dir='ltr'><strong>sub</strong></span> 
     </span>
    </p>
   </div>
   <div class='ocr_carea' id='block_1_43' title="bbox 479 2631 2137 2706">
    <p class='ocr_par' dir='ltr' id='par_1_43' title="bbox 479 2631 2137 2706">
     <span class='ocr_line' id='line_1_43' title="bbox 479 2631 2137 2706; baseline 0.001 -18"><span class='ocrx_word' id='word_1_281' title='bbox 479 2647 660 2688; x_wconf 88' lang='lat' dir='ltr'><strong>onere</strong></span> <span class='ocrx_word' id='word_1_282' title='bbox 681 2631 1022 2706; x_wconf 87' lang='lat' dir='ltr'><strong>collapsum</strong></span> <span class='ocrx_word' id='word_1_283' title='bbox 1051 2633 1416 2705; x_wconf 74' lang='lat' dir='ltr'><strong>praeterierit,</strong></span> <span class='ocrx_word' id='word_1_284' title='bbox 1451 2639 1612 2690; x_wconf 89' lang='lat' dir='ltr'><strong>caret</strong></span> <span class='ocrx_word' id='word_1_285' title='bbox 1641 2635 2137 2706; x_wconf 87' lang='lat' dir='ltr'><strong>reprehensione.</strong></span> 
     </span>
    </p>
   </div>
   <div class='ocr_carea' id='block_1_44' title="bbox 478 2721 2138 2797">
    <p class='ocr_par' dir='ltr' id='par_1_44' title="bbox 478 2721 2138 2797">
     <span class='ocr_line' id='line_1_44' title="bbox 478 2721 2138 2797; baseline 0.002 -21"><span class='ocrx_word' id='word_1_286' title='bbox 478 2721 596 2777; x_wconf 91' lang='lat' dir='ltr'><strong>Sed</strong></span> <span class='ocrx_word' id='word_1_287' title='bbox 623 2737 747 2777; x_wconf 88' lang='lat' dir='ltr'><strong>non</strong></span> <span class='ocrx_word' id='word_1_288' title='bbox 767 2721 974 2778; x_wconf 89' lang='lat' dir='ltr'><strong>itidem</strong></span> <span class='ocrx_word' id='word_1_289' title='bbox 1001 2723 1240 2779; x_wconf 87' lang='lat' dir='ltr'><strong>ﬁthisce</strong></span> <span class='ocrx_word' id='word_1_290' title='bbox 1261 2723 1928 2797; x_wconf 89' lang='lat' dir='ltr'><strong>temporibus.Quinam</strong></span> <span class='ocrx_word' id='word_1_291' title='bbox 1943 2723 2138 2780; x_wconf 87' lang='lat' dir='ltr'><strong>ﬁeret?</strong></span> 
     </span>
    </p>
   </div>
   <div class='ocr_carea' id='block_1_45' title="bbox 479 2810 2142 2884">
    <p class='ocr_par' dir='ltr' id='par_1_45' title="bbox 479 2810 2142 2884">
     <span class='ocr_line' id='line_1_45' title="bbox 479 2810 2142 2884; baseline 0.002 -17"><span class='ocrx_word' id='word_1_292' title='bbox 479 2810 730 2884; x_wconf 83' lang='lat' dir='ltr'><strong>quando</strong></span> <span class='ocrx_word' id='word_1_293' title='bbox 759 2812 1112 2882; x_wconf 85' lang='lat' dir='ltr'><strong>refrigerata</strong></span> <span class='ocrx_word' id='word_1_294' title='bbox 1138 2813 1417 2869; x_wconf 87' lang='lat' dir='ltr'><strong>omnium</strong></span> <span class='ocrx_word' id='word_1_295' title='bbox 1441 2813 1753 2880; x_wconf 91' lang='lat' dir='ltr'><strong>charitate,</strong></span> <span class='ocrx_word' id='word_1_296' title='bbox 1788 2813 2032 2870; x_wconf 86' lang='lat' dir='ltr'><strong>sublata</strong></span> <span class='ocrx_word' id='word_1_297' title='bbox 2053 2818 2142 2870; x_wconf 91' lang='lat' dir='ltr'><strong>est</strong></span> 
     </span>
    </p>
   </div>
   <div class='ocr_carea' id='block_1_46' title="bbox 478 2901 2138 2974">
    <p class='ocr_par' dir='ltr' id='par_1_46' title="bbox 478 2901 2138 2974">
     <span class='ocr_line' id='line_1_46' title="bbox 478 2901 2138 2974; baseline 0.001 -18"><span class='ocrx_word' id='word_1_298' title='bbox 478 2901 733 2957; x_wconf 86' lang='lat' dir='ltr'><strong>fratrum</strong></span> <span class='ocrx_word' id='word_1_299' title='bbox 759 2901 1147 2974; x_wconf 90' lang='lat' dir='ltr'><strong>conspiratio,</strong></span> <span class='ocrx_word' id='word_1_300' title='bbox 1171 2903 1508 2959; x_wconf 84' lang='lat' dir='ltr'><strong>concordiae</strong></span> <span class='ocrx_word' id='word_1_301' title='bbox 1536 2919 1679 2960; x_wconf 89' lang='lat' dir='ltr'><strong>vero</strong></span> <span class='ocrx_word' id='word_1_302' title='bbox 1709 2904 1890 2960; x_wconf 89' lang='lat' dir='ltr'><strong>etiam</strong></span> <span class='ocrx_word' id='word_1_303' title='bbox 1912 2918 2138 2959; x_wconf 90' lang='lat' dir='ltr'><strong>nomen</strong></span> 
     </span>
    </p>
   </div>
   <div class='ocr_carea' id='block_1_47' title="bbox 477 2991 2136 3061">
    <p class='ocr_par' dir='ltr' id='par_1_47' title="bbox 477 2991 2136 3061">
     <span class='ocr_line' id='line_1_47' title="bbox 477 2991 2136 3061; baseline 0.001 -14"><span class='ocrx_word' id='word_1_304' title='bbox 477 2991 825 3061; x_wconf 82' lang='lat' dir='ltr'><strong>ignoratur;</strong></span> <span class='ocrx_word' id='word_1_305' title='bbox 851 2991 1100 3047; x_wconf 80' lang='lat' dir='ltr'><strong>sublatae</strong></span> <span class='ocrx_word' id='word_1_306' title='bbox 1115 2997 1255 3048; x_wconf 88' lang='lat' dir='ltr'><strong>sunt</strong></span> <span class='ocrx_word' id='word_1_307' title='bbox 1273 2998 1477 3048; x_wconf 90' lang='lat' dir='ltr'><strong>autem</strong></span> <span class='ocrx_word' id='word_1_308' title='bbox 1499 2994 1680 3049; x_wconf 90' lang='lat' dir='ltr'><strong>etiam</strong></span> <span class='ocrx_word' id='word_1_309' title='bbox 1697 2993 1903 3048; x_wconf 60' lang='lat' dir='ltr'><strong>amicae</strong></span> <span class='ocrx_word' id='word_1_310' title='bbox 1925 2994 2136 3048; x_wconf 91' lang='lat' dir='ltr'><strong>admo-</strong></span> 
     </span>
    </p>
   </div>
   <div class='ocr_carea' id='block_1_48' title="bbox 479 3081 2210 3170">
    <p class='ocr_par' dir='ltr' id='par_1_48' title="bbox 479 3081 2210 3170">
     <span class='ocr_line' id='line_1_48' title="bbox 479 3081 2210 3170; baseline 0.001 -33"><span class='ocrx_word' id='word_1_311' title='bbox 479 3081 757 3152; x_wconf 90' lang='lat' dir='ltr'><strong>nitiones,</strong></span> <span class='ocrx_word' id='word_1_312' title='bbox 799 3097 1106 3155; x_wconf 91' lang='lat' dir='ltr'><strong>nusquam</strong></span> <span class='ocrx_word' id='word_1_313' title='bbox 1145 3083 1382 3139; x_wconf 86' lang='lat' dir='ltr'><strong>viscera</strong></span> <span class='ocrx_word' id='word_1_314' title='bbox 1431 3084 1793 3145; x_wconf 85' lang='lat' dir='ltr'><strong>Christiana,</strong></span> <span class='ocrx_word' id='word_1_315' title='bbox 1829 3099 2134 3155; x_wconf 88' lang='lat' dir='ltr'><strong>nusquam</strong></span> <span class='ocrx_word' id='word_1_316' title='bbox 2172 3115 2210 3170; x_wconf 65' lang='grc' dir='ltr'>ο</span> 
     </span>
    </p>
   </div>
   <div class='ocr_carea' id='block_1_49' title="bbox 478 3171 2138 3246">
    <p class='ocr_par' dir='ltr' id='par_1_49' title="bbox 478 3171 2138 3246">
     <span class='ocr_line' id='line_1_49' title="bbox 478 3171 2138 3246; baseline 0 -19"><span class='ocrx_word' id='word_1_317' title='bbox 478 3171 754 3244; x_wconf 87' lang='lat' dir='ltr'><strong>lacryma</strong></span> <span class='ocrx_word' id='word_1_318' title='bbox 773 3187 846 3227; x_wconf 81' lang='lat' dir='ltr'><strong>ex</strong></span> <span class='ocrx_word' id='word_1_319' title='bbox 879 3173 1430 3231; x_wconf 90' lang='lat' dir='ltr'><strong>commiseratione.</strong></span> <span class='ocrx_word' id='word_1_320' title='bbox 1460 3177 1586 3230; x_wconf 86' lang='lat' dir='ltr'><strong>Non</strong></span> <span class='ocrx_word' id='word_1_321' title='bbox 1601 3174 1803 3246; x_wconf 88' lang='lat' dir='ltr'><strong>estqui</strong></span> <span class='ocrx_word' id='word_1_322' title='bbox 1821 3174 2138 3228; x_wconf 70' lang='lat' dir='ltr'><strong>infirmum</strong></span> 
     </span>
    </p>
   </div>
   <div class='ocr_carea' id='block_1_50' title="bbox 481 3261 2140 3333">
    <p class='ocr_par' dir='ltr' id='par_1_50' title="bbox 481 3261 2140 3333">
     <span class='ocr_line' id='line_1_50' title="bbox 481 3261 2140 3333; baseline -0.001 -16"><span class='ocrx_word' id='word_1_323' title='bbox 481 3261 543 3317; x_wconf 91' lang='lat' dir='ltr'><strong>in</strong></span> <span class='ocrx_word' id='word_1_324' title='bbox 572 3261 692 3317; x_wconf 84' lang='lat' dir='ltr'><strong>tide</strong></span> <span class='ocrx_word' id='word_1_325' title='bbox 713 3261 1022 3333; x_wconf 90' lang='lat' dir='ltr'><strong>suscipiat,</strong></span> <span class='ocrx_word' id='word_1_326' title='bbox 1054 3262 1161 3317; x_wconf 90' lang='lat' dir='ltr'><strong>sed</strong></span> <span class='ocrx_word' id='word_1_327' title='bbox 1191 3266 1427 3318; x_wconf 90' lang='lat' dir='ltr'><strong>tantum</strong></span> <span class='ocrx_word' id='word_1_328' title='bbox 1458 3263 1670 3318; x_wconf 92' lang='lat' dir='ltr'><strong>odium</strong></span> <span class='ocrx_word' id='word_1_329' title='bbox 1701 3263 1855 3318; x_wconf 84' lang='lat' dir='ltr'><strong>inter</strong></span> <span class='ocrx_word' id='word_1_330' title='bbox 1889 3262 2140 3318; x_wconf 89' lang='lat' dir='ltr'><strong>tribules</strong></span> 
     </span>
    </p>
   </div>
   <div class='ocr_carea' id='block_1_51' title="bbox 482 3350 2139 3425">
    <p class='ocr_par' dir='ltr' id='par_1_51' title="bbox 482 3350 2139 3425">
     <span class='ocr_line' id='line_1_51' title="bbox 482 3350 2139 3425; baseline 0 -19"><span class='ocrx_word' id='word_1_331' title='bbox 482 3350 724 3420; x_wconf 83' lang='lat' dir='ltr'><strong>exarsit,</strong></span> <span class='ocrx_word' id='word_1_332' title='bbox 757 3355 823 3406; x_wconf 93' lang='lat' dir='ltr'><strong>ut</strong></span> <span class='ocrx_word' id='word_1_333' title='bbox 870 3351 1129 3422; x_wconf 84' lang='lat' dir='ltr'><strong>quisque</strong></span> <span class='ocrx_word' id='word_1_334' title='bbox 1173 3352 1370 3422; x_wconf 86' lang='lat' dir='ltr'><strong>magis</strong></span> <span class='ocrx_word' id='word_1_335' title='bbox 1417 3351 1494 3408; x_wconf 86' lang='lat' dir='ltr'><strong>de</strong></span> <span class='ocrx_word' id='word_1_336' title='bbox 1534 3352 1797 3424; x_wconf 86' lang='lat' dir='ltr'><strong>proximi</strong></span> <span class='ocrx_word' id='word_1_337' title='bbox 1839 3351 2139 3425; x_wconf 87' lang='lat' dir='ltr'><strong>lapsibus,</strong></span> 
     </span>
    </p>
   </div>
   <div class='ocr_carea' id='block_1_52' title="bbox 484 3441 2144 3512">
    <p class='ocr_par' dir='ltr' id='par_1_52' title="bbox 484 3441 2144 3512">
     <span class='ocr_line' id='line_1_52' title="bbox 484 3441 2144 3512; baseline 0.001 -17"><span class='ocrx_word' id='word_1_338' title='bbox 484 3455 671 3512; x_wconf 89' lang='lat' dir='ltr'><strong>quam</strong></span> <span class='ocrx_word' id='word_1_339' title='bbox 692 3441 768 3495; x_wconf 92' lang='lat' dir='ltr'><strong>de</strong></span> <span class='ocrx_word' id='word_1_340' title='bbox 797 3441 1054 3511; x_wconf 89' lang='lat' dir='ltr'><strong>propriis</strong></span> <span class='ocrx_word' id='word_1_341' title='bbox 1074 3446 1233 3496; x_wconf 89' lang='lat' dir='ltr'><strong>recte</strong></span> <span class='ocrx_word' id='word_1_342' title='bbox 1259 3441 1428 3497; x_wconf 87' lang='lat' dir='ltr'><strong>factis</strong></span> <span class='ocrx_word' id='word_1_343' title='bbox 1451 3441 1725 3499; x_wconf 82' lang='lat' dir='ltr'><strong>exsultet.</strong></span> <span class='ocrx_word' id='word_1_344' title='bbox 1742 3442 2144 3508; x_wconf 87' lang='lat' dir='ltr'><strong>Quemadmo-</strong></span> 
     </span>
    </p>
   </div>
   <div class='ocr_carea' id='block_1_53' title="bbox 485 3530 2144 3604">
    <p class='ocr_par' dir='ltr' id='par_1_53' title="bbox 485 3530 2144 3604">
     <span class='ocr_line' id='line_1_53' title="bbox 485 3530 2144 3604; baseline 0 -18"><span class='ocrx_word' id='word_1_345' title='bbox 485 3531 626 3586; x_wconf 86' lang='lat' dir='ltr'><strong>dum</strong></span> <span class='ocrx_word' id='word_1_346' title='bbox 646 3533 848 3586; x_wconf 85' lang='lat' dir='ltr'><strong>autem</strong></span> <span class='ocrx_word' id='word_1_347' title='bbox 869 3530 927 3586; x_wconf 90' lang='lat' dir='ltr'><strong>in</strong></span> <span class='ocrx_word' id='word_1_348' title='bbox 957 3531 1250 3601; x_wconf 81' lang='lat' dir='ltr'><strong>contagiis</strong></span> <span class='ocrx_word' id='word_1_349' title='bbox 1273 3531 1747 3602; x_wconf 79' lang='lat' dir='ltr'><strong>pestilentiarum</strong></span> <span class='ocrx_word' id='word_1_350' title='bbox 1775 3533 1955 3587; x_wconf 88' lang='lat' dir='ltr'><strong>etiam</strong></span> <span class='ocrx_word' id='word_1_351' title='bbox 1977 3532 2015 3586; x_wconf 92' lang='lat' dir='ltr'><strong>ii</strong></span> <span class='ocrx_word' id='word_1_352' title='bbox 2041 3531 2144 3604; x_wconf 88' lang='lat' dir='ltr'><strong>qui</strong></span> 
     </span>
    </p>
   </div>
   <div class='ocr_carea' id='block_1_54' title="bbox 487 3622 2145 3689">
    <p class='ocr_par' dir='ltr' id='par_1_54' title="bbox 487 3622 2145 3689">
     <span class='ocr_line' id='line_1_54' title="bbox 487 3622 2145 3689; baseline 0.001 -13"><span class='ocrx_word' id='word_1_353' title='bbox 487 3637 734 3678; x_wconf 90' lang='lat' dir='ltr'><strong>summa</strong></span> <span class='ocrx_word' id='word_1_354' title='bbox 753 3637 898 3676; x_wconf 90' lang='lat' dir='ltr'><strong>cura</strong></span> <span class='ocrx_word' id='word_1_355' title='bbox 911 3627 1155 3678; x_wconf 87' lang='lat' dir='ltr'><strong>servant</strong></span> <span class='ocrx_word' id='word_1_356' title='bbox 1170 3622 1360 3679; x_wconf 86' lang='lat' dir='ltr'><strong>victus</strong></span> <span class='ocrx_word' id='word_1_357' title='bbox 1381 3625 1911 3689; x_wconf 85' lang='lat' dir='ltr'><strong>rationem,tamen</strong></span> <span class='ocrx_word' id='word_1_358' title='bbox 1931 3622 2145 3678; x_wconf 89' lang='lat' dir='ltr'><strong>iisdem</strong></span> 
     </span>
    </p>
   </div>
   <div class='ocr_carea' id='block_1_55' title="bbox 485 3710 2142 3784">
    <p class='ocr_par' dir='ltr' id='par_1_55' title="bbox 485 3710 2142 3784">
     <span class='ocr_line' id='line_1_55' title="bbox 485 3710 2142 3784; baseline -0.001 -16"><span class='ocrx_word' id='word_1_359' title='bbox 485 3711 718 3768; x_wconf 90' lang='lat' dir='ltr'><strong>morbis</strong></span> <span class='ocrx_word' id='word_1_360' title='bbox 745 3710 970 3784; x_wconf 91' lang='lat' dir='ltr'><strong>quibus</strong></span> <span class='ocrx_word' id='word_1_361' title='bbox 1003 3711 1103 3767; x_wconf 89' lang='lat' dir='ltr'><strong>alii</strong></span> <span class='ocrx_word' id='word_1_362' title='bbox 1134 3711 1434 3781; x_wconf 85' lang='lat' dir='ltr'><strong>laborant,</strong></span> <span class='ocrx_word' id='word_1_363' title='bbox 1458 3712 1606 3768; x_wconf 88' lang='lat' dir='ltr'><strong>dum</strong></span> <span class='ocrx_word' id='word_1_364' title='bbox 1632 3712 1712 3768; x_wconf 93' lang='lat' dir='ltr'><strong>ob</strong></span> <span class='ocrx_word' id='word_1_365' title='bbox 1756 3711 2142 3768; x_wconf 89' lang='lat' dir='ltr'><strong>consuetudi-</strong></span> 
     </span>
    </p>
   </div>
   <div class='ocr_carea' id='block_1_56' title="bbox 485 3801 2147 3875">
    <p class='ocr_par' dir='ltr' id='par_1_56' title="bbox 485 3801 2147 3875">
     <span class='ocr_line' id='line_1_56' title="bbox 485 3801 2147 3875; baseline -0.001 -17"><span class='ocrx_word' id='word_1_366' title='bbox 485 3817 627 3859; x_wconf 91' lang='lat' dir='ltr'><strong>nem</strong></span> <span class='ocrx_word' id='word_1_367' title='bbox 654 3817 864 3858; x_wconf 90' lang='lat' dir='ltr'><strong>eorum</strong></span> <span class='ocrx_word' id='word_1_368' title='bbox 894 3801 999 3874; x_wconf 91' lang='lat' dir='ltr'><strong>qui</strong></span> <span class='ocrx_word' id='word_1_369' title='bbox 1030 3801 1298 3874; x_wconf 83' lang='lat' dir='ltr'><strong>corrupti</strong></span> <span class='ocrx_word' id='word_1_370' title='bbox 1324 3802 1814 3875; x_wconf 87' lang='lat' dir='ltr'><strong>sunt,opp1entur</strong></span> <span class='ocrx_word' id='word_1_371' title='bbox 1833 3803 1947 3875; x_wconf 88' lang='lat' dir='ltr'><strong>ipsi</strong></span> <span class='ocrx_word' id='word_1_372' title='bbox 1965 3818 2147 3872; x_wconf 67' lang='lat' dir='ltr'><strong>aegro-</strong></span> 
     </span>
    </p>
   </div>
   <div class='ocr_carea' id='block_1_57' title="bbox 486 3890 2148 3950">
    <p class='ocr_par' dir='ltr' id='par_1_57' title="bbox 486 3890 2148 3950">
     <span class='ocr_line' id='line_1_57' title="bbox 486 3890 2148 3950; baseline -0.002 0"><span class='ocrx_word' id='word_1_373' title='bbox 486 3892 712 3950; x_wconf 89' lang='lat' dir='ltr'><strong>tatione</strong></span> <span class='ocrx_word' id='word_1_374' title='bbox 737 3910 751 3948; x_wconf 89' lang='lat'>:</span> <span class='ocrx_word' id='word_1_375' title='bbox 775 3891 982 3947; x_wconf 88' lang='lat' dir='ltr'><strong>itidem</strong></span> <span class='ocrx_word' id='word_1_376' title='bbox 1015 3908 1177 3948; x_wconf 91' lang='lat' dir='ltr'><strong>nunc</strong></span> <span class='ocrx_word' id='word_1_377' title='bbox 1199 3908 1414 3948; x_wconf 89' lang='lat' dir='ltr'><strong>omnes</strong></span> <span class='ocrx_word' id='word_1_378' title='bbox 1431 3891 1657 3948; x_wconf 89' lang='lat' dir='ltr'><strong>similes</strong></span> <span class='ocrx_word' id='word_1_379' title='bbox 1685 3893 1838 3948; x_wconf 87' lang='lat' dir='ltr'><strong>inter</strong></span> <span class='ocrx_word' id='word_1_380' title='bbox 1864 3908 1974 3948; x_wconf 86' lang='lat' dir='ltr'><strong>nos</strong></span> <span class='ocrx_word' id='word_1_381' title='bbox 2007 3890 2148 3948; x_wconf 83' lang='lat' dir='ltr'><strong>facti</strong></span> 
     </span>
    </p>
   </div>
   <div class='ocr_carea' id='block_1_58' title="bbox 489 3982 2150 4054">
    <p class='ocr_par' dir='ltr' id='par_1_58' title="bbox 489 3982 2150 4054">
     <span class='ocr_line' id='line_1_58' title="bbox 489 3982 2150 4054; baseline 0 -18"><span class='ocrx_word' id='word_1_382' title='bbox 489 3997 719 4048; x_wconf 90' lang='lat' dir='ltr'><strong>sumus,</strong></span> <span class='ocrx_word' id='word_1_383' title='bbox 741 3997 776 4037; x_wconf 86' lang='lat' dir='ltr'><strong>a</strong></span> <span class='ocrx_word' id='word_1_384' title='bbox 796 3982 1202 4044; x_wconf 89' lang='lat' dir='ltr'><strong>contentione,</strong></span> <span class='ocrx_word' id='word_1_385' title='bbox 1220 3998 1352 4054; x_wconf 58' lang='lat' dir='ltr'><strong>qua;</strong></span> <span class='ocrx_word' id='word_1_386' title='bbox 1372 3987 1610 4039; x_wconf 90' lang='lat' dir='ltr'><strong>nostros</strong></span> <span class='ocrx_word' id='word_1_387' title='bbox 1632 3983 1870 4038; x_wconf 89' lang='lat' dir='ltr'><strong>animos</strong></span> <span class='ocrx_word' id='word_1_388' title='bbox 1891 3997 2150 4054; x_wconf 90' lang='lat' dir='ltr'><strong>occupa-</strong></span> 
     </span>
    </p>
   </div>
   <div class='ocr_carea' id='block_1_59' title="bbox 487 4070 2148 4144">
    <p class='ocr_par' dir='ltr' id='par_1_59' title="bbox 487 4070 2148 4144">
     <span class='ocr_line' id='line_1_59' title="bbox 487 4070 2148 4144; baseline 0.001 -17"><span class='ocrx_word' id='word_1_389' title='bbox 487 4071 592 4140; x_wconf 84' lang='lat' dir='ltr'><strong>vit,</strong></span> <span class='ocrx_word' id='word_1_390' title='bbox 621 4070 702 4127; x_wconf 89' lang='lat' dir='ltr'><strong>ad</strong></span> <span class='ocrx_word' id='word_1_391' title='bbox 726 4070 1034 4127; x_wconf 89' lang='lat' dir='ltr'><strong>malorum</strong></span> <span class='ocrx_word' id='word_1_392' title='bbox 1059 4071 1506 4127; x_wconf 69' lang='lat' dir='ltr'><strong>aemulationem</strong></span> <span class='ocrx_word' id='word_1_393' title='bbox 1539 4073 1833 4144; x_wconf 89' lang='lat' dir='ltr'><strong>perducti.</strong></span> <span class='ocrx_word' id='word_1_394' title='bbox 1861 4073 2004 4128; x_wconf 88' lang='lat' dir='ltr'><strong>Hinc</strong></span> <span class='ocrx_word' id='word_1_395' title='bbox 2035 4073 2148 4128; x_wconf 89' lang='lat' dir='ltr'><strong>im-</strong></span> 
     </span>
    </p>
   </div>
   <div class='ocr_carea' id='block_1_60' title="bbox 487 4159 2150 4235">
    <p class='ocr_par' dir='ltr' id='par_1_60' title="bbox 487 4159 2150 4235">
     <span class='ocr_line' id='line_1_60' title="bbox 487 4159 2150 4235; baseline 0.002 -18"><span class='ocrx_word' id='word_1_396' title='bbox 487 4159 820 4235; x_wconf 89' lang='lat' dir='ltr'><strong>placabiles</strong></span> <span class='ocrx_word' id='word_1_397' title='bbox 843 4165 900 4216; x_wconf 89' lang='lat' dir='ltr'><strong>et</strong></span> <span class='ocrx_word' id='word_1_398' title='bbox 929 4161 1124 4217; x_wconf 88' lang='lat' dir='ltr'><strong>amari</strong></span> <span class='ocrx_word' id='word_1_399' title='bbox 1157 4161 1370 4218; x_wconf 88' lang='lat' dir='ltr'><strong>sedent</strong></span> <span class='ocrx_word' id='word_1_400' title='bbox 1412 4167 1746 4219; x_wconf 90' lang='lat' dir='ltr'><strong>erratorum</strong></span> <span class='ocrx_word' id='word_1_401' title='bbox 1778 4165 2150 4221; x_wconf 84' lang='lat' dir='ltr'><strong>examinato-</strong></span> 
     </span>
    </p>
   </div>
   <div class='ocr_carea' id='block_1_61' title="bbox 487 4251 2150 4326">
    <p class='ocr_par' dir='ltr' id='par_1_61' title="bbox 487 4251 2150 4326">
     <span class='ocr_line' id='line_1_61' title="bbox 487 4251 2150 4326; baseline 0 -15"><span class='ocrx_word' id='word_1_402' title='bbox 487 4268 611 4324; x_wconf 89' lang='lat' dir='ltr'><strong>res,</strong></span> <span class='ocrx_word' id='word_1_403' title='bbox 639 4251 831 4324; x_wconf 90' lang='lat' dir='ltr'><strong>iniqui</strong></span> <span class='ocrx_word' id='word_1_404' title='bbox 863 4267 1002 4307; x_wconf 85' lang='lat' dir='ltr'><strong>vero</strong></span> <span class='ocrx_word' id='word_1_405' title='bbox 1038 4256 1097 4308; x_wconf 89' lang='lat' dir='ltr'><strong>et</strong></span> <span class='ocrx_word' id='word_1_406' title='bbox 1123 4252 1412 4308; x_wconf 89' lang='lat' dir='ltr'><strong>malevoli</strong></span> <span class='ocrx_word' id='word_1_407' title='bbox 1439 4257 1601 4308; x_wconf 90' lang='lat' dir='ltr'><strong>recte</strong></span> <span class='ocrx_word' id='word_1_408' title='bbox 1652 4253 1950 4310; x_wconf 85' lang='lat' dir='ltr'><strong>factorum</strong></span> <span class='ocrx_word' id='word_1_409' title='bbox 1989 4255 2150 4326; x_wconf 89' lang='lat' dir='ltr'><strong>judi-</strong></span> 
     </span>
    </p>
   </div>
   <div class='ocr_carea' id='block_1_62' title="bbox 450 4331 2147 4416">
    <p class='ocr_par' dir='ltr' id='par_1_62' title="bbox 450 4331 2147 4416">
     <span class='ocr_line' id='line_1_62' title="bbox 450 4331 2147 4416; baseline -0.001 -15"><span class='ocrx_word' id='word_1_410' title='bbox 450 4365 452 4367; x_wconf 58' lang='grc'><em>’</em></span> <span class='ocrx_word' id='word_1_411' title='bbox 490 4359 590 4401; x_wconf 92' lang='lat' dir='ltr'><strong>ces</strong></span> <span class='ocrx_word' id='word_1_412' title='bbox 617 4359 631 4399; x_wconf 90' lang='lat'><strong>:</strong></span> <span class='ocrx_word' id='word_1_413' title='bbox 662 4357 734 4398; x_wconf 91' lang='lat' dir='ltr'><strong>ac</strong></span> <span class='ocrx_word' id='word_1_414' title='bbox 761 4346 1022 4411; x_wconf 88' lang='lat' dir='ltr'><strong>tantum,</strong></span> <span class='ocrx_word' id='word_1_415' title='bbox 1047 4346 1112 4398; x_wconf 91' lang='lat' dir='ltr'><strong>ut</strong></span> <span class='ocrx_word' id='word_1_416' title='bbox 1140 4342 1376 4398; x_wconf 89' lang='lat' dir='ltr'><strong>videtur</strong></span> <span class='ocrx_word' id='word_1_417' title='bbox 1421 4342 1655 4398; x_wconf 91' lang='lat' dir='ltr'><strong>malum</strong></span> <span class='ocrx_word' id='word_1_418' title='bbox 1696 4342 1874 4398; x_wconf 89' lang='lat' dir='ltr'><strong>nobis</strong></span> <span class='ocrx_word' id='word_1_419' title='bbox 1911 4331 2147 4416; x_wconf 86' lang='lat' dir='ltr'><strong>insedit,</strong></span> 
     </span>
    </p>
   </div>
   <div class='ocr_carea' id='block_1_63' title="bbox 489 4431 2156 4505">
    <p class='ocr_par' dir='ltr' id='par_1_63' title="bbox 489 4431 2156 4505">
     <span class='ocr_line' id='line_1_63' title="bbox 489 4431 2156 4505; baseline 0.001 -15"><span class='ocrx_word' id='word_1_420' title='bbox 489 4438 556 4490; x_wconf 89' lang='lat' dir='ltr'><strong>ut</strong></span> <span class='ocrx_word' id='word_1_421' title='bbox 583 4433 818 4490; x_wconf 88' lang='lat' dir='ltr'><strong>ratione</strong></span> <span class='ocrx_word' id='word_1_422' title='bbox 856 4431 1258 4488; x_wconf 90' lang='lat' dir='ltr'><strong>destituamur</strong></span> <span class='ocrx_word' id='word_1_423' title='bbox 1290 4432 1510 4504; x_wconf 83' lang='lat' dir='ltr'><strong>magis,</strong></span> <span class='ocrx_word' id='word_1_424' title='bbox 1540 4448 1728 4505; x_wconf 89' lang='lat' dir='ltr'><strong>quam</strong></span> <span class='ocrx_word' id='word_1_425' title='bbox 1759 4433 1893 4505; x_wconf 88' lang='lat' dir='ltr'><strong>ipsa</strong></span> <span class='ocrx_word' id='word_1_426' title='bbox 1923 4435 2156 4491; x_wconf 88' lang='lat' dir='ltr'><strong>anima-</strong></span> 
     </span>
    </p>
   </div>
   <div class='ocr_carea' id='block_1_64' title="bbox 487 4521 2150 4594">
    <p class='ocr_par' dir='ltr' id='par_1_64' title="bbox 487 4521 2150 4594">
     <span class='ocr_line' id='line_1_64' title="bbox 487 4521 2150 4594; baseline -0.001 -14"><span class='ocrx_word' id='word_1_427' title='bbox 487 4524 570 4582; x_wconf 90' lang='lat' dir='ltr'><strong>lia</strong></span> <span class='ocrx_word' id='word_1_428' title='bbox 587 4524 800 4579; x_wconf 88' lang='lat' dir='ltr'><strong>bruta:</strong></span> <span class='ocrx_word' id='word_1_429' title='bbox 831 4521 1134 4594; x_wconf 89' lang='lat' dir='ltr'><strong>siquidem</strong></span> <span class='ocrx_word' id='word_1_430' title='bbox 1154 4521 1256 4578; x_wconf 91' lang='lat' dir='ltr'><strong>illa</strong></span> <span class='ocrx_word' id='word_1_431' title='bbox 1282 4537 1414 4594; x_wconf 68' lang='lat' dir='ltr'><strong>qua:</strong></span> <span class='ocrx_word' id='word_1_432' title='bbox 1436 4527 1575 4578; x_wconf 90' lang='lat' dir='ltr'><strong>sunt</strong></span> <span class='ocrx_word' id='word_1_433' title='bbox 1593 4523 1868 4594; x_wconf 88' lang='lat' dir='ltr'><strong>ejusdem</strong></span> <span class='ocrx_word' id='word_1_434' title='bbox 1895 4525 2150 4593; x_wconf 83' lang='lat' dir='ltr'><strong>generis,</strong></span> 
     </span>
    </p>
   </div>
   <div class='ocr_carea' id='block_1_65' title="bbox 489 4611 2153 4681">
    <p class='ocr_par' dir='ltr' id='par_1_65' title="bbox 489 4611 2153 4681">
     <span class='ocr_line' id='line_1_65' title="bbox 489 4611 2153 4681; baseline 0.001 -11"><span class='ocrx_word' id='word_1_435' title='bbox 489 4613 644 4670; x_wconf 89' lang='lat' dir='ltr'><strong>inter</strong></span> <span class='ocrx_word' id='word_1_436' title='bbox 669 4627 800 4669; x_wconf 89' lang='lat' dir='ltr'><strong>sese</strong></span> <span class='ocrx_word' id='word_1_437' title='bbox 853 4611 1300 4681; x_wconf 91' lang='lat' dir='ltr'><strong>consociantur,</strong></span> <span class='ocrx_word' id='word_1_438' title='bbox 1360 4617 1422 4668; x_wconf 90' lang='lat' dir='ltr'><strong>at</strong></span> <span class='ocrx_word' id='word_1_439' title='bbox 1467 4611 1646 4669; x_wconf 87' lang='lat' dir='ltr'><strong>nobis</strong></span> <span class='ocrx_word' id='word_1_440' title='bbox 1702 4613 2153 4670; x_wconf 88' lang='lat' dir='ltr'><strong>atrocissimum</strong></span> 
     </span>
    </p>
   </div>
   <div class='ocr_carea' id='block_1_66' title="bbox 489 4701 1580 4760">
    <p class='ocr_par' dir='ltr' id='par_1_66' title="bbox 489 4701 1580 4760">
     <span class='ocr_line' id='line_1_66' title="bbox 489 4701 1580 4760; baseline 0 0"><span class='ocrx_word' id='word_1_441' title='bbox 489 4702 719 4760; x_wconf 88' lang='lat' dir='ltr'><strong>bellum</strong></span> <span class='ocrx_word' id='word_1_442' title='bbox 748 4705 838 4760; x_wconf 87' lang='lat' dir='ltr'><strong>est</strong></span> <span class='ocrx_word' id='word_1_443' title='bbox 869 4701 1160 4760; x_wconf 81' lang='lat' dir='ltr'><strong>adversus</strong></span> <span class='ocrx_word' id='word_1_444' title='bbox 1190 4701 1580 4760; x_wconf 89' lang='lat' dir='ltr'><strong>domesticos.</strong></span> 
     </span>
    </p>
   </div>
   <div class='ocr_carea' id='block_1_67' title="bbox 564 5024 1572 5099">
    <p class='ocr_par' dir='ltr' id='par_1_67' title="bbox 564 5024 1572 5099">
     <span class='ocr_line' id='line_1_67' title="bbox 564 5024 1572 5099; baseline 0.001 -18"><span class='ocrx_word' id='word_1_445' title='bbox 564 5025 612 5062; x_wconf 73' lang='grc'><strong>³⁸</strong></span> <span class='ocrx_word' id='word_1_446' title='bbox 643 5024 798 5082; x_wconf 85' lang='lat' dir='ltr'><strong>Eccl.</strong></span> <span class='ocrx_word' id='word_1_447' title='bbox 830 5041 911 5089; x_wconf 86' lang='lat' dir='ltr'><strong>1x,</strong></span> <span class='ocrx_word' id='word_1_448' title='bbox 941 5029 1026 5084; x_wconf 79' lang='lat' dir='ltr'><strong>l7.</strong></span> <span class='ocrx_word' id='word_1_449' title='bbox 1103 5027 1151 5062; x_wconf 74' lang='grc'><strong>³⁵</strong></span> <span class='ocrx_word' id='word_1_450' title='bbox 1182 5028 1368 5084; x_wconf 85' lang='lat' dir='ltr'><strong>Amos</strong></span> <span class='ocrx_word' id='word_1_451' title='bbox 1400 5042 1452 5099; x_wconf 77' lang='grc' dir='ltr'><strong>γ,</strong></span> <span class='ocrx_word' id='word_1_452' title='bbox 1479 5027 1572 5082; x_wconf 82' lang='lat' dir='ltr'><strong>l3.</strong></span> 
     </span>
    </p>
   </div>
   <div class='ocr_carea' id='block_1_68' title="bbox 545 5256 2154 5351">
    <p class='ocr_par' dir='ltr' id='par_1_68' title="bbox 545 5256 2154 5351">
     <span class='ocr_line' id='line_1_68' title="bbox 545 5256 2154 5351; baseline 0 -33"><span class='ocrx_word' id='word_1_453' title='bbox 545 5261 676 5351; x_wconf 34' lang='lat'><strong>,(3’6)</strong></span> <span class='ocrx_word' id='word_1_454' title='bbox 705 5259 773 5314; x_wconf 81' lang='grc' dir='ltr'><strong><em>Ἢ</em></strong></span> <span class='ocrx_word' id='word_1_455' title='bbox 801 5257 964 5332; x_wconf 84' lang='grc' dir='ltr'><strong>αύτῷ.</strong></span> <span class='ocrx_word' id='word_1_456' title='bbox 997 5259 1080 5316; x_wconf 92' lang='lat' dir='ltr'><strong>Ita</strong></span> <span class='ocrx_word' id='word_1_457' title='bbox 1109 5256 1352 5316; x_wconf 89' lang='lat' dir='ltr'><strong>codices</strong></span> <span class='ocrx_word' id='word_1_458' title='bbox 1403 5259 1596 5316; x_wconf 89' lang='lat' dir='ltr'><strong>nostri</strong></span> <span class='ocrx_word' id='word_1_459' title='bbox 1641 5274 1875 5316; x_wconf 91' lang='lat' dir='ltr'><strong>omnes.</strong></span> <span class='ocrx_word' id='word_1_460' title='bbox 1923 5258 2077 5314; x_wconf 90' lang='lat' dir='ltr'><strong>Editi</strong></span> <span class='ocrx_word' id='word_1_461' title='bbox 2126 5259 2154 5318; x_wconf 70' lang='grc' dir='ltr'><strong>ἣ</strong></span> 
     </span>
    </p>
   </div>
   <div class='ocr_carea' id='block_1_69' title="bbox 497 5353 2158 5477">
    <p class='ocr_par' dir='ltr' id='par_1_69' title="bbox 497 5353 2158 5477">
     <span class='ocr_line' id='line_1_69' title="bbox 497 5353 675 5386; baseline -0.011 0"><span class='ocrx_word' id='word_1_462' title='bbox 497 5353 675 5386; x_wconf 80' lang='grc' dir='ltr'><strong>αυτόν.</strong></span> 
     </span>
     <span class='ocr_line' id='line_1_70' title="bbox 568 5401 2158 5477; baseline -0.004 -14"><span class='ocrx_word' id='word_1_463' title='bbox 568 5407 681 5477; x_wconf 89' lang='lat'><strong>(37)</strong></span> <span class='ocrx_word' id='word_1_464' title='bbox 712 5405 891 5477; x_wconf 59' lang='lat' dir='ltr'><strong>’Evrr;</strong></span> <span class='ocrx_word' id='word_1_465' title='bbox 921 5410 1086 5477; x_wconf 78' lang='grc' dir='ltr'><strong>καιρῷ</strong></span> <span class='ocrx_word' id='word_1_466' title='bbox 1127 5402 1324 5477; x_wconf 82' lang='grc' dir='ltr'><strong>ἐκείνῳ.</strong></span> <span class='ocrx_word' id='word_1_467' title='bbox 1395 5405 1530 5477; x_wconf 54' lang='lat' dir='ltr'><strong>Haec</strong></span> <span class='ocrx_word' id='word_1_468' title='bbox 1583 5403 1823 5477; x_wconf 65' lang='lat' dir='ltr'><strong>desunt</strong></span> <span class='ocrx_word' id='word_1_469' title='bbox 1855 5404 1916 5458; x_wconf 89' lang='lat' dir='ltr'><strong>in</strong></span> <span class='ocrx_word' id='word_1_470' title='bbox 1964 5401 2158 5457; x_wconf 88' lang='lat' dir='ltr'><strong>tribus</strong></span> 
     </span>
    </p>
   </div>
   <div class='ocr_carea' id='block_1_70' title="bbox 496 5474 2156 5562">
    <p class='ocr_par' dir='ltr' id='par_1_70' title="bbox 496 5474 2156 5562">
     <span class='ocr_line' id='line_1_71' title="bbox 496 5474 2156 5562; baseline -0.004 -31"><span class='ocrx_word' id='word_1_471' title='bbox 496 5474 642 5532; x_wconf 86' lang='lat' dir='ltr'><strong>mss.</strong></span> <span class='ocrx_word' id='word_1_472' title='bbox 664 5474 910 5562; x_wconf 79' lang='lat' dir='ltr'><strong>Legitur</strong></span> <span class='ocrx_word' id='word_1_473' title='bbox 939 5474 1210 5532; x_wconf 89' lang='lat' dir='ltr'><strong>etiamin</strong></span> <span class='ocrx_word' id='word_1_474' title='bbox 1257 5474 1566 5531; x_wconf 90' lang='lat' dir='ltr'><strong>nonnullis</strong></span> <span class='ocrx_word' id='word_1_475' title='bbox 1613 5475 1927 5532; x_wconf 90' lang='lat' dir='ltr'><strong>codicibus</strong></span> <span class='ocrx_word' id='word_1_476' title='bbox 1975 5478 2156 5548; x_wconf 88' lang='grc' dir='ltr'><strong>καιρός</strong></span> 
     </span>
    </p>
   </div>
   <div class='ocr_carea' id='block_1_71' title="bbox 498 5557 923 5619">
    <p class='ocr_par' dir='ltr' id='par_1_71' title="bbox 498 5557 923 5619">
     <span class='ocr_line' id='line_1_72' title="bbox 498 5557 923 5619; baseline 0.014 -23"><span class='ocrx_word' id='word_1_477' title='bbox 498 5557 732 5619; x_wconf 76' lang='grc' dir='ltr'><strong>πονηρῶν</strong></span> <span class='ocrx_word' id='word_1_478' title='bbox 759 5557 923 5604; x_wconf 79' lang='grc' dir='ltr'><strong>ἐστιν.</strong></span> 
     </span>
    </p>
   </div>
   <div class='ocr_carea' id='block_1_72' title="bbox 572 5617 2153 5692">
    <p class='ocr_par' dir='ltr' id='par_1_72' title="bbox 572 5617 2153 5692">
     <span class='ocr_line' id='line_1_73' title="bbox 572 5617 2153 5692; baseline -0.009 -5"><span class='ocrx_word' id='word_1_479' title='bbox 572 5617 683 5686; x_wconf 77' lang='grc'><strong>(38)</strong></span> <span class='ocrx_word' id='word_1_480' title='bbox 737 5623 833 5673; x_wconf 79' lang='grc' dir='ltr'><strong>Τὸν</strong></span> <span class='ocrx_word' id='word_1_481' title='bbox 908 5624 1093 5692; x_wconf 78' lang='grc' dir='ltr'><strong>γόμον.</strong></span> <span class='ocrx_word' id='word_1_482' title='bbox 1159 5617 1253 5674; x_wconf 89' lang='lat' dir='ltr'><strong>Sic</strong></span> <span class='ocrx_word' id='word_1_483' title='bbox 1302 5634 1448 5675; x_wconf 91' lang='lat' dir='ltr'><strong>mss.</strong></span> <span class='ocrx_word' id='word_1_484' title='bbox 1519 5617 1784 5677; x_wconf 87' lang='lat' dir='ltr'><strong>codices.</strong></span> <span class='ocrx_word' id='word_1_485' title='bbox 1845 5618 1997 5675; x_wconf 87' lang='lat' dir='ltr'><strong>Editi</strong></span> <span class='ocrx_word' id='word_1_486' title='bbox 2055 5627 2153 5671; x_wconf 86' lang='grc' dir='ltr'><strong>τῶν</strong></span> 
     </span>
    </p>
   </div>
   <div class='ocr_carea' id='block_1_73' title="bbox 1656 5024 2210 5098">
    <p class='ocr_par' dir='ltr' id='par_1_73' title="bbox 1656 5024 2210 5098">
     <span class='ocr_line' id='line_1_74' title="bbox 1656 5024 2210 5098; baseline 0 -17"><span class='ocrx_word' id='word_1_487' title='bbox 1656 5027 1700 5062; x_wconf 85' lang='grc'><strong>²¹¹</strong></span> <span class='ocrx_word' id='word_1_488' title='bbox 1728 5024 1934 5082; x_wconf 85' lang='lat' dir='ltr'><strong>Ezech.</strong></span> <span class='ocrx_word' id='word_1_489' title='bbox 1970 5040 2130 5098; x_wconf 83' lang='lat' dir='ltr'><strong>xxm,</strong></span> <span class='ocrx_word' id='word_1_490' title='bbox 2159 5029 2210 5081; x_wconf 83' lang='lat'><strong>5.</strong></span> 
     </span>
    </p>
   </div>
   <div class='ocr_carea' id='block_1_74' title="bbox 2244 1824 3861 1898">
    <p class='ocr_par' dir='ltr' id='par_1_74' title="bbox 2244 1824 3861 1898">
     <span class='ocr_line' id='line_1_75' title="bbox 2244 1824 3861 1898; baseline -0.002 -20"><span class='ocrx_word' id='word_1_491' title='bbox 2244 1828 2311 1879; x_wconf 79' lang='grc' dir='ltr'><strong>τὰ</strong></span> <span class='ocrx_word' id='word_1_492' title='bbox 2374 1833 2466 1877; x_wconf 86' lang='grc' dir='ltr'><strong>τοῦ</strong></span> <span class='ocrx_word' id='word_1_493' title='bbox 2517 1824 2934 1882; x_wconf 79' lang='grc' dir='ltr'><strong>Ἐκκλησιαστοῦ</strong></span> <span class='ocrx_word' id='word_1_494' title='bbox 2999 1825 3250 1898; x_wconf 76' lang='grc' dir='ltr'><strong>ῥήματα,</strong></span> <span class='ocrx_word' id='word_1_495' title='bbox 3316 1824 3396 1874; x_wconf 87' lang='grc' dir='ltr'><strong>ὅτι</strong></span> <span class='ocrx_word' id='word_1_496' title='bbox 3464 1827 3628 1894; x_wconf 77' lang='grc' dir='ltr'><strong>Λόγοι</strong></span> <span class='ocrx_word' id='word_1_497' title='bbox 3684 1832 3861 1896; x_wconf 76' lang='grc' dir='ltr'><strong>σοφῶν</strong></span> 
     </span>
    </p>
   </div>
   <div class='ocr_carea' id='block_1_75' title="bbox 2246 1909 3856 1986">
    <p class='ocr_par' dir='ltr' id='par_1_75' title="bbox 2246 1909 3856 1986">
     <span class='ocr_line' id='line_1_76' title="bbox 2246 1909 3856 1986; baseline -0.002 -19"><span class='ocrx_word' id='word_1_498' title='bbox 2246 1913 2292 1967; x_wconf 81' lang='grc' dir='ltr'><strong>ἐν</strong></span> <span class='ocrx_word' id='word_1_499' title='bbox 2339 1914 2628 1967; x_wconf 78' lang='grc' dir='ltr'><strong>ἀναπαύσει</strong></span> <span class='ocrx_word' id='word_1_500' title='bbox 2669 1912 2965 1976; x_wconf 79' lang='grc' dir='ltr'><strong>ἀκούονται,</strong></span> <span class='ocrx_word' id='word_1_501' title='bbox 2997 1912 3192 1965; x_wconf 87' lang='grc' dir='ltr'><strong>πολλοῦ</strong></span> <span class='ocrx_word' id='word_1_502' title='bbox 3246 1912 3305 1963; x_wconf 78' lang='grc' dir='ltr'><strong>ἀν</strong></span> <span class='ocrx_word' id='word_1_503' title='bbox 3362 1909 3472 1965; x_wconf 75' lang='grc' dir='ltr'><strong>δέοι</strong></span> <span class='ocrx_word' id='word_1_504' title='bbox 3523 1916 3731 1986; x_wconf 77' lang='grc' dir='ltr'><strong>πρέπειν</strong></span> <span class='ocrx_word' id='word_1_505' title='bbox 3792 1922 3856 1985; x_wconf 68' lang='grc' dir='ltr'><strong>τῇ</strong></span> 
     </span>
    </p>
   </div>
   <div class='ocr_carea' id='block_1_76' title="bbox 2245 1999 3864 2076">
    <p class='ocr_par' dir='ltr' id='par_1_76' title="bbox 2245 1999 3864 2076">
     <span class='ocr_line' id='line_1_77' title="bbox 2245 1999 3864 2076; baseline 0 -20"><span class='ocrx_word' id='word_1_506' title='bbox 2245 2013 2332 2056; x_wconf 86' lang='grc' dir='ltr'><strong>νῦν</strong></span> <span class='ocrx_word' id='word_1_507' title='bbox 2382 2006 2705 2057; x_wconf 77' lang='grc' dir='ltr'><strong>καταστάσει</strong></span> <span class='ocrx_word' id='word_1_508' title='bbox 2762 2007 2820 2056; x_wconf 89' lang='grc' dir='ltr'><strong>τὸ</strong></span> <span class='ocrx_word' id='word_1_509' title='bbox 2874 2008 2991 2076; x_wconf 86' lang='grc' dir='ltr'><strong>περὶ</strong></span> <span class='ocrx_word' id='word_1_510' title='bbox 3044 2006 3237 2055; x_wconf 82' lang='grc' dir='ltr'><strong>τούτων</strong></span> <span class='ocrx_word' id='word_1_511' title='bbox 3293 2002 3478 2073; x_wconf 86' lang='grc' dir='ltr'><strong>λέγειν.</strong></span> <span class='ocrx_word' id='word_1_512' title='bbox 3509 2002 3626 2074; x_wconf 76' lang='grc' dir='ltr'><strong>Ἐμὲ</strong></span> <span class='ocrx_word' id='word_1_513' title='bbox 3658 1999 3718 2055; x_wconf 74' lang='grc' dir='ltr'><strong>δὲ</strong></span> <span class='ocrx_word' id='word_1_514' title='bbox 3765 2009 3864 2056; x_wconf 86' lang='grc' dir='ltr'><strong>καὶ</strong></span> 
     </span>
    </p>
   </div>
   <div class='ocr_carea' id='block_1_77' title="bbox 2246 2092 3865 2167">
    <p class='ocr_par' dir='ltr' id='par_1_77' title="bbox 2246 2092 3865 2167">
     <span class='ocr_line' id='line_1_78' title="bbox 2246 2092 3865 2167; baseline -0.002 -19"><span class='ocrx_word' id='word_1_515' title='bbox 2246 2099 2304 2148; x_wconf 86' lang='grc' dir='ltr'><strong>τὸ</strong></span> <span class='ocrx_word' id='word_1_516' title='bbox 2349 2098 2671 2167; x_wconf 71' lang='grc' dir='ltr'><strong>προφητικὸν</strong></span> <span class='ocrx_word' id='word_1_517' title='bbox 2730 2092 2889 2146; x_wconf 87' lang='grc' dir='ltr'><strong>ἐκεῖνο</strong></span> <span class='ocrx_word' id='word_1_518' title='bbox 2934 2098 3147 2165; x_wconf 80' lang='grc' dir='ltr'><strong>κατέχει</strong></span> <span class='ocrx_word' id='word_1_519' title='bbox 3199 2092 3393 2164; x_wconf 85' lang='grc' dir='ltr'><strong>λόγιον,</strong></span> <span class='ocrx_word' id='word_1_520' title='bbox 3436 2094 3516 2144; x_wconf 87' lang='grc' dir='ltr'><strong>ὅτι</strong></span> <span class='ocrx_word' id='word_1_521' title='bbox 3571 2093 3630 2144; x_wconf 86' lang='grc' dir='ltr'>Ὁ</span> <span class='ocrx_word' id='word_1_522' title='bbox 3669 2098 3865 2145; x_wconf 82' lang='grc' dir='ltr'><strong>συνιὼν</strong></span> 
     </span>
    </p>
   </div>
   <div class='ocr_carea' id='block_1_78' title="bbox 2247 2179 3863 2257">
    <p class='ocr_par' dir='ltr' id='par_1_78' title="bbox 2247 2179 3863 2257">
     <span class='ocr_line' id='line_1_79' title="bbox 2247 2179 3863 2257; baseline -0.001 -20"><span class='ocrx_word' id='word_1_523' title='bbox 2247 2184 2294 2237; x_wconf 78' lang='grc' dir='ltr'><strong>ἐν</strong></span> <span class='ocrx_word' id='word_1_524' title='bbox 2348 2194 2420 2256; x_wconf 84' lang='grc' dir='ltr'><strong>τῷ</strong></span> <span class='ocrx_word' id='word_1_525' title='bbox 2459 2193 2625 2257; x_wconf 80' lang='grc' dir='ltr'><strong>καιρῷ</strong></span> <span class='ocrx_word' id='word_1_526' title='bbox 2680 2182 2852 2255; x_wconf 84' lang='grc' dir='ltr'><strong>ἐκείνῳ</strong></span> <span class='ocrx_word' id='word_1_527' title='bbox 2901 2185 3012 2252; x_wconf 82' lang='grc'><strong>(37)</strong></span> <span class='ocrx_word' id='word_1_528' title='bbox 3064 2187 3427 2240; x_wconf 78' lang='grc' dir='ltr'><strong>σιωπήσεται·</strong></span> <span class='ocrx_word' id='word_1_529' title='bbox 3474 2179 3609 2235; x_wconf 71' lang='grc' dir='ltr'><strong>διότι</strong></span> <span class='ocrx_word' id='word_1_530' title='bbox 3659 2184 3684 2233; x_wconf 90' lang='grc' dir='ltr'><strong>ό</strong></span> <span class='ocrx_word' id='word_1_531' title='bbox 3741 2203 3863 2235; x_wconf 88' lang='grc' dir='ltr'><strong>και-</strong></span> 
     </span>
    </p>
   </div>
   <div class='ocr_carea' id='block_1_79' title="bbox 2246 2271 3851 2348">
    <p class='ocr_par' dir='ltr' id='par_1_79' title="bbox 2246 2271 3851 2348">
     <span class='ocr_line' id='line_1_80' title="bbox 2246 2271 3851 2348; baseline -0.003 -21"><span class='ocrx_word' id='word_1_532' title='bbox 2246 2279 2335 2348; x_wconf 89' lang='grc' dir='ltr'><strong>ρός</strong></span> <span class='ocrx_word' id='word_1_533' title='bbox 2367 2280 2593 2348; x_wconf 82' lang='grc' dir='ltr'><strong>πονηρός</strong></span> <span class='ocrx_word' id='word_1_534' title='bbox 2646 2271 2788 2325; x_wconf 82' lang='grc' dir='ltr'><strong>ἐστιν</strong></span> <span class='ocrx_word' id='word_1_535' title='bbox 2814 2287 2828 2302; x_wconf 79' lang='grc'><strong><em>⁸</em></strong></span> <span class='ocrx_word' id='word_1_536' title='bbox 2881 2271 2929 2324; x_wconf 85' lang='grc' dir='ltr'><strong>ἐν</strong></span> <span class='ocrx_word' id='word_1_537' title='bbox 3051 2275 3099 2324; x_wconf 81' lang='grc' dir='ltr'><strong>οἱ</strong></span> <span class='ocrx_word' id='word_1_538' title='bbox 3139 2275 3228 2344; x_wconf 70' lang='grc' dir='ltr'><strong>μὲν</strong></span> <span class='ocrx_word' id='word_1_539' title='bbox 3279 2271 3689 2332; x_wconf 77' lang='grc' dir='ltr'><strong>ύποσκελίζουσι</strong></span> <span class='ocrx_word' id='word_1_540' title='bbox 3743 2280 3851 2340; x_wconf 84' lang='grc' dir='ltr'><strong>νῦν,</strong></span> 
     </span>
    </p>
   </div>
   <div class='ocr_carea' id='block_1_80' title="bbox 2249 2358 3848 2436">
    <p class='ocr_par' dir='ltr' id='par_1_80' title="bbox 2249 2358 3848 2436">
     <span class='ocr_line' id='line_1_81' title="bbox 2249 2358 3848 2436; baseline -0.003 -19"><span class='ocrx_word' id='word_1_541' title='bbox 2249 2366 2298 2417; x_wconf 80' lang='grc' dir='ltr'><strong>οἱ</strong></span> <span class='ocrx_word' id='word_1_542' title='bbox 2331 2361 2389 2416; x_wconf 74' lang='grc' dir='ltr'><strong>δὲ</strong></span> <span class='ocrx_word' id='word_1_543' title='bbox 2427 2362 2721 2415; x_wconf 69' lang='grc' dir='ltr'><strong>ἐντέλλονται</strong></span> <span class='ocrx_word' id='word_1_544' title='bbox 2764 2371 2833 2433; x_wconf 78' lang='grc' dir='ltr'><strong>τῷ</strong></span> <span class='ocrx_word' id='word_1_545' title='bbox 2864 2366 3097 2426; x_wconf 84' lang='grc' dir='ltr'><strong>πεσόντι,</strong></span> <span class='ocrx_word' id='word_1_546' title='bbox 3132 2361 3276 2413; x_wconf 61' lang='lat' dir='ltr'><strong>calo:</strong></span> <span class='ocrx_word' id='word_1_547' title='bbox 3330 2358 3389 2413; x_wconf 73' lang='grc' dir='ltr'><strong>δὲ</strong></span> <span class='ocrx_word' id='word_1_548' title='bbox 3451 2359 3812 2436; x_wconf 75' lang='grc' dir='ltr'><strong>ἐπικρατοῦσιν</strong></span> <span class='ocrx_word' id='word_1_549' title='bbox 3836 2379 3848 2392; x_wconf 86' lang='grc'><strong>·</strong></span> 
     </span>
    </p>
   </div>
   <div class='ocr_carea' id='block_1_81' title="bbox 2250 2450 3862 2527">
    <p class='ocr_par' dir='ltr' id='par_1_81' title="bbox 2250 2450 3862 2527">
     <span class='ocr_line' id='line_1_82' title="bbox 2250 2450 3862 2527; baseline -0.002 -21"><span class='ocrx_word' id='word_1_550' title='bbox 2250 2456 2275 2506; x_wconf 90' lang='grc' dir='ltr'><strong>ὁ</strong></span> <span class='ocrx_word' id='word_1_551' title='bbox 2302 2450 2361 2506; x_wconf 72' lang='grc' dir='ltr'><strong>δὲ</strong></span> <span class='ocrx_word' id='word_1_552' title='bbox 2390 2462 2461 2524; x_wconf 86' lang='grc' dir='ltr'><strong>τῷ</strong></span> <span class='ocrx_word' id='word_1_553' title='bbox 2506 2452 2788 2505; x_wconf 83' lang='grc' dir='ltr'><strong>ὁκλάσαντι</strong></span> <span class='ocrx_word' id='word_1_554' title='bbox 2837 2459 2996 2524; x_wconf 87' lang='grc' dir='ltr'><strong>χεῖρα</strong></span> <span class='ocrx_word' id='word_1_555' title='bbox 3050 2452 3238 2527; x_wconf 80' lang='grc' dir='ltr'><strong>ὀρέγων</strong></span> <span class='ocrx_word' id='word_1_556' title='bbox 3294 2451 3346 2503; x_wconf 84' lang='grc' dir='ltr'><strong>ἐκ</strong></span> <span class='ocrx_word' id='word_1_557' title='bbox 3390 2453 3722 2523; x_wconf 76' lang='grc' dir='ltr'><strong>συμπαθείας</strong></span> <span class='ocrx_word' id='word_1_558' title='bbox 3766 2451 3862 2503; x_wconf 81' lang='grc' dir='ltr'><strong>οῦκ</strong></span> 
     </span>
    </p>
   </div>
   <div class='ocr_carea' id='block_1_82' title="bbox 2250 2537 3862 2613">
    <p class='ocr_par' dir='ltr' id='par_1_82' title="bbox 2250 2537 3862 2613">
     <span class='ocr_line' id='line_1_83' title="bbox 2250 2537 3862 2613; baseline -0.002 -18"><span class='ocrx_word' id='word_1_559' title='bbox 2250 2545 2390 2595; x_wconf 77' lang='grc' dir='ltr'><strong>ἔστι·</strong></span> <span class='ocrx_word' id='word_1_560' title='bbox 2444 2561 2696 2613; x_wconf 79' lang='grc' dir='ltr'><strong>καιτοιγε,</strong></span> <span class='ocrx_word' id='word_1_561' title='bbox 2731 2543 2865 2593; x_wconf 81' lang='grc' dir='ltr'><strong>κατὰ</strong></span> <span class='ocrx_word' id='word_1_562' title='bbox 2915 2540 3002 2592; x_wconf 87' lang='grc' dir='ltr'><strong>τόν</strong></span> <span class='ocrx_word' id='word_1_563' title='bbox 3044 2539 3262 2592; x_wconf 84' lang='grc' dir='ltr'><strong>παλαιὸν</strong></span> <span class='ocrx_word' id='word_1_564' title='bbox 3302 2544 3474 2612; x_wconf 86' lang='grc' dir='ltr'><strong>νόμον,</strong></span> <span class='ocrx_word' id='word_1_565' title='bbox 3532 2537 3646 2592; x_wconf 73' lang='grc' dir='ltr'><strong>οὐδ’</strong></span> <span class='ocrx_word' id='word_1_566' title='bbox 3710 2542 3736 2591; x_wconf 90' lang='grc' dir='ltr'><strong>ὁ</strong></span> <span class='ocrx_word' id='word_1_567' title='bbox 3803 2545 3862 2592; x_wconf 87' lang='grc' dir='ltr'><strong>τὸ</strong></span> 
     </span>
    </p>
   </div>
   <div class='ocr_carea' id='block_1_83' title="bbox 2250 2631 3863 2706">
    <p class='ocr_par' dir='ltr' id='par_1_83' title="bbox 2250 2631 3863 2706">
     <span class='ocr_line' id='line_1_84' title="bbox 2250 2631 3863 2706; baseline -0.002 -22"><span class='ocrx_word' id='word_1_568' title='bbox 2250 2635 2535 2704; x_wconf 85' lang='grc' dir='ltr'><strong>ὑποζύγιον</strong></span> <span class='ocrx_word' id='word_1_569' title='bbox 2584 2640 2676 2684; x_wconf 87' lang='grc' dir='ltr'><strong>τοῦ</strong></span> <span class='ocrx_word' id='word_1_570' title='bbox 2724 2631 2922 2706; x_wconf 76' lang='grc' dir='ltr'><strong>ἐχθροῦ</strong></span> <span class='ocrx_word' id='word_1_571' title='bbox 2971 2636 3242 2692; x_wconf 77' lang='grc' dir='ltr'><strong>πεπτωκός</strong></span> <span class='ocrx_word' id='word_1_572' title='bbox 3296 2631 3395 2682; x_wconf 81' lang='grc' dir='ltr'><strong>ύπό</strong></span> <span class='ocrx_word' id='word_1_573' title='bbox 3427 2633 3514 2682; x_wconf 86' lang='grc' dir='ltr'><strong>τόν</strong></span> <span class='ocrx_word' id='word_1_574' title='bbox 3544 2635 3706 2702; x_wconf 84' lang='grc' dir='ltr'><strong>γόμον</strong></span> <span class='ocrx_word' id='word_1_575' title='bbox 3745 2633 3863 2702; x_wconf 87' lang='lat'><strong>(38)</strong></span> 
     </span>
    </p>
   </div>
   <div class='ocr_carea' id='block_1_84' title="bbox 2248 2719 3861 2798">
    <p class='ocr_par' dir='ltr' id='par_1_84' title="bbox 2248 2719 3861 2798">
     <span class='ocr_line' id='line_1_85' title="bbox 2248 2719 3861 2798; baseline -0.002 -23"><span class='ocrx_word' id='word_1_576' title='bbox 2248 2719 2612 2798; x_wconf 71' lang='grc' dir='ltr'><strong>παραδραμὼν</strong></span> <span class='ocrx_word' id='word_1_577' title='bbox 2644 2723 3072 2793; x_wconf 78' lang='grc' dir='ltr'><strong>ἀκατάγνωστος.</strong></span> <span class='ocrx_word' id='word_1_578' title='bbox 3118 2720 3250 2774; x_wconf 86' lang='grc' dir='ltr'><strong>Ἀλλ’</strong></span> <span class='ocrx_word' id='word_1_579' title='bbox 3299 2721 3426 2791; x_wconf 81' lang='grc' dir='ltr'><strong>ούχὶ</strong></span> <span class='ocrx_word' id='word_1_580' title='bbox 3474 2740 3628 2772; x_wconf 85' lang='grc' dir='ltr'><strong>τανυν</strong></span> <span class='ocrx_word' id='word_1_581' title='bbox 3681 2728 3861 2772; x_wconf 84' lang='grc' dir='ltr'><strong>τοιαῦ-</strong></span> 
     </span>
    </p>
   </div>
   <div class='ocr_carea' id='block_1_85' title="bbox 2247 2807 3870 2883">
    <p class='ocr_par' dir='ltr' id='par_1_85' title="bbox 2247 2807 3870 2883">
     <span class='ocr_line' id='line_1_86' title="bbox 2247 2807 3870 2883; baseline -0.009 -18"><span class='ocrx_word' id='word_1_582' title='bbox 2247 2833 2330 2867; x_wconf 84' lang='grc' dir='ltr'><strong>τα.</strong></span> <span class='ocrx_word' id='word_1_583' title='bbox 2379 2815 2580 2879; x_wconf 88' lang='grc' dir='ltr'><strong>ΙΙὸθεν;</strong></span> <span class='ocrx_word' id='word_1_584' title='bbox 2632 2814 2760 2865; x_wconf 84' lang='grc' dir='ltr'><strong>ὅπου</strong></span> <span class='ocrx_word' id='word_1_585' title='bbox 2809 2830 2888 2883; x_wconf 87' lang='grc' dir='ltr'><strong>γε,</strong></span> <span class='ocrx_word' id='word_1_586' title='bbox 2947 2807 3040 2863; x_wconf 75' lang='grc' dir='ltr'><strong>διὰ</strong></span> <span class='ocrx_word' id='word_1_587' title='bbox 3104 2812 3308 2863; x_wconf 83' lang='grc' dir='ltr'><strong>πάντων</strong></span> <span class='ocrx_word' id='word_1_588' title='bbox 3358 2817 3453 2871; x_wconf 78' lang='grc' dir='ltr'><strong>τῆς</strong></span> <span class='ocrx_word' id='word_1_589' title='bbox 3504 2808 3710 2880; x_wconf 76' lang='grc' dir='ltr'><strong>ἀγάπης</strong></span> <span class='ocrx_word' id='word_1_590' title='bbox 3764 2809 3870 2880; x_wconf 71' lang='grc' dir='ltr'><strong>ψυ-</strong></span> 
     </span>
    </p>
   </div>
   <div class='ocr_carea' id='block_1_86' title="bbox 2248 2897 3872 2978">
    <p class='ocr_par' dir='ltr' id='par_1_86' title="bbox 2248 2897 3872 2978">
     <span class='ocr_line' id='line_1_87' title="bbox 2248 2897 3872 2978; baseline -0.002 -22"><span class='ocrx_word' id='word_1_591' title='bbox 2248 2908 2446 2975; x_wconf 78' lang='grc' dir='ltr'><strong>γείσης,</strong></span> <span class='ocrx_word' id='word_1_592' title='bbox 2507 2901 2764 2978; x_wconf 69' lang='grc' dir='ltr'><strong>ἀνῇρηται</strong></span> <span class='ocrx_word' id='word_1_593' title='bbox 2821 2903 2911 2974; x_wconf 70' lang='grc' dir='ltr'><strong>μὶν</strong></span> <span class='ocrx_word' id='word_1_594' title='bbox 2965 2897 3198 2973; x_wconf 72' lang='grc' dir='ltr'><strong>ἀδελφῶν</strong></span> <span class='ocrx_word' id='word_1_595' title='bbox 3269 2903 3553 2972; x_wconf 78' lang='grc' dir='ltr'><strong>σύμπνοια,</strong></span> <span class='ocrx_word' id='word_1_596' title='bbox 3625 2901 3872 2971; x_wconf 81' lang='grc' dir='ltr'><strong>ὁμονοίας</strong></span> 
     </span>
    </p>
   </div>
   <div class='ocr_carea' id='block_1_87' title="bbox 2252 2986 3867 3065">
    <p class='ocr_par' dir='ltr' id='par_1_87' title="bbox 2252 2986 3867 3065">
     <span class='ocr_line' id='line_1_88' title="bbox 2252 2986 3867 3065; baseline -0.002 -19"><span class='ocrx_word' id='word_1_597' title='bbox 2252 2991 2311 3046; x_wconf 74' lang='grc' dir='ltr'><em>δὲ</em></span> <span class='ocrx_word' id='word_1_598' title='bbox 2342 2991 2602 3065; x_wconf 87' lang='grc' dir='ltr'><strong>ἀγνοεῖται</strong></span> <span class='ocrx_word' id='word_1_599' title='bbox 2632 2997 2722 3044; x_wconf 87' lang='grc' dir='ltr'><strong>καὶ</strong></span> <span class='ocrx_word' id='word_1_600' title='bbox 2759 2995 3018 3062; x_wconf 73' lang='grc' dir='ltr'><strong>τοῦνομα·</strong></span> <span class='ocrx_word' id='word_1_601' title='bbox 3078 2991 3364 3064; x_wconf 65' lang='grc' dir='ltr'><strong>ἀνῄρηνται</strong></span> <span class='ocrx_word' id='word_1_602' title='bbox 3419 2986 3477 3041; x_wconf 76' lang='grc' dir='ltr'><strong>δὲ</strong></span> <span class='ocrx_word' id='word_1_603' title='bbox 3532 2988 3867 3060; x_wconf 73' lang='grc' dir='ltr'><strong>ἀγαπητικαὶ</strong></span> 
     </span>
    </p>
   </div>
   <div class='ocr_carea' id='block_1_88' title="bbox 2250 3076 3870 3153">
    <p class='ocr_par' dir='ltr' id='par_1_88' title="bbox 2250 3076 3870 3153">
     <span class='ocr_line' id='line_1_89' title="bbox 2250 3076 3870 3153; baseline -0.002 -19"><span class='ocrx_word' id='word_1_604' title='bbox 2250 3085 2544 3136; x_wconf 80' lang='grc' dir='ltr'><strong>νουθεσίαι·</strong></span> <span class='ocrx_word' id='word_1_605' title='bbox 2581 3078 2820 3153; x_wconf 75' lang='grc' dir='ltr'><strong>ούόαμοῦ</strong></span> <span class='ocrx_word' id='word_1_606' title='bbox 2854 3079 3159 3152; x_wconf 70' lang='grc' dir='ltr'><strong>σπλάγχνον</strong></span> <span class='ocrx_word' id='word_1_607' title='bbox 3201 3082 3516 3152; x_wconf 82' lang='grc' dir='ltr'><strong>Χριστιανὸν</strong></span> <span class='ocrx_word' id='word_1_608' title='bbox 3545 3081 3673 3149; x_wconf 86' lang='grc'><strong>(39),</strong></span> <span class='ocrx_word' id='word_1_609' title='bbox 3706 3076 3870 3131; x_wconf 72' lang='grc' dir='ltr'><strong>οὐδαο</strong></span> 
     </span>
    </p>
   </div>
   <div class='ocr_carea' id='block_1_89' title="bbox 2253 3166 3872 3246">
    <p class='ocr_par' dir='ltr' id='par_1_89' title="bbox 2253 3166 3872 3246">
     <span class='ocr_line' id='line_1_90' title="bbox 2253 3166 3872 3246; baseline -0.002 -21"><span class='ocrx_word' id='word_1_610' title='bbox 2253 3180 2352 3245; x_wconf 90' lang='grc' dir='ltr'><strong>μοῦ</strong></span> <span class='ocrx_word' id='word_1_611' title='bbox 2394 3171 2624 3246; x_wconf 81' lang='grc' dir='ltr'><strong>δάκρυον</strong></span> <span class='ocrx_word' id='word_1_612' title='bbox 2676 3173 2966 3242; x_wconf 86' lang='grc' dir='ltr'><strong>συμπαθές.</strong></span> <span class='ocrx_word' id='word_1_613' title='bbox 3019 3170 3130 3222; x_wconf 84' lang='grc' dir='ltr'><strong>Ούκ</strong></span> <span class='ocrx_word' id='word_1_614' title='bbox 3177 3172 3318 3222; x_wconf 83' lang='grc' dir='ltr'><strong>ἔστιν</strong></span> <span class='ocrx_word' id='word_1_615' title='bbox 3359 3170 3496 3221; x_wconf 86' lang='grc' dir='ltr'><strong>ὁτὸν</strong></span> <span class='ocrx_word' id='word_1_616' title='bbox 3551 3166 3872 3222; x_wconf 84' lang='grc' dir='ltr'><strong>ἀσθενοῦντα</strong></span> 
     </span>
    </p>
   </div>
   <div class='ocr_carea' id='block_1_90' title="bbox 2251 3257 3868 3334">
    <p class='ocr_par' dir='ltr' id='par_1_90' title="bbox 2251 3257 3868 3334">
     <span class='ocr_line' id='line_1_91' title="bbox 2251 3257 3868 3334; baseline -0.002 -19"><span class='ocrx_word' id='word_1_617' title='bbox 2251 3270 2311 3334; x_wconf 75' lang='grc' dir='ltr'><strong>τῇ</strong></span> <span class='ocrx_word' id='word_1_618' title='bbox 2368 3267 2546 3315; x_wconf 84' lang='grc' dir='ltr'><strong>πίστει</strong></span> <span class='ocrx_word' id='word_1_619' title='bbox 2601 3258 3146 3334; x_wconf 78' lang='grc' dir='ltr'><strong>προσλαμϐανόμενος,</strong></span> <span class='ocrx_word' id='word_1_620' title='bbox 3208 3257 3337 3310; x_wconf 81' lang='grc' dir='ltr'><strong>ἀλλὰ</strong></span> <span class='ocrx_word' id='word_1_621' title='bbox 3397 3265 3642 3310; x_wconf 81' lang='grc' dir='ltr'><strong>τοσοῦτον</strong></span> <span class='ocrx_word' id='word_1_622' title='bbox 3710 3266 3868 3331; x_wconf 85' lang='grc' dir='ltr'><strong>μῖσος</strong></span> 
     </span>
    </p>
   </div>
   <div class='ocr_carea' id='block_1_91' title="bbox 2254 3347 3871 3425">
    <p class='ocr_par' dir='ltr' id='par_1_91' title="bbox 2254 3347 3871 3425">
     <span class='ocr_line' id='line_1_92' title="bbox 2254 3347 3871 3425; baseline -0.002 -21"><span class='ocrx_word' id='word_1_623' title='bbox 2254 3358 2362 3413; x_wconf 83' lang='grc' dir='ltr'><strong>τοῖς</strong></span> <span class='ocrx_word' id='word_1_624' title='bbox 2414 3351 2694 3425; x_wconf 74' lang='grc' dir='ltr'><strong>ὁμοφύλοις</strong></span> <span class='ocrx_word' id='word_1_625' title='bbox 2722 3353 2854 3425; x_wconf 90' lang='grc' dir='ltr'><strong>πρὸς</strong></span> <span class='ocrx_word' id='word_1_626' title='bbox 2899 3347 3151 3410; x_wconf 71' lang='grc' dir='ltr'><strong>ἀλλήλους</strong></span> <span class='ocrx_word' id='word_1_627' title='bbox 3190 3347 3522 3412; x_wconf 84' lang='grc' dir='ltr'><strong>ἐκκέκαυται,</strong></span> <span class='ocrx_word' id='word_1_628' title='bbox 3553 3350 3687 3399; x_wconf 82' lang='grc' dir='ltr'><strong>ὥστε</strong></span> <span class='ocrx_word' id='word_1_629' title='bbox 3740 3349 3871 3420; x_wconf 79' lang='grc' dir='ltr'><strong>μᾶλ-</strong></span> 
     </span>
    </p>
   </div>
   <div class='ocr_carea' id='block_1_92' title="bbox 2253 3437 3870 3511">
    <p class='ocr_par' dir='ltr' id='par_1_92' title="bbox 2253 3437 3870 3511">
     <span class='ocr_line' id='line_1_93' title="bbox 2253 3437 3870 3511; baseline -0.001 -19"><span class='ocrx_word' id='word_1_630' title='bbox 2253 3439 2339 3493; x_wconf 87' lang='grc' dir='ltr'><strong>λον</strong></span> <span class='ocrx_word' id='word_1_631' title='bbox 2391 3448 2498 3502; x_wconf 85' lang='grc' dir='ltr'><strong>τοῖς</strong></span> <span class='ocrx_word' id='word_1_632' title='bbox 2545 3439 2768 3499; x_wconf 82' lang='grc' dir='ltr'><strong>πλησίον</strong></span> <span class='ocrx_word' id='word_1_633' title='bbox 2824 3445 3101 3511; x_wconf 82' lang='grc' dir='ltr'><strong>πτώμασιν</strong></span> <span class='ocrx_word' id='word_1_634' title='bbox 3146 3439 3173 3496; x_wconf 78' lang='grc' dir='ltr'>ἡ</span> <span class='ocrx_word' id='word_1_635' title='bbox 3223 3444 3333 3499; x_wconf 79' lang='grc' dir='ltr'><strong>τοῖς</strong></span> <span class='ocrx_word' id='word_1_636' title='bbox 3391 3437 3604 3498; x_wconf 84' lang='grc' dir='ltr'><strong>οἰκείοις</strong></span> <span class='ocrx_word' id='word_1_637' title='bbox 3647 3438 3870 3498; x_wconf 82' lang='grc' dir='ltr'><strong>ἕκαστος</strong></span> 
     </span>
    </p>
   </div>
   <div class='ocr_carea' id='block_1_93' title="bbox 2255 3525 3940 3608">
    <p class='ocr_par' dir='ltr' id='par_1_93' title="bbox 2255 3525 3940 3608">
     <span class='ocr_line' id='line_1_94' title="bbox 2255 3525 3940 3608; baseline -0.002 -23"><span class='ocrx_word' id='word_1_638' title='bbox 2255 3535 2661 3608; x_wconf 78' lang='grc' dir='ltr'><strong>κατορθώμασιν</strong></span> <span class='ocrx_word' id='word_1_639' title='bbox 2716 3530 3114 3602; x_wconf 85' lang='grc' dir='ltr'><strong>ἐπαγάλλονται.</strong></span> <span class='ocrx_word' id='word_1_640' title='bbox 3164 3528 3364 3602; x_wconf 81' lang='grc' dir='ltr'><strong>Ὠσπερ</strong></span> <span class='ocrx_word' id='word_1_641' title='bbox 3413 3525 3472 3580; x_wconf 71' lang='grc' dir='ltr'><strong>δὲ</strong></span> <span class='ocrx_word' id='word_1_642' title='bbox 3520 3527 3568 3580; x_wconf 81' lang='grc' dir='ltr'><strong>ἐν</strong></span> <span class='ocrx_word' id='word_1_643' title='bbox 3606 3536 3718 3588; x_wconf 87' lang='grc' dir='ltr'><strong>ταῖς</strong></span> <span class='ocrx_word' id='word_1_644' title='bbox 3764 3529 3872 3580; x_wconf 81' lang='grc' dir='ltr'><strong>λοι·</strong></span> <span class='ocrx_word' id='word_1_645' title='bbox 3937 3579 3940 3582; x_wconf 86' lang='grc'>.</span> 
     </span>
    </p>
   </div>
   <div class='ocr_carea' id='block_1_94' title="bbox 2256 3617 3867 3697">
    <p class='ocr_par' dir='ltr' id='par_1_94' title="bbox 2256 3617 3867 3697">
     <span class='ocr_line' id='line_1_95' title="bbox 2256 3617 3867 3697; baseline -0.004 -21"><span class='ocrx_word' id='word_1_646' title='bbox 2256 3632 2433 3697; x_wconf 84' lang='grc' dir='ltr'><strong>μικαῖς</strong></span> <span class='ocrx_word' id='word_1_647' title='bbox 2485 3625 2836 3696; x_wconf 77' lang='grc' dir='ltr'><strong>συμπαθείαις</strong></span> <span class='ocrx_word' id='word_1_648' title='bbox 2911 3625 3022 3673; x_wconf 85' lang='grc' dir='ltr'><strong>καὶ.</strong></span> <span class='ocrx_word' id='word_1_649' title='bbox 3069 3622 3118 3672; x_wconf 85' lang='grc' dir='ltr'><strong>οὶ</strong></span> <span class='ocrx_word' id='word_1_650' title='bbox 3165 3621 3299 3671; x_wconf 88' lang='grc' dir='ltr'><strong>κατά</strong></span> <span class='ocrx_word' id='word_1_651' title='bbox 3364 3625 3540 3670; x_wconf 79' lang='grc' dir='ltr'><strong>πᾶσαν</strong></span> <span class='ocrx_word' id='word_1_652' title='bbox 3601 3617 3867 3691; x_wconf 74' lang='grc' dir='ltr'><strong>ἀκρίϐειαν</strong></span> 
     </span>
    </p>
   </div>
   <div class='ocr_carea' id='block_1_95' title="bbox 2259 3708 3870 3786">
    <p class='ocr_par' dir='ltr' id='par_1_95' title="bbox 2259 3708 3870 3786">
     <span class='ocr_line' id='line_1_96' title="bbox 2259 3708 3870 3786; baseline -0.004 -20"><span class='ocrx_word' id='word_1_653' title='bbox 2259 3711 2591 3786; x_wconf 78' lang='grc' dir='ltr'><strong>διαιτώμενοι</strong></span> <span class='ocrx_word' id='word_1_654' title='bbox 2651 3715 2718 3764; x_wconf 83' lang='grc' dir='ltr'><strong>τὰ</strong></span> <span class='ocrx_word' id='word_1_655' title='bbox 2783 3715 2879 3762; x_wconf 82' lang='grc' dir='ltr'><strong>ἶσα</strong></span> <span class='ocrx_word' id='word_1_656' title='bbox 2924 3717 3034 3771; x_wconf 86' lang='grc' dir='ltr'><strong>τοῖς</strong></span> <span class='ocrx_word' id='word_1_657' title='bbox 3090 3708 3261 3769; x_wconf 82' lang='grc' dir='ltr'><strong>ἄλλοις</strong></span> <span class='ocrx_word' id='word_1_658' title='bbox 3304 3711 3613 3780; x_wconf 77' lang='grc' dir='ltr'><strong>κάμνουσιν,</strong></span> <span class='ocrx_word' id='word_1_659' title='bbox 3670 3708 3724 3760; x_wconf 81' lang='grc' dir='ltr'><strong>ἐκ</strong></span> <span class='ocrx_word' id='word_1_660' title='bbox 3776 3717 3870 3769; x_wconf 74' lang='grc' dir='ltr'><strong>τῆς</strong></span> 
     </span>
    </p>
   </div>
   <div class='ocr_carea' id='block_1_96' title="bbox 2256 3797 3868 3876">
    <p class='ocr_par' dir='ltr' id='par_1_96' title="bbox 2256 3797 3868 3876">
     <span class='ocr_line' id='line_1_97' title="bbox 2256 3797 3868 3876; baseline -0.004 -19"><span class='ocrx_word' id='word_1_661' title='bbox 2256 3808 2385 3876; x_wconf 84' lang='grc' dir='ltr'><strong>πρός</strong></span> <span class='ocrx_word' id='word_1_662' title='bbox 2414 3807 2534 3865; x_wconf 81' lang='grc' dir='ltr'><strong>τούς</strong></span> <span class='ocrx_word' id='word_1_663' title='bbox 2569 3799 2978 3874; x_wconf 61' lang='grc' dir='ltr'><strong>διεφθαρμένους</strong></span> <span class='ocrx_word' id='word_1_664' title='bbox 3023 3799 3226 3871; x_wconf 85' lang='grc' dir='ltr'><strong>ὁμιλίας</strong></span> <span class='ocrx_word' id='word_1_665' title='bbox 3273 3806 3368 3860; x_wconf 84' lang='grc' dir='ltr'><strong>τῆς</strong></span> <span class='ocrx_word' id='word_1_666' title='bbox 3427 3797 3723 3873; x_wconf 77' lang='grc' dir='ltr'><strong>ἀρρωστίας</strong></span> <span class='ocrx_word' id='word_1_667' title='bbox 3754 3798 3868 3869; x_wconf 71' lang='grc'><strong>(40)</strong></span> 
     </span>
    </p>
   </div>
   <div class='ocr_carea' id='block_1_97' title="bbox 2259 3885 3870 3965">
    <p class='ocr_par' dir='ltr' id='par_1_97' title="bbox 2259 3885 3870 3965">
     <span class='ocr_line' id='line_1_98' title="bbox 2259 3885 3870 3965; baseline -0.006 -19"><span class='ocrx_word' id='word_1_668' title='bbox 2259 3892 2749 3965; x_wconf 73' lang='grc' dir='ltr'><strong>ἀναπιμπλάμενοι·</strong></span> <span class='ocrx_word' id='word_1_669' title='bbox 2829 3890 2962 3942; x_wconf 76' lang='grc' dir='ltr'><strong>οὕτω</strong></span> <span class='ocrx_word' id='word_1_670' title='bbox 3044 3893 3134 3940; x_wconf 85' lang='grc' dir='ltr'><strong>καὶ</strong></span> <span class='ocrx_word' id='word_1_671' title='bbox 3210 3896 3298 3938; x_wconf 87' lang='grc' dir='ltr'><strong>νῦν</strong></span> <span class='ocrx_word' id='word_1_672' title='bbox 3377 3889 3560 3946; x_wconf 84' lang='grc' dir='ltr'><strong>πάντες</strong></span> <span class='ocrx_word' id='word_1_673' title='bbox 3630 3885 3870 3946; x_wconf 63' lang='grc' dir='ltr'><strong>ἀλλήλοις</strong></span> 
     </span>
    </p>
   </div>
   <div class='ocr_carea' id='block_1_98' title="bbox 2257 3976 3867 4056">
    <p class='ocr_par' dir='ltr' id='par_1_98' title="bbox 2257 3976 3867 4056">
     <span class='ocr_line' id='line_1_99' title="bbox 2257 3976 3867 4056; baseline -0.007 -20"><span class='ocrx_word' id='word_1_674' title='bbox 2257 3988 2538 4056; x_wconf 87' lang='grc' dir='ltr'><strong>γεγόναμεν</strong></span> <span class='ocrx_word' id='word_1_675' title='bbox 2588 3985 2778 4055; x_wconf 85' lang='grc' dir='ltr'><strong>ὅμοιοι,</strong></span> <span class='ocrx_word' id='word_1_676' title='bbox 2840 3983 2939 4033; x_wconf 80' lang='grc' dir='ltr'><strong>ὑπὸ</strong></span> <span class='ocrx_word' id='word_1_677' title='bbox 2985 3988 3078 4040; x_wconf 79' lang='grc' dir='ltr'><strong>τῆς</strong></span> <span class='ocrx_word' id='word_1_678' title='bbox 3125 3980 3523 4050; x_wconf 80' lang='grc' dir='ltr'><strong>κατασχούσης·</strong></span> <span class='ocrx_word' id='word_1_679' title='bbox 3551 3979 3640 4036; x_wconf 76' lang='grc' dir='ltr'><strong>τὰς</strong></span> <span class='ocrx_word' id='word_1_680' title='bbox 3680 3976 3867 4047; x_wconf 72' lang='grc' dir='ltr'><strong>ψυχὰς</strong></span> 
     </span>
    </p>
   </div>
   <div class='ocr_carea' id='block_1_99' title="bbox 2260 4065 3869 4146">
    <p class='ocr_par' dir='ltr' id='par_1_99' title="bbox 2260 4065 3869 4146">
     <span class='ocr_line' id='line_1_100' title="bbox 2260 4065 3869 4146; baseline -0.006 -20"><span class='ocrx_word' id='word_1_681' title='bbox 2260 4076 2404 4146; x_wconf 77' lang='grc' dir='ltr'><strong>ἡμῶν</strong></span> <span class='ocrx_word' id='word_1_682' title='bbox 2456 4074 2767 4146; x_wconf 72' lang='grc' dir='ltr'><strong>φιλονεικίας</strong></span> <span class='ocrx_word' id='word_1_683' title='bbox 2823 4074 2948 4143; x_wconf 86' lang='grc' dir='ltr'><strong>πρός</strong></span> <span class='ocrx_word' id='word_1_684' title='bbox 3005 4073 3092 4121; x_wconf 89' lang='grc' dir='ltr'><strong>τόν</strong></span> <span class='ocrx_word' id='word_1_685' title='bbox 3149 4077 3248 4120; x_wconf 90' lang='grc' dir='ltr'><strong>τῶν</strong></span> <span class='ocrx_word' id='word_1_686' title='bbox 3315 4076 3486 4119; x_wconf 84' lang='grc' dir='ltr'><strong>κακῶν</strong></span> <span class='ocrx_word' id='word_1_687' title='bbox 3556 4065 3710 4127; x_wconf 79' lang='grc' dir='ltr'><strong>ζῆλον</strong></span> <span class='ocrx_word' id='word_1_688' title='bbox 3773 4068 3869 4117; x_wconf 84' lang='grc' dir='ltr'><strong>ύπ-</strong></span> 
     </span>
    </p>
   </div>
   <div class='ocr_carea' id='block_1_100' title="bbox 2261 4157 3868 4235">
    <p class='ocr_par' dir='ltr' id='par_1_100' title="bbox 2261 4157 3868 4235">
     <span class='ocr_line' id='line_1_101' title="bbox 2261 4157 3868 4235; baseline -0.005 -20"><span class='ocrx_word' id='word_1_689' title='bbox 2261 4165 2568 4235; x_wconf 83' lang='grc' dir='ltr'><strong>ενεχθέντες,</strong></span> <span class='ocrx_word' id='word_1_690' title='bbox 2641 4163 2898 4214; x_wconf 81' lang='grc' dir='ltr'><strong>Ἐντεῦθεν</strong></span> <span class='ocrx_word' id='word_1_691' title='bbox 2961 4157 3328 4231; x_wconf 85' lang='grc' dir='ltr'><strong>ἀσύγγνωστοι</strong></span> <span class='ocrx_word' id='word_1_692' title='bbox 3384 4160 3474 4229; x_wconf 75' lang='grc' dir='ltr'><strong>μεν</strong></span> <span class='ocrx_word' id='word_1_693' title='bbox 3541 4161 3630 4208; x_wconf 85' lang='grc' dir='ltr'><strong>καὶ</strong></span> <span class='ocrx_word' id='word_1_694' title='bbox 3685 4159 3868 4227; x_wconf 85' lang='grc' dir='ltr'><strong>πικροὶ</strong></span> 
     </span>
    </p>
   </div>
   <div class='ocr_carea' id='block_1_101' title="bbox 2260 4242 3866 4322">
    <p class='ocr_par' dir='ltr' id='par_1_101' title="bbox 2260 4242 3866 4322">
     <span class='ocr_line' id='line_1_102' title="bbox 2260 4242 3866 4322; baseline -0.007 -17"><span class='ocrx_word' id='word_1_695' title='bbox 2260 4254 2518 4310; x_wconf 81' lang='grc' dir='ltr'><strong>κάθηνται</strong></span> <span class='ocrx_word' id='word_1_696' title='bbox 2567 4259 2666 4303; x_wconf 86' lang='grc' dir='ltr'><strong>τῶν</strong></span> <span class='ocrx_word' id='word_1_697' title='bbox 2736 4248 3240 4322; x_wconf 84' lang='grc' dir='ltr'><strong>ἀποτυγχανομένων</strong></span> <span class='ocrx_word' id='word_1_698' title='bbox 3297 4246 3587 4313; x_wconf 83' lang='grc' dir='ltr'><strong>ἐξετασταὶ,</strong></span> <span class='ocrx_word' id='word_1_699' title='bbox 3639 4242 3866 4316; x_wconf 83' lang='grc' dir='ltr'><strong>ἀγνώμο-</strong></span> 
     </span>
    </p>
   </div>
   <div class='ocr_carea' id='block_1_102' title="bbox 2261 4337 3859 4412">
    <p class='ocr_par' dir='ltr' id='par_1_102' title="bbox 2261 4337 3859 4412">
     <span class='ocr_line' id='line_1_103' title="bbox 2261 4337 3859 4412; baseline -0.008 -16"><span class='ocrx_word' id='word_1_700' title='bbox 2261 4363 2340 4405; x_wconf 87' lang='grc' dir='ltr'><strong>νες</strong></span> <span class='ocrx_word' id='word_1_701' title='bbox 2397 4338 2456 4395; x_wconf 71' lang='grc' dir='ltr'><strong>δὲ</strong></span> <span class='ocrx_word' id='word_1_702' title='bbox 2511 4345 2601 4394; x_wconf 85' lang='grc' dir='ltr'><strong>καὶ</strong></span> <span class='ocrx_word' id='word_1_703' title='bbox 2661 4337 2938 4412; x_wconf 74' lang='grc' dir='ltr'><strong>δυσμενεῖς</strong></span> <span class='ocrx_word' id='word_1_704' title='bbox 3008 4347 3107 4390; x_wconf 89' lang='grc' dir='ltr'><strong>τῶν</strong></span> <span class='ocrx_word' id='word_1_705' title='bbox 3173 4337 3599 4410; x_wconf 86' lang='grc' dir='ltr'><strong>κατορθουμένων</strong></span> <span class='ocrx_word' id='word_1_706' title='bbox 3658 4348 3859 4408; x_wconf 76' lang='grc' dir='ltr'><strong>κριταί·</strong></span> 
     </span>
    </p>
   </div>
   <div class='ocr_carea' id='block_1_103' title="bbox 2262 4421 3868 4499">
    <p class='ocr_par' dir='ltr' id='par_1_103' title="bbox 2262 4421 3868 4499">
     <span class='ocr_line' id='line_1_104' title="bbox 2262 4421 3868 4499; baseline -0.007 -13"><span class='ocrx_word' id='word_1_707' title='bbox 2262 4438 2353 4486; x_wconf 83' lang='grc' dir='ltr'><strong>καὶ</strong></span> <span class='ocrx_word' id='word_1_708' title='bbox 2399 4439 2686 4497; x_wconf 86' lang='grc' dir='ltr'><strong>τοσοῦτον,</strong></span> <span class='ocrx_word' id='word_1_709' title='bbox 2742 4433 2810 4490; x_wconf 86' lang='grc' dir='ltr'><strong>ὡς</strong></span> <span class='ocrx_word' id='word_1_710' title='bbox 2869 4431 3042 4499; x_wconf 83' lang='grc' dir='ltr'><strong>ἔοικε,</strong></span> <span class='ocrx_word' id='word_1_711' title='bbox 3099 4431 3157 4479; x_wconf 87' lang='grc' dir='ltr'><strong>τὸ</strong></span> <span class='ocrx_word' id='word_1_712' title='bbox 3205 4429 3365 4478; x_wconf 85' lang='grc' dir='ltr'><strong>κακόν</strong></span> <span class='ocrx_word' id='word_1_713' title='bbox 3395 4427 3521 4498; x_wconf 77' lang='grc' dir='ltr'><strong>ἡμῖν</strong></span> <span class='ocrx_word' id='word_1_714' title='bbox 3578 4421 3868 4496; x_wconf 73' lang='grc' dir='ltr'><strong>ἐνίδρυται,</strong></span> 
     </span>
    </p>
   </div>
   <div class='ocr_carea' id='block_1_104' title="bbox 2263 4515 3873 4592">
    <p class='ocr_par' dir='ltr' id='par_1_104' title="bbox 2263 4515 3873 4592">
     <span class='ocr_line' id='line_1_105' title="bbox 2263 4515 3873 4592; baseline -0.007 -15"><span class='ocrx_word' id='word_1_715' title='bbox 2263 4531 2398 4578; x_wconf 84' lang='grc' dir='ltr'><strong>ὥστε</strong></span> <span class='ocrx_word' id='word_1_716' title='bbox 2473 4528 2563 4577; x_wconf 85' lang='grc' dir='ltr'><strong>καὶ</strong></span> <span class='ocrx_word' id='word_1_717' title='bbox 2627 4531 2727 4574; x_wconf 90' lang='grc' dir='ltr'><strong>τῶν</strong></span> <span class='ocrx_word' id='word_1_718' title='bbox 2796 4519 2995 4592; x_wconf 84' lang='grc' dir='ltr'><strong>ἀλόγων</strong></span> <span class='ocrx_word' id='word_1_719' title='bbox 3063 4523 3344 4591; x_wconf 85' lang='grc' dir='ltr'><strong>γεγόναμεν</strong></span> <span class='ocrx_word' id='word_1_720' title='bbox 3413 4515 3762 4590; x_wconf 85' lang='grc' dir='ltr'><strong>ἀλογώτεροι·</strong></span> <span class='ocrx_word' id='word_1_721' title='bbox 3829 4517 3873 4566; x_wconf 88' lang='grc' dir='ltr'><strong>εἷ</strong></span> 
     </span>
    </p>
   </div>
   <div class='ocr_carea' id='block_1_105' title="bbox 2262 4602 3873 4687">
    <p class='ocr_par' dir='ltr' id='par_1_105' title="bbox 2262 4602 3873 4687">
     <span class='ocr_line' id='line_1_106' title="bbox 2262 4602 3873 4687; baseline -0.007 -21"><span class='ocrx_word' id='word_1_722' title='bbox 2262 4633 2319 4687; x_wconf 83' lang='grc' dir='ltr'><strong>γε</strong></span> <span class='ocrx_word' id='word_1_723' title='bbox 2382 4614 2548 4666; x_wconf 83' lang='grc' dir='ltr'><strong>ἐκεῖνα</strong></span> <span class='ocrx_word' id='word_1_724' title='bbox 2613 4613 2703 4685; x_wconf 74' lang='grc' dir='ltr'><strong>μὶν</strong></span> <span class='ocrx_word' id='word_1_725' title='bbox 2779 4613 2846 4662; x_wconf 80' lang='grc' dir='ltr'><strong>τὰ</strong></span> <span class='ocrx_word' id='word_1_726' title='bbox 2911 4607 3145 4682; x_wconf 82' lang='grc' dir='ltr'><strong>ὁμόφυλα</strong></span> <span class='ocrx_word' id='word_1_727' title='bbox 3219 4605 3462 4666; x_wconf 73' lang='grc' dir='ltr'><strong>ἀλλήλοις</strong></span> <span class='ocrx_word' id='word_1_728' title='bbox 3532 4602 3873 4674; x_wconf 82' lang='grc' dir='ltr'><strong>συναγελάζε-</strong></span> 
     </span>
    </p>
   </div>
   <div class='ocr_carea' id='block_1_106' title="bbox 2265 4693 3874 4777">
    <p class='ocr_par' dir='ltr' id='par_1_106' title="bbox 2265 4693 3874 4777">
     <span class='ocr_line' id='line_1_107' title="bbox 2265 4693 3874 4777; baseline -0.008 -20"><span class='ocrx_word' id='word_1_729' title='bbox 2265 4723 2374 4770; x_wconf 89' lang='grc' dir='ltr'><strong>ται,</strong></span> <span class='ocrx_word' id='word_1_730' title='bbox 2405 4706 2529 4777; x_wconf 77' lang='grc' dir='ltr'><strong>ἡμῖν</strong></span> <span class='ocrx_word' id='word_1_731' title='bbox 2558 4699 2616 4756; x_wconf 69' lang='grc' dir='ltr'><strong>δὲ</strong></span> <span class='ocrx_word' id='word_1_732' title='bbox 2647 4701 2672 4754; x_wconf 90' lang='grc' dir='ltr'><strong>ὁ</strong></span> <span class='ocrx_word' id='word_1_733' title='bbox 2702 4699 3078 4774; x_wconf 84' lang='grc' dir='ltr'><strong>χαλεπώτατος</strong></span> <span class='ocrx_word' id='word_1_734' title='bbox 3108 4696 3324 4769; x_wconf 86' lang='grc' dir='ltr'><strong>πόλεμος</strong></span> <span class='ocrx_word' id='word_1_735' title='bbox 3354 4699 3486 4771; x_wconf 90' lang='grc' dir='ltr'><strong>πρός</strong></span> <span class='ocrx_word' id='word_1_736' title='bbox 3512 4698 3630 4755; x_wconf 84' lang='grc' dir='ltr'><strong>τοὺς</strong></span> <span class='ocrx_word' id='word_1_737' title='bbox 3654 4693 3874 4753; x_wconf 86' lang='grc' dir='ltr'><strong>οἰκείους</strong></span> 
     </span>
    </p>
   </div>
   <div class='ocr_carea' id='block_1_107' title="bbox 2263 4791 3146 4849">
    <p class='ocr_par' dir='ltr' id='par_1_107' title="bbox 2263 4791 3146 4849">
     <span class='ocr_line' id='line_1_108' title="bbox 2263 4791 3146 4849; baseline 0.001 -2"><span class='ocrx_word' id='word_1_738' title='bbox 2263 4791 2398 4849; x_wconf 81' lang='grc' dir='ltr'><strong>ἐστί.</strong></span> <span class='ocrx_word' id='word_1_739' title='bbox 3143 4799 3146 4806; x_wconf 86' lang='grc'><strong>’</strong></span> 
     </span>
    </p>
   </div>
   <div class='ocr_carea' id='block_1_108' title="bbox 2269 5260 3632 5330">
    <p class='ocr_par' dir='ltr' id='par_1_108' title="bbox 2269 5260 3632 5330">
     <span class='ocr_line' id='line_1_109' title="bbox 2269 5260 3632 5330; baseline 0.001 -1"><span class='ocrx_word' id='word_1_740' title='bbox 2269 5260 2464 5330; x_wconf 48' lang='grc' dir='ltr'><strong>γάμων·</strong></span> <span class='ocrx_word' id='word_1_741' title='bbox 2773 5326 2780 5330; x_wconf 83' lang='lat'><em>_</em></span> <span class='ocrx_word' id='word_1_742' title='bbox 2877 5323 2926 5330; x_wconf 85' lang='lat'><strong>_.</strong></span> <span class='ocrx_word' id='word_1_743' title='bbox 3106 5327 3113 5330; x_wconf 92' lang='lat'>_</span> <span class='ocrx_word' id='word_1_744' title='bbox 3531 5319 3632 5330; x_wconf 77' lang='lat'><strong>-..</strong></span> 
     </span>
    </p>
   </div>
   <div class='ocr_carea' id='block_1_109' title="bbox 2342 5319 3873 5402">
    <p class='ocr_par' dir='ltr' id='par_1_109' title="bbox 2342 5319 3873 5402">
     <span class='ocr_line' id='line_1_110' title="bbox 2342 5319 3873 5402; baseline -0.018 -7"><span class='ocrx_word' id='word_1_745' title='bbox 2342 5319 2458 5402; x_wconf 62' lang='grc'><strong>(39)</strong></span> <span class='ocrx_word' id='word_1_746' title='bbox 2495 5326 2833 5401; x_wconf 79' lang='grc' dir='ltr'><strong>Χριστιανὸν.</strong></span> <span class='ocrx_word' id='word_1_747' title='bbox 2873 5323 2966 5382; x_wconf 91' lang='lat' dir='ltr'><strong>Sic</strong></span> <span class='ocrx_word' id='word_1_748' title='bbox 3021 5327 3255 5380; x_wconf 87' lang='lat' dir='ltr'><strong>veteres</strong></span> <span class='ocrx_word' id='word_1_749' title='bbox 3310 5319 3468 5376; x_wconf 91' lang='lat' dir='ltr'><strong>libri.</strong></span> <span class='ocrx_word' id='word_1_750' title='bbox 3531 5319 3684 5377; x_wconf 87' lang='lat' dir='ltr'><strong>Editi</strong></span> <span class='ocrx_word' id='word_1_751' title='bbox 3737 5338 3873 5393; x_wconf 77' lang='grc' dir='ltr'><strong>χρη-</strong></span> 
     </span>
    </p>
   </div>
   <div class='ocr_carea' id='block_1_110' title="bbox 2271 5421 3874 5546">
    <p class='ocr_par' dir='ltr' id='par_1_110' title="bbox 2271 5421 3874 5546">
     <span class='ocr_line' id='line_1_111' title="bbox 2271 5421 3874 5546; baseline -0.01 -17"><span class='ocrx_word' id='word_1_752' title='bbox 2271 5421 2454 5543; x_wconf 45' lang='lat'><strong>6&#39;36)</strong></span> <span class='ocrx_word' id='word_1_753' title='bbox 2495 5471 2997 5546; x_wconf 60' lang='grc' dir='ltr'><strong>Ἀῤῥωσῖίαςνῡιιο</strong></span> <span class='ocrx_word' id='word_1_754' title='bbox 3027 5466 3190 5546; x_wconf 71' lang='lat' dir='ltr'><strong>Regii</strong></span> <span class='ocrx_word' id='word_1_755' title='bbox 3221 5464 3462 5546; x_wconf 75' lang='lat' dir='ltr'><strong>codices</strong></span> <span class='ocrx_word' id='word_1_756' title='bbox 3495 5463 3874 5546; x_wconf 44' lang='lat' dir='ltr'><strong>addpntnmé-</strong></span> 
     </span>
    </p>
   </div>
   <div class='ocr_carea' id='block_1_111' title="bbox 2269 5534 3868 5614">
    <p class='ocr_par' dir='ltr' id='par_1_111' title="bbox 2269 5534 3868 5614">
     <span class='ocr_line' id='line_1_112' title="bbox 2269 5534 3868 5614; baseline -0.005 -16"><span class='ocrx_word' id='word_1_757' title='bbox 2269 5534 2386 5608; x_wconf 75' lang='grc' dir='ltr'><strong>σης.</strong></span> <span class='ocrx_word' id='word_1_758' title='bbox 2438 5534 2794 5600; x_wconf 59' lang='lat' dir='ltr'><strong>Nori&#39;multo</strong></span> <span class='ocrx_word' id='word_1_759' title='bbox 2834 5545 2972 5614; x_wconf 89' lang='lat' dir='ltr'><strong>post</strong></span> <span class='ocrx_word' id='word_1_760' title='bbox 3019 5534 3163 5596; x_wconf 72' lang='lat' dir='ltr'><strong>editi</strong></span> <span class='ocrx_word' id='word_1_761' title='bbox 3211 5539 3556 5609; x_wconf 77' lang='grc' dir='ltr'><strong>ὑπαχθέντες.</strong></span> <span class='ocrx_word' id='word_1_762' title='bbox 3616 5534 3868 5592; x_wconf 91' lang='lat' dir='ltr'><strong>Codices</strong></span> 
     </span>
    </p>
   </div>
   <div class='ocr_carea' id='block_1_112' title="bbox 2264 5615 2812 5673">
    <p class='ocr_par' dir='ltr' id='par_1_112' title="bbox 2264 5615 2812 5673">
     <span class='ocr_line' id='line_1_113' title="bbox 2264 5615 2812 5673; baseline -0.009 0"><span class='ocrx_word' id='word_1_763' title='bbox 2264 5635 2410 5673; x_wconf 87' lang='lat' dir='ltr'><strong>mss.</strong></span> <span class='ocrx_word' id='word_1_764' title='bbox 2445 5621 2511 5673; x_wconf 91' lang='lat' dir='ltr'><strong>ut</strong></span> <span class='ocrx_word' id='word_1_765' title='bbox 2537 5615 2599 5673; x_wconf 87' lang='lat' dir='ltr'><strong>in</strong></span> <span class='ocrx_word' id='word_1_766' title='bbox 2630 5618 2812 5671; x_wconf 80' lang='lat' dir='ltr'><strong>textu.</strong></span> 
     </span>
    </p>
   </div>
  </div>
