4114 6418
469 287 572 340 223

1057 409 1398 466 EPISTOLA
1438 410 1531 464 ll“.

1847 287 1904 339 S.
1951 283 2195 340 BASILII
2237 285 2460 341 MAGNI

3735 285 3862 339 224

2817 412 3156 462 ΕΠΙΣΤΟΛῐί
3192 407 3268 466 Β’.

465 533 752 603 Gregorio
782 534 939 590 nihil
977 535 1225 591 curanti
1244 535 1318 590 de
1344 535 1465 590 situ
1497 534 1844 589 solitudinis
1872 533 2109 599 Basilii,
2128 534 2232 592 sed
2256 535 2411 590 scire
2431 535 2659 602 aventi,
2686 533 2978 605 quomodo
3009 533 3093 588 ibi
3115 534 3378 601 vivatur,
3407 534 3655 603 exponit
3675 533 3856 590 Basi-

539 607 655 661 lius
684 621 805 661 non
830 606 978 676 quid
1006 607 1131 674 ipse
1155 607 1351 674 faciat
1378 611 1402 668 (
1409 606 1721 661 humiliter
1741 607 1896 661 enim
1924 608 2163 674 fatetur
2184 621 2246 662 se
2265 622 2382 662 non
2406 607 2666 662 multum
2695 607 3007 675 proﬁcere)
3027 656 3030 658 ν
3053 606 3156 661 sed
3184 605 3332 676 quid
3353 607 3705 675 faciendum
3729 605 3810 660 sit
3837 620 3853 659 :

537 685 769 748 quanta
797 680 920 734 sint
947 678 1292 733 solitudinis
1311 678 1390 732 ad
1410 678 1692 743 pietatem
1715 677 2090 746 adjumenta,
2115 679 2407 749 quomodo
2427 679 2892 746 Scripturarum
2917 678 3161 733 lectioni
3177 677 3602 749 subjungenda
3621 678 3852 742 oratio,

538 749 685 822 quid
717 751 778 805 in
805 765 1072 806 sermone
1101 755 1154 805 et
1182 751 1244 804 in
1274 751 1526 814 incessu,
1562 749 1709 820 quid
1733 751 1795 805 in
1829 750 1958 804 cibo
1988 756 2040 805 et
2069 748 2219 819 potu
2242 755 2296 806 et
2329 751 2696 818 vestimento,
2725 749 2874 820 quid
2901 751 2964 804 in
2991 764 3197 805 somno
3235 748 3697 806 observandum.

1000 848 1269 904 Basilius
1299 847 1606 916 Gregorio.

548 948 596 1000 l.
628 944 862 1014 Agnovi
891 945 1208 1017 epistolam
1239 949 1428 1012 tuam,
1461 944 1627 1000 velut
1659 944 1763 1017 qui
1794 944 2133 1001 amicorum

467 1033 690 1091 liberos
742 1050 819 1091 ex
873 1039 1201 1106 apparente
1263 1034 1325 1090 in
1366 1033 1512 1106 ipsis
1561 1033 1948 1090 similitudine
1993 1049 2133 1089 cum

470 1123 822 1196 parentibus
851 1129 1250 1194 cognoscunt.
1295 1123 1470 1191 Quod
1497 1125 1656 1179 enim
1691 1125 1802 1190 ais,
1833 1123 1947 1180 loci
1985 1128 2136 1178 stru-

471 1217 703 1269 cturam
743 1213 951 1283 magni
980 1213 1276 1270 momenti
1306 1229 1430 1270 non
1475 1229 1606 1270 esse
1635 1213 1713 1270 ad
1758 1213 2042 1269 ciendum
2073 1214 2136 1268 in

471 1301 678 1358 animo
725 1306 828 1358 tuo
890 1302 1259 1359 desiderium
1321 1302 1572 1375 aliquod
1631 1303 1769 1359 vita:
1808 1302 2131 1358 nobiscum

472 1390 747 1461 agendae,
782 1396 1112 1465 antequam
1134 1392 1210 1448 de
1236 1393 1503 1449 instituto
1534 1409 1603 1448 ac
1633 1392 1876 1449 vivendi
1905 1391 2134 1449 ratione

471 1480 702 1553 aliquid
740 1480 1021 1538 didiceris
1054 1500 1066 1550 ;
1119 1482 1414 1538 sententia
1458 1498 1592 1538 vere
1637 1487 1740 1539 tua
1770 1487 1884 1547 est,
1912 1485 2133 1553 tuoque

470 1569 656 1641 digna
676 1571 902 1633 animo,
926 1573 976 1643 7
996 1574 1038 1643 ι
1067 1571 1172 1644 qui
1202 1577 1435 1629 terrena
1457 1572 1665 1628 omnia
1683 1572 1830 1628 nihil
1851 1587 1985 1628 esse
2015 1569 2134 1627 exi-

471 1659 702 1727 stimas,
729 1661 810 1716 ad
829 1661 1265 1718 beatitudinem
1296 1660 1471 1718 nobis
1500 1661 1560 1717 in
1594 1659 2134 1734 pollicitationibus

470 1749 821 1822 repositam.
879 1751 1033 1817 Quid
1088 1757 1293 1808 autem
1352 1750 1484 1824 ipse
1536 1751 1597 1808 in
1646 1752 1762 1808 hac
1813 1750 2134 1807 solitudine

470 1843 656 1896 noctu
703 1856 775 1896 ac
811 1839 1072 1896 interdiu
1125 1857 1330 1912 agam,
1390 1840 1587 1896 dicere
1640 1840 1850 1912 pudet.
1904 1838 2133 1912 Reliqui

471 1928 754 2000 equidem
804 1929 968 1986 urbis
1019 1931 1550 1998 commorationes,
1605 1935 1668 1986 ut
1713 1928 2131 1986 innumerabi-

470 2017 620 2074 lium
653 2018 950 2076 malorum
979 2035 1196 2076 causas
1231 2038 1244 2076 :
1277 2025 1338 2077 at
1365 2037 1460 2076 me
1497 2020 1625 2092 ipse
1657 2019 1928 2076 nondum
1959 2018 2134 2075 relin-

471 2124 657 2182 quere
700 2109 890 2182 potui.
943 2110 1057 2167 Sed
1088 2111 1299 2166 similis
1337 2127 1473 2166 sum
1505 2111 1857 2166 hominibus
1886 2110 1947 2166 in
1978 2108 2133 2165 mari

472 2213 722 2289 summa,
749 2198 1123 2268 difﬁcultate,
1145 2215 1218 2255 eo
1255 2199 1422 2271 quod
1444 2199 1776 2269 navigandi
1805 2197 2130 2289 insolentes
2170 2234 2212 2289 Β

471 2287 610 2354 sint,
650 2287 1070 2344 laborantibus
1127 2293 1183 2344 et
1233 2289 1693 2354 nauseantibus,
1749 2289 1853 2361 qui
1905 2288 2133 2358 navigii

470 2377 974 2447 magnitudinem,
999 2383 1062 2434 ut
1082 2379 1492 2434 vehementius
1517 2379 1945 2434 succutientem
1971 2394 2130 2448 aegre

473 2465 691 2534 ferunt,
735 2465 999 2538 indeque
1028 2467 1090 2522 in
1119 2466 1392 2522 lembum
1425 2473 1528 2523 aut
1561 2467 1906 2524 naviculam
1933 2473 2131 2524 trans-

473 2560 707 2624 euntes,
740 2555 965 2628 ubique
1004 2563 1307 2612 nauseant
1352 2562 1410 2612 et
1457 2557 1517 2612 in
1549 2557 1848 2627 angustiis
1895 2573 2134 2613 versan-

473 2651 604 2702 tur:
639 2662 758 2702 una
797 2648 959 2702 enim
999 2663 1140 2702 cum
1172 2647 1319 2719 ipsis
1349 2647 1558 2703 transit
1586 2663 1815 2704 nausea
1855 2663 1926 2703 ac
1973 2646 2131 2704 bilis.

472 2735 566 2791 Ad
594 2735 758 2791 hunc
781 2735 960 2805 igitur
989 2735 1243 2792 modum
1283 2752 1343 2791 se
1369 2752 1614 2808 quoque
1641 2741 1864 2792 nostrae
1905 2753 1998 2793 res
2024 2737 2134 2792 ha-

470 2825 635 2882 bent.
664 2829 812 2882 Nam
844 2825 1050 2881 insitos
1095 2826 1283 2882 animi
1336 2826 1586 2882 morbos
1619 2827 2132 2894 circumferentes,

471 2915 700 2988 ubique
735 2915 950 2971 iisdem
999 2915 1557 2988 perturbationibus
1599 2933 1814 2972 sumus
1863 2916 2165 2972 obnoxii;

473 3006 670 3071 Quare
693 3021 817 3061 non
850 3021 1225 3078 magnopere
1283 3006 1476 3076 adjuti
1520 3023 1730 3062 sumus
1777 3007 1892 3062 hac
1932 3005 2139 3062 solitu-

470 3094 630 3151 dine.
684 3096 827 3162 Quae
870 3099 1072 3151 autem
1125 3094 1281 3152 facta
1321 3100 1643 3167 oporteret,
1673 3101 1732 3152 et
1763 3095 1924 3152 unde
1958 3095 2136 3152 nobis

469 3185 716 3241 daretur
767 3185 1057 3241 inhaerere
1106 3183 1374 3254 vestigiis
1413 3185 1546 3254 ejus
1590 3184 1696 3257 qui
1754 3183 1965 3240 salutis
2006 3184 2131 3242 dux

469 3275 577 3332 fuit
601 3277 697 3347 (Si
716 3278 849 3346 quis
879 3277 1059 3345 enim,
1099 3274 1312 3348 inquit,
1348 3276 1475 3330 vult
1505 3282 1637 3344 post
1667 3290 1759 3332 me
1788 3276 1992 3332 venire
2032 3275 2132 3331 ab-

470 3371 640 3435 neget
678 3365 1078 3434 semetipsum,
1138 3371 1192 3420 et
1235 3365 1411 3420 tollat
1461 3379 1701 3420 crucem
1745 3379 1939 3435 suam,
1966 3371 2021 3421 et
2052 3379 2138 3421 se-

407 3461 418 3475 ‘
471 3460 698 3525 quatur
724 3470 818 3510 me
837 3455 927 3523 ³ο),
955 3453 1082 3508 haec
1111 3457 1273 3510 sunt.

540 3545 595 3597 2.
631 3542 988 3598 Enitendum
1019 3550 1128 3604 est,
1162 3549 1228 3598 ut
1255 3545 1519 3598 mentem
1551 3546 1834 3616 pacatam
1861 3559 1932 3599 ac
1962 3542 2133 3616 quie-

469 3635 597 3688 tam
627 3631 986 3688 habeamus.
1020 3631 1554 3698 Quemadmodum
1576 3632 1735 3688 enim
1763 3632 1974 3688 oculus
1997 3648 2137 3689 con-

465 3721 722 3778 tinenter
763 3721 1184 3788 circumactus,
1239 3726 1294 3778 et
1349 3737 1512 3777 nunc
1568 3721 1816 3794 quidem
1867 3721 1929 3778 in
1983 3721 2134 3778 obli-

469 3829 592 3885 qua
629 3812 921 3884 deﬂexus,
957 3828 1118 3868 nunc
1151 3828 1292 3868 vero
1325 3828 1565 3867 sursum
1598 3828 1668 3867 ac
1699 3813 1985 3870 deorsum
2018 3812 2136 3868 fre-

464 3906 720 3975 quenter
739 3908 1079 3968 contorsus,
1139 3901 1296 3958 clare
1328 3918 1400 3958 ac
1449 3903 1766 3974 perspicue
1795 3920 1924 3959 rem
1971 3903 2138 3973 obje-

469 3996 630 4047 ctam
660 4007 901 4047 cernere
930 4008 1052 4046 non
1070 3996 1267 4063 potest
1289 4010 1302 4060 ;
1327 3991 1433 4047 sed
1464 3992 1656 4048 aciem
1688 3991 1748 4047 in
1775 4009 1902 4048 rem
1935 3993 2136 4048 visam

465 4081 648 4151 deﬁgi
673 4085 928 4152 oportet,
954 4081 1004 4136 si
1029 4081 1214 4137 modo
1246 4081 1567 4154 perspicua
1596 4081 1798 4138 futura
1835 4088 1926 4140 est
1950 4082 2132 4139 visio:

466 4171 552 4226 ita
581 4174 639 4226 et
660 4170 934 4226 humana
966 4186 1136 4227 mens
1167 4170 1466 4228 sexcentis
1497 4170 1708 4228 mundi
1745 4174 1902 4228 curis
1923 4173 2139 4229 distra-

541 4285 589 4354 εδ
627 4316 828 4375 Matth.
856 4333 976 4388 xw,
1010 4319 1100 4372 24.

540 4461 563 4534 ’ν
596 4460 757 4516 Alias
779 4463 819 4514 ι.
846 4460 1086 4534 Scripta
1109 4458 1277 4517 initio
1309 4476 1604 4517 secessus.

545 4533 654 4616 (5‘6)
702 4531 1003 4616 ’Βασίλειοξ
1034 4538 1324 4616 ξ’ρηγορςῳ.
1366 4532 1813 4616 Hunc_titulun1
1844 4533 2138 4616 ‘eruirnus

471 4620 542 4660 ex
573 4605 818 4661 duobus
863 4604 1292 4660 vetustissimis
1346 4604 1682 4675 codicibus,
1725 4605 2040 4662 Harlaeano
2083 4610 2139 4662 et

469 4675 833 4752 Qoislinia‘no
865 4677 1084 4752 primo.
1134 4676 1378 4752 Legitur
1420 4678 1484 4732 in
1514 4676 1824 4732 nonnullis
1869 4682 2138 4752 Γρηγορίῳ

472 4746 696 4822 ἑταίρῳ,
719 4746 1014 4819 6νερονίο
1039 4746 1256 4805 sodali.

544 4819 662 4904 (57)
688 4821 1147 4904 ζξῖπιγινώσαουσι.
1181 4819 2142 4904 Itanvetustiss‘imiquiquecodi-
2167 4869 2172 4872 .

471 4905 590 4945 ces.
624 4891 776 4964 Ecliii
804 4895 1232 4964 ἐριγινώσκουσιν.
1267 4891 2139 4964 ΟηιιςρβΧΒθεὶίείἐπιγινώσκον-

472 4981 573 5023 τες.
610 4962 878 5037 subinde
900 4969 1126 5037 veteres
1159 4963 1546 5037 aliquotlibri
1577 4983 1627 5017 τι
1653 4965 1867 5037 μαθοις.

547 5033 660 5102 (58)
690 5034 835 5088 Vide
865 5034 1179 5093 Addenda.

545 5105 905 5177 (59),”A’g’iov.
957 5105 1125 5162 Hanc
1171 5122 1387 5164 vocem
1437 5107 1790 5164 addidimus
1848 5123 1921 5164 ex
1949 5107 2140 5163 tribus

471 5176 900 5233 vetustissimis
933 5178 1268 5235 codicibus.
1314 5180 1495 5246 HarL,
1537 5179 1695 5236 Coisl
1717 5179 1918 5246 primo
1947 5184 2006 5236 et
2033 5183 2142 5237 lde-

473 5247 687 5304 dicaeo.
731 5249 824 5306 Sic
847 5249 1028 5305 etiam
1058 5250 1241 5306 habet
1268 5253 1486 5322 Regius
1519 5253 1855 5308 secundus.

547 5323 660 5392 (60)
691 5322 1118 5397 Ἀπορουμίνοις.
1153 5324 1277 5394 Ope
1302 5323 1957 5397 earumdemquatuor
1979 5322 2142 5380 codi-

475 5409 617 5473 cum
646 5393 1107 5473 emendavimus
1155 5393 1321 5468 quod
1369 5396 1431 5452 in
1458 5394 1634 5451 editis
1663 5393 1979 5466 legebatur
2007 5397 2142 5448 κατὰ

477 5464 705 5522 πλοῦν...
729 5464 1122 5539 ἀπολλυμένοις.

553 5539 668 5604 (61)
719 5535 946 5611 ,Ἀηδιαξ
1002 5537 1329 5611 δίο-οιῖἱιίο
1383 5537 1988 5611 Βοεὶιθθρείε,,(ῖοὶει.
2024 5538 2143 5611 pri-

481 5619 637 5677 mus,
689 5609 1008 5666 Vaticanus
1041 5614 1097 5667 et
1117 5609 1270 5667 alius
1302 5627 1339 5668 a
1359 5609 1722 5668 Combeﬁsio
1745 5610 1984 5668 citatus.
2013 5609 2141 5666 Edi-

2657 845 2926 906 Βασίλειος
2964 849 3238 920 Γρηγορίῳ
3265 846 3412 916 (56).

2317 945 2365 999 l.
2407 946 2662 1016 Ἐπέγνων
2698 964 2793 997 σου
2829 948 2922 1002 τὴν
2955 942 3252 1010 ἐπιστολὴν,
3291 945 3464 1018 ὥσπερ
3497 942 3546 996 οἱ
3585 948 3706 1005 τοὺς
3743 953 3856 996 τῶν

2242 1033 2397 1106 φίλων
2441 1031 2636 1095 παῖδας
2679 1032 2734 1086 ἐκ
2791 1043 2888 1095 τῆς
2939 1033 3334 1106 ἐπιφαινόμενης
3387 1034 3561 1096 αὐτοῖς
3603 1037 3859 1107 ὁμοιότη-

2242 1142 2324 1184 τοι,⁹
2361 1126 2488 1198 πρὸς
2539 1128 2655 1185 τοὺς
2702 1129 2944 1184 τεκόντας
2995 1122 3408 1195 ἕπιγινώσκουσι
3461 1124 3598 1194 (57).
3647 1128 3717 1178 Τὸ
3743 1126 3854 1198 γὰρ

2240 1217 2312 1285 μὴ
2358 1218 2494 1285 μέγα
2527 1215 2657 1266 εἶναι
2700 1221 2868 1286 φῆσαι
2912 1219 3008 1272 τὴν
3036 1221 3127 1266 τοῦ
3165 1217 3327 1265 τόπου
3370 1218 3700 1272 κατασκευὴν
3733 1215 3857 1284 (58)

2240 1306 2370 1376 πρὸς
2413 1307 2470 1355 τὸ
2520 1303 2809 1376 ἐμποιῆσαι
2865 1305 3026 1378 ὁρμήν
3080 1323 3198 1355 τινα
3252 1311 3313 1375 τῇ
3346 1302 3501 1375 ψυχῇ
3537 1323 3632 1356 σου
3663 1303 3732 1364 εἰς
3759 1306 3857 1356 τὸν

2240 1393 2356 1465 μεθ’
2403 1394 2548 1466 ἡμῶν
2595 1392 2730 1466 βίον,
2779 1398 2901 1468 πρὶν
2953 1392 3013 1445 ἂν
3052 1397 3171 1468 περὶ
3220 1399 3312 1444 τοῦ
3366 1397 3559 1466 τρόπου
3590 1413 3643 1445 τι
3671 1395 3861 1466 μάθῃς

2240 1487 2330 1535 καὶ
2377 1491 2474 1544 τῆς
2512 1479 2806 1554 διαγωγῆς,
2853 1487 2944 1536 σὸν
2998 1480 3058 1542 ἦν
3107 1487 3261 1543 ὅντως
3312 1486 3370 1534 τὸ
3428 1479 3712 1555 διανόημα,
3761 1487 3864 1535 καὶ

2241 1580 2332 1632 τῆς
2382 1581 2476 1633 σῆς
2517 1572 2706 1644 ψυχῆς
2749 1572 2894 1636 ἄξιον
2919 1574 3065 1641 (59),
3098 1579 3195 1633 τῆς
3222 1573 3394 1625 πάντα
3422 1574 3489 1624 τὰ
3516 1569 3647 1644 τῇδε
3684 1569 3865 1645 μηδὲν

2241 1663 2526 1735 τιθεμένης,
2577 1666 2701 1735 πρὸς
2770 1667 2865 1720 τὴν
2926 1660 2974 1713 ἐν
3038 1660 3364 1733 ἐπαγγελίαις
3408 1663 3532 1734 ἡμῖν
3581 1659 3866 1734 ἀποκειμέ-

2241 1772 2332 1810 νην
2380 1757 2773 1827 μακαριότητα,
2839 1753 2969 1824 Ἐγὼ
3011 1749 3070 1804 δι
3125 1751 3160 1804 ἃ
3223 1751 3316 1824 μέν
3373 1759 3505 1804 ποιῶ
3559 1751 3716 1812 αὐτὸς
3766 1750 3864 1803 ἐπὶ

2241 1852 2337 1904 τῆς
2389 1841 2643 1916 ἐσχατιᾶς
2709 1846 2908 1905 ταύτης
2971 1846 3158 1904 νυκτὸς
3222 1847 3312 1894 καὶ
3371 1843 3589 1914 ἡμέρας,
3637 1844 3864 1915 γράφειν

2242 1933 2591 2006 αἰσχύνομαι.
2639 1933 2921 1987 Κατέλιπον
2981 1935 3072 2005 μεν
3113 1935 3216 2005 γὰρ
3273 1935 3367 1994 τὰς
3413 1931 3461 1983 ἐν
3520 1932 3668 1984 ἄστει
3726 1927 3865 1983 δια-

2240 2022 2440 2097 τριϐὰς,
2490 2027 2558 2086 ὡς
2595 2028 2794 2098 μυρίων
2850 2031 3021 2074 κακῶν
3071 2020 3329 2096 ἀφορμὰς,
3364 2019 3586 2094 ἐμαυτὸν
3618 2017 3679 2072 δὲ
3708 2024 3863 2074 οὔπω

2243 2109 2510 2164 ἀπολιπεῖν
2559 2107 2852 2170 ἠδυνήθην.
2901 2111 3037 2163 Ἀλλ’
3091 2113 3269 2184 ὅμοιός
3325 2111 3430 2183 εἰμι
3471 2116 3579 2172 τοῖς
3647 2108 3696 2161 ἓν
3751 2111 3858 2162 θα-

2239 2200 2412 2273 λάσση
2462 2203 2562 2254 ὑπὸ
2618 2209 2709 2262 τῆς
2755 2205 2892 2254 κατὰ
2945 2204 3032 2254 τὸν
3070 2201 3231 2254 πλοῦν
3282 2199 3517 2273 ἀπειρίας
3557 2197 3860 2274 ἀπορουμέ-

2240 2310 2346 2351 νοις
2391 2293 2506 2359 (60)
2561 2296 2652 2342 καὶ
2699 2298 3005 2342 ναυτιῶσινσ
3063 2288 3112 2341 οἳ
3151 2299 3220 2361 τῷ
3274 2291 3481 2362 μεγέθει
3529 2298 3622 2341 τοῦ
3669 2288 3854 2342 πλοίου

2243 2377 2710 2452 δυσχεραίνουσιν,
2776 2383 2840 2440 ὡς
2925 2379 3083 2432 πολὺν
3125 2383 3212 2432 τόν
3280 2378 3435 2431 σάλον
3485 2382 3846 2452 παρεχομένῳ,

2240 2470 2476 2523 κάκεῖθεν
2521 2469 2604 2522 ἐπὶ
2649 2473 2735 2522 τόν
2782 2468 2967 2542 λέμϐον
3007 2469 3036 2528 ἦ
3079 2473 3137 2521 τὸ
3178 2469 3390 2522 ἀκάτιον
3437 2467 3855 2541 μεταϐαίνοντες»

2241 2567 2518 2631 πανταχοῦ
2577 2567 2828 2611 ναυτιῶσι
2883 2564 2972 2611 καὶ
3027 2558 3361 2632 ἁποροῦνται·
3427 2561 3858 2631 συμμετέρχεται

2241 2651 2344 2723 γὰρ
2385 2648 2560 2709 αὐτοῖς
2614 2645 2642 2706 ἧ
2688 2645 2855 2706 ἀηδία
2888 2649 3002 2718 (6i)
3030 2653 3118 2700 καὶ
3141 2650 3170 2706 η
3203 2647 3379 2720 χωλή.
3405 2654 3648 2700 Τοιοῦτον
3687 2647 3776 2698 οὖν
3801 2665 3860 2698 τι

2243 2745 2333 2792 καὶ
2384 2742 2441 2791 τό
2504 2741 2770 2812 ἡμέτερον.
2815 2741 2894 2790 Τὰ
2946 2741 3049 2810 γὰρ
3115 2740 3289 2790 ἓνοικα
3336 2739 3478 2795 πάθη
3539 2740 3861 2810 συμπεριφὲ-

2245 2847 2439 2902 ροντες,
2499 2835 2777 2899 πανταχοῦ
2819 2829 2952 2900 μετά
2992 2835 3093 2880 τῶν
3137 2829 3327 2900 ὁμοίων
3391 2824 3620 2901 θορύϐων
3675 2825 3854 2897 ἐσμέν.

2248 2919 2381 2971 ὥστε
2438 2915 2589 2972 οὐδὲν
2643 2923 2775 2991 μέγα
2830 2925 2920 2978 τῆς
2974 2917 3200 2992 ἐρημίας
3250 2916 3566 2990 ἀπωνοὲμεθα
3629 2919 3856 2978 ταύτης.

2246 3008 2310 3062 Ἃ
2367 3013 2543 3080 μέντοι
2599 3015 2765 3060 ποιεῖν
2815 3010 2937 3075 ἔχει,
2983 3012 3073 3059 καὶ
3103 3008 3214 3060 ὅθεν
3246 3006 3470 3082 ὑπῆρξεν
3502 3005 3562 3058 ἃν
3604 3008 3729 3078 ἡμῖν
3755 3013 3858 3057 τῶν

2251 3098 2411 3170 ἰχνῶν
2468 3099 2690 3169 ἔχεσθαι
2753 3105 2842 3149 τοῦ
2905 3101 3032 3172 πρὸς
3085 3101 3349 3170 σωτηρίαν
3409 3098 3857 3168 καθηγησαμένου

2249 3189 2333 3258 (Εἴ
2379 3207 2460 3248 τις
2515 3189 2640 3262 γὰρ,
2692 3191 2823 3258 φησι
2883 3185 3016 3239 θέλει
3062 3185 3234 3239 ὀπίσω
3264 3204 3364 3258 μου
3392 3183 3570 3250 ἐλθεῖν,
3621 3181 3859 3259 ἀπαρνη-

2250 3279 2436 3330 σάσθω
2492 3276 2694 3340 ἐαυτὸν,
2748 3281 2838 3328 καὶ
2893 3274 3068 3349 ἀράτω
3121 3279 3208 3327 τόν
3263 3279 3491 3349 σταυρὸν
3549 3273 3734 3343 αὐτοῦ,
3763 3277 3858 3326 καὶ

2249 3365 2581 3420 ἑκολουθείτω
2606 3367 2737 3439 μοι),
2765 3373 2934 3418 ταῦτα
2957 3368 3118 3418 ἐστιν.

2319 3549 2372 3602 2.
2414 3547 2498 3600 Ἐν
2554 3549 2767 3619 ἠσυχίᾳ
2805 3546 2917 3617 (62)
2947 3549 3034 3597 τόν
3072 3552 3190 3597 νοῦν
3216 3546 3358 3616 ἔχειν
3382 3545 3667 3631 ⁴ιιέιριίσθαι
3690 3562 3858 3616 προσ-

2249 3643 2386 3695 ἡκει.
2426 3637 2514 3699 Ὠς
2566 3641 2667 3711 γὰρ
2729 3635 2991 3708 ὀφθαλμὸν
3047 3638 3420 3709 περιαγόμενον
3477 3641 3731 3704 συνεχῶς,
3761 3639 3860 3686 καὶ

2247 3733 2336 3778 νῦν
2387 3729 2474 3794 μὲν
2528 3725 2612 3778 ἐπὶ
2664 3727 2729 3777 τὰ
2786 3725 2984 3796 πλαγια
3043 3729 3460 3799 περιφερόμενον,
3515 3729 3603 3774 νῦν
3635 3719 3694 3774 δὲ
3723 3726 3860 3795 πρὸς

2248 3818 2316 3867 τὰ
2358 3817 2462 3866 ἄνω
2491 3819 2580 3866 καὶ
2626 3817 2768 3866 κάτω
2816 3815 2986 3866 πυκνὰ
3032 3816 3525 3886 μεταστρεφόμενον,
3588 3808 3718 3863 ἰδεῖν
3771 3810 3857 3863 ἕν-

2250 3913 2424 3978 αργῶς
2449 3908 2507 3957 τό
2538 3905 2877 3977 ὑποκείμενον.
2908 3907 3017 3970 (63)
3046 3903 3152 3975 οὐχ
3178 3901 3283 3954 οἷον
3308 3921 3382 3968 τε,
3407 3899 3536 3953 ἀλλὰ
3561 3905 3670 3973 χρὴ
3703 3903 3860 3974 πρόςο

2250 3995 2548 4068 ερεισθῆναι
2601 3999 2693 4052 τὴν
2751 3992 2871 4064 ὄψιν
2921 4001 2993 4063 τῷ
3043 3994 3302 4068 ὁρωμένῳ,
3358 3996 3400 4043 εὶ
3437 3989 3613 4063 μέλλοι
3665 3988 3850 4065 ἐναργῆ

2249 4083 2410 4136 αὐτοῦ
2459 4085 2730 4136 ποιεῖσθαι
2777 4087 2871 4141 τὴν
2913 4084 3054 4135 θέαν’
3110 4081 3244 4134 οὕτω
3289 4085 3378 4133 καὶ
3415 4088 3534 4133 νοῦν
3581 4079 3855 4155 ἀνθρώπου

2248 4176 2349 4227 ὑπὸ
2387 4179 2583 4249 μυρίων
2627 4181 2725 4227 τῶν
2783 4175 2914 4226 κατὰ
2960 4176 3047 4225 τὸν
3095 4176 3291 4246 κόσμον
3317 4168 3607 4247 φροντίδων
3646 4169 3854 4246 περιελ-

2248 4461 2330 4517 tio
2384 4460 2732 4517 Parisiensis
2788 4457 3008 4520 ἀκηδία.
3056 4459 3172 4518 Sed
3201 4476 3349 4516 mss.
3397 4459 3634 4516 codices
3661 4456 3853 4524 δειλία,

2247 4549 2462 4606 pavor,
2496 4549 2628 4606 quae
2644 4549 2776 4606 vox
2823 4535 3031 4606 minus
3056 4531 3662 4606 commodavidetur
3683 4534 3854 4588 Com-

2247 4603 2482 4677 beﬁsio.
2515 4603 2701 4662 l’aulo
2732 4611 2869 4677 post
2901 4605 3141 4661 codices
3177 4603 3460 4677 nonnulli
3480 4608 3616 4676 μέγα
3645 4603 3796 4677 ἔνι-τῆ
3810 4624 3851 4666 ς.

2252 4676 2370 4734 Sed
2428 4677 2678 4734 Basilius
2727 4674 3216 4749 praepositionem
3272 4679 3412 4749 post
3451 4674 3568 4732 hoc
3598 4674 3855 4749 verbum

2250 4763 2561 4822 apponere
2587 4765 2709 4822 non
2730 4745 2905 4822 solet.
2932 4747 3208 4822 Subinde
3238 4745 3668 4822 plerarumque
3689 4745 3856 4822 codi-

2250 4817 2391 4876 cum
2431 4821 2785 4877 auctoritate
2823 4819 3172 4876 addidimus
3195 4817 3478 4876 Voculam
3503 4817 3588 4884 a'v,
3618 4823 3676 4874 et
3698 4817 3858 4874 dele-

2249 4893 3105 4970 vimusﬁeepostmuéw-
3352 4961 3368 4970 .
3455 4961 3488 4970 ._
3596 4961 3606 4970 .

2322 4966 2434 5033 (62)
2464 4960 2543 5019 Ἐν
2574 4960 2804 5037 ἡσυχία.
2835 4960 2983 5020 Ante
3013 4965 3126 5037 has
3148 4978 3327 5037 voces
3352 4961 3570 5032 legitur
3592 4961 3651 5037 in
3681 4960 3856 5037 editis

2252 5032 2460 5110 πρῷῖον
2486 5042 2597 5110 μέν,
2630 5032 2818 5109 quod,
2846 5051 2986 5092 cum
3037 5035 3116 5092 ab
3141 5034 3438 5110 omnibus
3457 5034 3676 5089 nostris
3697 5032 3860 5090 absit

2252 5105 2566 5164 cedicibus
2595 5105 2769 5173 m'ss.,
2800 5106 3277 5180 expungendum
3297 5105 3605 5180 duximus.

2480 5185 2581 5254 Καὶ
2617 5183 2827 5232 κάτω...
2857 5176 3084 5254 ἐῶαργῶς
3109 5183 3167 5254 τό
3187 5180 3561 5254 ῦποκειμενον.
3584 5176 3675 5234 Sic
3701 5179 3856 5254 vete-

2251 5247 2499 5308 reslibri
2522 5267 2747 5322 magno
2767 5247 3095 5308 consensu.
3122 5249 3270 5306 Editi
3299 5247 3389 5301 καὶ
3406 5251 3472 5302 τὰ
3495 5252 3679 5322 κάτωρ..
3695 5247 3862 5322 ,ἐναρ-

2251 5331 2358 5395 γὼς
2412 5324 2516 5396 οὐχ
2548 5320 2653 5396 οἶόν
2692 5342 2765 5380 τι.
2797 5323 3028 5396 Habent
3072 5323 3251 5396 etiam
3278 5326 3367 5373 καὶ
3395 5323 3536 5373 κάτω
3566 5320 3860 5396 editiones

2257 5392 2672 5464 Haganoensis
2705 5399 2761 5450 et
2803 5395 3178 5451 Basileensis.
3209 5395 3341 5464 Mox
3369 5397 3488 5448 tres
3520 5392 3762 5464 codices
3777 5400 3861 5464 ,τῷ

2258 5463 2450 5538 ὁρατω.
2501 5467 2726 5523 Ibidem
2757 5466 2924 5523 deest
2953 5467 3113 5519 αὐτοῦ
3143 5469 3281 5538 post
3313 5463 3512 5538 _évap'/ﬁ
3547 5464 3609 5520 in
3655 5463 3863 5520 codice

2259 5535 2547 5596 Vaticano
2572 5543 2766 5596 etuno
2796 5554 2869 5595 ex
2904 5535 3379 5595 Combefisianis.
