4114 6380
514 305 617 360 227

1888 301 1946 356 S.
1987 300 2234 356 BASILII
2274 300 2512 356 MAGNI.

3797 305 3926 358 2‘28

514 426 760 500 hymnis
801 431 858 482 et
917 425 1166 482 canticis
1211 425 1554 482 Creatorem
1598 424 1913 492 venerari;
1963 423 2182 480 exinde

2299 424 2459 496 εὐχῆς
2507 424 2914 497 συμπαρούσης,
2971 425 3060 475 καὶ
3116 431 3224 487 τοίς
3276 426 3473 496 ύμνοις,
3507 428 3680 499 ὥσπερ
3725 427 3915 491 ἅλατι,

517 517 643 574 sole
669 518 798 588 jam
826 515 986 572 clare
1019 516 1444 581 dilucescente,
1477 514 1553 571 ad
1587 529 1775 586 opera
1801 529 2181 570 conversum.

515 608 846 663 comitante
877 605 1103 677 ubique
1152 605 1445 672 oratione,
1491 604 1739 676 hymnis
1785 604 1966 659 etiam
1999 619 2186 676 opera

513 703 811 769 tanquam
843 695 966 752 sale
997 694 1286 751 condire?
1321 694 1629 766 Siquidem
1674 693 1928 749 hilarem
1970 693 2186 764 jucun-

515 787 782 859 damque
806 787 1026 842 animae
1057 783 1533 857 aequabilitatem
1567 783 1939 855 hymnorum
1970 783 2187 839 solatia

517 876 852 932 conferunt.
902 875 1080 940 Quies
1110 874 1288 944 igitur
1316 873 1686 946 principium
1729 872 2184 945 expurgationis

516 969 759 1032 animm,
813 981 923 1021 nec
965 965 1174 1034 lingua
1225 963 1512 1036 loquente
1562 979 1658 1019 res
1700 963 2023 1033 humanas,
2076 979 2186 1018 nec

515 1055 705 1112 oculis
732 1054 955 1110 nitidos
989 1070 1315 1125 corporum
1348 1052 1579 1109 colores
1619 1057 1721 1109 aut
1753 1053 2186 1108 concinnitates

515 1142 1188 1216 circumspicientibus;
1240 1159 1351 1198 nec
1396 1141 1608 1198 auditu
1658 1143 1875 1198 animae
1919 1143 2186 1211 vigorem

514 1234 884 1290 dissolvente
933 1248 1040 1304 per
1085 1237 1396 1288 acromata
1429 1232 1752 1288 modorum
1785 1231 1862 1286 ad
1904 1231 2185 1303 volupta-

515 1321 637 1378 tem
689 1321 1190 1394 compositorum,
1228 1325 1331 1376 aut
1358 1336 1464 1392 per
1502 1320 1821 1376 hominum
1854 1320 2183 1376 facetorum

521 1427 593 1468 ac
642 1410 1038 1468 ridiculorum
1088 1409 1325 1466 verba:
1383 1409 1443 1465 id
1491 1409 1660 1481 quod
1698 1410 1962 1466 maxime
2001 1407 2188 1465 animi

511 1502 635 1557 vim
687 1501 964 1571 frangere
997 1499 1168 1556 solet.
1212 1501 1374 1556 Mens
1423 1500 1609 1564 enim,
1643 1517 1780 1572 quae
1811 1500 1890 1556 ad
1931 1505 2178 1556 externa

512 1607 639 1646 non
686 1589 1036 1661 dissipatur,
1089 1605 1285 1662 neque
1338 1605 1444 1662 per
1499 1606 1715 1646 sensus
1767 1590 1826 1645 in
1882 1589 2182 1646 mundum

515 1680 901 1746 diffunditur,
933 1680 1089 1734 redit
1116 1678 1367 1751 quidem
1400 1680 1478 1735 ad
1511 1696 1575 1735 se
1617 1680 1782 1752 ipsa;
1815 1696 1924 1753 per
1966 1696 2028 1734 se
2083 1695 2187 1734 au-

2295 517 2612 589 παραρτύειν
2642 516 2729 573 τὰς
2759 513 3046 586 ἐργασίας;
3095 517 3165 565 T6
3213 515 3312 587 γὰρ
3363 513 3539 574 ἱλαρόν
3583 521 3675 567 καὶ
3713 516 3923 576 anu-gos

2293 611 2385 665 τῆς
2441 602 2630 674 ψυχῆς
2686 604 3006 674 κατάστημα
3067 605 3122 654 αὶ
3179 610 3280 654 τῶν
3353 604 3523 676 ύμνων
3582 611 3923 678 παρηγορίαι

2295 696 2635 767 χαρίζονται.
2685 691 2922 763 Ἠσυχία
2961 689 3048 744 οὖν
3091 691 3234 766 ἀρχὴ
3291 695 3596 768 καθάρσεως
3628 703 3688 766 τῇ
3723 694 3915 766 ψυχῇ,

2295 788 2427 855 μήτε
2451 782 2687 854 γλώττης
2708 781 2970 843 λαλούσης
3000 785 3066 833 τὰ
3092 789 3188 833 τῶν
3213 780 3514 855 ἀνθρώπων,
3549 789 3676 854 μήτε
3707 784 3915 856 ὀφθαλ-

2295 881 2405 945 μῶν
2438 872 2683 946 εύχροίας
2711 873 2966 944 σωμάτων
3016 876 3104 923 καὶ
3153 877 3477 944 συμμετρίας
3515 877 3915 945 περισκοπούν-

2295 981 2414 1027 των,
2449 967 2581 1034 μήτε
2630 959 2791 1021 ἀκοῆς
2822 964 2908 1012 τόν
2958 965 3102 1012 τόνον
3148 969 3238 1020 τῆς
3286 961 3469 1032 ψυχῆς
3515 960 3802 1024 ἐκλυούσης
3860 962 3912 1014 ἐν

2297 1051 2600 1126 ἀκροάμασι
2631 1053 2740 1121 (74)
2774 1051 2936 1122 μιλῶν
2975 1055 3101 1126 πρὸς
3142 1047 3337 1109 ἡδονὴν
3367 1056 3742 1124 πεποιημένων,
3776 1059 3912 1124 μήτε

2295 1143 2522 1217 ῥήμασιν
2556 1140 2876 1214 εὐτραπέλων
2915 1146 3004 1192 καὶ
3043 1141 3362 1212 γελοιαστῶν
3405 1140 3704 1213 ἀνθρώπων,
3748 1143 3774 1194 ὁ
3805 1145 3912 1215 μά-

2295 1231 2452 1283 λιστα
2479 1230 2614 1283 λύειν
2643 1238 2734 1292 τῆς
2760 1229 2949 1300 ψυχῆς
2974 1235 3058 1282 τόν
3081 1235 3224 1282 τόνον
3247 1234 3459 1302 πέφυκε.
3502 1238 3640 1292 Νοῦς
3670 1235 3760 1304 μὶν
3800 1235 3909 1306 γὰρ

2297 1326 2367 1394 μὴ
2405 1317 2813 1392 σκεδαννύμενος
2853 1323 2935 1371 ἐπὶ
2980 1322 3044 1371 τὰ
3075 1320 3174 1383 ἓξο,
3205 1317 3344 1392 μηδὲ
3375 1323 3474 1372 ὑπὸ
3501 1329 3600 1372 τῶν
3632 1322 3909 1380 αἰσθητη-

2296 1416 2420 1486 ρίων
2474 1409 2564 1490 ἐπὶ.
2604 1415 2691 1461 τὸν
2736 1415 2934 1482 κόσμον
2985 1407 3327 1482 διαχεόμενος
3373 1416 3505 1477 (75),
3549 1414 3782 1464 ἐπάνεισι
3812 1419 3910 1484 μεν

2296 1503 2428 1571 πρὸς
2481 1499 2694 1552 ἑαυτόν·
2763 1495 2836 1550 δι’
2889 1498 3072 1550 ἑαυτοῦ
3142 1495 3201 1550 δε
3267 1503 3398 1574 πρὸς
3459 1505 3552 1573 τὴν
3597 1506 3715 1573 περὶ
3769 1509 3910 1554 Θεοῦ

2297 1592 2491 1642 ἔννοιαν
2523 1590 2635 1658 (76)
2663 1587 2926 1640 ἀναϐαίνει
2953 1610 2964 1621 ·
3001 1587 3219 1660 κάκείνῳ
3257 1597 3330 1660 τῷ
3365 1588 3539 1641 κάλλει
3581 1589 3907 1664 περιλαμπό-

2295 1699 2459 1751 μενος,
2516 1684 2606 1731 καὶ
2637 1678 2802 1740 αὐτῆς
2853 1688 2947 1740 τῆς
2989 1682 3190 1750 φύσεως
3229 1679 3392 1736 λήθην
3442 1678 3726 1751 λαμϐάνει·
3769 1686 3910 1752 μήτε

512 1775 632 1827 tem
662 1769 740 1826 ad
793 1770 892 1825 Dei
920 1769 1347 1838 cogitationem
1381 1769 1690 1838 ascendit;
1741 1776 1924 1843 atque
1969 1770 2183 1825 decore

2299 1774 2422 1844 πρὸς
2447 1776 2642 1841 τροφῆς
2673 1765 2942 1842 φροντίδα,
2974 1773 3104 1840 μήτε
3128 1772 3258 1840 πρὸς
3288 1767 3628 1844 περιϐολαίων
3649 1774 3908 1844 μέριμναν

519 1859 625 1916 illo
673 1859 973 1915 illustrata
1020 1859 1212 1932 ipsius
1263 1861 1446 1916 etiam
1513 1865 1746 1916 naturas
1794 1860 2182 1924 obliviscitur,

513 1966 633 2007 nec
657 1951 785 2021 jam
819 1949 938 2004 cibi
978 1965 1122 2005 cura
1149 1949 1502 2006 distrahitur
1545 1955 1648 2006 aut
1691 1951 1948 2007 amictus
1973 1949 2186 2007 solliei-

514 2040 761 2106 tudine;
821 2039 928 2094 sed
977 2040 1229 2095 terrenis
1284 2040 1442 2095 curis
1490 2057 1722 2106 vacua,
1773 2056 1953 2096 omne
2003 2056 2182 2096 suum

515 2129 785 2185 studium
820 2128 899 2184 ad
925 2132 1149 2185 teterna
1180 2129 1342 2186 bona
1381 2129 1818 2202 adispiscenda
1863 2130 2180 2198 transfert;

512 2217 827 2292 quomodo
858 2219 1020 2274 colat
1050 2219 1516 2291 temperantiam
1543 2224 1725 2292 atque
1747 2219 2178 2289 fortitudinem,

510 2307 828 2382 quomodo
877 2307 1200 2378 justitiam,
1233 2325 1304 2364 ac
1353 2307 1764 2380 prudentiam,
1805 2325 1876 2365 ac
1919 2309 2182 2382 reliquas

513 2397 785 2461 virtutes,
838 2411 993 2468 quae,
1033 2396 1147 2452 sub
1203 2398 1330 2453 haec
1383 2412 1606 2466 genera
1648 2398 2008 2467 distribute,
2055 2402 2182 2455 sin-

516 2485 660 2556 gula
691 2485 975 2541 decenter
1003 2485 1063 2540 in
1097 2485 1216 2542 vita
1249 2486 1601 2558 peragenda
1632 2487 1761 2543 viro
1801 2487 1995 2560 probo
2045 2502 2183 2558 sug-

519 2577 758 2646 gerunt.

589 2720 647 2772 3.
692 2715 947 2772 Maxima
979 2720 1182 2772 autem
1215 2716 1313 2772 via
1333 2717 1410 2773 ad
1443 2717 1624 2773 ofﬁcii
1654 2718 2181 2790 investigationem

517 2811 606 2862 est
649 2811 705 2860 et
762 2805 1202 2878 Scripturarum
1245 2805 1530 2863 divinitus
1580 2807 2010 2881 inspiratarum
2061 2827 2181 2866 me-

515 2893 747 2950 ditatio.
813 2894 874 2950 In
926 2893 1018 2949 his
1073 2894 1233 2950 enim
1283 2900 1340 2951 et
1369 2912 1572 2952 rerum
1619 2897 1999 2968 agendarum
2031 2915 2182 2972 pra;-

515 2987 690 3055 cepta
748 2983 1130 3056 reperiuntur
1160 3028 1174 3049 ,
1240 2991 1297 3039 et
1351 2985 1669 3042 beatorum
1717 2987 2038 3044 hominum
2083 3005 2180 3044 res

516 3078 698 3143 gestae
746 3072 954 3128 litteris
1011 3072 1264 3143 traditae,
1324 3074 1508 3130 veluti
1565 3075 1833 3132 animata
1893 3077 2180 3150 quedam

516 3162 652 3217 vitae
683 3161 1016 3217 secundum
1048 3165 1236 3217 Deum
1269 3163 1550 3220 institutae
1593 3142 1938 3234 simulacra,
1963 3167 2042 3223 ad
2073 3167 2181 3223 bo-
2213 3142 2254 3196 ο

513 3266 735 3307 norum
751 3267 1002 3323 operum
1020 3251 1416 3306 imitationem
1433 3259 1970 3325 proponuntur.Ac
1985 3257 2184 3328 proin-

515 3340 592 3395 de
618 3355 987 3411 quacunque
1034 3339 1150 3410 73
1207 3340 1267 3394 in
1318 3356 1379 3395 re
1425 3343 1682 3414 quisque
1730 3344 2020 3400 mendose
2051 3361 2184 3402 sese

517 3429 646 3502 ipse
695 3427 920 3483 habere
966 3429 1256 3496 senserit;
1311 3429 1370 3484 in
1411 3430 1576 3486 illam
1604 3431 1998 3490 imitationem
2037 3435 2185 3490 assi-

517 3518 637 3575 due
687 3516 1068 3584 incumbens,
1101 3523 1393 3591 tanquam
1449 3537 1520 3575 ex
1574 3523 1886 3578 communi
1912 3523 2184 3596 quadam

519 3605 836 3663 medicinae
857 3605 1124 3673 ofﬁcina,
1145 3609 1494 3680 appositum
1530 3627 1654 3666 sure
1693 3611 2027 3669 inﬁrmitati
2063 3630 2184 3670 me-

519 3696 937 3752 dicamentum
959 3696 1207 3752 invenit.
1233 3705 1313 3753 Ac
1354 3699 1641 3755 castitatis
1670 3701 1918 3774 quidem
1948 3709 2186 3760 amator

515 3786 828 3844 historiam
859 3786 1105 3858 Josepbi
1151 3786 1405 3842 assidua
1444 3788 1698 3846 lectione
1733 3791 1968 3859 evolvit,
2003 3799 2186 3866 atque

519 3875 597 3930 ab
628 3891 700 3930 eo
743 3874 1011 3930 actiones
1063 3877 1479 3948 temperantiae
1523 3877 1737 3950 plenas
1785 3881 2016 3950 ediscit,
2061 3898 2182 3938 non

519 3963 715 4018 solum
738 3979 774 4018 a
795 3963 1211 4035 voluptatibus
1233 3966 1642 4023 continentem
1667 3968 1836 4024 illum
1855 3974 2185 4043 reperiens,

518 4051 624 4107 sed
682 4052 862 4106 etiam
912 4051 1125 4107 habitu
1201 4053 1262 4109 in
1327 4054 1544 4111 virtute
1599 4057 1865 4114 firmum.
1939 4061 2187 4118 Fortitu'

517 4139 724 4196 dinem
768 4156 914 4196 vero
963 4140 1141 4197 discit
1185 4159 1220 4198 a
1261 4143 1432 4208 Jobo,
1469 4145 1595 4217 qui,
1627 4147 1809 4202 rebus
1860 4149 1982 4204 suis
2029 4156 2186 4207 retro

518 4229 858 4302 sublapsis,
905 4245 976 4284 ac
1020 4246 1206 4301 egens
1246 4247 1318 4287 ex
1381 4232 1596 4306 divite,
1665 4235 1853 4292 orbus
1918 4254 1991 4294 ex
2050 4239 2186 4312 pul-

517 4319 675 4374 chra:
735 4317 923 4392 prolis
979 4324 1229 4391 parente
1271 4323 1562 4394 temporis
1613 4332 1922 4382 momento
1969 4327 2184 4397 factus,

516 4423 640 4465 non
674 4408 872 4464 solum
901 4407 1064 4464 idem
1105 4412 1460 4480 permansit,
1490 4402 1781 4471 infractos
1827 4417 2017 4474 animi
2045 4434 2185 4474 sen-

2297 1863 2387 1917 τὴν
2414 1858 2600 1930 ψυχὴν
2626 1857 3018 1930 καθελκόμενος,
3055 1856 3182 1908 ἀλλὰ
3224 1857 3426 1929 σχολὴν
3454 1857 3552 1910 ἀπὸ
3582 1867 3682 1910 τῶν
3706 1865 3906 1930 γηίνων

2294 1945 2582 2021 φροντίδων
2615 1949 2777 2019 ἄγων,
2809 1952 2902 2005 τὴν
2950 1953 3124 1999 πᾶσαν
3170 1947 3357 1999 ἑαυτοῦ
3390 1951 3497 2018 (77)
3533 1946 3774 2007 σπουδὴν
3816 1948 3904 2002 ἐπὶ

2292 2043 2385 2096 τὴν
2413 2047 2601 2097 κτῆσιν
2633 2046 2732 2089 τῶν
2781 2037 3000 2088 αἰωνίων
3037 2035 3243 2108 ἀγαθῶν
3276 2039 3624 2109 μετατίθησι·
3670 2045 3780 2100 πῶς
3809 2042 3904 2111 μὲν

2291 2129 2598 2200 κατορθωθῇ
2630 2127 2771 2197 αύτῴ
2802 2128 2830 2184 ἠ
2864 2129 3175 2200 σωφροσύνη
3208 2132 3293 2178 καὶ
3327 2129 3356 2184 η
3385 2123 3572 2200 ἀνδρία
3597 2148 3608 2158 ·
3637 2135 3746 2189 πῶς
3779 2125 3838 2180 δὲ
3872 2131 3903 2186 ἡ

2292 2213 2605 2273 δικαιοσύνη
2638 2221 2728 2268 καὶ
2750 2217 2778 2273 ἡ
2815 2220 3082 2290 φρόνησις,
3127 2221 3218 2268 καὶ
3248 2218 3302 2267 αἱ
3338 2215 3517 2268 λοιπαὶ
3545 2214 3744 2289 ἁρεται,
3779 2218 3906 2269 ὅσαι

2290 2313 2407 2367 ταῖς
2469 2312 2700 2376 γπικαίς
2754 2309 2967 2365 ταύταις
3018 2301 3510 2378 ύποδιαιρούμεναι,
3573 2307 3903 2367 καθηκόντως

2290 2397 2489 2448 ἕκαστα
2517 2399 2628 2464 (78)
2658 2394 2902 2448 ἐπιτελεῖν
2941 2403 3042 2447 τῶν
3090 2398 3226 2447 κατὰ
3256 2399 3344 2447 τὸν
3389 2394 3508 2468 βίον
3549 2395 3902 2448 ὑποϐάλλουσι

2289 2493 2360 2556 τῷ
2393 2481 2692 2557 σπουδαίῳ.

2362 2722 2413 2775 3.
2457 2722 2693 2789 Μεγίστη
2741 2713 2800 2770 δὲ
2839 2713 2964 2778 ὁδὸς
3017 2719 3145 2789 πρὸς
3188 2721 3282 2775 τὴν
3327 2725 3414 2769 τοῦ
3463 2718 3779 2778 καθήκοντος
3817 2718 3907 2770 εὗ·-

2287 2827 2430 2884 ρεσιν
2488 2813 2578 2859 καὶ
2636 2809 2664 2864 η
2732 2806 2916 2879 μελέτη
2976 2815 3074 2857 τῶν
3135 2807 3486 2858 θεοπνεύστων
3526 2813 3757 2879 Γραφῶν.
3822 2807 3907 2861 Ἐν

2287 2901 2507 2958 ταύταις
2543 2897 2644 2970 γὰρ
2698 2900 2788 2947 καὶ
2841 2897 2895 2947 αἱ
2939 2903 3038 2946 τῶν
3078 2895 3314 2969 πράξεων
3345 2897 3609 2954 ὑποθῆκαι
3639 2898 3907 2971 εὑρίσκον,

2288 3007 2398 3056 ται,
2447 2992 2537 3038 καὶ
2585 2989 2633 3037 οἱ
2690 2985 2803 3057 βίοι
2855 2993 2956 3036 τῶν
3004 2991 3276 3060 μακαρίων
3323 2983 3526 3060 ἀνδρῶν
3575 2985 3908 3061 ἀνάγραπτοι

2290 3073 2731 3152 παραδεδομένοι,
2784 3077 2888 3126 οἷον
2945 3074 3132 3136 εἰκόνες
3183 3077 3318 3137 τινες
3374 3075 3612 3147 ἔμψυχοι
3669 3084 3765 3138 τῆς
3813 3096 3908 3129 καο

2293 3169 2360 3220 τὰ
2413 3170 2542 3220 Θεὸν
2597 3163 2894 3234 πολιτείας,
2957 3173 3027 3233 τῷ
3081 3169 3351 3237 μιμήματι
3404 3172 3504 3216 τῶν
3563 3163 3770 3236 ἀγαθῶν
3819 3169 3907 3241 ἔρ-

2292 3277 2397 3328 γων
2425 3260 2744 3328 πρόκεινται.
2781 3256 2880 3305 Καὶ
2911 3257 3082 3304 τοίνυν
3113 3257 3232 3326 περὶ
3271 3253 3393 3325 ὅπερ
3437 3250 3497 3303 ἄν
3538 3253 3756 3314 ἕκαστος
3790 3257 3908 3324 (79)

2295 3337 2474 3406 ἐνδεῶς
2520 3345 2732 3416 ἐχοντος
2781 3342 2967 3394 ἑαυτοῦ
3016 3342 3358 3409 αἰσθάνηται,
3411 3340 3586 3413 ἐκείνῳ
3645 3339 3909 3416 προσδια-

2294 3434 2504 3509 τρίϐων,
2563 3431 2667 3485 οἷον
2719 3430 2819 3484 ἀπὸ
2868 3451 3008 3493 τινος
3055 3439 3230 3484 κοινοῦ
3274 3431 3523 3506 ἰατρείου,
3567 3435 3624 3483 τὸ
3677 3432 3910 3507 πρόσᾴο-

2293 3545 2384 3600 ρον
2435 3527 2663 3597 εὑρίσκει
2710 3531 2783 3593 τῷ
2843 3519 3222 3596 ἀιόρωστηματι
3253 3524 3542 3596 φάρμακον,
3601 3526 3699 3574 Καὶ
3741 3523 3766 3572 ό
3814 3526 3910 3594 μὲν

2296 3615 2520 3690 ἐραστής
2578 3621 2674 3673 τῆς
2730 3613 3073 3684 σωφροσύνης
3120 3616 3207 3668 την
3260 3617 3374 3685 περὶ
3403 3619 3493 3662 τοῦ
3520 3611 3713 3682 Ἰωσὴφ
3763 3613 3911 3664 irro-

2294 3709 2412 3780 ρίαν
2469 3711 2704 3774 συνεχῶς
2743 3699 3027 3767 ἀνελίσσει,
3060 3705 3150 3752 καὶ
3203 3701 3327 3773 παρ’
3358 3699 3518 3752 αὐτοῦ
3563 3703 3656 3762 τας
3699 3719 3910 3776 σωφρο-

2294 3795 2443 3854 νικὰς
2494 3788 2876 3844 ἐκδιδάσκεται
2919 3790 3148 3864 πράξεις,
3205 3789 3457 3864 εὑρίσκων
3517 3789 3668 3841 αύτὸν
3705 3790 3763 3842 ού
3813 3795 3912 3863 μό-

2295 3903 2378 3935 νον
2437 3881 2703 3956 ἐγκρατῶς
2753 3882 2884 3954 πρός
2939 3876 3136 3940 ἡδονὰς
3200 3881 3412 3950 ἔχοντα,
3467 3877 3594 3930 ἀλλὰ
3637 3884 3728 3931 καὶ
3767 3879 3912 3932 ἑκτι-

2297 3980 2399 4034 κῶς
2432 3976 2562 4047 πρὸς
2612 3968 2798 4043 ἀρετὴν
2854 3965 3219 4040 διακείμενον·
3285 3965 3502 4043 ἀνδρίαν
3558 3965 3616 4020 δὲ
3664 3965 3888 4022 παιδεύε

2295 4081 2381 4114 ται
2413 4063 2557 4136 παρὰ
2585 4068 2677 4111 τοῦ
2707 4059 2819 4129 (80)
2852 4057 2991 4125 Ἰὼϐ,
3022 4058 3076 4120 ὃς
3116 4057 3174 4109 ού
3224 4061 3397 4130 μόνον,
3431 4061 3559 4131 πρὸς
3606 4059 3673 4109 τὰ
3703 4058 3913 4110 ἐναντία

2297 4171 2388 4204 του
2440 4149 2562 4223 βίου
2617 4152 2995 4221 μεταπεσόντος
3053 4147 3192 4218 αύτῷ
3227 4189 3240 4214 ,
3310 4151 3465 4208 πίνης
3531 4146 3586 4198 ἐκ
3651 4147 3908 4200 πλουσιου

2296 4247 2386 4293 καὶ
2416 4242 2578 4302 ἄπαις
2628 4237 2728 4290 ἀπὸ
2783 4233 3126 4297 καλλίπαιδος
3177 4234 3226 4287 ἕν
3273 4241 3372 4308 μιᾷ
3422 4244 3608 4309 καιροῦ
3639 4237 3770 4310 ῥοπῇ
3821 4256 3909 4307 γε-

2294 4335 2520 4402 νόμενος,
2586 4325 2836 4399 διέμεινεν
2903 4329 2928 4378 ό
2979 4326 3158 4392 αὐτὸς,
3227 4323 3573 4379 ἀταπείνωτον
3630 4333 3907 4397 πανταχοῦ

2295 4424 2353 4474 τὸ
2402 4429 2497 4481 τῆς
2543 4417 2732 4490 ψυχῆς
2787 4421 3028 4490 φρόνημα
3100 4412 3414 4475 διασώζων·
3471 4413 3578 4466 ἀλλ’
3631 4419 3748 4468 οὔτε
3803 4423 3910 4467 τῶν

519 4514 624 4552 sus
652 4497 878 4570 ubique
925 4497 1222 4564 retinens;
1255 4499 1360 4554 sed
1401 4516 1476 4556 ne
1527 4503 1738 4558 amicis
1776 4506 2047 4578 quidem,
2079 4509 2183 4580 qui

2299 4510 2453 4583 φίλων
2502 4517 2601 4561 τῶν
2675 4507 2741 4568 εἰς
2810 4505 3149 4579 παραμυθίαν
3218 4506 3448 4562 ἡκόντων
3481 4548 3497 4574 ,
3576 4503 3912 4577 ἐπεμϐαινόν-

519 4585 598 4643 ad
621 4585 1070 4643 consolandum
1111 4593 1420 4651 venerant,
1447 4590 1881 4650 insultantibus
1910 4601 1968 4652 et
2013 4596 2182 4653 dolo-

517 4691 612 4731 res
643 4676 1017 4747 conjunctim
1046 4676 1523 4746 intendentibus,
1569 4680 1660 4737 ira
1706 4691 2048 4742 commotus
2097 4693 2185 4744 est

590 4888 704 4972 (74)
732 4887 814 4972 "Eu
847 4885 1168 4972 ἀκροάμασι.
1212 4890 1304 4946 Sic
1354 4890 1538 4972 iidem
1569 4910 1715 4972 mss.
1743 4896 2001 4972 codices.
2031 4901 2182 4958 Editi

519 4957 567 5011 ἐν
590 4957 866 5041 ξιξ-θράσει.
901 4957 1322 5041 ibidem-unus
1355 4979 1427 5019 ex
1458 4965 1652 5041 Begiis
1678 4967 1727 5018 ἐν
1755 4969 2010 5041 ῥήμασιν.

728 5036 1098 5113 ἑιαχεόμενςκ.
1128 5036 1262 5113 ριιο
1286 5029 1894 5113 ωδεζδιᾶφορούμενός.

593 5107 701 5171 (76)
728 5107 832 5160 Τὴν
861 5107 980 5176 περὶ
1012 5112 1144 5157 Θεοῦ
1176 5107 1389 5161 ἔννοιαν.
1421 5108 1514 5163 Sic
1542 5107 1690 5164 mss.
1716 5107 1876 5168 octo.
1910 5114 2057 5171 Editi
2087 5121 2181 5176 τὴν

517 5182 609 5256 τρι)
657 5181 790 5256 Θεοῦ
850 5176 1064 5256 ἔννοιαν.
1109 5179 1234 5256 ΜῼΧ
1277 5178 1426 5256 _editi
1490 5183 1937 5256 περιλαμπόμενος
1981 5207 2034 5240 τε
2089 5194 2181 5241 καὶ

519 5245 922 5324 ᾕλαμτςόμενος,
957 5248 1432 5324 ξωθηᾱεενὶιιῳε
1472 5245 1586 5324 ope
1621 5245 1798 5309 unius
1826 5273 1897 5312 ex
1925 5245 2182 5315 Combe-

516 5316 750 5403 ﬁsianis
781 5317 1116 5403 codicibus,
1150 5325 1207 5403 et
1243 5321 1469 5403 codicis
1511 5316 1826 5403 llarlaeani,
1850 5330 1956 5400 qui
1981 5334 2182 5403 prima.

517 5405 707 5444 manu
738 5387 970 5457 habuit,
1003 5396 1068 5444 ut
1097 5389 1403 5446 edendum
1429 5397 1802 5453 curavimus.

585 5461 711 5545 5.77.1
730 5461 968 5545 Ἑαυτοῦ.
995 5465 1110 5545 _Ita
1159 5462 1340 5531 Ilarl.,
1374 5464 1552 5520 Coisl.
1609 5468 1842 5538 primus
1887 5478 1943 5528 et
1976 5475 2180 5545 plures

521 5529 640 5584 alii.
675 5530 822 5585 Editi
854 5531 1037 5586 αὐτοῦ.

593 5601 709 5670 (78)
727 5599 982 5659 Ἐκαστα.
1008 5606 1137 5658 Duo
1169 5618 1318 5659 mss.
1354 5605 1594 5664 ἕκαστον.

2295 4620 2396 4653 των
2427 4599 2568 4671 αύτῷ
2597 4601 2706 4669 (81)
2759 4601 2849 4648 καὶ
2897 4599 3349 4648 συνεπιτεινόντων
3387 4596 3454 4646 τὰ
3492 4592 3724 4665 ἀλγεινα,
3775 4614 3913 4669 παρα

2296 4691 2519 4754 ωξύνθη.
2585 4687 2744 4741 Πάλιν
2813 4695 3020 4739 σκοπῶν
3086 4687 3197 4756 (82)
3251 4704 3333 4746 τις
3374 4682 3574 4746 πῶςᾶν
3638 4690 3802 4759 πρᾶος
3856 4683 3912 4736 ἐν

2368 4905 2481 4974 (79)
2519 4901 2794 4974 Ἐκαστος.
2846 4898 3038 4974 Editio
3087 4896 3449 4974 Parisiensis
3508 4896 3678 4952 addit
3733 4897 3909 4974 ἡμῶν,

2292 4969 2458 5048 quod
2490 4974 2659 5029 deest
2702 4973 2765 5027 in
2812 4970 3061 5026 vetustis
3107 4969 3476 5026 editionibus
3523 4974 3580 5024 et
3615 4969 3912 5024 omnibus

2293 5049 2516 5103 nostris
2539 5062 2684 5102 mss.

2366 5124 2475 5184 (801
2523 5120 2674 5190 Παρὰ
2725 5123 2837 5170 τοῦ.
2881 5115 3224 5190 Εάὶᾑὶκπαρὰ
3276 5121 3370 5183 τῷ,
3423 5110 3913 5184 repugnantibus

2292 5206 2442 5246 mss.
2477 5187 2781 5260 plurisque
2814 5187 3123 5243 omnibus.

2365 5256 2923 5333 (8|)‘A9rrpritiose
2976 5261 3037 5314 in
3086 5257 3258 5314 editis
3302 5256 3468 5327 ἑαυτῷ
3510 5259 3723 5311 contra
3779 5270 3917 5310 om-

2291 5331 2460 5388 niUm
2493 5331 2637 5388 mss.
2663 5331 2871 5386 fidem.

2363 5410 2471 5474 (82)
2507 5412 2713 5456 Σκοπῶν
2739 5423 2838 5464 τις.
2878 5405 3048 5457 Deest
3084 5399 3313 5474 vocula
3345 5399 3404 5454 in
3451 5397 3763 5454 codicibus
3798 5399 3916 5474 Me-

2290 5470 2499 5547 diczeo,
2553 5475 2710 5531 Harl.
2757 5481 2813 5530 et
2863 5474 2994 5529 aliis
3040 5472 3383 5540 nonnullis;
3436 5487 3561 5526 non
3605 5477 3812 5525 tamen
3843 5470 3912 5527 in

2291 5549 2662 5604 Coisliniano
2687 5549 2909 5620 primo.
