4114 6410
209 303 287 357 229
1350 311 1845 370 EPISTOLARUH
1883 312 2170 370 CLASSIS
2208 314 2250 367 Ι.
2292 313 2506 369 EPIST.
2551 315 2617 369 lI.

3563 318 3669 372 230

210 447 345 501 ταντῳ
403 432 511 482 καὶ
572 431 1007 509 μεγαλόθυμος
1068 440 1288 510 γένοιτο,
1321 456 1451 490 ωστι
1481 447 1554 510 τῷ
1596 442 1686 512 μὲν
1744 440 1891 508 θυπῷ

2022 440 2233 493 Rursus
2258 437 2395 510 quis
2424 441 2719 510 reputans
2740 438 3056 509 quomodo
3084 438 3349 495 clemens
3405 439 3585 496 simul
3614 443 3672 496 et

215 521 317 572 κατὰ
361 529 468 581 τῆς
526 519 839 595 ἁμαρτίας
892 529 1238 600 κεχρῆσθαι,
1271 534 1333 600 τῇ
1393 525 1451 581 δὲ
1480 534 1743 601 πραότητι
1767 532 1894 603 πρὸς

219 614 311 672 τοὺς
379 607 754 684 ἀνθρώπους,
836 615 1074 687 εὑρήσει
1126 618 1240 687 (83)
1291 619 1376 668 τὸν
1438 613 1607 669 Δαϐὶδ
1661 624 1892 688 γενναῖον

220 721 291 775 μεν
319 697 366 752 ὲν
411 707 533 761 τοῖς
578 704 744 753 κατὰ
797 703 1044 776 πόλεμον
1106 701 1573 779 ἀνδραγαθήμασι,
1624 712 1789 781 πρᾶον
1835 702 1894 758 δὲ

223 796 300 844 καὶ
322 789 580 848 ἀκίνητον
618 788 675 842 ἐν
731 799 864 853 ταῖς
922 802 1028 845 τῶν
1086 792 1293 867 ἐχθρῶν
1341 792 1670 847 ἀντιδόσεσι.
1704 802 1892 848 Τοιοῦ-

228 902 301 943 τος
329 882 449 952 (Si)
484 884 588 932 καὶ.
651 887 906 943 Μωσῆς,
941 882 1156 955 μεγάλῳ
1197 886 1287 955 μὲν
1318 891 1390 953 τῷ
1426 885 1572 956 θυμῷ
1632 886 1767 935 κατά
1794 892 1893 935 τῶν

232 972 295 1032 εἰς
355 973 495 1024 Θεὸν
548 968 1056 1044 ἐξαμαρτανόντων
1118 968 1534 1045 διανιστάμενος,
1590 979 1781 1047 πραείᾳ
1836 969 1895 1025 δὲ

229 1070 285 1133 τῇ
329 1060 491 1133 ψυχῇ
554 1062 665 1122 τὰς
732 1061 865 1113 καθ’
910 1061 1099 1114 ἑαυτοῦ
1159 1057 1411 1124 διαϐολὰς
1468 1062 1755 1137 ὑποφέρων.
1792 1067 1895 1115 Καὶ

235 1147 534 1223 πανταχοῦ,
581 1149 787 1225 ὥσπερ
836 1153 891 1203 οἱ
940 1152 1235 1225 ζωγράφοι,
1262 1151 1383 1204 ὃταν
1428 1151 1529 1205 ἀπὸ
1575 1153 1782 1205 εἰκόνων
1823 1152 1891 1205 εὶ-

248 1246 395 1302 κὸνας
446 1242 718 1314 γράφωσι
786 1242 929 1313 (85),
990 1245 1162 1294 πυκνὰ
1248 1245 1376 1315 πρὸς
1436 1246 1496 1294 τὸ
1552 1239 1897 1318 παράδειγμα

262 1329 656 1397 ἀποϐλέποντες,
696 1333 798 1382 τὸν
860 1328 1067 1382 ἐκειθεπ
1121 1339 1446 1405 χαρακτῆρα
1473 1334 1604 1405 πρὸς
1660 1335 1718 1384 τὸ
1773 1331 1894 1383 ἐαυ-

263 1429 363 1473 τῶν
410 1418 803 1481 σπουδάζουσι
842 1422 1146 1493 μεταθεῖναι
1212 1420 1593 1495 φιλοτέχνημασ
1647 1422 1784 1474 οὕτω
1814 1418 1901 1475 δεῖ

260 1511 349 1563 καὶ
395 1514 475 1562 τόν
533 1506 938 1563 ἐσπουδακότα
995 1509 1175 1561 ἑαυτὸν
1231 1515 1368 1562 πᾶσι
1410 1517 1520 1572 τοῖς
1563 1515 1746 1586 μέρεσι
1801 1520 1899 1572 τῆς

256 1599 407 1675 gesti
420 1620 441 1662 ς
478 1598 911 1673 ἀπεργάσασθαι
936 1600 1073 1670 (86),
1102 1598 1314 1668 τέλειον,
1364 1601 1519 1652 οἱονεὶ
1566 1603 1698 1673 πρὸς
1730 1598 1897 1671 ἀγάλ-

252 1695 391 1764 ματά
438 1711 564 1743 τινα
618 1693 915 1762 κινούμενα
964 1690 1078 1760 (87)
1118 1694 1208 1741 καὶ
1261 1692 1556 1764 ἔμπρακτα,
1583 1693 1699 1751 τοὺς
1746 1688 1899 1763 βίους

247 1789 347 1832 τῶν
387 1780 561 1851 ἁγίων
592 1778 939 1851 ἀποϐλέπειν,
968 1783 1060 1831 καὶ
1110 1781 1169 1830 τὸ
1200 1775 1401 1831 ἐκείνων
1449 1777 1646 1850 ἀγαθὸν
1703 1778 1896 1832 οἰκεῖον
1929 1800 1969 1853 Β

232 1872 528 1924 ποιεῖσθαι
551 1866 987 1940 δαῖτ’μιμήσεως.

309 1965 376 2018 4.
421 1962 613 2034 Εὐχαὶ
643 1960 811 2013 πάλιν
862 1961 955 2021 τὰς
1014 1956 1330 2030 ἀναγνώσεις
1358 1955 1393 2012 δ
1399 1955 1744 2032 ιαδεχόμεναι
1770 1979 1887 2014 νεα-

240 2055 476 2126 ρωτέραν
508 2055 611 2108 τήν
660 2049 859 2121 ψυχὴν
912 2053 1003 2100 καὶ
1056 2046 1407 2122 ἀκμαιοτέραν
1457 2057 1528 2119 τῷ
1584 2053 1718 2125 πρὸς
1765 2052 1898 2103 Θεὸν

246 2143 404 2212 πόθῳ
452 2143 819 2211 κεκινημένην
846 2136 1370 2213 παραλαμϐάνουσιν.
1421 2137 1575 2197 Εύχὴ
1631 2135 1693 2192 δὲ
1753 2138 1885 2198 καλὴ

249 2233 282 2288 ἡ
312 2229 506 2303 ἐναργῆ
566 2228 877 2302 ἐμποιοῦσα
922 2235 1016 2280 τοῦ
1063 2234 1197 2281 Θεοῦ
1249 2229 1446 2279 ἔννοιαν
1475 2235 1538 2300 τῇ
1572 2235 1730 2301 χυχῇ
1763 2229 1894 2300 (88).

250 2326 355 2374 Καὶ
415 2326 581 2373 τούτὸ
626 2318 751 2371 ἐστι
810 2325 942 2371 Θεοῦ
1010 2315 1292 2383 ἐνοίκησις,
1348 2320 1408 2369 τὸ
1464 2314 1558 2369 διὰ
1603 2325 1696 2379 τῆς
1749 2321 1887 2392 μνή-

236 2430 357 2484 μης
420 2405 776 2482 ἐνιδρυμένον
856 2410 998 2479 ἔχειν
1058 2405 1105 2458 ἓν
1163 2406 1333 2477 ἐαυτῷ
1389 2409 1478 2459 τὸν
1536 2411 1687 2461 Θεὸν.
1747 2407 1900 2460 Ούτω

242 2503 521 2573 γινόμεθα
573 2502 702 2558 ναὸς
758 2505 915 2564 Θεοῦ,
979 2498 1100 2550 ὅταν
1157 2501 1228 2569 μὴ
1299 2501 1544 2571 φροντίσι
1588 2501 1795 2568 γηίναις
1842 2496 1900 2549 1'6

254 2592 493 2661 συνεχές
543 2597 642 2650 τῆς
703 2592 916 2660 μνήμης
970 2582 1348 2654 διακόπτηταίς
1377 2583 1517 2659 μηδὲ
1564 2593 1668 2648 τοῖς
1697 2585 1900 2661 ἀπροσ-

264 2675 540 2739 δοκήτοις
588 2678 817 2729 πάθεσιν
868 2678 895 2728 6
948 2684 1069 2738 νοῦς
1126 2674 1525 2751 ἕκταράττηται,
1559 2675 1688 2729 ἀλλὰ
1732 2679 1904 2729 πάντα

267 2765 571 2839 ἐποφνγων
636 2768 669 2818 ὁ
724 2766 965 2839 φνλόθεος
1019 2762 1103 2819 ἰπὶ
1170 2769 1299 2819 Θεὸν
1366 2763 1641 2840 ἀναχωρῇ,
1703 2764 1902 2828 ἐξελαύο

260 2877 384 2908 νων
456 2858 525 2907 τὰ
595 2855 1029 2931 προσκαλούμενα
1090 2856 1204 2927 (89)
1275 2855 1431 2908 αὐτὸν
1491 2855 1562 2916 εἰς
1638 2852 1900 2931 ἀκρασίαν

262 2947 576 3009 «riemann
610 2952 717 3007 τοῖς
769 2948 907 3020 πρὸς
959 2943 1147 3018 ἀρετὴν
1204 2944 1428 3016 ἄγουσιν
1483 2940 1901 3018 ἐπιτηδεύμασιν

268 3032 610 3108 ἐνδιατρίϐῃ.

343 3129 403 3182 5.
447 3130 553 3178 Καὶ
608 3126 822 3197 πρῶτόν
878 3141 939 3194 γε
995 3141 1199 3174 παντων
1261 3119 1584 3183 σπουδάζειν
1644 3126 1902 3195 προσήκει
1929 3156 1969 3213 C

255 3218 388 3289 περί
412 3219 513 3272 τήν
569 3220 667 3266 τοῦ
717 3211 877 3283 λόγου
930 3219 1134 3286 χρῆσιν
1192 3215 1263 3283 μὴ
1322 3210 1535 3284 ἀμαθῶς
1583 3209 1750 3283 ἒχειν,
1793 3210 1899 3263 ἀλλ’

738 3300 1075 3374 ἀφιλονείκως
1109 3343 1123 3369 ,
1203 3299 1580 3374 ἀποκρίνεσθαι
1668 3297 1728 3353 δε
1814 3304 1904 3352 καὶ

264 3393 601 3467 ἇφιλοτίριως
648 3392 790 3463 (90),
840 3395 914 3465 μὴ
977 3387 1333 3443 διακόπτοντα
1374 3394 1462 3442 τὸν
1510 3387 1903 3463 προσδιαλεγό-

265 3503 441 3556 μενον,
495 3484 628 3535 ὅταν
698 3500 750 3532 τι
816 3486 1086 3555 χρήσιμον
1164 3478 1309 3552 λεγῇ,
1361 3475 1501 3552 μηδὲ
1551 3478 1908 3551 ἐπιθυμοῦντα

266 3577 358 3624 τὸν
426 3573 623 3626 ἑαυτοῦ
704 3569 855 3641 λόγον
933 3565 1299 3629 ἐπιδεικτικῶς
1356 3566 1757 3643 παρεμϐάλλειν,
1813 3573 1904 3640 μὲ-

738 3300 1075 3374 ὰφιλονείκως
1109 3343 1123 3369 ,

273 3680 376 3735 τρα
417 3661 683 3735 ὁρίζοντα
721 3658 857 3730 λόγῳ
909 3662 999 3710 καὶ
1054 3656 1209 3730 ακοῇο
1272 3658 1549 3729 μανθάνειν
1600 3653 1659 3709 δε
1691 3655 1906 3709 ἀνεπαι-

276 3756 560 3824 σχύντως,
589 3754 687 3801 καὶ
731 3744 1014 3800 διδάσκειν
1056 3746 1427 3819 ἀνεπιφθόνως·
1484 3750 1574 3799 καὶ
1617 3747 1664 3798 εἰ
1702 3765 1757 3798 τι
1785 3745 1907 3822 παρ’

275 3841 453 3915 ἕτερον
526 3834 876 3906 δεδίδακται,
934 3841 1007 3910 μή
1070 3835 1403 3911 ἐπικρύπτειν
1459 3837 1570 3906 (91)
1619 3837 1795 3910 ὥσπερ
1855 3836 1910 3888 αἱ

275 3930 477 4003 φαῦλαι
551 3935 659 3980 τῶν
718 3934 1000 3998 γυναικῶν,
1063 3927 1120 3977 αἱ
1172 3926 1240 3977 τὰ
1284 3926 1414 3978 νόθα
1475 3922 1906 3997 ύποϐαλλόμεναι·

273 4018 417 4072 ἃ).λὰ
455 4020 756 4090 κηρύσσειν
816 4014 1152 4087 εὐγνωμόνως
1199 4017 1286 4066 τὸν
1333 4017 1536 4087 πατέρα
1584 4020 1677 4066 τοῦ
1729 4012 1908 4086 λόγον,

276 4113 451 4170 τόνος
525 4103 585 4159 δε
652 4113 826 4179 φωνῆς
883 4106 910 4156 6
965 4107 1127 4176 μέσος

286 4196 597 4271 διαφεύγειν
649 4201 749 4255 τὴν
798 4192 957 4253 ἀκοὴν
1015 4195 1118 4246 ὑπὸ
1164 4198 1533 4267 σμικρότητος,
1589 4198 1723 4266 μήτε
1785 4213 1912 4268 φορ-

280 4293 439 4343 τικόν
492 4284 628 4341 εἶναι
682 4295 757 4357 τῷ
831 4286 1040 4359 μεγέθει
1093 4292 1189 4346 τῆς
1245 4280 1551 4344 διατάσεως.
1625 4282 1914 4357 Προεξετά-

281 4399 457 4433 σαντα
512 4377 567 4430 ἓν
615 4376 790 4445 ἑαυτῷ
842 4378 903 4426 τὸ
956 4374 1339 4448 ῥηθησόμενον,
1391 4372 1526 4425 οὕτω
1575 4369 1916 4445 δημοσιεύειν

282 4473 370 4523 τὸν
418 4469 600 4541 λόγον.
664 4464 1078 4540 Εὐπροσήγορον
1130 4460 1181 4514 ἐν
1232 4468 1345 4524 ταῖς
1397 4460 1672 4529 ἐντεύξεσι,
1722 4460 1917 4533 γλυκύν

1205 4101 1607 4177 προτιμητέος,’
1636 4105 1706 4165 ὡς
1783 4107 1914 4177 μήτε

365 4650 477 4719 (83)
518 4646 780 4720 sapam.
809 4643 897 4699 Ita
920 4658 1071 4698 mss.
1103 4655 1345 4697 summo
1400 4654 1726 4697 consensu.
1768 4638 1918 4696 Editi

295 4738 556 4773 ενοισκει.

355 4738 806 4857 ῗὲῗῗεὲοιοῦτος.
862 4784 1015 4857 Editi
1063 4783 1299 4852 addunt
1324 4778 1408 4847 ἦν,
1441 4781 1611 4857 quod
1662 4780 1829 4857 deest
1860 4781 1922 4837 in

283 4852 616 4921 codicibus
646 4858 835 4922 ωλι-1.,
858 4856 1030 4927 Med.,
1062 4857 1193 4912 Vat.
1224 4859 1282 4911 et
1304 4852 1566 4927 quatuor
1586 4852 1921 4924 Regiis.Le-

284 4937 451 5008 gitur
474 4940 689 5008 tamen
708 4931 772 4987 in
797 4928 976 5008 Coisl.
1004 4928 1225 5008 primo:

358 5009 478 5079 (85)
521 4994 1050 5079 nixévagjpgqpoel.
1081 5001 1171 5079 ita
1198 4996 1359 5079 llarl.
1387 5000 1452 5079 'et
1483 4994 1659 5079 poisl.
1692 4995 1926 5079 primus

291 5068 433 5136 cum
467 5077 667 5133 tribus
689 5068 1050 5131 aliisIE'ditio
1080 5069 1433 5141 Parisiensis
1454 5068 1626 5121 εἰκόνα
1640 5068 1921 5141 γράφουσι.

298 5148 660 5206 Basileensis
689 5146 892 5219 prima
921 5148 981 5200 et
1009 5139 1428 5219 Haganoensis
1453 5139 1721 5215 γράφωσι.
1754 5139 1926 5210 Legi-

297 5227 390 5278 tur
416 5223 479 5277 in
507 5212 831 5276 nonnullis
865 5231 1013 5271 mss.
1044 5214 1239 5275 εἰκόνος
1268 5212 1461 5265 εἰκόνα.

366 5297 505 5367 (Βϐλ
525 5289 992 5367 Ἀπεργάσασθαι.
1023 5286 1119 5342 Sic
1149 5301 1297 5341 mss.
1341 5298 1587 5340 summo
1602 5297 1927 5340 consensu.

298 5362 450 5422 Editi
481 5362 914 5436 ἀπεργάσεσθαι.
1230 5430 1239 5436 ⁸
1475 5427 1504 5436 _
1516 5424 1527 5436 .
1687 5424 1704 5436 .
1715 5424 1726 5435 .

366 5442 475 5506 (87)
522 5424 837 5509 Ἀᾇξὶλματσὲ
900 5449 1023 5509 τινα
1099 5424 1933 5509 κινούμενα..·.βὶο“εᾴἰιῇοῦιξε

309 5490 778 5584 ᾳιὶιῖιιύοἷόιίω
816 5500 1120 5562 omnibus
1174 5490 1524 5556 mss.Editio
1578 5496 1931 5554 Parisiensis

313 5579 569 5654 ἆτὰλξιατα
598 5582 951 5654 κοινούμεξιιξἶ

374 5642 478 5730 (88)
509 5665 579 5737 Τῇ
607 5638 804 5734 ψυχῇξ
845 5644 1009 5706 Editi
1057 5640 1107 5694 ἐν
1158 5650 1220 5716 τῇ
1277 5641 1460 5715 ψυχῇ.
1490 5638 1838 5715 Praepositio
1870 5638 1931 5698 in

2003 527 2439 598 magnanimus
2466 543 2597 583 esse
2638 528 2847 600 possit,
2879 528 2963 584 ita
3009 533 3074 584 ut
3123 529 3417 585 animoin
3446 545 3668 602 pecca-

2002 621 2152 683 tum,
2195 615 2515 672 clementia
2569 631 2714 687 erga
2765 617 3042 673 homines
3111 621 3356 686 utatur;
3406 618 3673 674 inveniet

2006 704 2294 760 Davidem
2329 720 2689 775 gererosum
2737 705 2988 778 quidem
3021 707 3081 762 in
3124 706 3355 763 bellicis
3385 707 3669 763 facinori-

2002 792 2138 860 bus,
2192 793 2549 849 clementem
2606 810 2752 850 vero
2809 800 2867 851 et
2921 794 3234 868 placidum
3288 796 3349 852 in
3408 795 3669 852 inimicis

2002 881 2387 959 ulciscendis.
2439 882 2593 939 Talis
2633 888 2689 939 et
2737 887 2952 953 Moses,
3000 885 3229 957 ingenti
3268 884 3519 959 quidem
3574 884 3671 940 ille

2005 971 2212 1028 animo
2260 971 2323 1026 in
2376 986 2480 1026 eos
2528 970 2873 1041 insurgens,
2904 972 3096 1045 quiin
3129 976 3318 1030 Deum
3377 988 3671 1046 peccave-

2003 1066 2160 1127 rant,
2193 1060 2301 1117 sed
2347 1060 2558 1116 leniter
2601 1059 2858 1117 inﬂictas
2908 1062 3022 1117 sibi
3075 1062 3418 1119 calumnias
3473 1062 3669 1134 perfe-

2004 1166 2165 1207 rens.
2200 1155 2280 1205 Ac
2333 1149 2607 1217 omnino,
2640 1154 2705 1205 ut
2752 1152 3034 1222 pictores,
3071 1168 3208 1208 cum
3278 1151 3577 1222 imagines
3597 1169 3670 1209 ex

2003 1238 2377 1309 imaginibus
2436 1238 2718 1311 pingunt,
2752 1240 2963 1297 crebro
2995 1241 3071 1297 ad
3105 1240 3417 1313 exemplar
3471 1243 3671 1315 respi-

2004 1327 2251 1387 cientes.
2283 1327 2423 1384 inde
2478 1328 2734 1385 formam
2767 1329 2830 1384 in
2883 1347 3064 1385 suum
3122 1346 3282 1402 opus
3336 1331 3662 1387 transferre

2007 1421 2343 1473 conantur:
2373 1417 2457 1471 sic
2505 1417 2683 1473 etiam
2743 1418 2850 1489 qui
2905 1433 3038 1474 sese
3096 1418 3383 1475 omnibus
3433 1419 3670 1475 virtutis

2008 1506 2283 1578 partibus
2330 1505 2679 1562 absolutum
2712 1507 3002 1579 perlicere
3053 1508 3274 1573 studet,
3309 1508 3388 1563 ad
3438 1513 3673 1565 sancto-

2006 1610 2145 1651 rum
2193 1595 2371 1662 vitas,
2400 1594 2567 1651 velut
2613 1596 2692 1651 ad
2733 1596 3060 1652 simulacra
3105 1597 3393 1669 quaedam
3436 1597 3576 1653 viva
3617 1601 3675 1653 et

2009 1690 2281 1753 actuosa,
2312 1685 2610 1758 respicere
2661 1685 2862 1752 debet,
2894 1691 2951 1743 et
2975 1686 3144 1760 quod
3173 1687 3290 1742 illis
3341 1686 3500 1743 inest
3527 1685 3674 1743 boni

2012 1790 2197 1830 suum
2227 1773 2525 1831 imitando
2563 1773 2780 1831 facere.
2838 1804 2845 1811 -

2082 1957 2134 2010 4.
2177 1957 2388 2011 Preces
2418 1970 2630 2011 rursus
2674 1954 3035 2012 lectionibus
3068 1956 3461 2015 succedentes
3492 1972 3674 2028 vege-

2010 2043 2227 2100 tiorem
2253 2060 2325 2111 ac
2356 2044 2665 2101 fortiorem
2692 2045 2963 2102 animum
2988 2062 3195 2103 amore
3225 2046 3286 2102 in
3317 2050 3503 2103 Deum
3534 2062 3675 2103 con-

2011 2133 2258 2190 citatam
2291 2133 2619 2206 excipiunt.
2649 2137 2749 2190 Est
2776 2140 2979 2191 autem
3007 2136 3202 2191 oratio
3232 2135 3332 2192 illa
3360 2136 3673 2208 praclara,

2010 2238 2146 2295 quae
2179 2223 2566 2295 perspicuam
2601 2223 2702 2279 Dei
2731 2223 3042 2280 notionem
3073 2224 3293 2281 animae
3338 2224 3672 2298 imprimit:

2008 2311 2195 2385 idque
2232 2312 2333 2369 Dei
2360 2311 2721 2392 inhabitatio
2759 2317 2865 2380 est,
2892 2313 3259 2370 insidentem
3296 2314 3459 2370 intus
3487 2316 3677 2371 Deum

2009 2403 2309 2459 memoria.
2342 2402 2687 2474 complecti.
2732 2404 2825 2460 Sic
2859 2405 2955 2459 Dei
2998 2403 3294 2460 efﬁcimur
3328 2403 3625 2477 templum
3661 2422 3676 2473 ;

2010 2509 2151 2549 cum
2183 2509 2295 2549 nec
2327 2493 2577 2549 terrenis
2604 2495 2766 2550 curis
2797 2500 3124 2566 perpetuus
3166 2494 3478 2552 memoriae
3507 2499 3680 2551 tenor

2011 2580 2444 2655 interpellatur,
2471 2598 2584 2638 nec
2614 2581 2963 2655 improvisis
3003 2582 3519 2640 commotionibus
3547 2598 3681 2656 per-

2009 2670 2290 2727 turbatur
2332 2670 2671 2727 intellectus
2702 2688 2715 2737 ;
2752 2672 2858 2728 sed
2889 2672 3100 2729 omnia
3128 2671 3367 2742 fugiens
3399 2672 3500 2728 Dei
3557 2671 3679 2728 cul-

2013 2765 2104 2817 tor
2146 2760 2227 2817 ad
2269 2764 2456 2817 Deum
2518 2761 3090 2834 secedit,repellens
3142 2766 3548 2834 provocantes
3599 2760 3681 2819 ad

2008 2849 2324 2906 libidinem
2376 2849 2746 2919 affectiones,
2772 2866 2845 2907 ac
2891 2851 2954 2907 in
2984 2850 3199 2907 studiis
3258 2851 3341 2907 ad
3399 2851 3679 2908 virtutem

2010 2938 2374 2996 ducentibus
2403 2938 2782 2996 immoratur.

2178 3122 2371 3193 Atque
2423 3118 2571 3175 illud
2627 3118 2875 3192 quidem
2927 3118 3226 3192 imprimis
3285 3118 3485 3176 studio
3547 3134 3680 3176 esse

2012 3209 2211 3276 debet,
2246 3224 2528 3266 sermone
2580 3224 2703 3265 non
2755 3207 2967 3264 inscite
3022 3208 3261 3278 uti,sed
3310 3209 3681 3279 interrogare

2014 3299 2146 3355 sine
2175 3298 2454 3369 litigandi
2494 3298 2719 3367 studio,
2746 3298 3121 3372 respondere
3149 3299 3278 3356 sine
3306 3299 3636 3356 ambitione
3663 3318 3678 3369 ;

2012 3404 2141 3446 non
2168 3387 2554 3460 interpellare
2602 3387 3023 3453 disserentem,
3057 3389 3104 3445 si
3133 3390 3283 3463 quid
3324 3388 3490 3445 dicat
3516 3388 3682 3457 utile,

2013 3493 2213 3550 neque
2255 3476 2547 3549 cupidum
2578 3493 2713 3534 esse
2743 3477 2973 3551 proprii
3012 3478 3312 3535 sermonis
3340 3479 3687 3535 ostentatio-

2014 3567 2109 3623 nis
2141 3583 2332 3623 causa.
2385 3566 2819 3635 interserendi;
2854 3567 3109 3623 modum
3158 3572 3360 3624 tenere
3388 3566 3683 3641 loquendi

2016 3661 2076 3712 et
2113 3655 2442 3725 audiendi;
2474 3655 2709 3712 discere
2758 3656 2938 3712 etiam
2971 3656 3100 3712 sine
3156 3657 3543 3725 verecundia,
3576 3657 3681 3714 do-

2016 3761 2151 3803 cere
2175 3744 2521 3815 liberaliter,
2552 3760 2667 3801 nec
2697 3745 2999 3802 occultare
3030 3745 3083 3801 si
3113 3744 3235 3818 74
3268 3744 3415 3819 quid
3456 3745 3535 3801 ab
3566 3745 3686 3802 alio

2018 3834 2336 3902 didiceris;
2365 3833 2522 3890 velut
2553 3834 2849 3907 improbas
2880 3833 3167 3891 mulieres
3221 3834 3419 3891 facere
3468 3833 3684 3905 solent,

2019 3938 2157 3995 quae
2188 3922 2428 3993 spurios
2460 3926 2670 3994 partus
2721 3921 3087 3992 subjiciunt;
3121 3922 3232 3978 sed
3276 3927 3450 3993 grato
3479 3922 3687 3979 animo

2019 4016 2335 4084 parentem
2381 4009 2671 4066 doctrinae
2712 4010 3063 4083 praedicare.
3095 4010 3270 4067 Vocis
3316 4027 3461 4070 vero
3502 4028 3689 4069 sonus

2020 4099 2343 4159 mediocris
2400 4098 2818 4171 preferendus
2858 4104 2968 4167 est,
2999 4105 3068 4157 ut
3114 4116 3227 4157 nec
3272 4099 3485 4158 exilior
3515 4101 3689 4158 audi-

2022 4193 2152 4245 tum
2183 4187 2618 4260 prmterfugiat,
2648 4203 2762 4244 nec
2791 4188 2982 4246 nimia
3024 4190 3408 4247 contentione
3456 4191 3690 4263 impor-

2024 4282 2210 4334 tunus
2243 4277 2335 4333 sit.
2370 4277 2852 4349 Expendendum
2879 4283 3078 4336 tecum
3109 4279 3278 4351 prius
3316 4279 3467 4353 quid
3496 4280 3688 4335 dictu-

2024 4383 2129 4424 rus
2155 4366 2457 4438 sis,atque
2485 4366 2568 4422 ita
2598 4366 2852 4424 demum
2880 4367 3190 4425 edendum
3211 4367 3687 4440 etvulgandum.

2025 4456 2401 4514 Adeuntibus
2441 4456 2750 4514 affabilem
2789 4473 2925 4516 esse
2956 4463 3212 4533 oportet,
3232 4464 3415 4532 atque
3456 4458 3520 4515 in
3566 4457 3693 4515 col-

2026 4636 2251 4695 nostris
2281 4640 2415 4694 octo
2445 4653 2590 4692 mss.
2614 4636 2783 4707 deest
2803 4642 2860 4694 et
2887 4638 2950 4693 in
2979 4638 3241 4694 editione
3273 4636 3692 4707 Hagan.Paulo

2029 4714 2168 4782 post
2198 4708 2339 4765 editi
2369 4711 2510 4781 ἔχειν
2542 4705 2872 4783 ἐνιδρυμένον
2926 4709 2975 4761 ἐν
3032 4711 3197 4781 αὐτῷ.
3237 4705 3486 4766 Codices
3530 4725 3684 4766 mss.

2032 4781 2278 4837 summo
2308 4795 2631 4836 concensu
2656 4781 2731 4836 ut
2749 4781 2811 4836 in
2836 4786 3020 4837 textu.

2104 4851 2830 4926 (89)_'I‘_a‘c_‘7rp66'xa).oupsva,
2880 4857 2992 4907 etc.
3055 4850 3251 4926 Secuti
3292 4868 3520 4926 _sumus
3576 4851 3696 4926 hoc

2030 4923 2167 4996 loco
2197 4922 2635 4996 Coislinianum
2658 4922 2962 4996 primum,
2997 4922 3154 4980 Harl.
3186 4928 3246 4996 et
3271 4922 3428 4981 duos
3458 4925 3694 4994 Regios.

2034 4995 2226 5070 liabet
2304 4995 2485 5051 etiam
2546 4994 2978 5070 Medicasusnra‘:
3028 4995 3460 5070 προσκαλοᾷύμενα
3517 4996 3693 5048 αὐτόν.

2033 5067 2366 5142 Vaticanus
2417 5065 2605 5142 ξιξ-β.ῌὶ
2646 5065 2927 5142 nonnulli
2953 5069 3034 5142 _1'a‘t
3067 5065 3511 5142 ’προσκαλούμενα
3548 5070 3698 5142 ⁸ἠριάἱς

2037 5138 2104 5199 εἰς
2160 5143 2370 5213 κακξαν.
2422 5137 2573 5194 Editi
2627 5139 2694 5190 τὰ
2744 5137 3176 5213 προσκαλούμενοι
3227 5137 3488 5213 ἡμᾶςἐἰς
3539 5137 3700 5213 ἂκρα-

2040 5214 2161 5271 σίας
2186 5211 2328 5268 πάθη
2345 5253 2357 5264 .

2108 5283 2220 5353 (90)
2253 5278 2601 5353 Αφιλοτίμωςο
2663 5280 2757 5337 Sic
2806 5286 3042 5339 veteres
3093 5281 3389 5338 editiones
3438 5284 3496 5353 et
3548 5296 3695 5336 mss.

2038 5352 2230 5408 Edilio
2263 5352 2445 5408 Paris.
2474 5352 2802 5425 φιλοτίμως.
2858 5354 3045 5411 Paulo
3082 5358 3221 5427 post
3269 5352 3619 5410 addidimus
3648 5371 3699 5403 τι

2037 5439 2109 5480 ex
2132 5428 2375 5496 septem
2404 5440 2550 5480 mss.

2113 5492 2337 5572 (alim;
2400 5496 2751 5572 ἐπικρύπτειν.
2788 5495 2969 5553 Coisl.
2994 5496 3229 5569 primus
3277 5499 3333 5552 et
3362 5492 3511 5552 Med.
3557 5508 3700 5550 cum

2038 5566 2282 5626 duobus
2308 5567 2500 5640 Regiis
2518 5566 2599 5642 ’μὴ
2634 5566 3094 5643 ἐπικρυπτόμενον.
