  <div class='ocr_page' id='page_1' title='image "/cluster/home/n/w/nwhite01/storage/ocr_20150623/32:no.4/coo.31924054869296/125.png"; bbox 0 0 4114 6396; ppageno 0'>
   <div class='ocr_carea' id='block_1_1' title="bbox 522 300 3897 364">
    <p class='ocr_par' dir='ltr' id='par_1_1' title="bbox 522 300 3897 364">
     <span class='ocr_line' id='line_1_1' title="bbox 522 300 3897 364; baseline -0.004 0"><span class='ocrx_word' id='word_1_1' title='bbox 522 310 623 364; x_wconf 76' lang='grc'><strong>231</strong></span> <span class='ocrx_word' id='word_1_2' title='bbox 812 320 817 331; x_wconf 84' lang='lat'><em>‘</em></span> <span class='ocrx_word' id='word_1_3' title='bbox 1911 303 1969 360; x_wconf 93' lang='lat' dir='ltr'><strong>S.</strong></span> <span class='ocrx_word' id='word_1_4' title='bbox 2010 300 2268 358; x_wconf 76' lang='lat' dir='ltr'><strong>BASILH</strong></span> <span class='ocrx_word' id='word_1_5' title='bbox 2304 302 2524 358; x_wconf 70' lang='lat' dir='ltr'><strong>IAGNI</strong></span> <span class='ocrx_word' id='word_1_6' title='bbox 3775 305 3897 362; x_wconf 80' lang='lat'><strong>232</strong></span> 
     </span>
    </p>
   </div>
   <div class='ocr_carea' id='block_1_2' title="bbox 493 422 2118 504">
    <p class='ocr_par' dir='ltr' id='par_1_2' title="bbox 493 424 2118 504">
     <span class='ocr_line' id='line_1_2' title="bbox 493 424 2118 504; baseline -0.004 -17"><span class='ocrx_word' id='word_1_7' title='bbox 493 430 720 504; x_wconf 88' lang='lat' dir='ltr'><strong>loquiis</strong></span> <span class='ocrx_word' id='word_1_8' title='bbox 750 445 1044 499; x_wconf 88' lang='lat' dir='ltr'><strong>suavem;</strong></span> <span class='ocrx_word' id='word_1_9' title='bbox 1074 444 1186 486; x_wconf 89' lang='lat' dir='ltr'><strong>nec</strong></span> <span class='ocrx_word' id='word_1_10' title='bbox 1212 429 1591 502; x_wconf 88' lang='lat' dir='ltr'><strong>voluptatem</strong></span> <span class='ocrx_word' id='word_1_11' title='bbox 1621 425 1829 484; x_wconf 86' lang='lat' dir='ltr'><strong>facetis</strong></span> <span class='ocrx_word' id='word_1_12' title='bbox 1856 424 2118 481; x_wconf 75' lang='lat' dir='ltr'><strong>sermoni</strong></span> 
     </span>
    </p>
   </div>
   <div class='ocr_carea' id='block_1_3' title="bbox 2268 422 3893 504">
    <p class='ocr_par' dir='ltr' id='par_1_3' title="bbox 2272 422 3893 501">
     <span class='ocr_line' id='line_1_3' title="bbox 2272 422 3893 501; baseline 0.002 -25"><span class='ocrx_word' id='word_1_13' title='bbox 2272 422 2323 476; x_wconf 81' lang='grc' dir='ltr'><strong>ίν</strong></span> <span class='ocrx_word' id='word_1_14' title='bbox 2362 431 2477 487; x_wconf 85' lang='grc' dir='ltr'>ταῖς</span> <span class='ocrx_word' id='word_1_15' title='bbox 2541 423 2788 497; x_wconf 76' lang='grc' dir='ltr'><strong>ὁμιλίαις·</strong></span> <span class='ocrx_word' id='word_1_16' title='bbox 2853 425 2914 478; x_wconf 80' lang='grc' dir='ltr'><strong>οῦ</strong></span> <span class='ocrx_word' id='word_1_17' title='bbox 2968 422 3064 479; x_wconf 82' lang='grc' dir='ltr'><strong>διὰ</strong></span> <span class='ocrx_word' id='word_1_18' title='bbox 3117 433 3215 487; x_wconf 81' lang='grc' dir='ltr'>τῆς</span> <span class='ocrx_word' id='word_1_19' title='bbox 3272 425 3611 501; x_wconf 70' lang='grc' dir='ltr'>εὐτραπελίας</span> <span class='ocrx_word' id='word_1_20' title='bbox 3665 430 3725 480; x_wconf 85' lang='grc' dir='ltr'>τὸ</span> <span class='ocrx_word' id='word_1_21' title='bbox 3776 424 3893 486; x_wconf 75' lang='grc' dir='ltr'><strong>ἡδὺ</strong></span> 
     </span>
    </p>
   </div>
   <div class='ocr_carea' id='block_1_4' title="bbox 492 511 2117 592">
    <p class='ocr_par' dir='ltr' id='par_1_4' title="bbox 492 514 2117 592">
     <span class='ocr_line' id='line_1_4' title="bbox 492 514 2117 592; baseline -0.004 -15"><span class='ocrx_word' id='word_1_22' title='bbox 492 520 609 577; x_wconf 87' lang='lat' dir='ltr'><strong>bus</strong></span> <span class='ocrx_word' id='word_1_23' title='bbox 638 520 979 592; x_wconf 87' lang='lat' dir='ltr'><strong>aucupari;</strong></span> <span class='ocrx_word' id='word_1_24' title='bbox 1019 520 1125 575; x_wconf 90' lang='lat' dir='ltr'><strong>sed</strong></span> <span class='ocrx_word' id='word_1_25' title='bbox 1165 518 1433 590; x_wconf 87' lang='lat' dir='ltr'><strong>benigna</strong></span> <span class='ocrx_word' id='word_1_26' title='bbox 1476 516 1899 575; x_wconf 80' lang='lat' dir='ltr'><strong>adhortatione</strong></span> <span class='ocrx_word' id='word_1_27' title='bbox 1942 514 2117 571; x_wconf 85' lang='lat' dir='ltr'><strong>lenita</strong></span> 
     </span>
    </p>
   </div>
   <div class='ocr_carea' id='block_1_5' title="bbox 2269 511 3894 592">
    <p class='ocr_par' dir='ltr' id='par_1_5' title="bbox 2274 511 3894 590">
     <span class='ocr_line' id='line_1_5' title="bbox 2274 511 3894 590; baseline 0.001 -24"><span class='ocrx_word' id='word_1_28' title='bbox 2274 516 2589 589; x_wconf 75' lang='grc' dir='ltr'><strong>θηρώμενον,</strong></span> <span class='ocrx_word' id='word_1_29' title='bbox 2624 513 2754 567; x_wconf 77' lang='grc' dir='ltr'>ἀλλὰ</span> <span class='ocrx_word' id='word_1_30' title='bbox 2810 511 2903 567; x_wconf 81' lang='grc' dir='ltr'>διὰ</span> <span class='ocrx_word' id='word_1_31' title='bbox 2958 523 3056 578; x_wconf 82' lang='grc' dir='ltr'>τῆς</span> <span class='ocrx_word' id='word_1_32' title='bbox 3102 515 3345 588; x_wconf 76' lang='grc' dir='ltr'><strong>εὐμενοῦς</strong></span> <span class='ocrx_word' id='word_1_33' title='bbox 3396 516 3777 590; x_wconf 74' lang='grc' dir='ltr'>παρακλήσεως</span> <span class='ocrx_word' id='word_1_34' title='bbox 3819 518 3894 568; x_wconf 84' lang='grc' dir='ltr'>τὸ</span> 
     </span>
    </p>
   </div>
   <div class='ocr_carea' id='block_1_6' title="bbox 492 603 2117 681">
    <p class='ocr_par' dir='ltr' id='par_1_6' title="bbox 492 604 2117 681">
     <span class='ocr_line' id='line_1_6' title="bbox 492 604 2117 681; baseline -0.004 -15"><span class='ocrx_word' id='word_1_35' title='bbox 492 614 614 667; x_wconf 91' lang='lat' dir='ltr'><strong>tem</strong></span> <span class='ocrx_word' id='word_1_36' title='bbox 636 609 929 665; x_wconf 85' lang='lat' dir='ltr'><strong>obtinere.</strong></span> <span class='ocrx_word' id='word_1_37' title='bbox 958 608 1191 681; x_wconf 86' lang='lat' dir='ltr'><strong>Ubique</strong></span> <span class='ocrx_word' id='word_1_38' title='bbox 1220 609 1533 680; x_wconf 78' lang='lat' dir='ltr'><strong>asperitas,</strong></span> <span class='ocrx_word' id='word_1_39' title='bbox 1564 606 1804 662; x_wconf 89' lang='lat' dir='ltr'><strong>etiamsi</strong></span> <span class='ocrx_word' id='word_1_40' title='bbox 1831 604 2117 676; x_wconf 77' lang='lat' dir='ltr'><strong>objurgar</strong></span> 
     </span>
    </p>
   </div>
   <div class='ocr_carea' id='block_1_7' title="bbox 2271 603 3896 681">
    <p class='ocr_par' dir='ltr' id='par_1_7' title="bbox 2271 603 3896 679">
     <span class='ocr_line' id='line_1_7' title="bbox 2271 603 3896 679; baseline 0.001 -24"><span class='ocrx_word' id='word_1_41' title='bbox 2271 607 2528 676; x_wconf 71' lang='grc' dir='ltr'>προσηνὲς</span> <span class='ocrx_word' id='word_1_42' title='bbox 2586 603 2798 676; x_wconf 74' lang='grc' dir='ltr'>ἔχοντα.</span> <span class='ocrx_word' id='word_1_43' title='bbox 2855 611 3142 676; x_wconf 78' lang='grc' dir='ltr'>Πανταχοῦ</span> <span class='ocrx_word' id='word_1_44' title='bbox 3186 608 3247 657; x_wconf 87' lang='lat'><strong>1&#39;6</strong></span> <span class='ocrx_word' id='word_1_45' title='bbox 3298 609 3499 679; x_wconf 82' lang='grc' dir='ltr'>τραχὺ,</span> <span class='ocrx_word' id='word_1_46' title='bbox 3552 604 3647 657; x_wconf 75' lang='grc' dir='ltr'>κᾶν</span> <span class='ocrx_word' id='word_1_47' title='bbox 3718 604 3896 658; x_wconf 83' lang='grc' dir='ltr'>ἐπιτι-</span> 
     </span>
    </p>
   </div>
   <div class='ocr_carea' id='block_1_8' title="bbox 491 690 2116 782">
    <p class='ocr_par' dir='ltr' id='par_1_8' title="bbox 491 694 2116 769">
     <span class='ocr_line' id='line_1_8' title="bbox 491 694 2116 769; baseline -0.004 -14"><span class='ocrx_word' id='word_1_48' title='bbox 491 698 643 755; x_wconf 92' lang='lat' dir='ltr'><strong>dum</strong></span> <span class='ocrx_word' id='word_1_49' title='bbox 692 699 787 764; x_wconf 91' lang='lat' dir='ltr'><strong>sit,</strong></span> <span class='ocrx_word' id='word_1_50' title='bbox 820 698 1170 769; x_wconf 87' lang='lat' dir='ltr'><strong>rejicienda.</strong></span> <span class='ocrx_word' id='word_1_51' title='bbox 1208 698 1265 754; x_wconf 91' lang='lat' dir='ltr'><strong>Si</strong></span> <span class='ocrx_word' id='word_1_52' title='bbox 1323 697 1483 752; x_wconf 91' lang='lat' dir='ltr'><strong>enim</strong></span> <span class='ocrx_word' id='word_1_53' title='bbox 1542 695 1707 768; x_wconf 91' lang='lat' dir='ltr'><strong>prior</strong></span> <span class='ocrx_word' id='word_1_54' title='bbox 1759 700 1814 751; x_wconf 94' lang='lat' dir='ltr'><strong>te</strong></span> <span class='ocrx_word' id='word_1_55' title='bbox 1870 694 2002 767; x_wconf 92' lang='lat' dir='ltr'><strong>ipse</strong></span> <span class='ocrx_word' id='word_1_56' title='bbox 2053 709 2116 766; x_wconf 72' lang='lat' dir='ltr'><strong>pe</strong></span> 
     </span>
    </p>
   </div>
   <div class='ocr_carea' id='block_1_9' title="bbox 2271 690 3896 782">
    <p class='ocr_par' dir='ltr' id='par_1_9' title="bbox 2272 690 3896 782">
     <span class='ocr_line' id='line_1_9' title="bbox 2272 690 3896 782; baseline 0.004 -37"><span class='ocrx_word' id='word_1_57' title='bbox 2272 701 2444 765; x_wconf 84' lang='grc' dir='ltr'>μῆσαι</span> <span class='ocrx_word' id='word_1_58' title='bbox 2502 690 2593 766; x_wconf 76' lang='grc' dir='ltr'>δέη</span> <span class='ocrx_word' id='word_1_59' title='bbox 2651 694 2784 782; x_wconf 53' lang='lat'><strong>(9:2),</strong></span> <span class='ocrx_word' id='word_1_60' title='bbox 2839 691 3231 767; x_wconf 80' lang='grc' dir='ltr'>ἀπωθούμενον.</span> <span class='ocrx_word' id='word_1_61' title='bbox 3296 693 3713 768; x_wconf 80' lang='grc' dir='ltr'>Προκαταϐαλών</span> <span class='ocrx_word' id='word_1_62' title='bbox 3770 698 3896 782; x_wconf 86' lang='grc'>(93)</span> 
     </span>
    </p>
   </div>
   <div class='ocr_carea' id='block_1_10' title="bbox 490 780 2115 859">
    <p class='ocr_par' dir='ltr' id='par_1_10' title="bbox 490 785 2115 859">
     <span class='ocr_line' id='line_1_10' title="bbox 490 785 2115 859; baseline -0.004 -13"><span class='ocrx_word' id='word_1_63' title='bbox 490 788 895 846; x_wconf 82' lang='lat' dir='ltr'><strong>humilitatem</strong></span> <span class='ocrx_word' id='word_1_64' title='bbox 917 788 1234 859; x_wconf 88' lang='lat' dir='ltr'><strong>abjeceris,</strong></span> <span class='ocrx_word' id='word_1_65' title='bbox 1258 788 1373 844; x_wconf 87' lang='lat' dir='ltr'><strong>hoc</strong></span> <span class='ocrx_word' id='word_1_66' title='bbox 1398 790 1579 859; x_wconf 90' lang='lat' dir='ltr'><strong>pacto</strong></span> <span class='ocrx_word' id='word_1_67' title='bbox 1611 785 1801 854; x_wconf 83' lang='lat' dir='ltr'><strong>ei,&#39;cui</strong></span> <span class='ocrx_word' id='word_1_68' title='bbox 1850 785 2115 841; x_wconf 87' lang='lat' dir='ltr'><strong>curation</strong></span> 
     </span>
    </p>
   </div>
   <div class='ocr_carea' id='block_1_11' title="bbox 2272 780 3897 859">
    <p class='ocr_par' dir='ltr' id='par_1_11' title="bbox 2272 780 3897 859">
     <span class='ocr_line' id='line_1_11' title="bbox 2272 780 3897 859; baseline 0 -24"><span class='ocrx_word' id='word_1_69' title='bbox 2272 786 2371 857; x_wconf 75' lang='grc' dir='ltr'><strong>γὰρ</strong></span> <span class='ocrx_word' id='word_1_70' title='bbox 2436 782 2620 835; x_wconf 73' lang='grc' dir='ltr'>ἑαυτὸν</span> <span class='ocrx_word' id='word_1_71' title='bbox 2697 780 2793 835; x_wconf 81' lang='grc' dir='ltr'>διὰ</span> <span class='ocrx_word' id='word_1_72' title='bbox 2862 786 3356 857; x_wconf 68' lang='grc' dir='ltr'><strong>ταπεινοφροσύνης,</strong></span> <span class='ocrx_word' id='word_1_73' title='bbox 3425 783 3585 845; x_wconf 78' lang='grc' dir='ltr'>οὕτως</span> <span class='ocrx_word' id='word_1_74' title='bbox 3658 780 3897 859; x_wconf 57' lang='grc' dir='ltr'>εὐπαράὲ</span> 
     </span>
    </p>
   </div>
   <div class='ocr_carea' id='block_1_12' title="bbox 492 869 2117 951">
    <p class='ocr_par' dir='ltr' id='par_1_12' title="bbox 492 873 2117 951">
     <span class='ocr_line' id='line_1_12' title="bbox 492 873 2117 951; baseline -0.004 -16"><span class='ocrx_word' id='word_1_75' title='bbox 492 894 651 951; x_wconf 89' lang='lat' dir='ltr'><strong>opus</strong></span> <span class='ocrx_word' id='word_1_76' title='bbox 710 882 822 947; x_wconf 90' lang='lat' dir='ltr'><strong>est,</strong></span> <span class='ocrx_word' id='word_1_77' title='bbox 871 882 1155 950; x_wconf 87' lang='lat' dir='ltr'><strong>acceptus</strong></span> <span class='ocrx_word' id='word_1_78' title='bbox 1214 876 1350 932; x_wconf 90' lang='lat' dir='ltr'><strong>eris.</strong></span> <span class='ocrx_word' id='word_1_79' title='bbox 1406 876 1767 948; x_wconf 85' lang='lat' dir='ltr'><strong>Plerumque</strong></span> <span class='ocrx_word' id='word_1_80' title='bbox 1816 890 1958 931; x_wconf 89' lang='lat' dir='ltr'><strong>vero</strong></span> <span class='ocrx_word' id='word_1_81' title='bbox 2003 873 2117 930; x_wconf 82' lang='lat' dir='ltr'><strong>utili</strong></span> 
     </span>
    </p>
   </div>
   <div class='ocr_carea' id='block_1_13' title="bbox 2273 869 3898 951">
    <p class='ocr_par' dir='ltr' id='par_1_13' title="bbox 2276 869 3898 947">
     <span class='ocr_line' id='line_1_13' title="bbox 2276 869 3898 947; baseline 0 -22"><span class='ocrx_word' id='word_1_82' title='bbox 2276 869 2455 933; x_wconf 85' lang='grc' dir='ltr'>δεκτος</span> <span class='ocrx_word' id='word_1_83' title='bbox 2507 875 2600 945; x_wconf 76' lang='grc' dir='ltr'>ἴση</span> <span class='ocrx_word' id='word_1_84' title='bbox 2633 880 2704 944; x_wconf 79' lang='grc' dir='ltr'>τῷ</span> <span class='ocrx_word' id='word_1_85' title='bbox 2751 869 2975 945; x_wconf 84' lang='grc' dir='ltr'>δεομένῳ</span> <span class='ocrx_word' id='word_1_86' title='bbox 3020 882 3115 935; x_wconf 77' lang='grc' dir='ltr'>τῆς</span> <span class='ocrx_word' id='word_1_87' title='bbox 3170 874 3464 947; x_wconf 78' lang='grc' dir='ltr'><strong>θεραπείας.</strong></span> <span class='ocrx_word' id='word_1_88' title='bbox 3526 872 3782 934; x_wconf 72' lang='grc' dir='ltr'><strong>Πολλάκις</strong></span> <span class='ocrx_word' id='word_1_89' title='bbox 3828 869 3898 925; x_wconf 71' lang='grc' dir='ltr'>δὲ</span> 
     </span>
    </p>
   </div>
   <div class='ocr_carea' id='block_1_14' title="bbox 492 962 2117 1039">
    <p class='ocr_par' dir='ltr' id='par_1_14' title="bbox 492 964 2115 1039">
     <span class='ocr_line' id='line_1_14' title="bbox 492 964 2115 1039; baseline -0.003 -15"><span class='ocrx_word' id='word_1_90' title='bbox 492 969 673 1025; x_wconf 89' lang='lat' dir='ltr'><strong>nobis</strong></span> <span class='ocrx_word' id='word_1_91' title='bbox 705 973 763 1023; x_wconf 92' lang='lat' dir='ltr'><strong>et</strong></span> <span class='ocrx_word' id='word_1_92' title='bbox 787 967 890 1024; x_wconf 87' lang='lat' dir='ltr'><strong>illa</strong></span> <span class='ocrx_word' id='word_1_93' title='bbox 932 967 1364 1039; x_wconf 90' lang='lat' dir='ltr'><strong>increpationis</strong></span> <span class='ocrx_word' id='word_1_94' title='bbox 1405 966 1561 1023; x_wconf 85' lang='lat' dir='ltr'><strong>ratio</strong></span> <span class='ocrx_word' id='word_1_95' title='bbox 1588 982 1625 1022; x_wconf 91' lang='lat' dir='ltr'><strong>a</strong></span> <span class='ocrx_word' id='word_1_96' title='bbox 1653 965 1953 1039; x_wconf 85' lang='lat' dir='ltr'><strong>propheta</strong></span> <span class='ocrx_word' id='word_1_97' title='bbox 1995 964 2115 1020; x_wconf 86' lang='lat' dir='ltr'><strong>adh</strong></span> 
     </span>
    </p>
   </div>
   <div class='ocr_carea' id='block_1_15' title="bbox 2269 962 3894 1039">
    <p class='ocr_par' dir='ltr' id='par_1_15' title="bbox 2275 962 3894 1037">
     <span class='ocr_line' id='line_1_15' title="bbox 2275 962 3894 1037; baseline 0 -22"><span class='ocrx_word' id='word_1_98' title='bbox 2275 968 2549 1036; x_wconf 82' lang='grc' dir='ltr'>χρήσιμος</span> <span class='ocrx_word' id='word_1_99' title='bbox 2599 965 2724 1034; x_wconf 77' lang='grc' dir='ltr'>ἡμῖν</span> <span class='ocrx_word' id='word_1_100' title='bbox 2781 968 2873 1015; x_wconf 82' lang='grc' dir='ltr'><strong>καὶ</strong></span> <span class='ocrx_word' id='word_1_101' title='bbox 2899 965 2924 1014; x_wconf 92' lang='grc' dir='ltr'><strong>ό</strong></span> <span class='ocrx_word' id='word_1_102' title='bbox 2955 970 3047 1015; x_wconf 86' lang='grc' dir='ltr'><strong>τοῦ</strong></span> <span class='ocrx_word' id='word_1_103' title='bbox 3095 968 3368 1037; x_wconf 74' lang='grc' dir='ltr'><strong>προφήτου</strong></span> <span class='ocrx_word' id='word_1_104' title='bbox 3407 967 3600 1037; x_wconf 86' lang='grc' dir='ltr'>τρόπος</span> <span class='ocrx_word' id='word_1_105' title='bbox 3648 972 3743 1025; x_wconf 78' lang='grc' dir='ltr'>τῆς</span> <span class='ocrx_word' id='word_1_106' title='bbox 3773 962 3894 1015; x_wconf 83' lang='grc' dir='ltr'><strong>ἑπι-</strong></span> 
     </span>
    </p>
   </div>
   <div class='ocr_carea' id='block_1_16' title="bbox 491 1048 2116 1130">
    <p class='ocr_par' dir='ltr' id='par_1_16' title="bbox 491 1054 2116 1130">
     <span class='ocr_line' id='line_1_16' title="bbox 491 1054 2116 1130; baseline -0.004 -16"><span class='ocrx_word' id='word_1_107' title='bbox 491 1057 639 1125; x_wconf 88' lang='lat' dir='ltr'><strong>bita,</strong></span> <span class='ocrx_word' id='word_1_108' title='bbox 671 1057 775 1130; x_wconf 89' lang='lat' dir='ltr'><strong>qui</strong></span> <span class='ocrx_word' id='word_1_109' title='bbox 818 1073 955 1113; x_wconf 91' lang='lat' dir='ltr'><strong>cum</strong></span> <span class='ocrx_word' id='word_1_110' title='bbox 996 1056 1184 1111; x_wconf 82' lang='lat' dir='ltr'><strong>David</strong></span> <span class='ocrx_word' id='word_1_111' title='bbox 1229 1060 1565 1129; x_wconf 85' lang='lat' dir='ltr'><strong>peccasset,</strong></span> <span class='ocrx_word' id='word_1_112' title='bbox 1607 1071 1732 1111; x_wconf 87' lang='lat' dir='ltr'><strong>non</strong></span> <span class='ocrx_word' id='word_1_113' title='bbox 1773 1071 1810 1111; x_wconf 92' lang='lat' dir='ltr'><strong>a</strong></span> <span class='ocrx_word' id='word_1_114' title='bbox 1838 1054 2116 1126; x_wconf 90' lang='lat' dir='ltr'><strong>semetips</strong></span> 
     </span>
    </p>
   </div>
   <div class='ocr_carea' id='block_1_17' title="bbox 2272 1048 3897 1130">
    <p class='ocr_par' dir='ltr' id='par_1_17' title="bbox 2275 1048 3897 1126">
     <span class='ocr_line' id='line_1_17' title="bbox 2275 1048 3897 1126; baseline -0.001 -21"><span class='ocrx_word' id='word_1_115' title='bbox 2275 1053 2529 1121; x_wconf 80' lang='grc' dir='ltr'>πληξιως,</span> <span class='ocrx_word' id='word_1_116' title='bbox 2589 1052 2642 1113; x_wconf 83' lang='grc' dir='ltr'>ὃς</span> <span class='ocrx_word' id='word_1_117' title='bbox 2691 1060 2763 1123; x_wconf 81' lang='grc' dir='ltr'>τῷ</span> <span class='ocrx_word' id='word_1_118' title='bbox 2818 1048 2988 1105; x_wconf 76' lang='grc' dir='ltr'>Δαϐὶδ</span> <span class='ocrx_word' id='word_1_119' title='bbox 3060 1052 3356 1126; x_wconf 79' lang='grc' dir='ltr'><strong>ἁμαρτόντι</strong></span> <span class='ocrx_word' id='word_1_120' title='bbox 3407 1052 3466 1105; x_wconf 82' lang='grc' dir='ltr'><strong>οῦ</strong></span> <span class='ocrx_word' id='word_1_121' title='bbox 3522 1053 3645 1125; x_wconf 87' lang='grc' dir='ltr'>παρ’</span> <span class='ocrx_word' id='word_1_122' title='bbox 3700 1052 3897 1105; x_wconf 72' lang='grc' dir='ltr'>ἑαυτοῦ</span> 
     </span>
    </p>
   </div>
   <div class='ocr_carea' id='block_1_18' title="bbox 493 1138 2118 1217">
    <p class='ocr_par' dir='ltr' id='par_1_18' title="bbox 493 1145 2118 1211">
     <span class='ocr_line' id='line_1_18' title="bbox 493 1145 2118 1211; baseline -0.002 -7"><span class='ocrx_word' id='word_1_123' title='bbox 493 1148 855 1204; x_wconf 90' lang='lat' dir='ltr'><strong>sententiam</strong></span> <span class='ocrx_word' id='word_1_124' title='bbox 889 1146 1129 1202; x_wconf 81' lang='lat' dir='ltr'><strong>induxit</strong></span> <span class='ocrx_word' id='word_1_125' title='bbox 1159 1146 1712 1211; x_wconf 84' lang='lat' dir='ltr'><strong>condemnationis,</strong></span> <span class='ocrx_word' id='word_1_126' title='bbox 1734 1145 1841 1201; x_wconf 90' lang='lat' dir='ltr'><strong>sed</strong></span> <span class='ocrx_word' id='word_1_127' title='bbox 1874 1145 2118 1201; x_wconf 80' lang='lat' dir='ltr'><strong>accersit</strong></span> 
     </span>
    </p>
   </div>
   <div class='ocr_carea' id='block_1_19' title="bbox 2269 1138 3894 1217">
    <p class='ocr_par' dir='ltr' id='par_1_19' title="bbox 2279 1138 3894 1217">
     <span class='ocr_line' id='line_1_19' title="bbox 2279 1138 3894 1217; baseline 0 -23"><span class='ocrx_word' id='word_1_128' title='bbox 2279 1140 2503 1213; x_wconf 68' lang='grc' dir='ltr'><strong>ἐπήγαγε</strong></span> <span class='ocrx_word' id='word_1_129' title='bbox 2569 1145 2657 1193; x_wconf 86' lang='grc' dir='ltr'>τὸν</span> <span class='ocrx_word' id='word_1_130' title='bbox 2739 1141 2855 1217; x_wconf 83' lang='grc' dir='ltr'>ὅρον</span> <span class='ocrx_word' id='word_1_131' title='bbox 2928 1150 3025 1203; x_wconf 83' lang='grc' dir='ltr'>τῆς</span> <span class='ocrx_word' id='word_1_132' title='bbox 3091 1138 3405 1208; x_wconf 74' lang='grc' dir='ltr'><strong>καταδίκης,</strong></span> <span class='ocrx_word' id='word_1_133' title='bbox 3468 1140 3573 1193; x_wconf 78' lang='grc' dir='ltr'>ἀλλ’</span> <span class='ocrx_word' id='word_1_134' title='bbox 3655 1141 3894 1210; x_wconf 71' lang='grc' dir='ltr'>ὑποϐολῇ</span> 
     </span>
    </p>
   </div>
   <div class='ocr_carea' id='block_1_20' title="bbox 493 1228 2118 1309">
    <p class='ocr_par' dir='ltr' id='par_1_20' title="bbox 493 1235 2118 1309">
     <span class='ocr_line' id='line_1_20' title="bbox 493 1235 2118 1309; baseline -0.002 -16"><span class='ocrx_word' id='word_1_135' title='bbox 493 1252 760 1309; x_wconf 86' lang='lat' dir='ltr'><strong>persona</strong></span> <span class='ocrx_word' id='word_1_136' title='bbox 789 1236 1197 1309; x_wconf 88' lang='lat' dir='ltr'><strong>utens.ipsum</strong></span> <span class='ocrx_word' id='word_1_137' title='bbox 1219 1235 1449 1309; x_wconf 86' lang='lat' dir='ltr'><strong>proprii</strong></span> <span class='ocrx_word' id='word_1_138' title='bbox 1475 1235 1745 1306; x_wconf 82' lang='lat' dir='ltr'><strong>judicem</strong></span> <span class='ocrx_word' id='word_1_139' title='bbox 1775 1235 2004 1307; x_wconf 84' lang='lat' dir='ltr'><strong>peccati</strong></span> <span class='ocrx_word' id='word_1_140' title='bbox 2026 1250 2118 1290; x_wconf 73' lang='lat' dir='ltr'><strong>cor</strong></span> 
     </span>
    </p>
   </div>
   <div class='ocr_carea' id='block_1_21' title="bbox 2275 1228 3900 1309">
    <p class='ocr_par' dir='ltr' id='par_1_21' title="bbox 2277 1228 3900 1305">
     <span class='ocr_line' id='line_1_21' title="bbox 2277 1228 3900 1305; baseline 0 -22"><span class='ocrx_word' id='word_1_141' title='bbox 2277 1237 2563 1304; x_wconf 85' lang='grc' dir='ltr'><strong>προσώπου</strong></span> <span class='ocrx_word' id='word_1_142' title='bbox 2607 1234 2963 1305; x_wconf 80' lang='grc' dir='ltr'>χρησάμενος,</span> <span class='ocrx_word' id='word_1_143' title='bbox 3002 1230 3157 1283; x_wconf 75' lang='grc' dir='ltr'>αὐτόν</span> <span class='ocrx_word' id='word_1_144' title='bbox 3211 1234 3400 1284; x_wconf 76' lang='grc' dir='ltr'>ἐκεῖνον</span> <span class='ocrx_word' id='word_1_145' title='bbox 3449 1232 3553 1302; x_wconf 56' lang='grc'>(94)</span> <span class='ocrx_word' id='word_1_146' title='bbox 3601 1239 3695 1283; x_wconf 90' lang='grc' dir='ltr'><strong>τοῦ</strong></span> <span class='ocrx_word' id='word_1_147' title='bbox 3747 1228 3900 1284; x_wconf 84' lang='grc' dir='ltr'>ἰδίου</span> 
     </span>
    </p>
   </div>
   <div class='ocr_carea' id='block_1_22' title="bbox 492 1318 2117 1397">
    <p class='ocr_par' dir='ltr' id='par_1_22' title="bbox 492 1323 2117 1397">
     <span class='ocr_line' id='line_1_22' title="bbox 492 1323 2117 1397; baseline -0.001 -15"><span class='ocrx_word' id='word_1_148' title='bbox 492 1326 712 1382; x_wconf 84' lang='lat' dir='ltr'><strong>stituit:</strong></span> <span class='ocrx_word' id='word_1_149' title='bbox 748 1325 832 1381; x_wconf 87' lang='lat' dir='ltr'><strong>ita</strong></span> <span class='ocrx_word' id='word_1_150' title='bbox 863 1330 929 1381; x_wconf 89' lang='lat' dir='ltr'><strong>ut</strong></span> <span class='ocrx_word' id='word_1_151' title='bbox 952 1341 1089 1381; x_wconf 88' lang='lat' dir='ltr'><strong>cum</strong></span> <span class='ocrx_word' id='word_1_152' title='bbox 1124 1325 1184 1380; x_wconf 90' lang='lat' dir='ltr'><strong>in</strong></span> <span class='ocrx_word' id='word_1_153' title='bbox 1216 1341 1279 1380; x_wconf 90' lang='lat' dir='ltr'><strong>se</strong></span> <span class='ocrx_word' id='word_1_154' title='bbox 1324 1326 1456 1397; x_wconf 92' lang='lat' dir='ltr'><strong>ipse</strong></span> <span class='ocrx_word' id='word_1_155' title='bbox 1496 1325 1857 1381; x_wconf 83' lang='lat' dir='ltr'><strong>sententiam</strong></span> <span class='ocrx_word' id='word_1_156' title='bbox 1893 1323 2117 1380; x_wconf 80' lang='lat' dir='ltr'><strong>dixisse</strong></span> 
     </span>
    </p>
   </div>
   <div class='ocr_carea' id='block_1_23' title="bbox 2277 1318 3902 1397">
    <p class='ocr_par' dir='ltr' id='par_1_23' title="bbox 2281 1318 3902 1395">
     <span class='ocr_line' id='line_1_23' title="bbox 2281 1318 3902 1395; baseline -0.001 -21"><span class='ocrx_word' id='word_1_157' title='bbox 2281 1318 2540 1379; x_wconf 78' lang='grc' dir='ltr'>δικαστὴν</span> <span class='ocrx_word' id='word_1_158' title='bbox 2606 1322 2847 1374; x_wconf 78' lang='grc' dir='ltr'>ἐκάθισεν</span> <span class='ocrx_word' id='word_1_159' title='bbox 2919 1321 3317 1395; x_wconf 63' lang='grc' dir='ltr'>ἁμαρτήματος</span> <span class='ocrx_word' id='word_1_160' title='bbox 3370 1322 3506 1373; x_wconf 82' lang='grc' dir='ltr'>ὥστε</span> <span class='ocrx_word' id='word_1_161' title='bbox 3561 1320 3716 1372; x_wconf 76' lang='grc' dir='ltr'>αὐτόν</span> <span class='ocrx_word' id='word_1_162' title='bbox 3769 1322 3902 1373; x_wconf 81' lang='grc' dir='ltr'>καθ’</span> 
     </span>
    </p>
   </div>
   <div class='ocr_carea' id='block_1_24' title="bbox 490 1407 2115 1486">
    <p class='ocr_par' dir='ltr' id='par_1_24' title="bbox 490 1414 1538 1486">
     <span class='ocr_line' id='line_1_24' title="bbox 490 1414 1538 1486; baseline -0.002 -15"><span class='ocrx_word' id='word_1_163' title='bbox 490 1415 642 1471; x_wconf 88' lang='lat' dir='ltr'><strong>nihil</strong></span> <span class='ocrx_word' id='word_1_164' title='bbox 659 1419 793 1486; x_wconf 86' lang='lat' dir='ltr'><strong>jam</strong></span> <span class='ocrx_word' id='word_1_165' title='bbox 815 1420 1199 1471; x_wconf 85' lang='lat' dir='ltr'><strong>succenseret</strong></span> <span class='ocrx_word' id='word_1_166' title='bbox 1237 1414 1538 1485; x_wconf 75' lang='lat' dir='ltr'><strong>arguenti.</strong></span> 
     </span>
    </p>
   </div>
   <div class='ocr_carea' id='block_1_25' title="bbox 2278 1407 3903 1486">
    <p class='ocr_par' dir='ltr' id='par_1_25' title="bbox 2282 1407 3903 1486">
     <span class='ocr_line' id='line_1_25' title="bbox 2282 1407 3903 1486; baseline -0.001 -22"><span class='ocrx_word' id='word_1_167' title='bbox 2282 1411 2466 1464; x_wconf 74' lang='grc' dir='ltr'>ἑαυτοῦ</span> <span class='ocrx_word' id='word_1_168' title='bbox 2496 1410 2930 1486; x_wconf 71' lang='grc' dir='ltr'>προεξενεγκόντα</span> <span class='ocrx_word' id='word_1_169' title='bbox 2978 1416 3073 1469; x_wconf 79' lang='grc' dir='ltr'>τὴν</span> <span class='ocrx_word' id='word_1_170' title='bbox 3121 1415 3317 1483; x_wconf 82' lang='grc' dir='ltr'><strong>κρίσιν,</strong></span> <span class='ocrx_word' id='word_1_171' title='bbox 3350 1407 3517 1483; x_wconf 74' lang='grc' dir='ltr'>μηδὲν</span> <span class='ocrx_word' id='word_1_172' title='bbox 3556 1412 3632 1463; x_wconf 79' lang='grc' dir='ltr'><strong>ἔτι</strong></span> <span class='ocrx_word' id='word_1_173' title='bbox 3682 1410 3903 1483; x_wconf 69' lang='grc' dir='ltr'>μέμψα-</span> 
     </span>
    </p>
   </div>
   <div class='ocr_carea' id='block_1_26' title="bbox 2283 1499 2836 1572">
    <p class='ocr_par' dir='ltr' id='par_1_26' title="bbox 2283 1499 2836 1572">
     <span class='ocr_line' id='line_1_26' title="bbox 2283 1499 2836 1572; baseline 0.002 -19"><span class='ocrx_word' id='word_1_174' title='bbox 2283 1502 2409 1553; x_wconf 88' lang='grc' dir='ltr'>σθαι</span> <span class='ocrx_word' id='word_1_175' title='bbox 2425 1504 2513 1553; x_wconf 81' lang='grc' dir='ltr'><strong>τόν</strong></span> <span class='ocrx_word' id='word_1_176' title='bbox 2541 1499 2836 1572; x_wconf 75' lang='grc' dir='ltr'><strong>ἐλέγξαντα.</strong></span> 
     </span>
    </p>
   </div>
   <div class='ocr_carea' id='block_1_27' title="bbox 565 1587 2190 1662">
    <p class='ocr_par' dir='ltr' id='par_1_27' title="bbox 565 1592 2168 1650">
     <span class='ocr_line' id='line_1_27' title="bbox 565 1592 2168 1650; baseline -0.001 -2"><span class='ocrx_word' id='word_1_177' title='bbox 565 1597 617 1648; x_wconf 82' lang='grc'><strong>6.</strong></span> <span class='ocrx_word' id='word_1_178' title='bbox 648 1595 1111 1650; x_wconf 88' lang='lat' dir='ltr'><strong>Consentaneus</strong></span> <span class='ocrx_word' id='word_1_179' title='bbox 1142 1596 1346 1649; x_wconf 89' lang='lat' dir='ltr'><strong>autem</strong></span> <span class='ocrx_word' id='word_1_180' title='bbox 1394 1592 1609 1649; x_wconf 88' lang='lat' dir='ltr'><strong>humili</strong></span> <span class='ocrx_word' id='word_1_181' title='bbox 1636 1608 1707 1649; x_wconf 91' lang='lat' dir='ltr'><strong>ac</strong></span> <span class='ocrx_word' id='word_1_182' title='bbox 1732 1592 2000 1648; x_wconf 87' lang='lat' dir='ltr'><strong>demisso</strong></span> <span class='ocrx_word' id='word_1_183' title='bbox 2032 1607 2168 1647; x_wconf 91' lang='lat' dir='ltr'><strong>sen-</strong></span> 
     </span>
    </p>
   </div>
   <div class='ocr_carea' id='block_1_28' title="bbox 2275 1587 3900 1662">
    <p class='ocr_par' dir='ltr' id='par_1_28' title="bbox 2353 1587 3900 1662">
     <span class='ocr_line' id='line_1_28' title="bbox 2353 1587 3900 1662; baseline -0.003 -16"><span class='ocrx_word' id='word_1_184' title='bbox 2353 1594 2405 1646; x_wconf 88' lang='lat'><strong>6.</strong></span> <span class='ocrx_word' id='word_1_185' title='bbox 2463 1589 2678 1643; x_wconf 76' lang='grc' dir='ltr'>Ἒπεται</span> <span class='ocrx_word' id='word_1_186' title='bbox 2750 1587 2809 1642; x_wconf 75' lang='grc' dir='ltr'>δε</span> <span class='ocrx_word' id='word_1_187' title='bbox 2872 1599 2945 1661; x_wconf 81' lang='grc' dir='ltr'>τῷ</span> <span class='ocrx_word' id='word_1_188' title='bbox 3013 1598 3237 1661; x_wconf 76' lang='grc' dir='ltr'><strong>ταπεινῷ</strong></span> <span class='ocrx_word' id='word_1_189' title='bbox 3303 1594 3393 1641; x_wconf 86' lang='grc' dir='ltr'>καὶ</span> <span class='ocrx_word' id='word_1_190' title='bbox 3458 1588 3900 1662; x_wconf 70' lang='grc' dir='ltr'>κατακεϐλημίνῳ</span> 
     </span>
    </p>
   </div>
   <div class='ocr_carea' id='block_1_29' title="bbox 491 1680 2116 1754">
    <p class='ocr_par' dir='ltr' id='par_1_29' title="bbox 491 1681 2116 1754">
     <span class='ocr_line' id='line_1_29' title="bbox 491 1681 2116 1754; baseline -0.001 -17"><span class='ocrx_word' id='word_1_191' title='bbox 491 1698 521 1737; x_wconf 90' lang='lat' dir='ltr'><strong>s</strong></span> <span class='ocrx_word' id='word_1_192' title='bbox 541 1681 807 1738; x_wconf 72' lang='lat' dir='ltr'><strong>uitristis</strong></span> <span class='ocrx_word' id='word_1_193' title='bbox 838 1682 1053 1738; x_wconf 90' lang='lat' dir='ltr'><strong>oculus</strong></span> <span class='ocrx_word' id='word_1_194' title='bbox 1078 1687 1263 1754; x_wconf 80' lang='lat' dir='ltr'><strong>atque</strong></span> <span class='ocrx_word' id='word_1_195' title='bbox 1293 1683 1578 1738; x_wconf 86' lang='lat' dir='ltr'><strong>deorsum</strong></span> <span class='ocrx_word' id='word_1_196' title='bbox 1605 1698 1887 1752; x_wconf 84' lang='lat' dir='ltr'><strong>vergens,</strong></span> <span class='ocrx_word' id='word_1_197' title='bbox 1919 1681 2116 1737; x_wconf 70' lang='lat' dir='ltr'><strong>habiti</strong></span> 
     </span>
    </p>
   </div>
   <div class='ocr_carea' id='block_1_30' title="bbox 2274 1680 3899 1754">
    <p class='ocr_par' dir='ltr' id='par_1_30' title="bbox 2281 1680 3899 1752">
     <span class='ocr_line' id='line_1_30' title="bbox 2281 1680 3899 1752; baseline 0.001 -22"><span class='ocrx_word' id='word_1_198' title='bbox 2281 1685 2573 1752; x_wconf 70' lang='grc' dir='ltr'>φρονήματι</span> <span class='ocrx_word' id='word_1_199' title='bbox 2656 1683 2801 1752; x_wconf 77' lang='grc' dir='ltr'>ὄμμα</span> <span class='ocrx_word' id='word_1_200' title='bbox 2886 1685 3103 1751; x_wconf 74' lang='grc' dir='ltr'>στυγνόν</span> <span class='ocrx_word' id='word_1_201' title='bbox 3152 1685 3241 1733; x_wconf 85' lang='grc' dir='ltr'><strong>καὶ</strong></span> <span class='ocrx_word' id='word_1_202' title='bbox 3311 1680 3384 1741; x_wconf 84' lang='grc' dir='ltr'><strong>εὶς</strong></span> <span class='ocrx_word' id='word_1_203' title='bbox 3453 1687 3552 1751; x_wconf 72' lang='grc' dir='ltr'><strong>γῆν</strong></span> <span class='ocrx_word' id='word_1_204' title='bbox 3615 1699 3899 1732; x_wconf 83' lang='grc' dir='ltr'>συννενευ-</span> 
     </span>
    </p>
   </div>
   <div class='ocr_carea' id='block_1_31' title="bbox 490 1768 2115 1844">
    <p class='ocr_par' dir='ltr' id='par_1_31' title="bbox 490 1770 2115 1844">
     <span class='ocr_line' id='line_1_31' title="bbox 490 1770 2115 1844; baseline 0 -18"><span class='ocrx_word' id='word_1_205' title='bbox 490 1771 823 1841; x_wconf 87' lang='lat' dir='ltr'><strong>neglectus,</strong></span> <span class='ocrx_word' id='word_1_206' title='bbox 856 1770 1138 1844; x_wconf 89' lang='lat' dir='ltr'><strong>squalida</strong></span> <span class='ocrx_word' id='word_1_207' title='bbox 1188 1788 1388 1832; x_wconf 84' lang='lat' dir='ltr'><strong>coma,</strong></span> <span class='ocrx_word' id='word_1_208' title='bbox 1434 1771 1618 1827; x_wconf 78' lang='lat' dir='ltr'><strong>vestis</strong></span> <span class='ocrx_word' id='word_1_209' title='bbox 1661 1771 1952 1838; x_wconf 91' lang='lat' dir='ltr'><strong>sordida;</strong></span> <span class='ocrx_word' id='word_1_210' title='bbox 2011 1771 2115 1826; x_wconf 75' lang='lat' dir='ltr'><strong>ade</strong></span> 
     </span>
    </p>
   </div>
   <div class='ocr_carea' id='block_1_32' title="bbox 2277 1768 3902 1844">
    <p class='ocr_par' dir='ltr' id='par_1_32' title="bbox 2280 1768 3902 1842">
     <span class='ocr_line' id='line_1_32' title="bbox 2280 1768 3902 1842; baseline 0.001 -22"><span class='ocrx_word' id='word_1_211' title='bbox 2280 1772 2371 1829; x_wconf 87' lang='grc' dir='ltr'><strong>κός</strong></span> <span class='ocrx_word' id='word_1_212' title='bbox 2424 1773 2561 1838; x_wconf 81' lang='lat'><strong>(95),</strong></span> <span class='ocrx_word' id='word_1_213' title='bbox 2598 1778 2793 1840; x_wconf 84' lang='grc' dir='ltr'>σχῆμα</span> <span class='ocrx_word' id='word_1_214' title='bbox 2842 1768 3177 1842; x_wconf 68' lang='grc' dir='ltr'><strong>ἠμελημένον,</strong></span> <span class='ocrx_word' id='word_1_215' title='bbox 3220 1774 3356 1842; x_wconf 83' lang='grc' dir='ltr'>κόμη</span> <span class='ocrx_word' id='word_1_216' title='bbox 3411 1770 3688 1841; x_wconf 68' lang='grc' dir='ltr'>αὐχμηρὰ,</span> <span class='ocrx_word' id='word_1_217' title='bbox 3726 1769 3902 1832; x_wconf 72' lang='grc' dir='ltr'>ἐσθὴς</span> 
     </span>
    </p>
   </div>
   <div class='ocr_carea' id='block_1_33' title="bbox 491 1858 2116 1934">
    <p class='ocr_par' dir='ltr' id='par_1_33' title="bbox 491 1859 2116 1933">
     <span class='ocr_line' id='line_1_33' title="bbox 491 1859 2116 1933; baseline -0.001 -17"><span class='ocrx_word' id='word_1_218' title='bbox 491 1866 558 1916; x_wconf 93' lang='lat' dir='ltr'><strong>ut</strong></span> <span class='ocrx_word' id='word_1_219' title='bbox 581 1876 720 1933; x_wconf 67' lang='lat' dir='ltr'><strong>quae</strong></span> <span class='ocrx_word' id='word_1_220' title='bbox 750 1859 1026 1930; x_wconf 83' lang='lat' dir='ltr'><strong>lugentes</strong></span> <span class='ocrx_word' id='word_1_221' title='bbox 1054 1860 1199 1916; x_wconf 86' lang='lat' dir='ltr'><strong>data</strong></span> <span class='ocrx_word' id='word_1_222' title='bbox 1229 1876 1417 1933; x_wconf 88' lang='lat' dir='ltr'><strong>opera</strong></span> <span class='ocrx_word' id='word_1_223' title='bbox 1448 1860 1695 1932; x_wconf 84' lang='lat' dir='ltr'><strong>faciunt,</strong></span> <span class='ocrx_word' id='word_1_224' title='bbox 1716 1877 1787 1916; x_wconf 88' lang='lat' dir='ltr'><strong>ea</strong></span> <span class='ocrx_word' id='word_1_225' title='bbox 1808 1876 1917 1916; x_wconf 90' lang='lat' dir='ltr'><strong>sua</strong></span> <span class='ocrx_word' id='word_1_226' title='bbox 1948 1873 2116 1933; x_wconf 63' lang='lat' dir='ltr'><strong>sponi</strong></span> 
     </span>
    </p>
   </div>
   <div class='ocr_carea' id='block_1_34' title="bbox 2277 1858 3902 1934">
    <p class='ocr_par' dir='ltr' id='par_1_34' title="bbox 2277 1858 3902 1934">
     <span class='ocr_line' id='line_1_34' title="bbox 2277 1858 3902 1934; baseline -0.001 -23"><span class='ocrx_word' id='word_1_227' title='bbox 2277 1860 2520 1934; x_wconf 83' lang='grc' dir='ltr'>ῥυπῶσα·</span> <span class='ocrx_word' id='word_1_228' title='bbox 2578 1860 2711 1911; x_wconf 79' lang='grc' dir='ltr'>ὣστε</span> <span class='ocrx_word' id='word_1_229' title='bbox 2750 1858 3048 1912; x_wconf 83' lang='grc' dir='ltr'>ἀποιουσιν</span> <span class='ocrx_word' id='word_1_230' title='bbox 3107 1865 3155 1911; x_wconf 83' lang='grc' dir='ltr'>οἱ</span> <span class='ocrx_word' id='word_1_231' title='bbox 3211 1861 3505 1919; x_wconf 71' lang='grc' dir='ltr'>πενθοῦντες</span> <span class='ocrx_word' id='word_1_232' title='bbox 3559 1878 3660 1911; x_wconf 86' lang='grc' dir='ltr'><strong>κατ</strong></span> <span class='ocrx_word' id='word_1_233' title='bbox 3713 1858 3902 1917; x_wconf 76' lang='grc' dir='ltr'>ὶπιτή-</span> 
     </span>
    </p>
   </div>
   <div class='ocr_carea' id='block_1_35' title="bbox 490 1946 2115 2022">
    <p class='ocr_par' dir='ltr' id='par_1_35' title="bbox 490 1948 2115 2021">
     <span class='ocr_line' id='line_1_35' title="bbox 490 1948 2115 2021; baseline -0.001 -16"><span class='ocrx_word' id='word_1_234' title='bbox 490 1948 668 2005; x_wconf 89' lang='lat' dir='ltr'><strong>nobis</strong></span> <span class='ocrx_word' id='word_1_235' title='bbox 696 1949 893 2005; x_wconf 90' lang='lat' dir='ltr'><strong>inesse</strong></span> <span class='ocrx_word' id='word_1_236' title='bbox 920 1948 1262 2005; x_wconf 85' lang='lat' dir='ltr'><strong>videantur.</strong></span> <span class='ocrx_word' id='word_1_237' title='bbox 1297 1950 1530 2005; x_wconf 90' lang='lat' dir='ltr'><strong>Tunica</strong></span> <span class='ocrx_word' id='word_1_238' title='bbox 1555 1948 1802 2021; x_wconf 90' lang='lat' dir='ltr'><strong>cingulo</strong></span> <span class='ocrx_word' id='word_1_239' title='bbox 1836 1949 1914 2005; x_wconf 88' lang='lat' dir='ltr'><strong>ad</strong></span> <span class='ocrx_word' id='word_1_240' title='bbox 1945 1965 2115 2021; x_wconf 74' lang='lat' dir='ltr'><strong>corpt</strong></span> 
     </span>
    </p>
   </div>
   <div class='ocr_carea' id='block_1_36' title="bbox 2275 1946 3900 2022">
    <p class='ocr_par' dir='ltr' id='par_1_36' title="bbox 2282 1946 3900 2022">
     <span class='ocr_line' id='line_1_36' title="bbox 2282 1946 3900 2022; baseline -0.001 -20"><span class='ocrx_word' id='word_1_241' title='bbox 2282 1946 2487 2017; x_wconf 84' lang='grc' dir='ltr'>δευσιν,</span> <span class='ocrx_word' id='word_1_242' title='bbox 2532 1957 2699 2001; x_wconf 86' lang='grc' dir='ltr'>ταῦτα</span> <span class='ocrx_word' id='word_1_243' title='bbox 2737 1948 2795 2002; x_wconf 78' lang='grc' dir='ltr'>ὶκ</span> <span class='ocrx_word' id='word_1_244' title='bbox 2836 1957 2930 2001; x_wconf 91' lang='grc' dir='ltr'><strong>τοῦ</strong></span> <span class='ocrx_word' id='word_1_245' title='bbox 2988 1949 3283 2022; x_wconf 75' lang='grc' dir='ltr'>αὐτομάτου</span> <span class='ocrx_word' id='word_1_246' title='bbox 3329 1951 3452 2021; x_wconf 74' lang='grc' dir='ltr'>ἡμῖν</span> <span class='ocrx_word' id='word_1_247' title='bbox 3501 1947 3900 2021; x_wconf 68' lang='grc' dir='ltr'>ἐπιφαίνεσθαι.</span> 
     </span>
    </p>
   </div>
   <div class='ocr_carea' id='block_1_37' title="bbox 491 2035 2116 2111">
    <p class='ocr_par' dir='ltr' id='par_1_37' title="bbox 491 2038 2116 2111">
     <span class='ocr_line' id='line_1_37' title="bbox 491 2038 2116 2111; baseline 0 -18"><span class='ocrx_word' id='word_1_248' title='bbox 491 2038 735 2094; x_wconf 89' lang='lat' dir='ltr'><strong>astricta</strong></span> <span class='ocrx_word' id='word_1_249' title='bbox 793 2038 916 2093; x_wconf 87' lang='lat' dir='ltr'><strong>sit:</strong></span> <span class='ocrx_word' id='word_1_250' title='bbox 973 2038 1205 2094; x_wconf 90' lang='lat' dir='ltr'><strong>cinctus</strong></span> <span class='ocrx_word' id='word_1_251' title='bbox 1277 2054 1479 2111; x_wconf 87' lang='lat' dir='ltr'><strong>neque</strong></span> <span class='ocrx_word' id='word_1_252' title='bbox 1532 2038 1638 2095; x_wconf 88' lang='lat' dir='ltr'><strong>ilia</strong></span> <span class='ocrx_word' id='word_1_253' title='bbox 1703 2043 2046 2111; x_wconf 82' lang='lat' dir='ltr'><strong>exsuperet,</strong></span> <span class='ocrx_word' id='word_1_254' title='bbox 2105 2038 2116 2093; x_wconf 95' lang='lat' dir='ltr'><strong>i</strong></span> 
     </span>
    </p>
   </div>
   <div class='ocr_carea' id='block_1_38' title="bbox 2287 2035 3912 2111">
    <p class='ocr_par' dir='ltr' id='par_1_38' title="bbox 2287 2035 3912 2111">
     <span class='ocr_line' id='line_1_38' title="bbox 2287 2035 3912 2111; baseline -0.001 -20"><span class='ocrx_word' id='word_1_255' title='bbox 2287 2044 2455 2092; x_wconf 83' lang='grc' dir='ltr'>Χιτὼν</span> <span class='ocrx_word' id='word_1_256' title='bbox 2504 2035 2598 2091; x_wconf 76' lang='grc' dir='ltr'><strong>διὰ</strong></span> <span class='ocrx_word' id='word_1_257' title='bbox 2646 2039 2812 2100; x_wconf 79' lang='grc' dir='ltr'>ζώνης</span> <span class='ocrx_word' id='word_1_258' title='bbox 2864 2038 3312 2111; x_wconf 81' lang='grc' dir='ltr'>προσεσταλμίνος</span> <span class='ocrx_word' id='word_1_259' title='bbox 3367 2040 3477 2109; x_wconf 84' lang='grc'>(96)</span> <span class='ocrx_word' id='word_1_260' title='bbox 3527 2046 3600 2103; x_wconf 79' lang='grc' dir='ltr'>τῷ</span> <span class='ocrx_word' id='word_1_261' title='bbox 3654 2041 3912 2111; x_wconf 65' lang='grc' dir='ltr'>σώμαι-ιε’</span> 
     </span>
    </p>
   </div>
   <div class='ocr_carea' id='block_1_39' title="bbox 491 2126 2116 2202">
    <p class='ocr_par' dir='ltr' id='par_1_39' title="bbox 491 2126 2116 2199">
     <span class='ocr_line' id='line_1_39' title="bbox 491 2126 2116 2199; baseline 0 -16"><span class='ocrx_word' id='word_1_262' title='bbox 491 2126 653 2184; x_wconf 89' lang='lat' dir='ltr'><strong>enim</strong></span> <span class='ocrx_word' id='word_1_263' title='bbox 675 2126 970 2182; x_wconf 88' lang='lat' dir='ltr'><strong>muliebre</strong></span> <span class='ocrx_word' id='word_1_264' title='bbox 1001 2143 1013 2191; x_wconf 94' lang='lat'>;</span> <span class='ocrx_word' id='word_1_265' title='bbox 1055 2143 1255 2199; x_wconf 89' lang='lat' dir='ltr'><strong>neque</strong></span> <span class='ocrx_word' id='word_1_266' title='bbox 1274 2126 1451 2183; x_wconf 84' lang='lat' dir='ltr'><strong>laxus</strong></span> <span class='ocrx_word' id='word_1_267' title='bbox 1481 2127 1564 2183; x_wconf 87' lang='lat' dir='ltr'><strong>ita</strong></span> <span class='ocrx_word' id='word_1_268' title='bbox 1585 2132 1651 2184; x_wconf 91' lang='lat' dir='ltr'><strong>ut</strong></span> <span class='ocrx_word' id='word_1_269' title='bbox 1676 2128 1879 2184; x_wconf 90' lang='lat' dir='ltr'><strong>tunica</strong></span> <span class='ocrx_word' id='word_1_270' title='bbox 1904 2127 2116 2183; x_wconf 82' lang='lat' dir='ltr'><strong>difﬂua</strong></span> 
     </span>
    </p>
   </div>
   <div class='ocr_carea' id='block_1_40' title="bbox 2273 2126 3898 2202">
    <p class='ocr_par' dir='ltr' id='par_1_40' title="bbox 2281 2128 3898 2202">
     <span class='ocr_line' id='line_1_40' title="bbox 2281 2128 3898 2202; baseline -0.001 -21"><span class='ocrx_word' id='word_1_271' title='bbox 2281 2132 2339 2181; x_wconf 86' lang='lat'><strong>1&#39;6</strong></span> <span class='ocrx_word' id='word_1_272' title='bbox 2381 2133 2556 2202; x_wconf 84' lang='grc' dir='ltr'>μέντοι</span> <span class='ocrx_word' id='word_1_273' title='bbox 2614 2130 2805 2201; x_wconf 81' lang='grc' dir='ltr'>ζώσμα</span> <span class='ocrx_word' id='word_1_274' title='bbox 2841 2134 2975 2201; x_wconf 76' lang='grc' dir='ltr'>μήτε</span> <span class='ocrx_word' id='word_1_275' title='bbox 3017 2130 3122 2181; x_wconf 80' lang='grc' dir='ltr'>ἄνω</span> <span class='ocrx_word' id='word_1_276' title='bbox 3173 2138 3273 2181; x_wconf 87' lang='grc' dir='ltr'>τῶν</span> <span class='ocrx_word' id='word_1_277' title='bbox 3330 2128 3581 2199; x_wconf 76' lang='grc' dir='ltr'><strong>λαγόνων,</strong></span> <span class='ocrx_word' id='word_1_278' title='bbox 3623 2137 3898 2199; x_wconf 74' lang='grc' dir='ltr'>γυναικῶ-</span> 
     </span>
    </p>
   </div>
   <div class='ocr_carea' id='block_1_41' title="bbox 496 2214 2121 2294">
    <p class='ocr_par' dir='ltr' id='par_1_41' title="bbox 496 2215 2119 2289">
     <span class='ocr_line' id='line_1_41' title="bbox 496 2215 2119 2289; baseline 0 -17"><span class='ocrx_word' id='word_1_279' title='bbox 496 2215 561 2289; x_wconf 75' lang='grc' dir='ltr'><strong>ίᾶ</strong></span> <span class='ocrx_word' id='word_1_280' title='bbox 589 2217 751 2272; x_wconf 91' lang='lat' dir='ltr'><strong>enim</strong></span> <span class='ocrx_word' id='word_1_281' title='bbox 786 2215 991 2272; x_wconf 91' lang='lat' dir='ltr'><strong>molle.</strong></span> <span class='ocrx_word' id='word_1_282' title='bbox 1028 2216 1307 2272; x_wconf 84' lang='lat' dir='ltr'><strong>Incessus</strong></span> <span class='ocrx_word' id='word_1_283' title='bbox 1332 2223 1466 2273; x_wconf 87' lang='lat' dir='ltr'><strong>esto</strong></span> <span class='ocrx_word' id='word_1_284' title='bbox 1501 2233 1612 2273; x_wconf 90' lang='lat' dir='ltr'><strong>nec</strong></span> <span class='ocrx_word' id='word_1_285' title='bbox 1661 2219 1866 2287; x_wconf 81' lang='lat' dir='ltr'><strong>segnis</strong></span> <span class='ocrx_word' id='word_1_286' title='bbox 1896 2234 2010 2273; x_wconf 90' lang='lat' dir='ltr'><strong>nec</strong></span> <span class='ocrx_word' id='word_1_287' title='bbox 2038 2233 2119 2273; x_wconf 90' lang='lat' dir='ltr'><strong>an</strong></span> 
     </span>
    </p>
   </div>
   <div class='ocr_carea' id='block_1_42' title="bbox 2267 2214 3892 2294">
    <p class='ocr_par' dir='ltr' id='par_1_42' title="bbox 2285 2214 3892 2294">
     <span class='ocr_line' id='line_1_42' title="bbox 2285 2214 3892 2294; baseline -0.001 -22"><span class='ocrx_word' id='word_1_288' title='bbox 2285 2216 2373 2280; x_wconf 85' lang='grc' dir='ltr'><strong>δες</strong></span> <span class='ocrx_word' id='word_1_289' title='bbox 2428 2222 2550 2294; x_wconf 69' lang='grc' dir='ltr'>γάρ·</span> <span class='ocrx_word' id='word_1_290' title='bbox 2594 2224 2728 2292; x_wconf 78' lang='grc' dir='ltr'>μήτε</span> <span class='ocrx_word' id='word_1_291' title='bbox 2778 2226 2996 2290; x_wconf 86' lang='grc' dir='ltr'>χαῦνον,</span> <span class='ocrx_word' id='word_1_292' title='bbox 3051 2221 3185 2271; x_wconf 79' lang='grc' dir='ltr'>ὥστε</span> <span class='ocrx_word' id='word_1_293' title='bbox 3238 2214 3470 2293; x_wconf 73' lang='grc' dir='ltr'>διαρρεῖν</span> <span class='ocrx_word' id='word_1_294' title='bbox 3516 2221 3603 2270; x_wconf 84' lang='grc' dir='ltr'>τὸν</span> <span class='ocrx_word' id='word_1_295' title='bbox 3658 2227 3892 2290; x_wconf 82' lang='grc' dir='ltr'>χιτῶνα·</span> 
     </span>
    </p>
   </div>
   <div class='ocr_carea' id='block_1_43' title="bbox 491 2304 2116 2381">
    <p class='ocr_par' dir='ltr' id='par_1_43' title="bbox 491 2306 2116 2378">
     <span class='ocr_line' id='line_1_43' title="bbox 491 2306 2116 2378; baseline 0.001 -16"><span class='ocrx_word' id='word_1_296' title='bbox 491 2322 666 2363; x_wconf 91' lang='lat' dir='ltr'><strong>mum</strong></span> <span class='ocrx_word' id='word_1_297' title='bbox 694 2306 1061 2362; x_wconf 87' lang='lat' dir='ltr'><strong>dissolutum</strong></span> <span class='ocrx_word' id='word_1_298' title='bbox 1093 2312 1308 2378; x_wconf 80' lang='lat' dir='ltr'><strong>arguat</strong></span> <span class='ocrx_word' id='word_1_299' title='bbox 1333 2324 1347 2375; x_wconf 88' lang='lat'><strong>;</strong></span> <span class='ocrx_word' id='word_1_300' title='bbox 1374 2323 1486 2362; x_wconf 89' lang='lat' dir='ltr'><strong>nec</strong></span> <span class='ocrx_word' id='word_1_301' title='bbox 1512 2323 1724 2362; x_wconf 89' lang='lat' dir='ltr'><strong>rursus</strong></span> <span class='ocrx_word' id='word_1_302' title='bbox 1749 2307 2116 2363; x_wconf 67' lang='lat' dir='ltr'><strong>vehemens:</strong></span> 
     </span>
    </p>
   </div>
   <div class='ocr_carea' id='block_1_44' title="bbox 2268 2304 3893 2381">
    <p class='ocr_par' dir='ltr' id='par_1_44' title="bbox 2286 2304 3893 2381">
     <span class='ocr_line' id='line_1_44' title="bbox 2286 2304 3893 2381; baseline -0.001 -21"><span class='ocrx_word' id='word_1_303' title='bbox 2286 2306 2538 2381; x_wconf 74' lang='grc' dir='ltr'><strong>βλακικόν</strong></span> <span class='ocrx_word' id='word_1_304' title='bbox 2584 2311 2706 2381; x_wconf 76' lang='grc' dir='ltr'>γάρ·</span> <span class='ocrx_word' id='word_1_305' title='bbox 2736 2312 2827 2360; x_wconf 82' lang='grc' dir='ltr'>καὶ</span> <span class='ocrx_word' id='word_1_306' title='bbox 2879 2312 2937 2360; x_wconf 88' lang='grc' dir='ltr'>τὸ</span> <span class='ocrx_word' id='word_1_307' title='bbox 2966 2304 3218 2381; x_wconf 86' lang='grc' dir='ltr'>βάδισμα</span> <span class='ocrx_word' id='word_1_308' title='bbox 3262 2314 3395 2380; x_wconf 80' lang='grc' dir='ltr'>μήτε</span> <span class='ocrx_word' id='word_1_309' title='bbox 3449 2309 3667 2381; x_wconf 81' lang='grc' dir='ltr'>νωθρὸν,</span> <span class='ocrx_word' id='word_1_310' title='bbox 3698 2309 3761 2367; x_wconf 78' lang='grc' dir='ltr'>ὡς</span> <span class='ocrx_word' id='word_1_311' title='bbox 3803 2310 3893 2359; x_wconf 82' lang='grc' dir='ltr'><strong>ἔκ-</strong></span> 
     </span>
    </p>
   </div>
   <div class='ocr_carea' id='block_1_45' title="bbox 492 2393 2117 2471">
    <p class='ocr_par' dir='ltr' id='par_1_45' title="bbox 492 2394 2117 2469">
     <span class='ocr_line' id='line_1_45' title="bbox 492 2394 2117 2469; baseline 0.002 -19"><span class='ocrx_word' id='word_1_312' title='bbox 492 2394 820 2468; x_wconf 89' lang='lat' dir='ltr'><strong>superbus,</strong></span> <span class='ocrx_word' id='word_1_313' title='bbox 879 2411 956 2451; x_wconf 91' lang='lat' dir='ltr'><strong>ne</strong></span> <span class='ocrx_word' id='word_1_314' title='bbox 1012 2394 1269 2451; x_wconf 88' lang='lat' dir='ltr'><strong>stolidos</strong></span> <span class='ocrx_word' id='word_1_315' title='bbox 1341 2396 1529 2452; x_wconf 86' lang='lat' dir='ltr'><strong>animi</strong></span> <span class='ocrx_word' id='word_1_316' title='bbox 1590 2397 1859 2469; x_wconf 88' lang='lat' dir='ltr'><strong>impetus</strong></span> <span class='ocrx_word' id='word_1_317' title='bbox 1922 2397 2117 2453; x_wconf 86' lang='lat' dir='ltr'><strong>indice</strong></span> 
     </span>
    </p>
   </div>
   <div class='ocr_carea' id='block_1_46' title="bbox 2263 2393 3888 2471">
    <p class='ocr_par' dir='ltr' id='par_1_46' title="bbox 2283 2393 3888 2471">
     <span class='ocr_line' id='line_1_46' title="bbox 2283 2393 3888 2471; baseline -0.001 -21"><span class='ocrx_word' id='word_1_318' title='bbox 2283 2397 2433 2451; x_wconf 87' lang='grc' dir='ltr'>λυσιν</span> <span class='ocrx_word' id='word_1_319' title='bbox 2475 2406 2566 2458; x_wconf 82' lang='grc' dir='ltr'>τῆς</span> <span class='ocrx_word' id='word_1_320' title='bbox 2613 2398 2801 2470; x_wconf 73' lang='grc' dir='ltr'>ψυχῆς</span> <span class='ocrx_word' id='word_1_321' title='bbox 2843 2404 3172 2470; x_wconf 78' lang='grc' dir='ltr'>κατηγορεῖν·</span> <span class='ocrx_word' id='word_1_322' title='bbox 3222 2394 3356 2470; x_wconf 83' lang='grc' dir='ltr'>μηδ’</span> <span class='ocrx_word' id='word_1_323' title='bbox 3399 2393 3464 2449; x_wconf 79' lang='grc' dir='ltr'><strong>αὖ</strong></span> <span class='ocrx_word' id='word_1_324' title='bbox 3518 2393 3741 2471; x_wconf 77' lang='grc' dir='ltr'>σφοδρόν</span> <span class='ocrx_word' id='word_1_325' title='bbox 3790 2402 3888 2448; x_wconf 78' lang='grc' dir='ltr'><strong>καὶ</strong></span> 
     </span>
    </p>
   </div>
   <div class='ocr_carea' id='block_1_47' title="bbox 494 2484 2119 2561">
    <p class='ocr_par' dir='ltr' id='par_1_47' title="bbox 494 2484 2119 2557">
     <span class='ocr_line' id='line_1_47' title="bbox 494 2484 2119 2557; baseline 0.001 -17"><span class='ocrx_word' id='word_1_326' title='bbox 494 2485 657 2540; x_wconf 88' lang='lat' dir='ltr'><strong>Unus</strong></span> <span class='ocrx_word' id='word_1_327' title='bbox 687 2484 1024 2540; x_wconf 86' lang='lat' dir='ltr'><strong>vestimenti</strong></span> <span class='ocrx_word' id='word_1_328' title='bbox 1058 2500 1303 2557; x_wconf 87' lang='lat' dir='ltr'><strong>scopus,</strong></span> <span class='ocrx_word' id='word_1_329' title='bbox 1329 2490 1394 2541; x_wconf 91' lang='lat' dir='ltr'><strong>ut</strong></span> <span class='ocrx_word' id='word_1_330' title='bbox 1421 2485 1714 2542; x_wconf 87' lang='lat' dir='ltr'><strong>idoneum</strong></span> <span class='ocrx_word' id='word_1_331' title='bbox 1747 2486 1826 2542; x_wconf 91' lang='lat' dir='ltr'><strong>sit</strong></span> <span class='ocrx_word' id='word_1_332' title='bbox 1863 2487 2063 2542; x_wconf 87' lang='lat' dir='ltr'><strong>carnis</strong></span> <span class='ocrx_word' id='word_1_333' title='bbox 2091 2503 2119 2543; x_wconf 89' lang='lat' dir='ltr'><strong>a</strong></span> 
     </span>
    </p>
   </div>
   <div class='ocr_carea' id='block_1_48' title="bbox 2271 2484 3896 2561">
    <p class='ocr_par' dir='ltr' id='par_1_48' title="bbox 2285 2486 3896 2561">
     <span class='ocr_line' id='line_1_48' title="bbox 2285 2486 3896 2561; baseline -0.002 -20"><span class='ocrx_word' id='word_1_334' title='bbox 2285 2487 2652 2561; x_wconf 76' lang='grc' dir='ltr'>σεσοϐημένον,</span> <span class='ocrx_word' id='word_1_335' title='bbox 2694 2490 2764 2550; x_wconf 86' lang='grc' dir='ltr'>ὡς</span> <span class='ocrx_word' id='word_1_336' title='bbox 2820 2486 3147 2548; x_wconf 70' lang='grc' dir='ltr'>ἐμπλήκτους</span> <span class='ocrx_word' id='word_1_337' title='bbox 3200 2487 3360 2548; x_wconf 68' lang='grc' dir='ltr'>αὐτῆς</span> <span class='ocrx_word' id='word_1_338' title='bbox 3411 2490 3507 2548; x_wconf 79' lang='grc' dir='ltr'>τὰς</span> <span class='ocrx_word' id='word_1_339' title='bbox 3544 2489 3708 2561; x_wconf 82' lang='grc' dir='ltr'>ὁρμὰς</span> <span class='ocrx_word' id='word_1_340' title='bbox 3763 2488 3896 2538; x_wconf 76' lang='grc' dir='ltr'>ὑπο-</span> 
     </span>
    </p>
   </div>
   <div class='ocr_carea' id='block_1_49' title="bbox 491 2572 2116 2649">
    <p class='ocr_par' dir='ltr' id='par_1_49' title="bbox 491 2572 2116 2649">
     <span class='ocr_line' id='line_1_49' title="bbox 491 2572 2116 2649; baseline 0.002 -20"><span class='ocrx_word' id='word_1_341' title='bbox 491 2572 758 2630; x_wconf 91' lang='lat' dir='ltr'><strong>hiemem</strong></span> <span class='ocrx_word' id='word_1_342' title='bbox 786 2578 841 2629; x_wconf 89' lang='lat' dir='ltr'><strong>et</strong></span> <span class='ocrx_word' id='word_1_343' title='bbox 883 2577 1154 2630; x_wconf 71' lang='lat' dir='ltr'><strong>aestatem</strong></span> <span class='ocrx_word' id='word_1_344' title='bbox 1202 2576 1676 2647; x_wconf 89' lang='lat' dir='ltr'><strong>operimentum.</strong></span> <span class='ocrx_word' id='word_1_345' title='bbox 1711 2579 1915 2649; x_wconf 81' lang='lat' dir='ltr'><strong>Neque</strong></span> <span class='ocrx_word' id='word_1_346' title='bbox 1947 2579 2116 2633; x_wconf 87' lang='lat' dir='ltr'><strong>veroi</strong></span> 
     </span>
    </p>
   </div>
   <div class='ocr_carea' id='block_1_50' title="bbox 2268 2572 3893 2649">
    <p class='ocr_par' dir='ltr' id='par_1_50' title="bbox 2286 2572 3893 2649">
     <span class='ocr_line' id='line_1_50' title="bbox 2286 2572 3893 2649; baseline -0.001 -21"><span class='ocrx_word' id='word_1_347' title='bbox 2286 2581 2501 2649; x_wconf 74' lang='grc' dir='ltr'>φαίνειν.</span> <span class='ocrx_word' id='word_1_348' title='bbox 2562 2579 2754 2637; x_wconf 83' lang='grc' dir='ltr'>Σκοπὸς</span> <span class='ocrx_word' id='word_1_349' title='bbox 2825 2574 3045 2637; x_wconf 73' lang='grc' dir='ltr'>ἕσθῆτος</span> <span class='ocrx_word' id='word_1_350' title='bbox 3108 2577 3198 2641; x_wconf 85' lang='grc' dir='ltr'>εἷς,</span> <span class='ocrx_word' id='word_1_351' title='bbox 3249 2575 3501 2648; x_wconf 82' lang='grc' dir='ltr'>κάλυμμα</span> <span class='ocrx_word' id='word_1_352' title='bbox 3566 2572 3697 2627; x_wconf 84' lang='grc' dir='ltr'>εἶναι</span> <span class='ocrx_word' id='word_1_353' title='bbox 3761 2593 3893 2648; x_wconf 85' lang='grc' dir='ltr'>σαρ-</span> 
     </span>
    </p>
   </div>
   <div class='ocr_carea' id='block_1_51' title="bbox 491 2659 2116 2739">
    <p class='ocr_par' dir='ltr' id='par_1_51' title="bbox 491 2662 2116 2739">
     <span class='ocr_line' id='line_1_51' title="bbox 491 2662 2116 2739; baseline 0.002 -20"><span class='ocrx_word' id='word_1_354' title='bbox 491 2662 694 2719; x_wconf 86' lang='lat' dir='ltr'><strong>colore</strong></span> <span class='ocrx_word' id='word_1_355' title='bbox 723 2662 1014 2719; x_wconf 89' lang='lat' dir='ltr'><strong>ﬂoridum</strong></span> <span class='ocrx_word' id='word_1_356' title='bbox 1044 2665 1419 2736; x_wconf 84' lang='lat' dir='ltr'><strong>exquiratur,</strong></span> <span class='ocrx_word' id='word_1_357' title='bbox 1453 2681 1654 2739; x_wconf 90' lang='lat' dir='ltr'><strong>neque</strong></span> <span class='ocrx_word' id='word_1_358' title='bbox 1684 2666 1746 2721; x_wconf 90' lang='lat' dir='ltr'><strong>in</strong></span> <span class='ocrx_word' id='word_1_359' title='bbox 1779 2682 1965 2739; x_wconf 90' lang='lat' dir='ltr'><strong>opere</strong></span> <span class='ocrx_word' id='word_1_360' title='bbox 1995 2674 2116 2723; x_wconf 85' lang='lat' dir='ltr'><strong>tem</strong></span> 
     </span>
    </p>
   </div>
   <div class='ocr_carea' id='block_1_52' title="bbox 2269 2659 3894 2739">
    <p class='ocr_par' dir='ltr' id='par_1_52' title="bbox 2283 2659 3894 2739">
     <span class='ocr_line' id='line_1_52' title="bbox 2283 2659 3894 2739; baseline -0.001 -22"><span class='ocrx_word' id='word_1_361' title='bbox 2283 2670 2376 2728; x_wconf 87' lang='grc' dir='ltr'><strong>κός</strong></span> <span class='ocrx_word' id='word_1_362' title='bbox 2421 2670 2553 2739; x_wconf 87' lang='grc' dir='ltr'>πρός</span> <span class='ocrx_word' id='word_1_363' title='bbox 2601 2674 2841 2738; x_wconf 79' lang='grc' dir='ltr'>χειμῶνα</span> <span class='ocrx_word' id='word_1_364' title='bbox 2893 2670 2983 2717; x_wconf 80' lang='grc' dir='ltr'>καὶ</span> <span class='ocrx_word' id='word_1_365' title='bbox 3038 2667 3180 2738; x_wconf 82' lang='grc' dir='ltr'>θέρος</span> <span class='ocrx_word' id='word_1_366' title='bbox 3230 2668 3501 2738; x_wconf 74' lang='grc' dir='ltr'>αὔταρκες.</span> <span class='ocrx_word' id='word_1_367' title='bbox 3532 2670 3681 2722; x_wconf 74' lang='grc' dir='ltr'>Μήτε</span> <span class='ocrx_word' id='word_1_368' title='bbox 3725 2659 3787 2716; x_wconf 69' lang='grc' dir='ltr'>δὲ</span> <span class='ocrx_word' id='word_1_369' title='bbox 3841 2663 3894 2715; x_wconf 73' lang='grc' dir='ltr'>ἐν</span> 
     </span>
    </p>
   </div>
   <div class='ocr_carea' id='block_1_53' title="bbox 491 2750 2116 2831">
    <p class='ocr_par' dir='ltr' id='par_1_53' title="bbox 491 2752 2116 2828">
     <span class='ocr_line' id='line_1_53' title="bbox 491 2752 2116 2828; baseline 0.002 -18"><span class='ocrx_word' id='word_1_370' title='bbox 491 2768 565 2810; x_wconf 91' lang='lat' dir='ltr'><strong>ac</strong></span> <span class='ocrx_word' id='word_1_371' title='bbox 601 2752 803 2809; x_wconf 90' lang='lat' dir='ltr'><strong>molle.</strong></span> <span class='ocrx_word' id='word_1_372' title='bbox 837 2754 1068 2809; x_wconf 86' lang='lat' dir='ltr'><strong>Etenim</strong></span> <span class='ocrx_word' id='word_1_373' title='bbox 1096 2754 1157 2810; x_wconf 91' lang='lat' dir='ltr'><strong>in</strong></span> <span class='ocrx_word' id='word_1_374' title='bbox 1189 2760 1356 2811; x_wconf 86' lang='lat' dir='ltr'><strong>veste</strong></span> <span class='ocrx_word' id='word_1_375' title='bbox 1397 2756 1848 2828; x_wconf 86' lang='lat' dir='ltr'><strong>pigmentorum</strong></span> <span class='ocrx_word' id='word_1_376' title='bbox 1899 2756 2116 2813; x_wconf 70' lang='lat' dir='ltr'><strong>lautitia</strong></span> 
     </span>
    </p>
   </div>
   <div class='ocr_carea' id='block_1_54' title="bbox 2271 2750 3896 2831">
    <p class='ocr_par' dir='ltr' id='par_1_54' title="bbox 2284 2750 3896 2831">
     <span class='ocr_line' id='line_1_54' title="bbox 2284 2750 3896 2831; baseline -0.001 -25"><span class='ocrx_word' id='word_1_377' title='bbox 2284 2762 2527 2831; x_wconf 76' lang='grc' dir='ltr'>χρώματι</span> <span class='ocrx_word' id='word_1_378' title='bbox 2561 2757 2671 2824; x_wconf 79' lang='lat'><strong>(97)</strong></span> <span class='ocrx_word' id='word_1_379' title='bbox 2721 2759 2781 2807; x_wconf 88' lang='grc' dir='ltr'>τὸ</span> <span class='ocrx_word' id='word_1_380' title='bbox 2841 2754 3061 2828; x_wconf 74' lang='grc' dir='ltr'>ἀνθηρὸν</span> <span class='ocrx_word' id='word_1_381' title='bbox 3107 2750 3401 2820; x_wconf 79' lang='grc' dir='ltr'>διωκέσθω,</span> <span class='ocrx_word' id='word_1_382' title='bbox 3435 2758 3567 2827; x_wconf 81' lang='grc' dir='ltr'>μήτε</span> <span class='ocrx_word' id='word_1_383' title='bbox 3606 2753 3655 2806; x_wconf 71' lang='grc' dir='ltr'>ἐν</span> <span class='ocrx_word' id='word_1_384' title='bbox 3684 2762 3747 2812; x_wconf 76' lang='grc' dir='ltr'>τῆ</span> <span class='ocrx_word' id='word_1_385' title='bbox 3794 2773 3896 2805; x_wconf 80' lang='grc' dir='ltr'><strong>κα-</strong></span> 
     </span>
    </p>
   </div>
   <div class='ocr_carea' id='block_1_55' title="bbox 490 2842 2115 2919">
    <p class='ocr_par' dir='ltr' id='par_1_55' title="bbox 490 2842 2115 2919">
     <span class='ocr_line' id='line_1_55' title="bbox 490 2842 2115 2919; baseline 0.004 -23"><span class='ocrx_word' id='word_1_386' title='bbox 490 2842 847 2910; x_wconf 89' lang='lat' dir='ltr'><strong>consectari,</strong></span> <span class='ocrx_word' id='word_1_387' title='bbox 872 2858 996 2898; x_wconf 94' lang='lat' dir='ltr'><strong>non</strong></span> <span class='ocrx_word' id='word_1_388' title='bbox 1030 2843 1308 2899; x_wconf 90' lang='lat' dir='ltr'><strong>absimile</strong></span> <span class='ocrx_word' id='word_1_389' title='bbox 1336 2850 1427 2901; x_wconf 91' lang='lat' dir='ltr'><strong>est</strong></span> <span class='ocrx_word' id='word_1_390' title='bbox 1450 2847 1791 2901; x_wconf 89' lang='lat' dir='ltr'><strong>venustatis</strong></span> <span class='ocrx_word' id='word_1_391' title='bbox 1814 2846 2115 2919; x_wconf 74' lang='lat' dir='ltr'><strong>studio,qr</strong></span> 
     </span>
    </p>
   </div>
   <div class='ocr_carea' id='block_1_56' title="bbox 2268 2842 3893 2919">
    <p class='ocr_par' dir='ltr' id='par_1_56' title="bbox 2283 2842 3893 2918">
     <span class='ocr_line' id='line_1_56' title="bbox 2283 2842 3893 2918; baseline -0.002 -21"><span class='ocrx_word' id='word_1_392' title='bbox 2283 2853 2512 2918; x_wconf 76' lang='grc' dir='ltr'>τασκευῇ</span> <span class='ocrx_word' id='word_1_393' title='bbox 2587 2848 2643 2897; x_wconf 90' lang='grc' dir='ltr'>τὸ</span> <span class='ocrx_word' id='word_1_394' title='bbox 2695 2843 2878 2897; x_wconf 87' lang='grc' dir='ltr'>λεπτὸν</span> <span class='ocrx_word' id='word_1_395' title='bbox 2934 2848 3026 2895; x_wconf 84' lang='grc' dir='ltr'>καὶ</span> <span class='ocrx_word' id='word_1_396' title='bbox 3081 2843 3336 2917; x_wconf 85' lang='grc' dir='ltr'>μαλακόν.</span> <span class='ocrx_word' id='word_1_397' title='bbox 3412 2847 3481 2896; x_wconf 90' lang='grc' dir='ltr'><strong>Τὸ</strong></span> <span class='ocrx_word' id='word_1_398' title='bbox 3538 2845 3638 2916; x_wconf 73' lang='grc' dir='ltr'>γὰρ</span> <span class='ocrx_word' id='word_1_399' title='bbox 3686 2844 3782 2904; x_wconf 78' lang='grc' dir='ltr'>τὰς</span> <span class='ocrx_word' id='word_1_400' title='bbox 3842 2842 3893 2894; x_wconf 78' lang='grc' dir='ltr'>ἐν</span> 
     </span>
    </p>
   </div>
   <div class='ocr_carea' id='block_1_57' title="bbox 490 2931 2115 3009">
    <p class='ocr_par' dir='ltr' id='par_1_57' title="bbox 490 2931 2115 3007">
     <span class='ocr_line' id='line_1_57' title="bbox 490 2931 2115 3007; baseline 0.004 -21"><span class='ocrx_word' id='word_1_401' title='bbox 490 2931 776 2988; x_wconf 88' lang='lat' dir='ltr'><strong>mulieres</strong></span> <span class='ocrx_word' id='word_1_402' title='bbox 837 2932 1163 3001; x_wconf 89' lang='lat' dir='ltr'><strong>ducuntur,</strong></span> <span class='ocrx_word' id='word_1_403' title='bbox 1197 2933 1344 2990; x_wconf 85' lang='lat' dir='ltr'><strong>dum</strong></span> <span class='ocrx_word' id='word_1_404' title='bbox 1389 2950 1582 3007; x_wconf 91' lang='lat' dir='ltr'><strong>genas</strong></span> <span class='ocrx_word' id='word_1_405' title='bbox 1625 2939 1689 2995; x_wconf 88' lang='lat' dir='ltr'><strong>et</strong></span> <span class='ocrx_word' id='word_1_406' title='bbox 1724 2936 1921 2992; x_wconf 84' lang='lat' dir='ltr'><strong>crines</strong></span> <span class='ocrx_word' id='word_1_407' title='bbox 1964 2936 2115 2992; x_wconf 86' lang='lat' dir='ltr'><strong>alien</strong></span> 
     </span>
    </p>
   </div>
   <div class='ocr_carea' id='block_1_58' title="bbox 2270 2931 3895 3009">
    <p class='ocr_par' dir='ltr' id='par_1_58' title="bbox 2284 2931 3895 3009">
     <span class='ocr_line' id='line_1_58' title="bbox 2284 2931 3895 3009; baseline -0.002 -22"><span class='ocrx_word' id='word_1_408' title='bbox 2284 2935 2470 2995; x_wconf 74' lang='grc' dir='ltr'>ἐσθῆτί</span> <span class='ocrx_word' id='word_1_409' title='bbox 2518 2934 2770 3009; x_wconf 70' lang='grc' dir='ltr'>εὖχροίας</span> <span class='ocrx_word' id='word_1_410' title='bbox 2798 2941 3135 3007; x_wconf 81' lang='grc' dir='ltr'>περισκοπεῖν</span> <span class='ocrx_word' id='word_1_411' title='bbox 3186 2935 3298 2986; x_wconf 78' lang='grc' dir='ltr'>ἴσον</span> <span class='ocrx_word' id='word_1_412' title='bbox 3320 2933 3432 2986; x_wconf 81' lang='grc' dir='ltr'>ἐστὶ</span> <span class='ocrx_word' id='word_1_413' title='bbox 3460 2937 3739 3005; x_wconf 73' lang='grc' dir='ltr'>γυναικείῳ</span> <span class='ocrx_word' id='word_1_414' title='bbox 3767 2931 3895 2983; x_wconf 88' lang='grc' dir='ltr'>καλ-</span> 
     </span>
    </p>
   </div>
   <div class='ocr_carea' id='block_1_59' title="bbox 488 3018 2113 3098">
    <p class='ocr_par' dir='ltr' id='par_1_59' title="bbox 488 3018 2113 3097">
     <span class='ocr_line' id='line_1_59' title="bbox 488 3018 2113 3097; baseline 0.004 -21"><span class='ocrx_word' id='word_1_415' title='bbox 488 3018 639 3077; x_wconf 89' lang='lat' dir='ltr'><strong>ﬂore</strong></span> <span class='ocrx_word' id='word_1_416' title='bbox 669 3020 966 3078; x_wconf 87' lang='lat' dir='ltr'><strong>inﬁciunt.</strong></span> <span class='ocrx_word' id='word_1_417' title='bbox 1008 3022 1121 3080; x_wconf 90' lang='lat' dir='ltr'><strong>Sed</strong></span> <span class='ocrx_word' id='word_1_418' title='bbox 1153 3028 1211 3079; x_wconf 90' lang='lat' dir='ltr'><strong>et</strong></span> <span class='ocrx_word' id='word_1_419' title='bbox 1242 3040 1314 3080; x_wconf 90' lang='lat' dir='ltr'><strong>eo</strong></span> <span class='ocrx_word' id='word_1_420' title='bbox 1359 3040 1550 3097; x_wconf 90' lang='lat' dir='ltr'><strong>usque</strong></span> <span class='ocrx_word' id='word_1_421' title='bbox 1590 3041 1795 3081; x_wconf 88' lang='lat' dir='ltr'><strong>crassa</strong></span> <span class='ocrx_word' id='word_1_422' title='bbox 1834 3027 2037 3082; x_wconf 86' lang='lat' dir='ltr'><strong>tunica</strong></span> <span class='ocrx_word' id='word_1_423' title='bbox 2068 3027 2113 3083; x_wconf 93' lang='lat' dir='ltr'><strong>si</strong></span> 
     </span>
    </p>
   </div>
   <div class='ocr_carea' id='block_1_60' title="bbox 2271 3018 3896 3098">
    <p class='ocr_par' dir='ltr' id='par_1_60' title="bbox 2276 3020 3896 3098">
     <span class='ocr_line' id='line_1_60' title="bbox 2276 3020 3896 3098; baseline 0.001 -24"><span class='ocrx_word' id='word_1_424' title='bbox 2276 3023 2551 3097; x_wconf 75' lang='grc' dir='ltr'>λωπισμῷ,</span> <span class='ocrx_word' id='word_1_425' title='bbox 2599 3027 2651 3076; x_wconf 84' lang='grc' dir='ltr'>ὃν</span> <span class='ocrx_word' id='word_1_426' title='bbox 2710 3024 2897 3076; x_wconf 84' lang='grc' dir='ltr'>ἐκεῖναι</span> <span class='ocrx_word' id='word_1_427' title='bbox 2958 3020 3381 3089; x_wconf 73' lang='grc' dir='ltr'>ἐπιτηδεύουσιν,</span> <span class='ocrx_word' id='word_1_428' title='bbox 3425 3021 3673 3098; x_wconf 82' lang='grc' dir='ltr'>ἀλλοτρίω</span> <span class='ocrx_word' id='word_1_429' title='bbox 3744 3023 3896 3075; x_wconf 79' lang='grc' dir='ltr'>ἄνθει</span> 
     </span>
    </p>
   </div>
   <div class='ocr_carea' id='block_1_61' title="bbox 492 3108 2117 3199">
    <p class='ocr_par' dir='ltr' id='par_1_61' title="bbox 492 3110 2117 3199">
     <span class='ocr_line' id='line_1_61' title="bbox 492 3110 2117 3199; baseline 0.004 -33"><span class='ocrx_word' id='word_1_430' title='bbox 492 3114 573 3199; x_wconf 87' lang='lat' dir='ltr'><strong>ut</strong></span> <span class='ocrx_word' id='word_1_431' title='bbox 604 3110 771 3168; x_wconf 84' lang='lat' dir='ltr'><strong>socia</strong></span> <span class='ocrx_word' id='word_1_432' title='bbox 813 3127 971 3183; x_wconf 90' lang='lat' dir='ltr'><strong>opus</strong></span> <span class='ocrx_word' id='word_1_433' title='bbox 1019 3126 1145 3168; x_wconf 88' lang='lat' dir='ltr'><strong>non</strong></span> <span class='ocrx_word' id='word_1_434' title='bbox 1194 3112 1435 3179; x_wconf 84' lang='lat' dir='ltr'><strong>habeat,</strong></span> <span class='ocrx_word' id='word_1_435' title='bbox 1463 3113 1541 3168; x_wconf 91' lang='lat' dir='ltr'><strong>ad</strong></span> <span class='ocrx_word' id='word_1_436' title='bbox 1574 3130 1714 3170; x_wconf 91' lang='lat' dir='ltr'><strong>eum</strong></span> <span class='ocrx_word' id='word_1_437' title='bbox 1764 3116 1869 3187; x_wconf 91' lang='lat' dir='ltr'><strong>qui</strong></span> <span class='ocrx_word' id='word_1_438' title='bbox 1901 3116 2117 3172; x_wconf 73' lang='lat' dir='ltr'><strong>induiti</strong></span> 
     </span>
    </p>
   </div>
   <div class='ocr_carea' id='block_1_62' title="bbox 2272 3108 3897 3199">
    <p class='ocr_par' dir='ltr' id='par_1_62' title="bbox 2276 3108 3897 3188">
     <span class='ocr_line' id='line_1_62' title="bbox 2276 3108 3897 3188; baseline -0.002 -21"><span class='ocrx_word' id='word_1_439' title='bbox 2276 3112 2493 3188; x_wconf 76' lang='grc' dir='ltr'>παρειὰς</span> <span class='ocrx_word' id='word_1_440' title='bbox 2538 3118 2629 3165; x_wconf 87' lang='grc' dir='ltr'><strong>καὶ</strong></span> <span class='ocrx_word' id='word_1_441' title='bbox 2693 3118 2885 3188; x_wconf 82' lang='grc' dir='ltr'>τρίχας</span> <span class='ocrx_word' id='word_1_442' title='bbox 2961 3113 3155 3165; x_wconf 74' lang='grc' dir='ltr'>ἑαυτῶν</span> <span class='ocrx_word' id='word_1_443' title='bbox 3229 3112 3683 3167; x_wconf 78' lang='grc' dir='ltr'>καταϐάπτουσαι.</span> <span class='ocrx_word' id='word_1_444' title='bbox 3734 3108 3897 3165; x_wconf 80' lang='grc' dir='ltr'>Ἀλλά</span> 
     </span>
    </p>
   </div>
   <div class='ocr_carea' id='block_1_63' title="bbox 489 3198 2114 3277">
    <p class='ocr_par' dir='ltr' id='par_1_63' title="bbox 489 3198 2114 3277">
     <span class='ocr_line' id='line_1_63' title="bbox 489 3198 2114 3277; baseline 0.003 -21"><span class='ocrx_word' id='word_1_445' title='bbox 489 3198 1001 3257; x_wconf 78' lang='lat' dir='ltr'><strong>calefaciendum.</strong></span> <span class='ocrx_word' id='word_1_446' title='bbox 1040 3200 1415 3257; x_wconf 90' lang='lat' dir='ltr'><strong>Calcearium</strong></span> <span class='ocrx_word' id='word_1_447' title='bbox 1456 3209 1661 3259; x_wconf 85' lang='lat' dir='ltr'><strong>autem</strong></span> <span class='ocrx_word' id='word_1_448' title='bbox 1693 3204 1888 3275; x_wconf 90' lang='lat' dir='ltr'><strong>pretio</strong></span> <span class='ocrx_word' id='word_1_449' title='bbox 1920 3205 2114 3277; x_wconf 72' lang='lat' dir='ltr'><strong>quidei</strong></span> 
     </span>
    </p>
   </div>
   <div class='ocr_carea' id='block_1_64' title="bbox 2268 3198 3893 3277">
    <p class='ocr_par' dir='ltr' id='par_1_64' title="bbox 2277 3200 3893 3276">
     <span class='ocr_line' id='line_1_64' title="bbox 2277 3200 3893 3276; baseline 0 -23"><span class='ocrx_word' id='word_1_450' title='bbox 2277 3206 2380 3276; x_wconf 81' lang='grc' dir='ltr'>μὴν</span> <span class='ocrx_word' id='word_1_451' title='bbox 2424 3208 2514 3255; x_wconf 80' lang='grc' dir='ltr'><strong>καὶ</strong></span> <span class='ocrx_word' id='word_1_452' title='bbox 2566 3205 2877 3274; x_wconf 79' lang='grc' dir='ltr'>παχύτητος</span> <span class='ocrx_word' id='word_1_453' title='bbox 2932 3201 3097 3264; x_wconf 76' lang='grc' dir='ltr'>οὑτως</span> <span class='ocrx_word' id='word_1_454' title='bbox 3149 3204 3341 3275; x_wconf 70' lang='grc' dir='ltr'>ἔχεινό</span> <span class='ocrx_word' id='word_1_455' title='bbox 3366 3207 3533 3274; x_wconf 84' lang='grc' dir='ltr'>χιτὼν</span> <span class='ocrx_word' id='word_1_456' title='bbox 3578 3200 3785 3273; x_wconf 63' lang='grc' dir='ltr'>ὀφείλει,</span> <span class='ocrx_word' id='word_1_457' title='bbox 3818 3203 3893 3262; x_wconf 82' lang='grc' dir='ltr'>ὡς</span> 
     </span>
    </p>
   </div>
   <div class='ocr_carea' id='block_1_65' title="bbox 489 3285 2114 3368">
    <p class='ocr_par' dir='ltr' id='par_1_65' title="bbox 489 3287 2114 3365">
     <span class='ocr_line' id='line_1_65' title="bbox 489 3287 2114 3365; baseline 0.001 -20"><span class='ocrx_word' id='word_1_458' title='bbox 489 3287 616 3355; x_wconf 89' lang='lat' dir='ltr'><strong>vili,</strong></span> <span class='ocrx_word' id='word_1_459' title='bbox 642 3288 749 3345; x_wconf 89' lang='lat' dir='ltr'><strong>sed</strong></span> <span class='ocrx_word' id='word_1_460' title='bbox 783 3289 881 3345; x_wconf 89' lang='lat' dir='ltr'><strong>cui</strong></span> <span class='ocrx_word' id='word_1_461' title='bbox 910 3288 1062 3345; x_wconf 90' lang='lat' dir='ltr'><strong>nihil</strong></span> <span class='ocrx_word' id='word_1_462' title='bbox 1091 3290 1246 3347; x_wconf 89' lang='lat' dir='ltr'><strong>desit</strong></span> <span class='ocrx_word' id='word_1_463' title='bbox 1276 3291 1355 3347; x_wconf 91' lang='lat' dir='ltr'><strong>ad</strong></span> <span class='ocrx_word' id='word_1_464' title='bbox 1387 3308 1563 3347; x_wconf 87' lang='lat' dir='ltr'><strong>usum</strong></span> <span class='ocrx_word' id='word_1_465' title='bbox 1595 3292 1989 3365; x_wconf 80' lang='lat' dir='ltr'><strong>explendum.</strong></span> <span class='ocrx_word' id='word_1_466' title='bbox 2018 3297 2114 3351; x_wconf 71' lang='lat' dir='ltr'><strong>Eti</strong></span> 
     </span>
    </p>
   </div>
   <div class='ocr_carea' id='block_1_66' title="bbox 2266 3285 3891 3368">
    <p class='ocr_par' dir='ltr' id='par_1_66' title="bbox 2277 3285 3891 3368">
     <span class='ocr_line' id='line_1_66' title="bbox 2277 3285 3891 3368; baseline -0.001 -23"><span class='ocrx_word' id='word_1_467' title='bbox 2277 3298 2349 3360; x_wconf 78' lang='grc' dir='ltr'>μὴ</span> <span class='ocrx_word' id='word_1_468' title='bbox 2386 3289 2596 3345; x_wconf 85' lang='grc' dir='ltr'>δεῖσθαι</span> <span class='ocrx_word' id='word_1_469' title='bbox 2648 3300 2894 3345; x_wconf 83' lang='grc' dir='ltr'>κοινωνοῦ</span> <span class='ocrx_word' id='word_1_470' title='bbox 2952 3296 3084 3368; x_wconf 85' lang='grc' dir='ltr'>πρὸς</span> <span class='ocrx_word' id='word_1_471' title='bbox 3134 3296 3193 3344; x_wconf 87' lang='lat'><strong>1&#39;6</strong></span> <span class='ocrx_word' id='word_1_472' title='bbox 3240 3291 3449 3346; x_wconf 83' lang='grc' dir='ltr'>θάλπειν</span> <span class='ocrx_word' id='word_1_473' title='bbox 3497 3295 3584 3344; x_wconf 83' lang='grc' dir='ltr'>τὸν</span> <span class='ocrx_word' id='word_1_474' title='bbox 3642 3285 3891 3361; x_wconf 81' lang='grc' dir='ltr'>ἐνδυόμε-</span> 
     </span>
    </p>
   </div>
   <div class='ocr_carea' id='block_1_67' title="bbox 490 3376 2115 3456">
    <p class='ocr_par' dir='ltr' id='par_1_67' title="bbox 490 3376 2108 3454">
     <span class='ocr_line' id='line_1_67' title="bbox 490 3376 2108 3454; baseline 0.004 -21"><span class='ocrx_word' id='word_1_475' title='bbox 490 3376 690 3443; x_wconf 74' lang='grc' dir='ltr'>εοωθΙ</span> <span class='ocrx_word' id='word_1_476' title='bbox 719 3378 928 3434; x_wconf 89' lang='lat' dir='ltr'><strong>omnia</strong></span> <span class='ocrx_word' id='word_1_477' title='bbox 970 3394 1094 3435; x_wconf 92' lang='lat' dir='ltr'><strong>uno</strong></span> <span class='ocrx_word' id='word_1_478' title='bbox 1131 3380 1322 3437; x_wconf 85' lang='lat' dir='ltr'><strong>verbo</strong></span> <span class='ocrx_word' id='word_1_479' title='bbox 1375 3382 1764 3454; x_wconf 87' lang='lat' dir='ltr'><strong>complectar,</strong></span> <span class='ocrx_word' id='word_1_480' title='bbox 1800 3384 1955 3439; x_wconf 87' lang='lat' dir='ltr'><strong>utin</strong></span> <span class='ocrx_word' id='word_1_481' title='bbox 2000 3401 2108 3440; x_wconf 85' lang='lat' dir='ltr'><strong>ves</strong></span> 
     </span>
    </p>
   </div>
   <div class='ocr_carea' id='block_1_68' title="bbox 2261 3376 3886 3456">
    <p class='ocr_par' dir='ltr' id='par_1_68' title="bbox 2275 3378 3886 3456">
     <span class='ocr_line' id='line_1_68' title="bbox 2275 3378 3886 3456; baseline -0.002 -20"><span class='ocrx_word' id='word_1_482' title='bbox 2275 3403 2379 3436; x_wconf 90' lang='grc' dir='ltr'>νον.</span> <span class='ocrx_word' id='word_1_483' title='bbox 2439 3379 2704 3455; x_wconf 84' lang='grc' dir='ltr'>Υπόδημα</span> <span class='ocrx_word' id='word_1_484' title='bbox 2759 3379 2819 3435; x_wconf 66' lang='grc' dir='ltr'>δὲ</span> <span class='ocrx_word' id='word_1_485' title='bbox 2871 3386 2930 3435; x_wconf 90' lang='grc' dir='ltr'>τὸ</span> <span class='ocrx_word' id='word_1_486' title='bbox 2980 3382 3171 3443; x_wconf 68' lang='grc' dir='ltr'>εὐτελὲς</span> <span class='ocrx_word' id='word_1_487' title='bbox 3378 3383 3513 3435; x_wconf 87' lang='grc' dir='ltr'>κατὰ</span> <span class='ocrx_word' id='word_1_488' title='bbox 3568 3386 3663 3440; x_wconf 78' lang='grc' dir='ltr'>τὴν</span> <span class='ocrx_word' id='word_1_489' title='bbox 3710 3378 3886 3447; x_wconf 80' lang='grc' dir='ltr'>ἀξίαν,</span> 
     </span>
    </p>
   </div>
   <div class='ocr_carea' id='block_1_69' title="bbox 489 3456 2114 3548">
    <p class='ocr_par' dir='ltr' id='par_1_69' title="bbox 489 3466 2114 3547">
     <span class='ocr_line' id='line_1_69' title="bbox 489 3466 2114 3547; baseline 0.006 -26"><span class='ocrx_word' id='word_1_490' title='bbox 489 3466 906 3523; x_wconf 88' lang='lat' dir='ltr'><strong>necessarium</strong></span> <span class='ocrx_word' id='word_1_491' title='bbox 937 3468 1245 3541; x_wconf 68' lang='lat' dir='ltr'><strong>precipue</strong></span> <span class='ocrx_word' id='word_1_492' title='bbox 1277 3470 1636 3527; x_wconf 88' lang='lat' dir='ltr'><strong>sectandum</strong></span> <span class='ocrx_word' id='word_1_493' title='bbox 1666 3472 1782 3528; x_wconf 89' lang='lat' dir='ltr'><strong>:ita</strong></span> <span class='ocrx_word' id='word_1_494' title='bbox 1810 3473 1871 3529; x_wconf 89' lang='lat' dir='ltr'><strong>in</strong></span> <span class='ocrx_word' id='word_1_495' title='bbox 1893 3473 2032 3530; x_wconf 91' lang='lat' dir='ltr'><strong>cibo</strong></span> <span class='ocrx_word' id='word_1_496' title='bbox 2059 3492 2114 3547; x_wconf 73' lang='lat' dir='ltr'><strong>pa</strong></span> 
     </span>
    </p>
   </div>
   <div class='ocr_carea' id='block_1_70' title="bbox 2263 3456 3888 3548">
    <p class='ocr_par' dir='ltr' id='par_1_70' title="bbox 2276 3456 3888 3548">
     <span class='ocr_line' id='line_1_70' title="bbox 2276 3456 3888 3548; baseline -0.001 -23"><span class='ocrx_word' id='word_1_497' title='bbox 2276 3470 2525 3535; x_wconf 79' lang='grc' dir='ltr'>ἁνενδεῶς</span> <span class='ocrx_word' id='word_1_498' title='bbox 2579 3469 2639 3526; x_wconf 71' lang='grc' dir='ltr'>δὲ</span> <span class='ocrx_word' id='word_1_499' title='bbox 2694 3476 2788 3531; x_wconf 79' lang='grc' dir='ltr'>τὴν</span> <span class='ocrx_word' id='word_1_500' title='bbox 2866 3476 3054 3545; x_wconf 86' lang='grc' dir='ltr'>χρείαν</span> <span class='ocrx_word' id='word_1_501' title='bbox 3127 3471 3482 3548; x_wconf 84' lang='grc' dir='ltr'>ἀποπληροῦν.</span> <span class='ocrx_word' id='word_1_502' title='bbox 3541 3475 3644 3524; x_wconf 80' lang='grc' dir='ltr'><strong>Καὶ</strong></span> <span class='ocrx_word' id='word_1_503' title='bbox 3708 3456 3888 3534; x_wconf 51' lang='grc' dir='ltr'>ἁπαξλ</span> 
     </span>
    </p>
   </div>
   <div class='ocr_carea' id='block_1_71' title="bbox 488 3554 2113 3636">
    <p class='ocr_par' dir='ltr' id='par_1_71' title="bbox 488 3554 2107 3632">
     <span class='ocr_line' id='line_1_71' title="bbox 488 3554 2107 3632; baseline 0.005 -21"><span class='ocrx_word' id='word_1_504' title='bbox 488 3554 583 3612; x_wconf 90' lang='lat' dir='ltr'><strong>nis</strong></span> <span class='ocrx_word' id='word_1_505' title='bbox 611 3555 878 3629; x_wconf 82' lang='lat' dir='ltr'><strong>explebit</strong></span> <span class='ocrx_word' id='word_1_506' title='bbox 908 3557 1527 3632; x_wconf 88' lang='lat' dir='ltr'><strong>necessitatem,aqua</strong></span> <span class='ocrx_word' id='word_1_507' title='bbox 1545 3561 1785 3618; x_wconf 91' lang='lat' dir='ltr'><strong>sedabit</strong></span> <span class='ocrx_word' id='word_1_508' title='bbox 1813 3562 1973 3618; x_wconf 88' lang='lat' dir='ltr'><strong>sitim</strong></span> <span class='ocrx_word' id='word_1_509' title='bbox 2010 3580 2107 3620; x_wconf 91' lang='lat' dir='ltr'><strong>rec</strong></span> 
     </span>
    </p>
   </div>
   <div class='ocr_carea' id='block_1_72' title="bbox 2263 3554 3888 3636">
    <p class='ocr_par' dir='ltr' id='par_1_72' title="bbox 2276 3558 3888 3636">
     <span class='ocr_line' id='line_1_72' title="bbox 2276 3558 3888 3636; baseline -0.002 -20"><span class='ocrx_word' id='word_1_510' title='bbox 2276 3563 2470 3627; x_wconf 85' lang='grc' dir='ltr'>απλῶς,</span> <span class='ocrx_word' id='word_1_511' title='bbox 2539 3564 2605 3624; x_wconf 84' lang='grc' dir='ltr'>ὡς</span> <span class='ocrx_word' id='word_1_512' title='bbox 2671 3561 2720 3613; x_wconf 80' lang='grc' dir='ltr'>ἐν</span> <span class='ocrx_word' id='word_1_513' title='bbox 2773 3570 2845 3633; x_wconf 84' lang='grc' dir='ltr'>τῷ</span> <span class='ocrx_word' id='word_1_514' title='bbox 2902 3558 3157 3634; x_wconf 79' lang='grc' dir='ltr'>ἐνδύματι</span> <span class='ocrx_word' id='word_1_515' title='bbox 3235 3563 3458 3636; x_wconf 75' lang='grc' dir='ltr'><strong>ἠσχῖσθαι</strong></span> <span class='ocrx_word' id='word_1_516' title='bbox 3514 3564 3772 3633; x_wconf 70' lang='grc' dir='ltr'>προσήκει</span> <span class='ocrx_word' id='word_1_517' title='bbox 3822 3564 3888 3613; x_wconf 86' lang='grc' dir='ltr'>τὸ</span> 
     </span>
    </p>
   </div>
   <div class='ocr_carea' id='block_1_73' title="bbox 493 3644 2118 3726">
    <p class='ocr_par' dir='ltr' id='par_1_73' title="bbox 493 3644 2118 3724">
     <span class='ocr_line' id='line_1_73' title="bbox 493 3644 2118 3724; baseline 0.006 -23"><span class='ocrx_word' id='word_1_518' title='bbox 493 3644 750 3713; x_wconf 86' lang='lat' dir='ltr'><strong>valenti;</strong></span> <span class='ocrx_word' id='word_1_519' title='bbox 778 3645 1003 3719; x_wconf 89' lang='lat' dir='ltr'><strong>quibus</strong></span> <span class='ocrx_word' id='word_1_520' title='bbox 1029 3647 1323 3705; x_wconf 87' lang='lat' dir='ltr'><strong>accedent</strong></span> <span class='ocrx_word' id='word_1_521' title='bbox 1340 3665 1725 3724; x_wconf 70' lang='lat' dir='ltr'><strong>quaecunque</strong></span> <span class='ocrx_word' id='word_1_522' title='bbox 1755 3668 1827 3708; x_wconf 80' lang='lat' dir='ltr'><strong>ex</strong></span> <span class='ocrx_word' id='word_1_523' title='bbox 1848 3652 2118 3724; x_wconf 79' lang='lat' dir='ltr'><strong>legumin</strong></span> 
     </span>
    </p>
   </div>
   <div class='ocr_carea' id='block_1_74' title="bbox 2262 3644 3887 3726">
    <p class='ocr_par' dir='ltr' id='par_1_74' title="bbox 2273 3648 3887 3726">
     <span class='ocr_line' id='line_1_74' title="bbox 2273 3648 3887 3726; baseline -0.002 -22"><span class='ocrx_word' id='word_1_524' title='bbox 2273 3648 2553 3726; x_wconf 82' lang='grc' dir='ltr'>χρειῶδες,</span> <span class='ocrx_word' id='word_1_525' title='bbox 2578 3650 2713 3703; x_wconf 71' lang='grc' dir='ltr'>οὓτω</span> <span class='ocrx_word' id='word_1_526' title='bbox 2742 3655 2834 3702; x_wconf 83' lang='grc' dir='ltr'>καὶ</span> <span class='ocrx_word' id='word_1_527' title='bbox 2892 3650 2940 3703; x_wconf 85' lang='grc' dir='ltr'>ἐν</span> <span class='ocrx_word' id='word_1_528' title='bbox 2987 3658 3149 3723; x_wconf 75' lang='grc' dir='ltr'>τροφῇ</span> <span class='ocrx_word' id='word_1_529' title='bbox 3202 3651 3357 3723; x_wconf 82' lang='grc' dir='ltr'>ἄρτος</span> <span class='ocrx_word' id='word_1_530' title='bbox 3413 3648 3736 3722; x_wconf 78' lang='grc' dir='ltr'>ἐκπληρώσει</span> <span class='ocrx_word' id='word_1_531' title='bbox 3782 3654 3887 3708; x_wconf 76' lang='grc' dir='ltr'>τὴν</span> 
     </span>
    </p>
   </div>
   <div class='ocr_carea' id='block_1_75' title="bbox 488 3735 2113 3817">
    <p class='ocr_par' dir='ltr' id='par_1_75' title="bbox 488 3735 2113 3811">
     <span class='ocr_line' id='line_1_75' title="bbox 488 3735 2113 3811; baseline 0.005 -18"><span class='ocrx_word' id='word_1_532' title='bbox 488 3735 611 3793; x_wconf 88' lang='lat' dir='ltr'><strong>bus</strong></span> <span class='ocrx_word' id='word_1_533' title='bbox 660 3736 983 3810; x_wconf 86' lang='lat' dir='ltr'><strong>pulmenta</strong></span> <span class='ocrx_word' id='word_1_534' title='bbox 1026 3739 1266 3811; x_wconf 89' lang='lat' dir='ltr'><strong>corpori</strong></span> <span class='ocrx_word' id='word_1_535' title='bbox 1294 3739 1455 3795; x_wconf 86' lang='lat' dir='ltr'><strong>vires</strong></span> <span class='ocrx_word' id='word_1_536' title='bbox 1485 3740 1564 3796; x_wconf 89' lang='lat' dir='ltr'><strong>ad</strong></span> <span class='ocrx_word' id='word_1_537' title='bbox 1595 3743 1977 3800; x_wconf 87' lang='lat' dir='ltr'><strong>necessarios</strong></span> <span class='ocrx_word' id='word_1_538' title='bbox 2016 3760 2113 3800; x_wconf 72' lang='lat' dir='ltr'><strong>usr</strong></span> 
     </span>
    </p>
   </div>
   <div class='ocr_carea' id='block_1_76' title="bbox 2265 3735 3890 3817">
    <p class='ocr_par' dir='ltr' id='par_1_76' title="bbox 2272 3735 3890 3817">
     <span class='ocr_line' id='line_1_76' title="bbox 2272 3735 3890 3817; baseline -0.001 -23"><span class='ocrx_word' id='word_1_539' title='bbox 2272 3745 2482 3817; x_wconf 78' lang='grc' dir='ltr'>χρείαν,</span> <span class='ocrx_word' id='word_1_540' title='bbox 2538 3746 2628 3793; x_wconf 85' lang='grc' dir='ltr'>καὶ</span> <span class='ocrx_word' id='word_1_541' title='bbox 2673 3736 2818 3815; x_wconf 76' lang='grc' dir='ltr'>ὕδωρ</span> <span class='ocrx_word' id='word_1_542' title='bbox 2868 3741 3173 3813; x_wconf 80' lang='grc' dir='ltr'>θεραπεύσει</span> <span class='ocrx_word' id='word_1_543' title='bbox 3224 3743 3319 3798; x_wconf 79' lang='grc' dir='ltr'>τὴν</span> <span class='ocrx_word' id='word_1_544' title='bbox 3377 3735 3542 3810; x_wconf 70' lang='grc' dir='ltr'>δίψαν</span> <span class='ocrx_word' id='word_1_545' title='bbox 3588 3747 3661 3810; x_wconf 84' lang='grc' dir='ltr'>τῷ</span> <span class='ocrx_word' id='word_1_546' title='bbox 3707 3740 3890 3810; x_wconf 72' lang='grc' dir='ltr'><strong>ὑγιαί-</strong></span> 
     </span>
    </p>
   </div>
   <div class='ocr_carea' id='block_1_77' title="bbox 488 3827 2113 3902">
    <p class='ocr_par' dir='ltr' id='par_1_77' title="bbox 488 3827 2113 3899">
     <span class='ocr_line' id='line_1_77' title="bbox 488 3827 2113 3899; baseline 0.005 -16"><span class='ocrx_word' id='word_1_547' title='bbox 488 3841 851 3883; x_wconf 87' lang='lat' dir='ltr'><strong>conservare</strong></span> <span class='ocrx_word' id='word_1_548' title='bbox 897 3832 1173 3899; x_wconf 90' lang='lat' dir='ltr'><strong>possunt.</strong></span> <span class='ocrx_word' id='word_1_549' title='bbox 1207 3827 1395 3884; x_wconf 87' lang='lat' dir='ltr'><strong>Edere</strong></span> <span class='ocrx_word' id='word_1_550' title='bbox 1425 3834 1632 3886; x_wconf 89' lang='lat' dir='ltr'><strong>autem</strong></span> <span class='ocrx_word' id='word_1_551' title='bbox 1663 3831 1836 3890; x_wconf 90' lang='lat' dir='ltr'><strong>decet</strong></span> <span class='ocrx_word' id='word_1_552' title='bbox 1883 3849 2009 3889; x_wconf 88' lang='lat' dir='ltr'><strong>non</strong></span> <span class='ocrx_word' id='word_1_553' title='bbox 2039 3833 2113 3891; x_wconf 90' lang='lat' dir='ltr'><strong>be</strong></span> 
     </span>
    </p>
   </div>
   <div class='ocr_carea' id='block_1_78' title="bbox 2264 3827 3889 3902">
    <p class='ocr_par' dir='ltr' id='par_1_78' title="bbox 2271 3827 3889 3902">
     <span class='ocr_line' id='line_1_78' title="bbox 2271 3827 3889 3902; baseline -0.002 -20"><span class='ocrx_word' id='word_1_554' title='bbox 2271 3849 2430 3897; x_wconf 89' lang='grc' dir='ltr'>νοντι,</span> <span class='ocrx_word' id='word_1_555' title='bbox 2489 3835 2581 3882; x_wconf 85' lang='grc' dir='ltr'><strong>καὶ</strong></span> <span class='ocrx_word' id='word_1_556' title='bbox 2645 3829 2744 3882; x_wconf 88' lang='grc' dir='ltr'><strong>ὃσα</strong></span> <span class='ocrx_word' id='word_1_557' title='bbox 2817 3828 2871 3881; x_wconf 73' lang='grc' dir='ltr'>ἐκ</span> <span class='ocrx_word' id='word_1_558' title='bbox 2931 3831 3240 3901; x_wconf 86' lang='grc' dir='ltr'>σπερμάτων</span> <span class='ocrx_word' id='word_1_559' title='bbox 3314 3827 3680 3902; x_wconf 70' lang='grc' dir='ltr'>παροψήματα</span> <span class='ocrx_word' id='word_1_560' title='bbox 3752 3831 3889 3901; x_wconf 76' lang='grc' dir='ltr'>πρὸς</span> 
     </span>
    </p>
   </div>
   <div class='ocr_carea' id='block_1_79' title="bbox 484 3912 2109 3994">
    <p class='ocr_par' dir='ltr' id='par_1_79' title="bbox 484 3912 2109 3994">
     <span class='ocr_line' id='line_1_79' title="bbox 484 3912 2109 3994; baseline 0.006 -23"><span class='ocrx_word' id='word_1_561' title='bbox 484 3912 791 3971; x_wconf 88' lang='lat' dir='ltr'><strong>luantium</strong></span> <span class='ocrx_word' id='word_1_562' title='bbox 834 3915 1099 3987; x_wconf 90' lang='lat' dir='ltr'><strong>speciem</strong></span> <span class='ocrx_word' id='word_1_563' title='bbox 1149 3916 1515 3988; x_wconf 69' lang='lat' dir='ltr'><strong>praebentes,</strong></span> <span class='ocrx_word' id='word_1_564' title='bbox 1539 3920 1647 3975; x_wconf 90' lang='lat' dir='ltr'><strong>sed</strong></span> <span class='ocrx_word' id='word_1_565' title='bbox 1679 3921 1905 3994; x_wconf 82' lang='lat' dir='ltr'><strong>ubique</strong></span> <span class='ocrx_word' id='word_1_566' title='bbox 1939 3923 2109 3979; x_wconf 68' lang='lat' dir='ltr'><strong>mode</strong></span> 
     </span>
    </p>
   </div>
   <div class='ocr_carea' id='block_1_80' title="bbox 2262 3912 3887 3994">
    <p class='ocr_par' dir='ltr' id='par_1_80' title="bbox 2271 3912 3887 3993">
     <span class='ocr_line' id='line_1_80' title="bbox 2271 3912 3887 3993; baseline -0.002 -21"><span class='ocrx_word' id='word_1_567' title='bbox 2271 3922 2363 3981; x_wconf 77' lang='grc' dir='ltr'><strong>τὰς</strong></span> <span class='ocrx_word' id='word_1_568' title='bbox 2413 3917 2703 3989; x_wconf 69' lang='grc' dir='ltr'>ἀναγκαίας</span> <span class='ocrx_word' id='word_1_569' title='bbox 2750 3924 2938 3993; x_wconf 86' lang='grc' dir='ltr'>χρείας</span> <span class='ocrx_word' id='word_1_570' title='bbox 2978 3922 3071 3977; x_wconf 77' lang='grc' dir='ltr'>τὴν</span> <span class='ocrx_word' id='word_1_571' title='bbox 3122 3915 3285 3989; x_wconf 85' lang='grc' dir='ltr'>ἰσχὺν</span> <span class='ocrx_word' id='word_1_572' title='bbox 3341 3925 3413 3988; x_wconf 81' lang='grc' dir='ltr'>τῷ</span> <span class='ocrx_word' id='word_1_573' title='bbox 3469 3922 3673 3989; x_wconf 87' lang='grc' dir='ltr'>σώματι</span> <span class='ocrx_word' id='word_1_574' title='bbox 3717 3912 3887 3969; x_wconf 77' lang='grc' dir='ltr'>δῦνα-</span> 
     </span>
    </p>
   </div>
   <div class='ocr_carea' id='block_1_81' title="bbox 486 4002 2111 4083">
    <p class='ocr_par' dir='ltr' id='par_1_81' title="bbox 486 4004 2111 4083">
     <span class='ocr_line' id='line_1_81' title="bbox 486 4004 2111 4083; baseline 0.007 -24"><span class='ocrx_word' id='word_1_575' title='bbox 486 4004 666 4060; x_wconf 88' lang='lat' dir='ltr'><strong>stiam</strong></span> <span class='ocrx_word' id='word_1_576' title='bbox 688 4004 1288 4061; x_wconf 87' lang='lat' dir='ltr'><strong>etmansuetudinem</strong></span> <span class='ocrx_word' id='word_1_577' title='bbox 1308 4012 1489 4080; x_wconf 90' lang='lat' dir='ltr'><strong>atque</strong></span> <span class='ocrx_word' id='word_1_578' title='bbox 1505 4008 1567 4064; x_wconf 93' lang='lat' dir='ltr'><strong>in</strong></span> <span class='ocrx_word' id='word_1_579' title='bbox 1585 4009 1998 4083; x_wconf 83' lang='lat' dir='ltr'><strong>voluptatibus</strong></span> <span class='ocrx_word' id='word_1_580' title='bbox 2016 4030 2111 4070; x_wconf 74' lang='lat' dir='ltr'><strong>cor</strong></span> 
     </span>
    </p>
   </div>
   <div class='ocr_carea' id='block_1_82' title="bbox 2262 4002 3887 4083">
    <p class='ocr_par' dir='ltr' id='par_1_82' title="bbox 2269 4002 3887 4081">
     <span class='ocr_line' id='line_1_82' title="bbox 2269 4002 3887 4081; baseline -0.001 -20"><span class='ocrx_word' id='word_1_581' title='bbox 2269 4028 2360 4061; x_wconf 90' lang='grc' dir='ltr'>ται</span> <span class='ocrx_word' id='word_1_582' title='bbox 2410 4005 2807 4063; x_wconf 85' lang='grc' dir='ltr'>διασώσασθαι.</span> <span class='ocrx_word' id='word_1_583' title='bbox 2864 4008 3087 4061; x_wconf 88' lang='grc' dir='ltr'>Ἐσθίειν</span> <span class='ocrx_word' id='word_1_584' title='bbox 3130 4004 3191 4060; x_wconf 78' lang='grc' dir='ltr'>δε</span> <span class='ocrx_word' id='word_1_585' title='bbox 3239 4011 3311 4080; x_wconf 77' lang='grc' dir='ltr'>μὴ</span> <span class='ocrx_word' id='word_1_586' title='bbox 3360 4002 3615 4064; x_wconf 78' lang='grc' dir='ltr'>λυσσώδη</span> <span class='ocrx_word' id='word_1_587' title='bbox 3662 4026 3887 4081; x_wconf 59' lang='grc' dir='ltr'>’γαστρι-</span> 
     </span>
    </p>
   </div>
   <div class='ocr_carea' id='block_1_83' title="bbox 486 4091 2111 4173">
    <p class='ocr_par' dir='ltr' id='par_1_83' title="bbox 486 4091 2092 4171">
     <span class='ocr_line' id='line_1_83' title="bbox 486 4091 2092 4171; baseline 0.008 -24"><span class='ocrx_word' id='word_1_588' title='bbox 486 4091 803 4149; x_wconf 87' lang='lat' dir='ltr'><strong>tinentiam</strong></span> <span class='ocrx_word' id='word_1_589' title='bbox 854 4093 1301 4164; x_wconf 84' lang='lat' dir='ltr'><strong>retinentes,ne</strong></span> <span class='ocrx_word' id='word_1_590' title='bbox 1345 4102 1476 4153; x_wconf 90' lang='lat' dir='ltr'><strong>tum</strong></span> <span class='ocrx_word' id='word_1_591' title='bbox 1515 4099 1768 4171; x_wconf 89' lang='lat' dir='ltr'><strong>quidem</strong></span> <span class='ocrx_word' id='word_1_592' title='bbox 1819 4103 2092 4160; x_wconf 89' lang='lat' dir='ltr'><strong>animam</strong></span> 
     </span>
    </p>
   </div>
   <div class='ocr_carea' id='block_1_84' title="bbox 2259 4091 3884 4173">
    <p class='ocr_par' dir='ltr' id='par_1_84' title="bbox 2268 4096 3884 4173">
     <span class='ocr_line' id='line_1_84' title="bbox 2268 4096 3884 4173; baseline -0.002 -20"><span class='ocrx_word' id='word_1_593' title='bbox 2268 4106 2499 4173; x_wconf 73' lang='grc' dir='ltr'>μαργίαν</span> <span class='ocrx_word' id='word_1_594' title='bbox 2554 4099 2861 4172; x_wconf 71' lang='grc' dir='ltr'>ἐμφαίνοντα</span> <span class='ocrx_word' id='word_1_595' title='bbox 2909 4100 3042 4171; x_wconf 84' lang='grc'>(98),</span> <span class='ocrx_word' id='word_1_596' title='bbox 3088 4096 3217 4150; x_wconf 75' lang='grc' dir='ltr'>ἀλλὰ</span> <span class='ocrx_word' id='word_1_597' title='bbox 3261 4105 3542 4169; x_wconf 79' lang='grc' dir='ltr'>πανταχοῦ</span> <span class='ocrx_word' id='word_1_598' title='bbox 3589 4099 3648 4149; x_wconf 89' lang='lat'><strong>1&#39;6</strong></span> <span class='ocrx_word' id='word_1_599' title='bbox 3694 4097 3884 4149; x_wconf 74' lang='grc' dir='ltr'>εὐστα-</span> 
     </span>
    </p>
   </div>
   <div class='ocr_carea' id='block_1_85' title="bbox 487 4180 2112 4265">
    <p class='ocr_par' dir='ltr' id='par_1_85' title="bbox 487 4180 2112 4265">
     <span class='ocr_line' id='line_1_85' title="bbox 487 4180 2112 4265; baseline 0.008 -29"><span class='ocrx_word' id='word_1_600' title='bbox 487 4180 591 4237; x_wconf 89' lang='lat' dir='ltr'><strong>Dei</strong></span> <span class='ocrx_word' id='word_1_601' title='bbox 663 4182 1026 4252; x_wconf 84' lang='lat' dir='ltr'><strong>cogitatione</strong></span> <span class='ocrx_word' id='word_1_602' title='bbox 1073 4182 1372 4241; x_wconf 88' lang='lat' dir='ltr'><strong>habentes</strong></span> <span class='ocrx_word' id='word_1_603' title='bbox 1435 4186 1719 4259; x_wconf 89' lang='lat' dir='ltr'><strong>otiosam,</strong></span> <span class='ocrx_word' id='word_1_604' title='bbox 1755 4190 1863 4246; x_wconf 90' lang='lat' dir='ltr'><strong>sed</strong></span> <span class='ocrx_word' id='word_1_605' title='bbox 1911 4208 1985 4248; x_wconf 79' lang='lat' dir='ltr'><strong>ex</strong></span> <span class='ocrx_word' id='word_1_606' title='bbox 2022 4192 2112 4265; x_wconf 87' lang='lat' dir='ltr'><strong>ips</strong></span> 
     </span>
    </p>
   </div>
   <div class='ocr_carea' id='block_1_86' title="bbox 2260 4180 3885 4265">
    <p class='ocr_par' dir='ltr' id='par_1_86' title="bbox 2270 4182 3885 4264">
     <span class='ocr_line' id='line_1_86' title="bbox 2270 4182 3885 4264; baseline -0.003 -22"><span class='ocrx_word' id='word_1_607' title='bbox 2270 4191 2349 4250; x_wconf 76' lang='grc' dir='ltr'><strong>θες</strong></span> <span class='ocrx_word' id='word_1_608' title='bbox 2373 4194 2460 4241; x_wconf 80' lang='grc' dir='ltr'><strong>καὶ</strong></span> <span class='ocrx_word' id='word_1_609' title='bbox 2511 4196 2676 4263; x_wconf 84' lang='grc' dir='ltr'>πρᾶον</span> <span class='ocrx_word' id='word_1_610' title='bbox 2715 4194 2806 4241; x_wconf 83' lang='grc' dir='ltr'>καὶ</span> <span class='ocrx_word' id='word_1_611' title='bbox 2856 4193 2974 4264; x_wconf 87' lang='grc' dir='ltr'><strong>περὶ</strong></span> <span class='ocrx_word' id='word_1_612' title='bbox 3004 4190 3099 4251; x_wconf 83' lang='grc' dir='ltr'><strong>τὰς</strong></span> <span class='ocrx_word' id='word_1_613' title='bbox 3148 4184 3342 4249; x_wconf 81' lang='grc' dir='ltr'>ἡδονὰς</span> <span class='ocrx_word' id='word_1_614' title='bbox 3382 4186 3623 4261; x_wconf 58' lang='grc' dir='ltr'>ὴκρατὲς</span> <span class='ocrx_word' id='word_1_615' title='bbox 3681 4182 3885 4239; x_wconf 80' lang='grc' dir='ltr'>διασώ-</span> 
     </span>
    </p>
   </div>
   <div class='ocr_carea' id='block_1_87' title="bbox 484 4269 2109 4354">
    <p class='ocr_par' dir='ltr' id='par_1_87' title="bbox 484 4269 2109 4354">
     <span class='ocr_line' id='line_1_87' title="bbox 484 4269 2109 4354; baseline 0.008 -28"><span class='ocrx_word' id='word_1_616' title='bbox 484 4269 917 4327; x_wconf 88' lang='lat' dir='ltr'><strong>alimentorum</strong></span> <span class='ocrx_word' id='word_1_617' title='bbox 956 4276 1194 4339; x_wconf 84' lang='lat' dir='ltr'><strong>natura,</strong></span> <span class='ocrx_word' id='word_1_618' title='bbox 1218 4280 1275 4330; x_wconf 90' lang='lat' dir='ltr'><strong>et</strong></span> <span class='ocrx_word' id='word_1_619' title='bbox 1325 4276 1599 4348; x_wconf 90' lang='lat' dir='ltr'><strong>corporis</strong></span> <span class='ocrx_word' id='word_1_620' title='bbox 1655 4294 1727 4335; x_wconf 90' lang='lat' dir='ltr'><strong>ea</strong></span> <span class='ocrx_word' id='word_1_621' title='bbox 1773 4281 2109 4354; x_wconf 79' lang='lat' dir='ltr'><strong>suscipient</strong></span> 
     </span>
    </p>
   </div>
   <div class='ocr_carea' id='block_1_88' title="bbox 2253 4269 3878 4354">
    <p class='ocr_par' dir='ltr' id='par_1_88' title="bbox 2271 4275 3878 4353">
     <span class='ocr_line' id='line_1_88' title="bbox 2271 4275 3878 4353; baseline -0.003 -21"><span class='ocrx_word' id='word_1_622' title='bbox 2271 4282 2442 4342; x_wconf 66' lang='grc' dir='ltr'>ζοντω</span> <span class='ocrx_word' id='word_1_623' title='bbox 2475 4277 2616 4353; x_wconf 69' lang='grc' dir='ltr'>μηδὲ</span> <span class='ocrx_word' id='word_1_624' title='bbox 2671 4284 2790 4331; x_wconf 88' lang='grc' dir='ltr'>τότε</span> <span class='ocrx_word' id='word_1_625' title='bbox 2835 4282 2923 4331; x_wconf 88' lang='grc' dir='ltr'>τὸν</span> <span class='ocrx_word' id='word_1_626' title='bbox 2976 4286 3093 4331; x_wconf 85' lang='grc' dir='ltr'>νοῦν</span> <span class='ocrx_word' id='word_1_627' title='bbox 3151 4275 3312 4352; x_wconf 69' lang='grc' dir='ltr'>ἀργὸν</span> <span class='ocrx_word' id='word_1_628' title='bbox 3367 4276 3417 4329; x_wconf 78' lang='grc' dir='ltr'>ἐν</span> <span class='ocrx_word' id='word_1_629' title='bbox 3464 4284 3528 4349; x_wconf 74' lang='grc' dir='ltr'>τῇ</span> <span class='ocrx_word' id='word_1_630' title='bbox 3577 4281 3697 4350; x_wconf 86' lang='grc' dir='ltr'>περὶ</span> <span class='ocrx_word' id='word_1_631' title='bbox 3740 4282 3878 4328; x_wconf 84' lang='grc' dir='ltr'>Θεοῦ</span> 
     </span>
    </p>
   </div>
   <div class='ocr_carea' id='block_1_89' title="bbox 483 4359 2108 4442">
    <p class='ocr_par' dir='ltr' id='par_1_89' title="bbox 483 4359 2108 4428">
     <span class='ocr_line' id='line_1_89' title="bbox 483 4359 2108 4428; baseline 0.007 -14"><span class='ocrx_word' id='word_1_632' title='bbox 483 4363 809 4427; x_wconf 88' lang='lat' dir='ltr'><strong>structura,</strong></span> <span class='ocrx_word' id='word_1_633' title='bbox 843 4359 1463 4420; x_wconf 75' lang='lat' dir='ltr'><strong>divinarumlaudum</strong></span> <span class='ocrx_word' id='word_1_634' title='bbox 1491 4368 1809 4424; x_wconf 86' lang='lat' dir='ltr'><strong>materiam</strong></span> <span class='ocrx_word' id='word_1_635' title='bbox 1839 4369 2108 4428; x_wconf 73' lang='lat' dir='ltr'><strong>ducente:</strong></span> 
     </span>
    </p>
   </div>
   <div class='ocr_carea' id='block_1_90' title="bbox 2254 4359 3879 4442">
    <p class='ocr_par' dir='ltr' id='par_1_90' title="bbox 2268 4365 3879 4442">
     <span class='ocr_line' id='line_1_90' title="bbox 2268 4365 3879 4442; baseline -0.002 -21"><span class='ocrx_word' id='word_1_636' title='bbox 2268 4367 2439 4442; x_wconf 73' lang='grc' dir='ltr'>ἐννοίᾳ</span> <span class='ocrx_word' id='word_1_637' title='bbox 2486 4368 2699 4442; x_wconf 70' lang='grc' dir='ltr'>ἔχοντα,</span> <span class='ocrx_word' id='word_1_638' title='bbox 2751 4367 2860 4420; x_wconf 79' lang='grc' dir='ltr'>ἀλλ’</span> <span class='ocrx_word' id='word_1_639' title='bbox 2920 4368 3084 4426; x_wconf 69' lang='grc' dir='ltr'>αὐτὴν</span> <span class='ocrx_word' id='word_1_640' title='bbox 3130 4375 3230 4418; x_wconf 89' lang='grc' dir='ltr'>τῶν</span> <span class='ocrx_word' id='word_1_641' title='bbox 3290 4365 3587 4440; x_wconf 80' lang='grc' dir='ltr'>βρωμάτων</span> <span class='ocrx_word' id='word_1_642' title='bbox 3641 4370 3728 4425; x_wconf 80' lang='grc' dir='ltr'>τὴν</span> <span class='ocrx_word' id='word_1_643' title='bbox 3782 4366 3879 4436; x_wconf 75' lang='grc' dir='ltr'><strong>φύ-</strong></span> 
     </span>
    </p>
   </div>
   <div class='ocr_carea' id='block_1_91' title="bbox 482 4447 2107 4553">
    <p class='ocr_par' dir='ltr' id='par_1_91' title="bbox 482 4447 2107 4532">
     <span class='ocr_line' id='line_1_91' title="bbox 482 4447 2107 4532; baseline 0.009 -28"><span class='ocrx_word' id='word_1_644' title='bbox 482 4447 656 4522; x_wconf 90' lang='lat' dir='ltr'><strong>quod</strong></span> <span class='ocrx_word' id='word_1_645' title='bbox 701 4448 874 4506; x_wconf 90' lang='lat' dir='ltr'><strong>varia</strong></span> <span class='ocrx_word' id='word_1_646' title='bbox 922 4449 1200 4506; x_wconf 89' lang='lat' dir='ltr'><strong>ciborum</strong></span> <span class='ocrx_word' id='word_1_647' title='bbox 1251 4466 1476 4522; x_wconf 89' lang='lat' dir='ltr'><strong>genera</strong></span> <span class='ocrx_word' id='word_1_648' title='bbox 1519 4455 1797 4524; x_wconf 87' lang='lat' dir='ltr'><strong>qualitati</strong></span> <span class='ocrx_word' id='word_1_649' title='bbox 1827 4474 2107 4532; x_wconf 81' lang='lat' dir='ltr'><strong>corporui</strong></span> 
     </span>
    </p>
   </div>
   <div class='ocr_carea' id='block_1_92' title="bbox 2259 4447 3884 4553">
    <p class='ocr_par' dir='ltr' id='par_1_92' title="bbox 2270 4453 3884 4529">
     <span class='ocr_line' id='line_1_92' title="bbox 2270 4453 3884 4529; baseline -0.001 -19"><span class='ocrx_word' id='word_1_650' title='bbox 2270 4477 2374 4526; x_wconf 89' lang='grc' dir='ltr'>σιν,</span> <span class='ocrx_word' id='word_1_651' title='bbox 2430 4464 2522 4511; x_wconf 83' lang='grc' dir='ltr'>καὶ</span> <span class='ocrx_word' id='word_1_652' title='bbox 2579 4463 2672 4517; x_wconf 83' lang='grc' dir='ltr'>τὴν</span> <span class='ocrx_word' id='word_1_653' title='bbox 2755 4477 2847 4510; x_wconf 88' lang='grc' dir='ltr'><strong>του</strong></span> <span class='ocrx_word' id='word_1_654' title='bbox 2925 4453 3319 4529; x_wconf 64' lang='grc' dir='ltr'>ὑποδεχομένου</span> <span class='ocrx_word' id='word_1_655' title='bbox 3407 4460 3652 4529; x_wconf 82' lang='grc' dir='ltr'>σώματος</span> <span class='ocrx_word' id='word_1_656' title='bbox 3717 4473 3884 4508; x_wconf 79' lang='grc' dir='ltr'>κατα-</span> 
     </span>
    </p>
   </div>
   <div class='ocr_carea' id='block_1_93' title="bbox 486 4537 2111 4625">
    <p class='ocr_par' dir='ltr' id='par_1_93' title="bbox 486 4537 2111 4619">
     <span class='ocr_line' id='line_1_93' title="bbox 486 4537 2111 4619; baseline 0.009 -27"><span class='ocrx_word' id='word_1_657' title='bbox 486 4537 975 4601; x_wconf 88' lang='lat' dir='ltr'><strong>accommodata,</strong></span> <span class='ocrx_word' id='word_1_658' title='bbox 1002 4537 1082 4594; x_wconf 87' lang='lat' dir='ltr'><strong>ab</strong></span> <span class='ocrx_word' id='word_1_659' title='bbox 1114 4555 1185 4595; x_wconf 91' lang='lat' dir='ltr'><strong>eo</strong></span> <span class='ocrx_word' id='word_1_660' title='bbox 1208 4540 1313 4612; x_wconf 91' lang='lat' dir='ltr'><strong>qui</strong></span> <span class='ocrx_word' id='word_1_661' title='bbox 1369 4544 1579 4599; x_wconf 90' lang='lat' dir='ltr'><strong>omnia</strong></span> <span class='ocrx_word' id='word_1_662' title='bbox 1635 4545 2007 4619; x_wconf 87' lang='lat' dir='ltr'><strong>moderatur,</strong></span> <span class='ocrx_word' id='word_1_663' title='bbox 2063 4550 2111 4606; x_wconf 79' lang='lat' dir='ltr'><strong>in</strong></span> 
     </span>
    </p>
   </div>
   <div class='ocr_carea' id='block_1_94' title="bbox 2261 4537 3886 4625">
    <p class='ocr_par' dir='ltr' id='par_1_94' title="bbox 2270 4542 3886 4625">
     <span class='ocr_line' id='line_1_94' title="bbox 2270 4542 3886 4625; baseline -0.002 -25"><span class='ocrx_word' id='word_1_664' title='bbox 2270 4553 2480 4612; x_wconf 76' lang='grc' dir='ltr'>σκευὴν,</span> <span class='ocrx_word' id='word_1_665' title='bbox 2542 4547 2777 4625; x_wconf 66' lang='grc' dir='ltr'>ἀφορμὴν</span> <span class='ocrx_word' id='word_1_666' title='bbox 2862 4548 3132 4600; x_wconf 87' lang='grc' dir='ltr'>ποιεῖσθαι</span> <span class='ocrx_word' id='word_1_667' title='bbox 3209 4542 3534 4617; x_wconf 69' lang='grc' dir='ltr'><strong>δοξξολογίας⁸</strong></span> <span class='ocrx_word' id='word_1_668' title='bbox 3588 4553 3694 4606; x_wconf 86' lang='grc' dir='ltr'>πῶς</span> <span class='ocrx_word' id='word_1_669' title='bbox 3761 4564 3886 4597; x_wconf 88' lang='grc' dir='ltr'>ποι-</span> 
     </span>
    </p>
   </div>
   <div class='ocr_carea' id='block_1_95' title="bbox 484 4626 2109 4714">
    <p class='ocr_par' dir='ltr' id='par_1_95' title="bbox 484 4626 2109 4709">
     <span class='ocr_line' id='line_1_95' title="bbox 484 4626 2109 4709; baseline 0.009 -27"><span class='ocrx_word' id='word_1_670' title='bbox 484 4632 663 4684; x_wconf 87' lang='lat' dir='ltr'><strong>venta</strong></span> <span class='ocrx_word' id='word_1_671' title='bbox 715 4626 859 4684; x_wconf 88' lang='lat' dir='ltr'><strong>sint.</strong></span> <span class='ocrx_word' id='word_1_672' title='bbox 891 4628 1101 4684; x_wconf 88' lang='lat' dir='ltr'><strong>Preces</strong></span> <span class='ocrx_word' id='word_1_673' title='bbox 1153 4633 1292 4685; x_wconf 87' lang='lat' dir='ltr'><strong>ante</strong></span> <span class='ocrx_word' id='word_1_674' title='bbox 1346 4630 1553 4688; x_wconf 89' lang='lat' dir='ltr'><strong>cibum</strong></span> <span class='ocrx_word' id='word_1_675' title='bbox 1582 4632 1752 4703; x_wconf 86' lang='lat' dir='ltr'><strong>ﬁant,</strong></span> <span class='ocrx_word' id='word_1_676' title='bbox 1794 4652 1930 4709; x_wconf 66' lang='lat' dir='ltr'><strong>quae</strong></span> <span class='ocrx_word' id='word_1_677' title='bbox 1975 4638 2109 4696; x_wconf 66' lang='lat' dir='ltr'><strong>doni</strong></span> 
     </span>
    </p>
   </div>
   <div class='ocr_carea' id='block_1_96' title="bbox 2259 4626 3884 4714">
    <p class='ocr_par' dir='ltr' id='par_1_96' title="bbox 2265 4633 3884 4714">
     <span class='ocr_line' id='line_1_96' title="bbox 2265 4633 3884 4714; baseline -0.002 -23"><span class='ocrx_word' id='word_1_678' title='bbox 2265 4636 2388 4691; x_wconf 90' lang='grc' dir='ltr'>κίλα</span> <span class='ocrx_word' id='word_1_679' title='bbox 2444 4634 2561 4697; x_wconf 79' lang='grc' dir='ltr'>εἲδη</span> <span class='ocrx_word' id='word_1_680' title='bbox 2606 4646 2807 4714; x_wconf 75' lang='grc' dir='ltr'>τροφῶν</span> <span class='ocrx_word' id='word_1_681' title='bbox 2855 4646 2918 4710; x_wconf 76' lang='grc' dir='ltr'>τῇ</span> <span class='ocrx_word' id='word_1_682' title='bbox 2982 4634 3211 4695; x_wconf 81' lang='grc' dir='ltr'>ἰδιότητι</span> <span class='ocrx_word' id='word_1_683' title='bbox 3257 4644 3356 4688; x_wconf 84' lang='grc' dir='ltr'><strong>τῶν</strong></span> <span class='ocrx_word' id='word_1_684' title='bbox 3412 4637 3668 4709; x_wconf 86' lang='grc' dir='ltr'>σωμάτων</span> <span class='ocrx_word' id='word_1_685' title='bbox 3715 4633 3884 4710; x_wconf 82' lang='grc' dir='ltr'>ἁρμό-</span> 
     </span>
    </p>
   </div>
   <div class='ocr_carea' id='block_1_97' title="bbox 484 4717 2109 4804">
    <p class='ocr_par' dir='ltr' id='par_1_97' title="bbox 484 4717 2109 4799">
     <span class='ocr_line' id='line_1_97' title="bbox 484 4717 2109 4799; baseline 0.01 -29"><span class='ocrx_word' id='word_1_686' title='bbox 484 4717 603 4788; x_wconf 78' lang='lat'><strong>75</strong></span> <span class='ocrx_word' id='word_1_687' title='bbox 626 4717 730 4773; x_wconf 90' lang='lat' dir='ltr'><strong>Dei</strong></span> <span class='ocrx_word' id='word_1_688' title='bbox 764 4717 966 4788; x_wconf 68' lang='lat' dir='ltr'><strong>dignas</strong></span> <span class='ocrx_word' id='word_1_689' title='bbox 995 4718 1136 4787; x_wconf 90' lang='lat' dir='ltr'><strong>sint,</strong></span> <span class='ocrx_word' id='word_1_690' title='bbox 1165 4722 1295 4775; x_wconf 88' lang='lat' dir='ltr'><strong>tum</strong></span> <span class='ocrx_word' id='word_1_691' title='bbox 1341 4736 1478 4793; x_wconf 73' lang='lat' dir='ltr'><strong>quae</strong></span> <span class='ocrx_word' id='word_1_692' title='bbox 1509 4738 1672 4779; x_wconf 91' lang='lat' dir='ltr'><strong>nunc</strong></span> <span class='ocrx_word' id='word_1_693' title='bbox 1716 4724 1989 4799; x_wconf 86' lang='lat' dir='ltr'><strong>largitur,</strong></span> <span class='ocrx_word' id='word_1_694' title='bbox 2022 4734 2109 4785; x_wconf 79' lang='lat' dir='ltr'><strong>tui</strong></span> 
     </span>
    </p>
   </div>
   <div class='ocr_carea' id='block_1_98' title="bbox 2254 4717 3879 4804">
    <p class='ocr_par' dir='ltr' id='par_1_98' title="bbox 2267 4725 3879 4804">
     <span class='ocr_line' id='line_1_98' title="bbox 2267 4725 3879 4804; baseline -0.002 -24"><span class='ocrx_word' id='word_1_695' title='bbox 2267 4728 2425 4788; x_wconf 86' lang='grc' dir='ltr'>ζοντα</span> <span class='ocrx_word' id='word_1_696' title='bbox 2482 4732 2626 4804; x_wconf 81' lang='grc' dir='ltr'>παρὰ</span> <span class='ocrx_word' id='word_1_697' title='bbox 2683 4736 2776 4781; x_wconf 91' lang='grc' dir='ltr'><strong>τοῦ</strong></span> <span class='ocrx_word' id='word_1_698' title='bbox 2850 4730 3022 4781; x_wconf 84' lang='grc' dir='ltr'>πάντα</span> <span class='ocrx_word' id='word_1_699' title='bbox 3088 4726 3476 4799; x_wconf 86' lang='grc' dir='ltr'>οἰκονομοῦντος</span> <span class='ocrx_word' id='word_1_700' title='bbox 3530 4725 3879 4783; x_wconf 73' lang='grc' dir='ltr'>ἐπινενόηται.</span> 
     </span>
    </p>
   </div>
   <div class='ocr_carea' id='block_1_99' title="bbox 483 4805 2108 4892">
    <p class='ocr_par' dir='ltr' id='par_1_99' title="bbox 483 4805 2108 4891">
     <span class='ocr_line' id='line_1_99' title="bbox 483 4805 2108 4891; baseline 0.008 -32"><span class='ocrx_word' id='word_1_701' title='bbox 483 4820 621 4877; x_wconf 71' lang='lat' dir='ltr'><strong>qua:</strong></span> <span class='ocrx_word' id='word_1_702' title='bbox 673 4806 736 4861; x_wconf 89' lang='lat' dir='ltr'><strong>in</strong></span> <span class='ocrx_word' id='word_1_703' title='bbox 783 4805 1054 4883; x_wconf 74' lang='lat' dir='ltr'><strong>futurum</strong></span> <span class='ocrx_word' id='word_1_704' title='bbox 1102 4808 1464 4869; x_wconf 86' lang='lat' dir='ltr'><strong>recondidit.</strong></span> <span class='ocrx_word' id='word_1_705' title='bbox 1516 4813 1731 4870; x_wconf 90' lang='lat' dir='ltr'><strong>Preces</strong></span> <span class='ocrx_word' id='word_1_706' title='bbox 1790 4815 1975 4873; x_wconf 89' lang='lat' dir='ltr'><strong>etiam</strong></span> <span class='ocrx_word' id='word_1_707' title='bbox 2017 4835 2108 4891; x_wconf 77' lang='lat' dir='ltr'><strong>po:</strong></span> 
     </span>
    </p>
   </div>
   <div class='ocr_carea' id='block_1_100' title="bbox 2257 4805 3882 4892">
    <p class='ocr_par' dir='ltr' id='par_1_100' title="bbox 2265 4815 3882 4892">
     <span class='ocr_line' id='line_1_100' title="bbox 2265 4815 3882 4892; baseline -0.004 -21"><span class='ocrx_word' id='word_1_708' title='bbox 2265 4818 2437 4890; x_wconf 73' lang='grc' dir='ltr'>Εὐχαὶ</span> <span class='ocrx_word' id='word_1_709' title='bbox 2500 4822 2599 4892; x_wconf 85' lang='grc' dir='ltr'>πρὸ</span> <span class='ocrx_word' id='word_1_710' title='bbox 2647 4826 2738 4879; x_wconf 83' lang='grc' dir='ltr'>τῆς</span> <span class='ocrx_word' id='word_1_711' title='bbox 2792 4827 2988 4892; x_wconf 68' lang='grc' dir='ltr'>τροφῆς</span> <span class='ocrx_word' id='word_1_712' title='bbox 3037 4815 3195 4881; x_wconf 78' lang='grc' dir='ltr'>ἀξίως</span> <span class='ocrx_word' id='word_1_713' title='bbox 3233 4817 3562 4888; x_wconf 73' lang='grc' dir='ltr'>γινέσθωσαν</span> <span class='ocrx_word' id='word_1_714' title='bbox 3628 4822 3729 4866; x_wconf 85' lang='grc' dir='ltr'>τῶν</span> <span class='ocrx_word' id='word_1_715' title='bbox 3782 4822 3882 4866; x_wconf 79' lang='grc' dir='ltr'><strong>τοῦ</strong></span> 
     </span>
    </p>
   </div>
   <div class='ocr_carea' id='block_1_101' title="bbox 483 4894 2108 4985">
    <p class='ocr_par' dir='ltr' id='par_1_101' title="bbox 483 4894 2108 4981">
     <span class='ocr_line' id='line_1_101' title="bbox 483 4894 2108 4981; baseline 0.01 -32"><span class='ocrx_word' id='word_1_716' title='bbox 483 4894 710 4964; x_wconf 87' lang='lat' dir='ltr'><strong>cibum,</strong></span> <span class='ocrx_word' id='word_1_717' title='bbox 739 4911 877 4967; x_wconf 63' lang='lat' dir='ltr'><strong>quae</strong></span> <span class='ocrx_word' id='word_1_718' title='bbox 907 4900 966 4952; x_wconf 90' lang='lat' dir='ltr'><strong>et</strong></span> <span class='ocrx_word' id='word_1_719' title='bbox 992 4897 1329 4966; x_wconf 79' lang='lat' dir='ltr'><strong>gratiarum</strong></span> <span class='ocrx_word' id='word_1_720' title='bbox 1382 4899 1687 4959; x_wconf 82' lang='lat' dir='ltr'><strong>actionem</strong></span> <span class='ocrx_word' id='word_1_721' title='bbox 1737 4920 1851 4977; x_wconf 90' lang='lat' dir='ltr'><strong>pro</strong></span> <span class='ocrx_word' id='word_1_722' title='bbox 1883 4910 2108 4981; x_wconf 85' lang='lat' dir='ltr'><strong>accepti</strong></span> 
     </span>
    </p>
   </div>
   <div class='ocr_carea' id='block_1_102' title="bbox 2257 4894 3882 4985">
    <p class='ocr_par' dir='ltr' id='par_1_102' title="bbox 2266 4903 3882 4985">
     <span class='ocr_line' id='line_1_102' title="bbox 2266 4903 3882 4985; baseline -0.002 -24"><span class='ocrx_word' id='word_1_723' title='bbox 2266 4913 2393 4961; x_wconf 83' lang='grc' dir='ltr'>Θεοῦ</span> <span class='ocrx_word' id='word_1_724' title='bbox 2453 4917 2731 4985; x_wconf 84' lang='grc' dir='ltr'>παροχῶν,</span> <span class='ocrx_word' id='word_1_725' title='bbox 2777 4906 2843 4960; x_wconf 81' lang='grc' dir='ltr'>ὧν</span> <span class='ocrx_word' id='word_1_726' title='bbox 2880 4928 2935 4960; x_wconf 80' lang='grc' dir='ltr'>τε</span> <span class='ocrx_word' id='word_1_727' title='bbox 2989 4915 3079 4961; x_wconf 87' lang='grc' dir='ltr'><strong>νῦν</strong></span> <span class='ocrx_word' id='word_1_728' title='bbox 3124 4903 3346 4977; x_wconf 79' lang='grc' dir='ltr'>δίδωσι,</span> <span class='ocrx_word' id='word_1_729' title='bbox 3396 4910 3487 4959; x_wconf 85' lang='grc' dir='ltr'>καὶ</span> <span class='ocrx_word' id='word_1_730' title='bbox 3525 4906 3593 4956; x_wconf 74' lang='grc' dir='ltr'>ὧν</span> <span class='ocrx_word' id='word_1_731' title='bbox 3644 4907 3771 4979; x_wconf 81' lang='grc' dir='ltr'>πρὸς</span> <span class='ocrx_word' id='word_1_732' title='bbox 3819 4909 3882 4957; x_wconf 86' lang='grc' dir='ltr'><strong>τό</strong></span> 
     </span>
    </p>
   </div>
   <div class='ocr_carea' id='block_1_103' title="bbox 554 5054 2179 5142">
    <p class='ocr_par' dir='ltr' id='par_1_103' title="bbox 554 5054 2153 5142">
     <span class='ocr_line' id='line_1_103' title="bbox 554 5054 2153 5142; baseline 0.011 -33"><span class='ocrx_word' id='word_1_733' title='bbox 554 5055 670 5142; x_wconf 59' lang='lat' dir='ltr'><strong>(g2)</strong></span> <span class='ocrx_word' id='word_1_734' title='bbox 702 5054 1240 5142; x_wconf 43' lang='lat' dir='ltr'><strong>j&#39;Ei-t&#39;t‘rtpia&#39;athaiy.‘</strong></span> <span class='ocrx_word' id='word_1_735' title='bbox 1258 5060 1382 5142; x_wconf 36' lang='lat' dir='ltr'><strong>.1ta</strong></span> <span class='ocrx_word' id='word_1_736' title='bbox 1440 5062 1624 5142; x_wconf 69' lang='lat' dir='ltr'><strong>Harl.,</strong></span> <span class='ocrx_word' id='word_1_737' title='bbox 1681 5066 1861 5123; x_wconf 90' lang='lat' dir='ltr'><strong>Coisl.</strong></span> <span class='ocrx_word' id='word_1_738' title='bbox 1914 5070 2153 5142; x_wconf 89' lang='lat' dir='ltr'><strong>primus</strong></span> 
     </span>
    </p>
   </div>
   <div class='ocr_carea' id='block_1_104' title="bbox 1280 5054 2905 5142">
    <p class='ocr_par' dir='ltr' id='par_1_104' title="bbox 1296 5060 2905 5142">
     <span class='ocr_line' id='line_1_104' title="bbox 1296 5060 2905 5142; baseline 0.007 -27"><span class='ocrx_word' id='word_1_739' title='bbox 1296 5060 1382 5142; x_wconf 78' lang='lat' dir='ltr'><strong>Ita</strong></span> <span class='ocrx_word' id='word_1_740' title='bbox 1440 5062 1624 5142; x_wconf 70' lang='lat' dir='ltr'><strong>Harl.,</strong></span> <span class='ocrx_word' id='word_1_741' title='bbox 1681 5066 1861 5123; x_wconf 91' lang='lat' dir='ltr'><strong>Coisl.</strong></span> <span class='ocrx_word' id='word_1_742' title='bbox 1914 5070 2153 5142; x_wconf 89' lang='lat' dir='ltr'><strong>primus</strong></span> <span class='ocrx_word' id='word_1_743' title='bbox 2263 5071 2504 5128; x_wconf 90' lang='lat' dir='ltr'><strong>codices</strong></span> <span class='ocrx_word' id='word_1_744' title='bbox 2536 5071 2685 5128; x_wconf 88' lang='lat' dir='ltr'><strong>utin</strong></span> <span class='ocrx_word' id='word_1_745' title='bbox 2721 5075 2905 5127; x_wconf 83' lang='lat' dir='ltr'><strong>textu.</strong></span> 
     </span>
    </p>
   </div>
   <div class='ocr_carea' id='block_1_105' title="bbox 484 5127 2109 5215">
    <p class='ocr_par' dir='ltr' id='par_1_105' title="bbox 484 5127 1936 5215">
     <span class='ocr_line' id='line_1_105' title="bbox 484 5127 1936 5215; baseline 0.008 -31"><span class='ocrx_word' id='word_1_746' title='bbox 484 5127 749 5215; x_wconf 40' lang='lat' dir='ltr'><strong>et&#39;lj&#39;c‘gifi.</strong></span> <span class='ocrx_word' id='word_1_747' title='bbox 771 5127 910 5183; x_wconf 78' lang='lat' dir='ltr'><strong>tres.</strong></span> <span class='ocrx_word' id='word_1_748' title='bbox 940 5127 1319 5215; x_wconf 43' lang='lat' dir='ltr'><strong>Iiegiturj‘iot</strong></span> <span class='ocrx_word' id='word_1_749' title='bbox 1343 5133 1404 5188; x_wconf 90' lang='lat' dir='ltr'><strong>in</strong></span> <span class='ocrx_word' id='word_1_750' title='bbox 1437 5127 1631 5192; x_wconf 83' lang='lat' dir='ltr'><strong>editis.</strong></span> <span class='ocrx_word' id='word_1_751' title='bbox 1878 5211 1891 5215; x_wconf 90' lang='lat'>_</span> <span class='ocrx_word' id='word_1_752' title='bbox 1918 5127 1936 5142; x_wconf 66' lang='grc'><strong>⁸</strong></span> 
     </span>
    </p>
   </div>
   <div class='ocr_carea' id='block_1_106' title="bbox 2260 5127 3885 5215">
    <p class='ocr_par' dir='ltr' id='par_1_106' title="bbox 2311 5127 3885 5215">
     <span class='ocr_line' id='line_1_106' title="bbox 2311 5127 3885 5215; baseline -0.003 -16"><span class='ocrx_word' id='word_1_753' title='bbox 2311 5127 2449 5215; x_wconf 51' lang='grc'>(93)</span> <span class='ocrx_word' id='word_1_754' title='bbox 2488 5127 2832 5203; x_wconf 75' lang='grc' dir='ltr'>Συννινευκός.</span> <span class='ocrx_word' id='word_1_755' title='bbox 2881 5145 3152 5208; x_wconf 86' lang='lat' dir='ltr'><strong>Quatuor</strong></span> <span class='ocrx_word' id='word_1_756' title='bbox 3197 5156 3347 5197; x_wconf 85' lang='lat' dir='ltr'><strong>mss.</strong></span> <span class='ocrx_word' id='word_1_757' title='bbox 3380 5152 3505 5194; x_wconf 89' lang='lat' dir='ltr'><strong>non</strong></span> <span class='ocrx_word' id='word_1_758' title='bbox 3544 5142 3747 5195; x_wconf 83' lang='lat' dir='ltr'><strong>tamen</strong></span> <span class='ocrx_word' id='word_1_759' title='bbox 3779 5153 3885 5195; x_wconf 88' lang='lat' dir='ltr'><strong>ve-</strong></span> 
     </span>
    </p>
   </div>
   <div class='ocr_carea' id='block_1_107' title="bbox 551 5199 2176 5289">
    <p class='ocr_par' dir='ltr' id='par_1_107' title="bbox 551 5199 2147 5289">
     <span class='ocr_line' id='line_1_107' title="bbox 551 5199 2147 5289; baseline 0.008 -35"><span class='ocrx_word' id='word_1_760' title='bbox 551 5200 665 5289; x_wconf 61' lang='lat' dir='ltr'><strong>(9s)</strong></span> <span class='ocrx_word' id='word_1_761' title='bbox 697 5199 1147 5289; x_wconf 64' lang='grc' dir='ltr'><strong>Δξῐροκσιτοιϐιειλών.</strong></span> <span class='ocrx_word' id='word_1_762' title='bbox 1178 5204 1264 5259; x_wconf 88' lang='lat' dir='ltr'><strong>lta</strong></span> <span class='ocrx_word' id='word_1_763' title='bbox 1322 5221 1471 5262; x_wconf 91' lang='lat' dir='ltr'><strong>mss.</strong></span> <span class='ocrx_word' id='word_1_764' title='bbox 1504 5214 1760 5280; x_wconf 73' lang='lat' dir='ltr'><strong>septem.</strong></span> <span class='ocrx_word' id='word_1_765' title='bbox 1812 5211 1964 5269; x_wconf 84' lang='lat' dir='ltr'><strong>Editi</strong></span> <span class='ocrx_word' id='word_1_766' title='bbox 2010 5233 2147 5289; x_wconf 81' lang='grc' dir='ltr'>προ·</span> 
     </span>
    </p>
   </div>
   <div class='ocr_carea' id='block_1_108' title="bbox 1228 5199 2853 5289">
    <p class='ocr_par' dir='ltr' id='par_1_108' title="bbox 1229 5199 2853 5289">
     <span class='ocr_line' id='line_1_108' title="bbox 1229 5199 2853 5289; baseline 0.008 -31"><span class='ocrx_word' id='word_1_767' title='bbox 1229 5219 1264 5259; x_wconf 89' lang='lat' dir='ltr'><strong>a</strong></span> <span class='ocrx_word' id='word_1_768' title='bbox 1322 5221 1471 5262; x_wconf 91' lang='lat' dir='ltr'><strong>mss.</strong></span> <span class='ocrx_word' id='word_1_769' title='bbox 1504 5214 1760 5280; x_wconf 73' lang='lat' dir='ltr'><strong>septem.</strong></span> <span class='ocrx_word' id='word_1_770' title='bbox 1812 5211 1964 5269; x_wconf 84' lang='lat' dir='ltr'><strong>Editi</strong></span> <span class='ocrx_word' id='word_1_771' title='bbox 2010 5233 2147 5289; x_wconf 84' lang='grc' dir='ltr'>προ·</span> <span class='ocrx_word' id='word_1_772' title='bbox 2261 5199 2853 5289; x_wconf 66' lang='grc' dir='ltr'>ιιιὲιίέεὶωἱνινευκός.</span> 
     </span>
    </p>
   </div>
   <div class='ocr_carea' id='block_1_109' title="bbox 485 5270 2110 5362">
    <p class='ocr_par' dir='ltr' id='par_1_109' title="bbox 485 5270 2088 5362">
     <span class='ocr_line' id='line_1_109' title="bbox 485 5270 2060 5327; baseline 0.002 -3"><span class='ocrx_word' id='word_1_773' title='bbox 485 5270 818 5327; x_wconf 76' lang='grc' dir='ltr'>καταλαϐών.</span> <span class='ocrx_word' id='word_1_774' title='bbox 1574 5270 1593 5280; x_wconf 77' lang='grc'><em>’</em></span> <span class='ocrx_word' id='word_1_775' title='bbox 2050 5270 2060 5289; x_wconf 78' lang='grc'><strong><em>⁵</em></strong></span> 
     </span>
     <span class='ocr_line' id='line_1_110' title="bbox 560 5343 2088 5362; baseline 0 0"><span class='ocrx_word' id='word_1_776' title='bbox 560 5346 666 5362; x_wconf 76' lang='lat' dir='ltr'><strong>.nl\</strong></span> <span class='ocrx_word' id='word_1_777' title='bbox 716 5343 767 5362; x_wconf 63' lang='grc' dir='ltr'><strong>,η</strong></span> <span class='ocrx_word' id='word_1_778' title='bbox 830 5350 850 5360; x_wconf 66' lang='grc' dir='ltr'><strong><em>ο</em></strong></span> <span class='ocrx_word' id='word_1_779' title='bbox 989 5346 1146 5362; x_wconf 52' lang='grc' dir='ltr'><strong>Ιίρμ-</strong></span> <span class='ocrx_word' id='word_1_780' title='bbox 1198 5359 1301 5362; x_wconf 62' lang='lat'><strong>__-_</strong></span> <span class='ocrx_word' id='word_1_781' title='bbox 1655 5351 1669 5362; x_wconf 68' lang='grc' dir='ltr'><strong>ε</strong></span> <span class='ocrx_word' id='word_1_782' title='bbox 1788 5358 1797 5362; x_wconf 77' lang='grc'><strong>-</strong></span> <span class='ocrx_word' id='word_1_783' title='bbox 1843 5354 1854 5362; x_wconf 77' lang='grc' dir='ltr'>ι</span> <span class='ocrx_word' id='word_1_784' title='bbox 2012 5357 2088 5362; x_wconf 77' lang='grc'><strong>---</strong></span> 
     </span>
    </p>
   </div>
   <div class='ocr_carea' id='block_1_110' title="bbox 2258 5270 3883 5362">
    <p class='ocr_par' dir='ltr' id='par_1_110' title="bbox 2274 5270 3883 5362">
     <span class='ocr_line' id='line_1_111' title="bbox 2274 5270 3883 5362; baseline -0.004 -17"><span class='ocrx_word' id='word_1_785' title='bbox 2274 5270 2290 5362; x_wconf 2' lang='grc' dir='ltr'>δέ</span> <span class='ocrx_word' id='word_1_786' title='bbox 2318 5270 2453 5362; x_wconf 9' lang='grc'>(96),</span> <span class='ocrx_word' id='word_1_787' title='bbox 2484 5270 2959 5362; x_wconf 56' lang='grc' dir='ltr'>Προσεσταλμένος.</span> <span class='ocrx_word' id='word_1_788' title='bbox 2994 5288 3157 5362; x_wconf 83' lang='lat' dir='ltr'><strong>Unus</strong></span> <span class='ocrx_word' id='word_1_789' title='bbox 3184 5300 3257 5362; x_wconf 61' lang='lat' dir='ltr'><strong>ei:</strong></span> <span class='ocrx_word' id='word_1_790' title='bbox 3279 5281 3605 5362; x_wconf 29' lang='lat' dir='ltr'><strong>codicibus.</strong></span> <span class='ocrx_word' id='word_1_791' title='bbox 3623 5280 3883 5338; x_wconf 88' lang='lat' dir='ltr'><strong>Combe-</strong></span> 
     </span>
    </p>
   </div>
   <div class='ocr_carea' id='block_1_111' title="bbox 578 5343 2203 5435">
    <p class='ocr_par' dir='ltr' id='par_1_111' title="bbox 578 5343 2148 5435">
     <span class='ocr_line' id='line_1_112' title="bbox 578 5343 2148 5435; baseline 0.01 -37"><span class='ocrx_word' id='word_1_792' title='bbox 578 5343 954 5435; x_wconf 47' lang='lat' dir='ltr'><strong>D4)&quot;Exsivov.</strong></span> <span class='ocrx_word' id='word_1_793' title='bbox 989 5346 1153 5399; x_wconf 82' lang='lat' dir='ltr'><strong>Hauc</strong></span> <span class='ocrx_word' id='word_1_794' title='bbox 1178 5359 1604 5435; x_wconf 31' lang='lat' dir='ltr'><strong>Avocemzquaa</strong></span> <span class='ocrx_word' id='word_1_795' title='bbox 1635 5351 1803 5435; x_wconf 76' lang='lat' dir='ltr'><strong>deest</strong></span> <span class='ocrx_word' id='word_1_796' title='bbox 1832 5354 1900 5435; x_wconf 77' lang='lat' dir='ltr'><strong>in</strong></span> <span class='ocrx_word' id='word_1_797' title='bbox 1949 5357 2148 5435; x_wconf 76' lang='lat' dir='ltr'><strong>editis,</strong></span> 
     </span>
    </p>
   </div>
   <div class='ocr_carea' id='block_1_112' title="bbox 2078 5343 3703 5435">
    <p class='ocr_par' dir='ltr' id='par_1_112' title="bbox 2078 5343 3703 5435">
     <span class='ocr_line' id='line_1_113' title="bbox 2078 5343 3703 5435; baseline -0.004 -22"><span class='ocrx_word' id='word_1_798' title='bbox 2078 5357 2148 5435; x_wconf 72' lang='lat' dir='ltr'><strong>is,</strong></span> <span class='ocrx_word' id='word_1_799' title='bbox 2258 5343 2494 5435; x_wconf 48' lang='lat' dir='ltr'><strong>ﬁsian&#39;is</strong></span> <span class='ocrx_word' id='word_1_800' title='bbox 2524 5343 2966 5435; x_wconf 55' lang='grc' dir='ltr'><strong>ςτεριςστακμένρξ.</strong></span> <span class='ocrx_word' id='word_1_801' title='bbox 2993 5361 3119 5414; x_wconf 88' lang='lat' dir='ltr'><strong>Duo</strong></span> <span class='ocrx_word' id='word_1_802' title='bbox 3146 5356 3246 5435; x_wconf 65' lang='lat' dir='ltr'><strong>alii</strong></span> <span class='ocrx_word' id='word_1_803' title='bbox 3276 5353 3703 5435; x_wconf 50' lang='grc' dir='ltr'>προισταλψος.</span> 
     </span>
    </p>
   </div>
   <div class='ocr_carea' id='block_1_113' title="bbox 477 5410 3883 5506">
    <p class='ocr_par' dir='ltr' id='par_1_113' title="bbox 477 5410 3883 5506">
     <span class='ocr_line' id='line_1_114' title="bbox 477 5410 3883 5506; baseline -0.001 -22"><span class='ocrx_word' id='word_1_804' title='bbox 477 5410 961 5506; x_wconf 55' lang='lat' dir='ltr'><strong>habgmgaagnq</strong></span> <span class='ocrx_word' id='word_1_805' title='bbox 986 5410 1564 5506; x_wconf 57' lang='grc' dir='ltr'><strong>φοιξεθῃευξοᾴἱεεε</strong></span> <span class='ocrx_word' id='word_1_806' title='bbox 1593 5439 1739 5506; x_wconf 49' lang='grc' dir='ltr'>ξιτεδ,</span> <span class='ocrx_word' id='word_1_807' title='bbox 1761 5410 2150 5506; x_wconf 58' lang='lat' dir='ltr'><strong>Ibidem—editi</strong></span> <span class='ocrx_word' id='word_1_808' title='bbox 2258 5410 2869 5506; x_wconf 43' lang='grc' dir='ltr'><strong>ῖῖξδῆῇενπκρὼμαιέ.</strong></span> <span class='ocrx_word' id='word_1_809' title='bbox 2905 5410 3682 5487; x_wconf 49' lang='grc' dir='ltr'><strong>ύίιῑιέέίίςοάωεηείειηίέ</strong></span> <span class='ocrx_word' id='word_1_810' title='bbox 3702 5424 3883 5481; x_wconf 89' lang='lat' dir='ltr'><strong>codi-</strong></span> 
     </span>
    </p>
   </div>
   <div class='ocr_carea' id='block_1_114' title="bbox 481 5489 2106 5576">
    <p class='ocr_par' dir='ltr' id='par_1_114' title="bbox 481 5489 2106 5576">
     <span class='ocr_line' id='line_1_115' title="bbox 481 5489 2106 5576; baseline 0.009 -34"><span class='ocrx_word' id='word_1_811' title='bbox 481 5491 690 5576; x_wconf 52' lang='grc' dir='ltr'>κριτήν.</span> <span class='ocrx_word' id='word_1_812' title='bbox 722 5489 961 5576; x_wconf 38' lang='lat' dir='ltr'><strong>M‘ss.nut</strong></span> <span class='ocrx_word' id='word_1_813' title='bbox 988 5489 1051 5542; x_wconf 88' lang='lat' dir='ltr'><strong>in</strong></span> <span class='ocrx_word' id='word_1_814' title='bbox 1082 5492 1270 5576; x_wconf 49' lang='lat' dir='ltr'><strong>textu.</strong></span> <span class='ocrx_word' id='word_1_815' title='bbox 1301 5491 1650 5576; x_wconf 57' lang='lat' dir='ltr'><strong>Eademne</strong></span> <span class='ocrx_word' id='word_1_816' title='bbox 1696 5497 1931 5553; x_wconf 86' lang='lat' dir='ltr'><strong>Nathan</strong></span> <span class='ocrx_word' id='word_1_817' title='bbox 1960 5501 2106 5556; x_wconf 87' lang='lat' dir='ltr'><strong>verb</strong></span> 
     </span>
    </p>
   </div>
   <div class='ocr_carea' id='block_1_115' title="bbox 1183 5489 2808 5576">
    <p class='ocr_par' dir='ltr' id='par_1_115' title="bbox 1183 5489 2808 5576">
     <span class='ocr_line' id='line_1_116' title="bbox 1183 5489 2808 5576; baseline -0.005 -10"><span class='ocrx_word' id='word_1_818' title='bbox 1183 5492 1270 5576; x_wconf 50' lang='grc' dir='ltr'><strong>ξιξ</strong></span> <span class='ocrx_word' id='word_1_819' title='bbox 1294 5491 1650 5576; x_wconf 21' lang='lat' dir='ltr'><strong>,E’i‘démﬂe</strong></span> <span class='ocrx_word' id='word_1_820' title='bbox 1696 5497 1931 5576; x_wconf 65' lang='lat' dir='ltr'><strong>Nathan</strong></span> <span class='ocrx_word' id='word_1_821' title='bbox 1960 5501 2149 5558; x_wconf 84' lang='lat' dir='ltr'><strong>verba</strong></span> <span class='ocrx_word' id='word_1_822' title='bbox 2256 5489 2503 5558; x_wconf 44' lang='lat' dir='ltr'><strong>cibus?»</strong></span> <span class='ocrx_word' id='word_1_823' title='bbox 2530 5489 2808 5576; x_wconf 61' lang='grc' dir='ltr'>χρᾝμάσι.</span> 
     </span>
    </p>
   </div>
   <div class='ocr_carea' id='block_1_116' title="bbox 482 5554 2107 5649">
    <p class='ocr_par' dir='ltr' id='par_1_116' title="bbox 482 5554 2107 5649">
     <span class='ocr_line' id='line_1_117' title="bbox 482 5554 2107 5649; baseline 0.007 -37"><span class='ocrx_word' id='word_1_824' title='bbox 482 5554 1403 5649; x_wconf 42' lang='grc' dir='ltr'><strong>ξὲξἮυῖξῑιιεοΞεηοιιιοτίοῆίη</strong></span> <span class='ocrx_word' id='word_1_825' title='bbox 1432 5563 1652 5649; x_wconf 38' lang='lat' dir='ltr'><strong>[sai-qm</strong></span> <span class='ocrx_word' id='word_1_826' title='bbox 1680 5583 1744 5649; x_wconf 85' lang='lat' dir='ltr'><strong>p.</strong></span> <span class='ocrx_word' id='word_1_827' title='bbox 1769 5572 1896 5649; x_wconf 57' lang='grc' dir='ltr'><strong>βῖῼ,</strong></span> <span class='ocrx_word' id='word_1_828' title='bbox 1923 5586 1984 5626; x_wconf 85' lang='lat' dir='ltr'><strong>n.</strong></span> <span class='ocrx_word' id='word_1_829' title='bbox 2007 5554 2107 5649; x_wconf 16' lang='lat' dir='ltr'><strong>illi:</strong></span> 
     </span>
    </p>
   </div>
   <div class='ocr_carea' id='block_1_117' title="bbox 2255 5554 3880 5649">
    <p class='ocr_par' dir='ltr' id='par_1_117' title="bbox 2265 5554 3880 5649">
     <span class='ocr_line' id='line_1_118' title="bbox 2265 5554 3880 5649; baseline -0.004 -18"><span class='ocrx_word' id='word_1_830' title='bbox 2265 5554 2845 5649; x_wconf 28' lang='lat' dir='ltr'><strong>:YQWSl’Eil‘paivosra.</strong></span> <span class='ocrx_word' id='word_1_831' title='bbox 2897 5576 3061 5649; x_wconf 86' lang='lat' dir='ltr'><strong>Unus</strong></span> <span class='ocrx_word' id='word_1_832' title='bbox 3111 5568 3554 5649; x_wconf 59' lang='lat' dir='ltr'><strong>e_s_codicibus</strong></span> <span class='ocrx_word' id='word_1_833' title='bbox 3614 5567 3880 5625; x_wconf 86' lang='lat' dir='ltr'><strong>Combe-</strong></span> 
     </span>
    </p>
   </div>
   <div class='ocr_carea' id='block_1_118' title="bbox 486 5578 2111 5722">
    <p class='ocr_par' dir='ltr' id='par_1_118' title="bbox 486 5578 2111 5717">
     <span class='ocr_line' id='line_1_119' title="bbox 486 5578 2111 5643; baseline 0.01 -32"><span class='ocrx_word' id='word_1_834' title='bbox 486 5578 740 5624; x_wconf 73' lang='lat' dir='ltr'><strong>legimus</strong></span> <span class='ocrx_word' id='word_1_835' title='bbox 767 5578 828 5613; x_wconf 79' lang='grc' dir='ltr'><strong>ιι]</strong></span> <span class='ocrx_word' id='word_1_836' title='bbox 864 5578 1314 5643; x_wconf 63' lang='lat' dir='ltr'><strong>uommeutarlo</strong></span> <span class='ocrx_word' id='word_1_837' title='bbox 1342 5578 1403 5617; x_wconf 72' lang='grc' dir='ltr'><strong>ιη</strong></span> <span class='ocrx_word' id='word_1_838' title='bbox 1432 5578 1652 5621; x_wconf 73' lang='grc' dir='ltr'>ιεαιανη</span> <span class='ocrx_word' id='word_1_839' title='bbox 1684 5583 1744 5637; x_wconf 88' lang='lat' dir='ltr'><strong>p.</strong></span> <span class='ocrx_word' id='word_1_840' title='bbox 1771 5578 1896 5636; x_wconf 72' lang='grc'><strong>479,</strong></span> <span class='ocrx_word' id='word_1_841' title='bbox 1923 5586 1984 5626; x_wconf 85' lang='lat' dir='ltr'><strong>n.</strong></span> <span class='ocrx_word' id='word_1_842' title='bbox 2022 5578 2111 5629; x_wconf 75' lang='grc'><strong>143</strong></span> 
     </span>
     <span class='ocr_line' id='line_1_120' title="bbox 486 5625 2108 5717; baseline 0.012 -36"><span class='ocrx_word' id='word_1_843' title='bbox 486 5625 669 5683; x_wconf 89' lang='lat' dir='ltr'><strong>Paulo</strong></span> <span class='ocrx_word' id='word_1_844' title='bbox 719 5632 859 5699; x_wconf 90' lang='lat' dir='ltr'><strong>post</strong></span> <span class='ocrx_word' id='word_1_845' title='bbox 904 5629 1043 5685; x_wconf 79' lang='lat' dir='ltr'><strong>editi</strong></span> <span class='ocrx_word' id='word_1_846' title='bbox 1094 5632 1411 5701; x_wconf 69' lang='grc' dir='ltr'>μεμφεσθαι.</span> <span class='ocrx_word' id='word_1_847' title='bbox 1451 5636 1870 5710; x_wconf 78' lang='lat' dir='ltr'><strong>Antiquissimi</strong></span> <span class='ocrx_word' id='word_1_848' title='bbox 1914 5643 2108 5717; x_wconf 89' lang='lat' dir='ltr'><strong>quiqu</strong></span> 
     </span>
    </p>
   </div>
   <div class='ocr_carea' id='block_1_119' title="bbox 1926 5578 3551 5722">
    <p class='ocr_par' dir='ltr' id='par_1_119' title="bbox 1926 5578 3551 5722">
     <span class='ocr_line' id='line_1_121' title="bbox 1926 5578 3551 5703; baseline -0.001 -77"><span class='ocrx_word' id='word_1_849' title='bbox 1926 5586 1984 5626; x_wconf 90' lang='lat' dir='ltr'><strong>n.</strong></span> <span class='ocrx_word' id='word_1_850' title='bbox 2022 5578 2143 5630; x_wconf 84' lang='grc'><strong>143.</strong></span> <span class='ocrx_word' id='word_1_851' title='bbox 2327 5578 2439 5703; x_wconf 68' lang='grc'>(98)</span> <span class='ocrx_word' id='word_1_852' title='bbox 2476 5578 2845 5649; x_wconf 68' lang='grc' dir='ltr'>Ἐμφαίνοντα.</span> <span class='ocrx_word' id='word_1_853' title='bbox 2897 5578 3061 5630; x_wconf 89' lang='lat' dir='ltr'><strong>Unus</strong></span> <span class='ocrx_word' id='word_1_854' title='bbox 3111 5588 3186 5628; x_wconf 80' lang='lat' dir='ltr'><strong>ex</strong></span> <span class='ocrx_word' id='word_1_855' title='bbox 3240 5578 3551 5627; x_wconf 83' lang='lat' dir='ltr'><strong>codicibus</strong></span> 
     </span>
     <span class='ocr_line' id='line_1_122' title="bbox 1926 5642 3551 5722; baseline 0.001 -23"><span class='ocrx_word' id='word_1_856' title='bbox 1926 5643 2145 5717; x_wconf 72' lang='lat' dir='ltr'><strong>quique</strong></span> <span class='ocrx_word' id='word_1_857' title='bbox 2254 5646 2328 5702; x_wconf 81' lang='lat' dir='ltr'><strong>ﬁs</strong></span> <span class='ocrx_word' id='word_1_858' title='bbox 2354 5646 2488 5703; x_wconf 88' lang='lat' dir='ltr'><strong>anis</strong></span> <span class='ocrx_word' id='word_1_859' title='bbox 2515 5649 2883 5722; x_wconf 65' lang='grc' dir='ltr'>ὑποφαίνοντα.</span> <span class='ocrx_word' id='word_1_860' title='bbox 2914 5648 3041 5703; x_wconf 87' lang='lat' dir='ltr'><strong>Duo</strong></span> <span class='ocrx_word' id='word_1_861' title='bbox 3072 5644 3174 5701; x_wconf 86' lang='lat' dir='ltr'><strong>alii</strong></span> <span class='ocrx_word' id='word_1_862' title='bbox 3199 5642 3551 5717; x_wconf 64' lang='grc' dir='ltr'>ἔτι-φαίνοντα.</span> 
     </span>
    </p>
   </div>
  </div>
