4114 6390
483 272 588 327 235

1857 275 1914 332 S.
1956 229 2222 333 BASlLlI'
2252 277 2478 334 MAGNI
2564 308 2572 313 -

3759 293 3871 347 236

485 399 863 477 suppedites,
896 398 1020 455 sive
1053 412 1179 488 non
1221 395 1600 470 (suppeditas
1629 400 1830 488 autem
1875 399 2111 472 pluribu

2220 447 2226 455 ,
2259 403 2415 475 ριάσι
2445 411 2800 478 στρατιωτῶν,
2844 405 2873 464 ἦ
2927 407 3074 469 ὅσοις
3103 405 3359 482 ἀνδράσιν
3391 409 3581 475 ἐκεῖνος
3624 419 3874 488 παρέσχε

487 493 746 550 militum
769 489 943 546 denis
968 487 1261 557 millibus,
1283 503 1472 559 quam
1499 490 1647 559 quot
1671 486 1768 543 ille
1798 488 2152 545 hominibus

485 580 834 639 necessaria
855 576 1403 645 subministrabat),
1421 576 1524 648 qui
1547 576 1796 647 quidem
1823 578 2000 634 nobis
2027 594 2151 634 non

485 687 600 746 pro
659 669 952 740 dignitate
1007 666 1242 735 scribis,
1279 665 1383 720 sed
1451 671 1740 720 consueto
1794 683 1984 734 more,
2039 684 2151 723 nec

487 761 826 834 quidquam
867 757 1120 815 remittis
1160 756 1235 810 de
1261 754 1593 811 litterarum
1638 755 1871 825 studio;
1923 757 2051 822 sed,
2085 763 2151 814 ut

488 852 572 909 ait
597 850 782 917 Plato,
815 849 877 903 in
903 847 1037 919 ipsa
1077 849 1429 917 tempestate
1461 860 1531 900 ac
1562 850 1714 900 aestu
1744 847 2148 918 negotiorum,

488 940 669 997 veluti
699 938 814 994 sub
847 952 1092 993 murum
1118 934 1450 1007 quemdam
1494 934 1762 990 validum
1792 936 2148 1005 abscedens,

485 1030 652 1087 nullo
701 1042 950 1101 prorsus
1001 1024 1262 1080 tumultu
1294 1027 1497 1080 mente
1525 1024 1787 1080 turbaris
1821 1042 1834 1080 :
1876 1027 2000 1082 imo
2039 1042 2150 1082 nec

487 1120 658 1182 alios,
692 1121 991 1191 quantum
1022 1113 1082 1169 in
1115 1117 1171 1168 te
1209 1117 1317 1180 est,
1350 1113 1692 1186 perturbari
1730 1115 1893 1170 sinis.
1928 1121 2008 1171 Ac
2051 1132 2149 1173 res

484 1209 731 1284 quidem
764 1211 880 1262 tuae
908 1203 1081 1272 tales,
1117 1219 1355 1274 magna:
1386 1203 1656 1276 profecto
1689 1210 1744 1261 et
1773 1206 2149 1263 admirandae

483 1300 576 1356 his
606 1297 712 1372 qui
767 1294 1110 1369 perspicere
1164 1299 1462 1367 possunt;
1512 1295 1630 1366 76
1685 1311 1898 1350 rursus
1945 1303 2148 1354 autem

483 1388 736 1446 minime
767 1382 1168 1454 admirandae,
1196 1383 1245 1438 si
1264 1383 1402 1456 quis
1433 1399 1534 1439 eas
1566 1400 1704 1439 cum
1730 1390 1852 1440 toto
1872 1385 2008 1441 vitas
2030 1386 2148 1441 ins-

482 1479 657 1535 tituto
696 1478 1031 1548 comparet.
1063 1472 1197 1529 Jam
1242 1489 1387 1528 vero
1417 1477 1656 1529 nostras
1707 1474 1869 1545 audi,
1904 1491 2043 1548 quae
2091 1481 2149 1533 et

481 1566 792 1626 mirabiles
826 1567 985 1632 sunt,
1018 1566 1075 1618 et
1101 1562 1316 1618 merito
1338 1562 1514 1618 nobis
1541 1563 1909 1620 acciderunt.

549 1677 602 1728 2.
644 1669 906 1741 Agrestis
931 1667 1184 1741 quidam
1206 1685 1279 1724 ex
1305 1668 1376 1724 iis
1400 1669 1506 1740 qui
1537 1669 1859 1726 nobiscum
1886 1671 2142 1728 Annesis

2259 493 2325 542 τὰ
2365 489 2653 550 ἔπιτηδεια·
2690 494 2745 555 ὃς
2789 515 2846 566 γε
2893 496 3005 548 οὔθ’
3034 498 3158 569 ἡμῖν
3191 497 3292 551 ἀπὸ
3324 508 3416 552 τοῦ
3452 507 3730 576 σχήματος
3757 504 3874 556 ἔπι-

2262 579 2500 647 στέλλεις,
2561 580 2689 634 ἀλλὰ
2746 587 2832 635 τὸν
2886 584 3105 638 εἰωθότα
3167 593 3378 663 τρόπον’
3438 596 3528 643 καὶ
3597 601 3692 656 τῆς
3745 599 3871 667 περὶ

2257 669 2438 741 λόγους
2503 669 2744 734 σπουδῆς
2797 670 2948 726 οὐδεν
3001 677 3234 747 ὑφίεσαν
3293 676 3422 731 ἀλλά
3472 684 3531 732 τὸ
3580 691 3674 734 τοῦ
3729 683 3868 736 Πλά-

2256 779 2435 829 τωνος,
2494 759 2542 810 ἐν
2598 770 2823 834 χειμῶνι
2889 769 2980 816 καὶ
3038 765 3168 838 ζάλῃ
3228 769 3306 837 (9)
3353 773 3696 844 πραγμάτων,
3755 773 3868 825 οἷον

2258 848 2358 900 ύπὸ
2412 854 2580 921 τείχει
2621 856 2724 902 τινὶ
2777 861 3013 926 καρτερῷ
3065 853 3318 920 ἀποστὰς,
3370 856 3580 923 οὐδενὸς
3636 861 3864 934 θορύϐου

2258 943 2352 996 τὴν
2402 938 2590 1010 ψυχὴν
2643 938 3066 1013 ἀναπίμπλασαιυ
3113 945 3304 1017 μᾶλλον
3363 943 3423 1000 δὲ
3479 946 3603 1002 οὐδὲ
3659 951 3866 1026 ἐτέρους

2258 1025 2362 1098 ἐᾷς,
2397 1032 2456 1079 τὸ
2503 1047 2564 1100 γε
2612 1039 2812 1082 σαυτοῦ
2871 1037 3040 1106 μέρος.
3105 1039 3206 1087 Καί
3247 1038 3313 1088 τά
3366 1041 3453 1108 μὲν
3505 1042 3575 1091 σὰ
3617 1045 3863 1110 τοίαυτα,

2257 1117 2456 1189 μεγάλα
2501 1123 2591 1170 καὶ
2645 1121 2928 1192 θαυμαστά
2976 1130 3086 1186 τοῖς
3140 1131 3362 1200 συνορᾷν
3413 1125 3735 1201 δύναμένοις,
3768 1135 3864 1183 καὶ

2255 1206 2410 1259 πάλίν
2454 1209 2512 1259 ού
2555 1211 2837 1281 θαυμαστά
2891 1220 2963 1282 τῷ
3011 1212 3143 1285 πρός
3191 1219 3285 1271 τὴν
3327 1214 3446 1274 ὃλην
3472 1219 3586 1284 (10)
3615 1224 3866 1293 προαίρε-

2260 1315 2342 1348 σιν
2395 1306 2486 1350 τοῦ
2537 1297 2662 1371 βίον
2705 1305 2951 1373 κρίνοντι.
3007 1301 3198 1356 ’Ἄκουε
3255 1301 3323 1363 δὴ
3393 1311 3482 1359 καὶ
3523 1311 3585 1360 τὰ
3610 1311 3864 1384 ἡμέτερα,

2254 1384 2533 1462 παράδοξά
2561 1407 2616 1441 τε
2645 1393 2786 1458 ὄντα,
2815 1395 2904 1443 καὶ
2931 1390 3225 1454 ἀκολούθως
3257 1395 3382 1468 ἡμῖν
3409 1395 3734 1456 ἀπαντῶντα.

2323 1677 2376 1729 2.
2416 1671 2570 1748 Ἀνήρ
2627 1693 2703 1735 τις
2761 1675 3010 1750 ἄγροικος
3060 1685 3160 1731 τῶν
3213 1681 3589 1732 συνοικούντων
3635 1682 3761 1754 ἡμῖν
3805 1681 3860 1734 ἕν

477 1765 953 1822 commorantur,
968 1763 1210 1814 mortuo
1235 1758 1466 1816 famulo
1487 1775 1646 1830 meo,
1669 1776 1793 1815 non
1823 1777 1884 1816 se
1915 1762 2111 1831 negoti

2253 1762 2524 1826 Ἀννήσοις
2574 1765 2711 1834 (ll),
2743 1764 2943 1818 οἰκετου
2996 1786 3096 1839 μου
3149 1767 3566 1840 τελευτήσαντος,
3600 1770 3659 1824 ού
3718 1792 3858 1845 συμ-

473 1853 817 1927 quidquam
849 1863 990 1904 cum
1018 1846 1118 1902 illo
1141 1847 1429 1904 habuisse
1463 1849 1632 1918 dixit,
1667 1865 1790 1905 non
1821 1851 1899 1906 ad
1918 1867 2015 1906 me
2036 1867 2136 1907 ac-

471 1944 669 2014 cessit,
705 1958 830 1999 non
869 1941 1237 2011 conquestus
1292 1944 1400 2007 est,
1433 1955 1559 1996 non
1607 1941 1844 2010 rogavit
1870 1948 1927 1998 ut
1978 1959 2014 1998 a
2039 1959 2138 2000 vo-

467 2034 624 2090 lente
651 2033 970 2104 acciperet,
998 2045 1124 2086 non
1155 2030 1420 2086 minatus
1448 2035 1537 2085 est
1563 2046 1624 2086 se
1658 2031 1782 2086 vim
1811 2030 2132 2098 facturum,

466 2125 585 2182 nisi
634 2123 968 2195 acciperet;
1024 2122 1131 2179 sed
1193 2121 1396 2177 subito
1461 2136 1600 2176 cum
1654 2122 1966 2178 nonnullis
2018 2124 2135 2195 ipsi

464 2215 796 2272 temeritate
819 2211 1119 2268 similibus
1149 2211 1404 2268 domum
1425 2215 1702 2266 nostram
1734 2212 1976 2284 invasit,
2004 2230 2134 2270 mu-

462 2305 758 2376 lieresque
783 2319 920 2376 quas
955 2319 1090 2359 eam
1125 2299 1550 2357 custodiebant
1598 2301 1950 2358 verberibus
1983 2319 2132 2360 con-

461 2395 638 2460 tudit,
659 2410 729 2450 ac
751 2391 1012 2448 effractis
1041 2391 1273 2447 foribus
1296 2391 1635 2462 exportavit
1657 2391 1882 2462 omnia,
1908 2394 2130 2464 partim

463 2484 580 2540 sibi
614 2483 745 2555 ipse
771 2481 1038 2553 rapiens,
1069 2480 1286 2552 partim
1322 2479 1398 2534 ad
1427 2479 1838 2551 diripiendum
1888 2481 2130 2540 cuilibet

459 2589 832 2647 proponens.
882 2574 1110 2643 Itaque,
1145 2587 1218 2625 ne
1255 2575 1558 2625 extremus
1601 2585 1714 2625 nos
1762 2571 2126 2628 inﬁrmitatis

457 2665 748 2721 terminus
770 2662 982 2727 simus,
998 2661 1437 2733 videamurque
1459 2659 1744 2715 omnibus
1763 2661 1840 2716 ad
1868 2662 2122 2732 injurias

455 2754 658 2812 idonei
688 2773 700 2822 ;
729 2751 897 2827 quod
927 2751 1201 2807 studium
1232 2749 1518 2806 omnibus
1563 2752 1781 2806 nostris
1832 2752 1892 2807 in
1937 2753 2120 2810 rebus

453 2844 791 2913 ostendisti,
822 2843 939 2898 hoc
965 2842 1126 2897 idem
1160 2857 1320 2909 nunc
1352 2845 1418 2896 ut
1448 2841 1772 2912 impendas
1801 2845 2034 2900 exorari
2065 2850 2120 2901 te

453 2936 599 2991 sine.
633 2937 753 2990 Hac
799 2933 962 2990 enim
1003 2947 1125 2986 una
1171 2946 1234 2986 re
1267 2929 1668 3003 tranquillitas
1700 2931 1875 2988 nobis
1921 2950 2116 2990 serve-

455 3032 568 3094 tur,
605 3026 654 3081 si
685 3029 932 3081 strenuo
966 3027 1068 3078 tuo
1117 3021 1402 3093 praesidio
1432 3021 1709 3076 instructi
1753 3023 1964 3082 simus.
1999 3026 2116 3081 Eri-

2250 1851 2455 1904 ϐολαιὸν
2512 1873 2565 1904 τι
2632 1855 2744 1923 (12)
2803 1858 2934 1927 πρὸς
2985 1856 3141 1908 αὐτόν
3199 1857 3354 1908 εἰπὼν
3429 1858 3738 1931 ἐσχηκέναι,
3787 1863 3853 1914 ού

2244 1943 2542 2016 προσελθών
2568 1963 2679 2016 μοι,
2734 1943 2827 1996 οὐκ
2887 1943 3344 2019 ἐπαιτιασάμενος,
3401 1948 3480 2020 ού¹
3537 1951 3664 2025 παρ’
3709 1950 3856 2004 ἐκόν-

2245 2053 2332 2095 τος
2407 2032 2636 2095 ἀξιώσας
2704 2032 2898 2102 λαϐεῖν,
2951 2035 3045 2087 οὐκ
3118 2035 3406 2099 ἀπειλήσας
3463 2038 3506 2090 εἰ
3570 2042 3642 2112 μὴ
3696 2040 3852 2094 λάϐοι

2246 2122 2565 2196 βιάσασθαι,
2609 2121 2794 2198 ἀθρόον
2825 2125 2948 2195 φετά
2994 2144 3144 2177 τινων
3184 2127 3374 2199 ὁμοίων
3402 2127 3542 2199 αύτῳ
3580 2133 3675 2187 τὴν
3709 2128 3848 2184 ἀπό-

2241 2234 2383 2267 νοιαν
2441 2213 2730 2286 ἐπιθέμενος
2788 2215 2934 2285 ἡμῶν
2977 2223 3040 2287 τῇ
3101 2216 3261 2288 οἰκίᾳ,
3322 2219 3387 2269 τά
3433 2237 3486 2270 τε
3540 2221 3732 2290 γύναια
3776 2224 3846 2274 τὰ

2243 2303 2564 2376 φυλάττοντα
2613 2302 2892 2378 συνέτριψε
2937 2307 3164 2366 τύπτων,
3217 2311 3305 2358 καὶ
3358 2307 3691 2383 καταῤῥήξας
3743 2313 3842 2374 τὰς

2243 2397 2418 2470 θύρας,
2472 2394 2779 2468 ἐξεφόρησεν
2837 2396 3064 2462 ἅπαντα,
3107 2400 3170 2448 τά
3223 2401 3314 2470 μὲν
3369 2399 3526 2461 αύτός
3555 2399 3830 2468 λαϐὼν,τά

2241 2481 2300 2538 δέ
2366 2486 2436 2546 εἰς
2468 2482 2772 2560 διαρπαγὴν
2825 2492 2936 2547 τοῖς
2993 2485 3326 2560 βουλομένοις
3356 2491 3584 2564 προθείς.
3630 2489 3717 2543 Ἰν’
3745 2489 3834 2544 οὖν

2235 2579 2306 2646 μὴ
2359 2576 2384 2626 ὁ
2415 2578 2646 2647 ἔσχατος
2700 2575 2818 2646 ὅρος
2869 2575 3017 2647 ἡμεῖς
3074 2583 3170 2638 τῆς
3228 2575 3488 2639 ἀσθενείας
3537 2579 3688 2650 ὦμεν,
3748 2587 3838 2634 καὶ

2232 2670 2388 2717 παντὶ
2440 2662 2668 2737 δόξωμεν
2725 2660 3017 2722 ἐπιτήδειοι
3072 2669 3201 2740 πρὸς
3262 2666 3618 2742 ἐπιχείρησιν,
3669 2669 3729 2727 ἣν
3787 2671 3838 2723 ἐν

2230 2761 2364 2806 πᾶσι
2394 2762 2498 2815 τοῖς
2541 2754 2847 2828 πράγμασιν
2892 2754 3037 2826 ἡμῶν
3071 2751 3312 2813 σπουδὴν
3370 2753 3714 2826 ἐπιδέδειξαι,
3741 2765 3836 2813 καὶ

2228 2865 2316 2895 νυν
2361 2844 2754 2916 εἰσενέγκασθαι
2801 2843 3194 2916 παρακλήθητι.
3244 2850 3428 2907 Μὸνως
3469 2849 3570 2921 γὰρ
3611 2849 3672 2900 ἄν
3703 2850 3830 2921 ἡμῖν

2227 2935 2362 2986 οὕτω
2384 2937 2442 2985 τὸ
2474 2935 2748 3006 ἄπραγμον
2781 2933 3026 2999 σώζοιτο,
3057 2933 3101 2985 εἰ
3129 2943 3201 3005 τῷ
3237 2942 3312 3004 σῷ
3363 2931 3674 3011 δραστηρίῳ
3703 2937 3828 3004 (13)

2229 3027 2625 3095 συντεταγμένοι
2701 3026 2896 3095 εἴημεν.
2955 3027 3155 3075 Γενοιτο
3205 3021 3257 3075 δ’
3301 3023 3361 3075 ἆν
3405 3022 3528 3098 ἡμῖν
3578 3025 3823 3101 ἀρκοῦσα

451 3133 589 3172 mus
614 3120 819 3172 autem
867 3111 1060 3168 multa
1089 3111 1205 3167 hac
1240 3110 1521 3177 contenti,
1550 3111 1600 3166 si
1646 3126 1681 3167 a
1711 3113 1849 3183 pagi
1880 3129 2111 3187 praepo-

2224 3110 2377 3177 δίκη,
2418 3113 2481 3181 εἰ,
2514 3109 2608 3164 διὰ
2661 3119 2750 3164 τοῦ
2805 3114 3090 3185 παγάρχου
3123 3114 3238 3183 (iui)
3294 3114 3624 3188 συλληφθεὶς,
3652 3117 3702 3170 ἕν
3747 3139 3822 3192 τῳ

449 3206 560 3262 sito
592 3204 1090 3277 comprehensus,
1128 3199 1296 3256 brevi
1345 3203 1614 3272 tempore
1644 3200 1705 3256 in
1745 3218 1980 3259 carcere
2023 3205 2110 3260 in-

446 3295 747 3352 cludatur.
777 3293 1008 3349 Etenim
1057 3306 1180 3346 non
1211 3289 1290 3346 ob
1322 3305 1392 3346 ea
1437 3289 1634 3345 solum
1672 3307 1808 3364 qua:
1838 3297 2107 3366 perpessi

447 3402 687 3454 sumus,
707 3383 1102 3452 indignamur
1127 3399 1139 3438 :
1169 3379 1276 3434 sed
1305 3379 1368 3434 in
1388 3387 1701 3451 posterum
1734 3381 1913 3438 etiam
1942 3401 2108 3441 secu-

442 3475 616 3532 ritate
643 3473 1015 3543 indigemus.

1017 3558 1264 3614 EPlSTO
1274 3560 1358 3614 LA
1400 3559 1512 3613 ιγ’.

2223 3199 2569 3276 δεσμωτηρίῳ
2620 3200 2834 3276 βραχὺν
2890 3202 3287 3260 κατακλεισθιίη
3320 3209 3538 3278 χρόνον.
3576 3211 3677 3259 Καὶ
3714 3211 3818 3282 γὰρ

2218 3292 2322 3364 οὐχ
2372 3292 2497 3367 ύπέρ
2557 3293 2624 3342 ὧν
2674 3293 2996 3363 πεπόνθαμεν
3051 3290 3440 3366 ἀγανακτοῦμεν
3479 3299 3632 3367 μόνον
3680 3295 3814 3351 ἀλλά

2217 3389 2306 3436 καὶ
2333 3393 2425 3446 τῆς
2457 3387 2587 3458 πρὸς
2611 3386 2669 3435 τό
2695 3382 2872 3435 λοιπὸν
2905 3381 3186 3455 ἀσφαλείας
3220 3380 3464 3458 δεόμεθα.

2800 3567 3131 3615 ΕΠΙΣΤΟΔΙΙ
3164 3559 3232 3616 Δ’.

514 3653 815 3725 Olympio,
849 3651 952 3724 qui
997 3650 1159 3706 dona
1189 3649 1460 3714 miserat,
1493 3649 1844 3718 perurbane
1869 3655 2106 3736 gratias
2137 3655 2261 3726 agit
2298 3652 2582 3780 Biasillius,
2611 3651 2898 3706 incusans
2931 3651 3092 3722 quod
3115 3652 3605 3710 contubernalem
3634 3670 3810 3713 suam

1758 3737 2106 3780 pauperiem
2157 3742 2314 3780 mm
2345 3739 2430 3780 eri
2471 3767 2484 3780 .

1756 3737 2106 3793 pauperiem
2157 3737 2456 3796 expulerit
2471 3767 2484 3781 .

508 3903 738 3976 Ecquid
762 3901 914 3973 agis,
943 3918 979 3958 o
1001 3811 1436 3974 praeﬁgit:qu
1459 3898 1724 3956 amicam
1745 3901 1924 3957 nobis
1948 3919 2093 3976 pau-

431 3998 727 4066 pertatem
745 3997 801 4047 et
817 3989 1216 4064 philosophiae
1235 3989 1531 4044 nutricem
1554 3989 1875 4046 solitudine
1897 3994 2096 4065 expel-

427 4084 548 4140 lis?
612 4083 879 4139 Arbitror
930 4081 1091 4136 enim
1141 4079 1286 4145 fore,
1321 4084 1386 4136 ut
1439 4079 1576 4151 ipsa
1632 4080 1737 4136 tibi
1787 4082 2090 4152 judicium

425 4172 762 4230 intenderet
817 4170 978 4227 unde
1031 4169 1109 4237 vi,
1144 4169 1196 4226 si
1246 4185 1369 4242 qua
1409 4169 1464 4224 ei
1510 4168 1803 4242 loquendi
1832 4172 2088 4231 facultas

489 4356 510 4380 '
546 4354 706 4411 Alias
735 4355 950 4411 CLXIX.
977 4351 1211 4423 Scripta
1231 4351 1292 4406 in
1328 4365 1589 4423 secessu.

490 4428 566 4511 (εὶ)
616 4431 719 4511 πίοεέ
751 4426 908 4511 id“;
949 4421 1160 4511 γεξε-έι
1214 4425 1358 4511 Βθβ·
1407 4421 1642 4511 ΡξίεΡίιξε
1697 4427 1786 4511 κξά
1840 4424 2074 4511 xui“?!-

419 4493 648 4558 lbid'em
676 4500 828 4564 Vat.,
872 4495 1053 4554 Coisl.
1086 4493 1388 4550 secundus
1408 4493 1642 4567 fetiReg.
1695 4493 1947 4567 uterque
1979 4493 2080 4551 ὐτὲό

416 4577 591 4645 τεῖχρς
633 4590 685 4622 τι
722 4574 990 4645 καρτερόν.
1018 4568 1384 4645 Paulo__post
1422 4566 1605 4621 iidem
1649 4566 1891 4622 codices
1944 4573 2078 4623 οὕτω

415 4631 640 4718 adhc,
674 4631 924 4718 excepto
957 4648 1158 4696 tamen
1183 4631 1491 4718 vaticano.

487 4709 597 4785 (10)
621 4713 801 4772 Ὀλην.
823 4709 989 4769 Hanc
1016 4727 1228 4767 vocem
1255 4709 1606 4785 addidimus
1632 4725 1704 4764 ex
1732 4709 2076 4770 Coisl.utro—

411 4781 551 4860 que,
584 4785 734 4860 Med.
763 4791 820 4860 et
849 4781 1336 4860 utroque_Re_gio.

481 4860 597 4930 (11)
631 4859 711 4910 Ἐν
746 4851 1048 4930 Α’νΑννήσοιΞ.
1105 4851 1747 4930 deex_p_er_an_tiquus
1799 4853 1975 4909 Coisl.
2021 4856 2072 4908 έν

413 4923 674 4991 Ἀνήσοις·
701 4927 862 4985 alius
923 4944 995 4983 ex
1052 4926 1267 4982 eadem
1315 4923 1683 4981 bibliotheca
1712 4929 1770 4980 et
1808 4941 1966 4981 unus
1997 4943 2071 4984 ex

408 5002 604 5071 Regiis
631 5001 680 5052 ἐν
735 5002 1011 5060 Ἀννίσοις.

477 5067 590 5146 (12)
617 5072 692 5146 Ού
727 5071 1043 5143 συμϐόλαιόν
1070 5089 1186 5146 -τι,
1211 5071 1383 5146 Deest
1415 5067 1656 5146 negatio
1685 5067 1746 5146 in
1789 5067 2069 5146 editis__et

402 5143 464 5202 in
484 5139 949 5218 'pluribus'mss.
975 5140 1308 5218 codicibus.
1343 5141 1579 5210 Legitur
1599 5139 1656 5195 in
1679 5139 1920 5196 duobus
1934 5141 2066 5198 aliis

401 5221 459 5274 et
488 5213 757 5274 secunda
784 5232 971 5272 manu
992 5215 1053 5270 in
1085 5213 1400 5268 Harlaeano
1427 5230 1439 5280 ;
1467 5229 1538 5268 ac
1568 5228 1817 5284 prorsus
1851 5229 2063 5269 neces-

401 5290 556 5346 saria
595 5289 834 5344 videtur
882 5286 960 5342 ad
1011 5285 1300 5342 orationis
1355 5284 1866 5356 seriem;quippe
1919 5301 2060 5341 cum

399 5362 652 5430 agrestis
681 5360 778 5416 ille
830 5365 968 5415 ante
1016 5358 1252 5413 facinus
1311 5355 1582 5430 ediderit,
1629 5355 1812 5430 quam
1874 5356 2059 5430 ullam

396 5425 632 5488 consilii
654 5432 745 5487 sui
778 5429 1284 5500 signiﬁcationem
1316 5425 1602 5500 dedisset.
1636 5425 1860 5482 Ibidem
1888 5427 2060 5485 deest

397 5504 549 5553 εἰπών
580 5505 639 5559 in
673 5498 867 5558 tribus
891 5500 1287 5556 vetulissimls
1315 5498 1654 5554 codicibus.

466 5577 580 5642 (13)
621 5579 951 5648 Δραστηρίῳ.
984 5572 1074 5648 Sic
1123 5571 1472 5648 Ha_rl_:-_eanus
1500 5585 1659 5648 cum
1683 5571 1865 5648 Regio
1893 5574 2055 5648 utro-

391 5656 511 5715 que
543 5638 600 5702 et
637 5638 1137 5703 Coisl.'secundo.
1185 5642 1335 5699 Editi
1368 5638 1723 5715 δικαστηρίῳ.
1756 5642 1871 5697 Sed
1922 5642 2054 5699 haec

2872 3811 3162 3884 Ὀλυμπίῳ.

2277 3907 2380 3958 Οἷα
2432 3910 2614 3972 ποιεῖς,
2647 3901 2686 3953 ὧ
2746 3903 3028 3974 θαυμάσιε,
3086 3906 3180 3960 τὴν
3223 3901 3372 3974 φίλην
3422 3904 3546 3976 ἡμῖν
3596 3911 3804 3977 πενίαν,

2201 4001 2290 4049 καὶ
2349 3994 2654 4068 φιλοσοφίας
2711 3996 2918 4066 τροφὸν,
2975 4000 3070 4054 τῆς
3128 3992 3386 4064 ἐσχατιᾶς
3453 3993 3806 4066 ἀπελαύνων;

2200 4086 2364 4158 Οἶμαι
2419 4087 2520 4159 γὰρ
2565 4085 2626 4136 ἄν
2677 4102 2734 4135 σε
2797 4087 2886 4134 καὶ
2933 4081 3143 4145 ἐξούλης
3192 4087 3398 4156 ⁹γραφὴν
3475 4084 3562 4136 ὑπ’
3631 4085 3803 4150 αὐτῆς

2198 4177 2400 4246 φεύγειν
2453 4174 2589 4246 (15),
2641 4175 2684 4224 εἰ
2732 4191 2812 4234 τις
2851 4171 2980 4243 αύτῇ
3045 4175 3380 4246 προσγένοιτο
3450 4171 3601 4246 λόγος
3635 4191 3648 4204 ⁶
3723 4176 3806 4228 ὅτι

2193 4352 2491 4436 posterior
2521 4351 3045 4436 scriptura‘minus
3075 4349 3408 4436 probabilis
3434 4369 3447 4420 ;
3478 4368 3606 4408 non
3621 4353 3795 4436 .enim

2188 4422 2488 4498 judicium
2519 4441 2554 4480 a
2605 4422 3174 4498 Candidianopetit
3217 4422 3496 4498 Basilius,
3531 4425 3638 4498 sed
3685 4441 3796 4498 pa-

2190 4495 2511 4553 trocinium
2544 4495 2709 4568 apud
2755 4495 3147 4568 praepositum
3192 4495 3355 4568 pagi.
3392 4495 3800 4554 Conﬁrmatur

2188 4574 2397 4624 nostra
2426 4565 2836 4639 interpretatio
2867 4565 2940 4639 ex
2967 4565 3062 4622 his
3083 4565 3303 4639 _verbis
3354 4568 3622 4637 Gregorii
3653 4572 3795 4625 Naz.

2189 4643 2347 4697 Orat.
2377 4645 2468 4706 25,
2502 4635 2692 4713 p54“
2728 4655 2741 4694 :
2784 4635 2924 4692 Οἶδα
2949 4644 3051 4690 τίνι
3073 4636 3416 4713 ἀπετάζάμην
3437 4635 3526 4692 καὶ
3558 4645 3660 4692 τίνι
3699 4659 3799 4694 συ-

2184 4711 2521 4785 νεταξάμηνξ
2547 4712 2682 4785 Scio
2709 4713 2843 4785 _cui_
2891 4711 3238 4766 renuntiavi
3279 4717 3333 4766 et
3386 4713 3486 4767 cui
3536 4728 3629 4769 me
3679 4713 3796 4770 ad-

2183 4782 2380 4851 iunxi.
2413 4784 2562 4839 Vide
2593 4782 2909 4838 Addenda.

2254 4857 2729 4929 (14)-Παγάρχουῖ
2760 4855 2851 4910 Sic
2884 4855 3116 4929 septem
3147 4869 3298 4929 ms_s_._
3328 4853 3592 4909 codices.
3633 4856 3792 4914 Editi

2182 4924 2519 4982 admOdum
2551 4924 2841 4999 mendose
2884 4927 3184 4999 πυράρχου.
3233 4924 3302 4979 Hi
3349 4931 3555 4999 autem
3592 4942 3791 4999 pago-

2179 5013 2315 5053 rum
2373 4998 2678 5071 praepositi
2725 5013 2889 5071 suas
2935 4995 3436 5071 administrandae
3503 4995 3786 5056 militaris

2177 5067 2694 5143 annonmmpartes
2734 5067 3144 5143 sustinebant,
3191 5072 3470 5143 uthpatet
3527 5072 3781 5143 exrcod.

2176 5141 2399 5198 Theod.
2432 5139 2539 5197 lib.
2573 5157 2671 5212 vn,
2704 5141 2789 5196 tit.
2843 5145 2900 5198 4.
2940 5141 3059 5210 leg.
3078 5146 3144 5212 il,
3172 5145 3232 5212 et
3256 5139 3360 5196 lib.
3421 5157 3526 5212 κη,
3584 5142 3672 5200 tit.
3722 5147 3781 5212 6,

2173 5212 2288 5283 leg.
2320 5217 2372 5269 8.
2400 5213 2565 5269 Unde
2587 5229 2708 5268 non
2740 5213 2961 5268 mirum
2994 5213 3043 5267 si
3076 5211 3334 5267 Basilius
3365 5211 3443 5267 ad
3468 5211 3781 5270 Candidia4

2169 5300 2341 5354 num,
2375 5287 2549 5356 cujus
2572 5299 2800 5357 magna
2825 5284 2992 5357 apud
3025 5284 3166 5356 pagi
3197 5284 3598 5356 praepositum
3648 5291 3783 5345 erat

2171 5357 2497 5412 auctoritas
2523 5356 2812 5424 confugit.

2243 5429 2355 5499 (15)
2387 5431 2614 5499 Φεύγειν.
2645 5429 2815 5484 Miror
2858 5426 3294 5484 Combeﬁsium
3336 5427 3646 5484 censuisse
3693 5428 3781 5486 le-

2169 5499 2439 5568 gendum
2467 5500 2525 5552 ού
2561 5503 2781 5573 φεύγειν,
2825 5516 2961 5573 cum
2998 5503 3208 5554 notum
3241 5500 3314 5556 sit
3355 5504 3411 5554 et
3443 5499 3775 5571 pervulga-

2167 5577 2303 5646 tum
2339 5571 2802 5646 φεύγεινςγραφήν
2864 5571 3028 5626 idem
3078 5587 3294 5646 sonare
3341 5587 3414 5626 ac
3471 5575 3773 5631 accusari.

2164 5643 2349 5700 Paulo
2371 5648 2513 5718 post
2539 5644 2602 5700 in
2627 5643 2889 5717 quatuor
2917 5659 3064 5699 mss.
3099 5644 3178 5695 ὅτι
3202 5645 3380 5714 Τούτῳ
3415 5647 3528 5717 μέν.
