4114 6410
232 314 316 379 23Ἶ
1387 326 1882 387 EPISTOLARUM
1920 328 2205 386 CLASSIS
2245 327 2290 383 Ι.
2330 326 2550 386 EPIST.
2590 325 2654 383 V.

3583 334 3691 391 238

241 449 396 522 Τούτῳ
461 444 774 506 συνοικεῖν
840 454 1069 529 εἱλόμην
1113 453 1236 527 ἐγὼ,
1294 454 1381 507 νῦν
1436 455 1528 527 μὲν
1570 456 1658 506 τὸν
1709 456 1925 511 Ζήνωνα

2065 451 2375 510 ιοοθάθτοῑε
2401 451 2579 509 Volui
2601 467 2714 524 ego
2737 466 2877 510 cum
2900 450 3018 511 hoc
3035 452 3283 512 homine
3305 471 3429 514 una
3449 456 3692 529 degere,

256 538 545 594 ἐπαινοῦντι
572 582 589 606 ,
660 543 729 607 ὃς
758 587 775 612 ,
850 550 1099 618 ναυαγίῳ
1165 547 1335 598 πάντα
1401 543 1673 597 ἀποϐαλὼν
1696 587 1713 610 ,
1774 539 1925 596 οὐδὲν

268 630 444 705 ἀγεννὲς
496 629 823 706 ἐφθέγξατο
849 657 866 670 ·
920 635 1052 707 ἀλλ’,
1098 631 1248 707 Εὖγε,
1297 632 1455 703 εἶπεν,
1506 631 1545 686 ὦ
1594 637 1762 706 τύχη,
1803 652 1922 685 συν-

278 723 492 786 ελαύνεις
548 724 676 795 (16)
739 725 899 798 ἡμᾶς
959 725 1035 786 εἰς
1088 728 1148 777 τό
1212 723 1523 800 τριϐώνιον·
1576 730 1664 775 νῦν
1717 719 1777 775 δὲ
1840 724 1927 774 τὸν

289 816 565 885 Κλεάνθην,
636 817 837 887 μισθῷ
904 812 1053 888 ὕδωρ
1120 821 1211 867 τοῦ
1270 818 1489 890 φρέατος
1547 811 1927 881 ἀπαντλοῦντα,

295 909 395 961 ὅθεν
436 905 601 968 αὐτὸς
647 924 710 958 τε
773 902 964 974 διέζη,
1008 909 1097 957 καὶ
1144 912 1251 965 τοῖς
1306 900 1657 965 διδασκάλοις
1708 904 1930 976 μισθούς

302 995 540 1051 ὑπετέλει.
571 997 680 1049 Τὸν
724 991 790 1049 δὲ
855 999 1097 1066 Διογένην
1145 990 1271 1047 οὐδὲ
1320 992 1583 1047 ἓπαύσατὸ
1634 1012 1758 1046 ποτε
1809 993 1930 1045 θαυ-

300 1089 514 1161 μάζων,
580 1091 697 1146 τοῖς
776 1088 928 1160 παρά
994 1092 1089 1146 τῆς
1150 1086 1349 1157 φύσεως
1415 1088 1591 1157 μόνοις
1652 1081 1932 1157 ἀρκεῖσθαι

306 1177 737 1251 οιλοτῐμούμενον
764 1196 779 1208 ·
822 1176 891 1236 ὡς
920 1177 1011 1227 καὶ
1057 1176 1116 1226 τὸ
1145 1171 1425 1225 κισσύϐιον
1471 1170 1764 1247 ἀπορρῖψαι
1795 1170 1927 1242 (17),

311 1262 587 1338 ἐπειδήπερ
628 1265 785 1340 παρά
812 1259 1012 1325 παιδὸς
1055 1257 1326 1334 ἐδιδάχθη
1369 1266 1567 1322 κοίλαις
1594 1267 1712 1325 ταῖς
1741 1263 1930 1334 χερσὶν

320 1356 603 1408 ἰπικύπτων
664 1357 859 1408 πίνειν.
910 1359 1089 1405 Ταῦτα
1142 1352 1203 1403 ἄν
1260 1371 1344 1403 σοι
1392 1355 1482 1404 καὶ
1525 1354 1587 1409 τὴ
1637 1354 1860 1402 τοιαῦτα
1896 1350 1928 1408 ἡ

325 1449 554 1507 σύνοικος
603 1446 760 1517 ἡμῶν
811 1444 920 1513 (18)
974 1445 1125 1520 πενία
1185 1440 1484 1513 μέμψαιτο,
1544 1446 1661 1502 ταῖς
1717 1438 1933 1512 μεγαλο-

324 1531 539 1607 δωρεαίς
586 1531 953 1595 ἒξοικισθείσα
998 1538 1110 1585 νῦν.
1160 1531 1424 1604 Προσθείη
1476 1525 1536 1581 δε
1588 1531 1678 1580 καὶ
1719 1525 1933 1586 ἀπειλήν

318 1641 467 1677 τινα·
516 1624 622 1692 ὅτι,
675 1624 737 1675 Εἴ
787 1640 846 1674 σε
897 1619 1117 1673 ἐνταῦθα
1166 1620 1320 1673 πάλιν
1371 1617 1607 1691 λάϐοιμι,
1667 1616 1935 1675 Σικελικὴν

312 1715 342 1773 ἦ
394 1712 691 1767 Ἰταλιῶτιν
739 1714 936 1783 τρυφὴν
982 1707 1242 1773 ἀποδείξω
1284 1710 1352 1761 τὰ
1393 1712 1658 1783 πρότερα·
1705 1706 1840 1759 οὕτω
1879 1725 1936 1758 σε

2033 557 2199 599 nunc
2250 541 2502 615 quidem
2553 545 2858 600 Zenonem
2908 543 3231 613 laudante,
3284 546 3387 620 qui
3448 547 3692 603 amissis

2035 631 2356 702 naufragio
2403 631 2691 709 omnibus
2736 632 2886 689 nihil
2934 649 3059 690 non
3104 634 3272 691 virile
3323 635 3560 693 locutus
3607 639 3698 693 est

2035 721 2163 790 sed,
2188 723 2368 791 Euge,
2393 720 2562 789 dixit,
2586 736 2623 777 ο
2650 721 2915 793 fortuna,
2936 723 3157 794 redigis
3182 741 3294 781 nos
3315 726 3394 782 ad
3413 725 3697 782 detritum

2035 809 2325 883 pallium:
2358 825 2523 866 nunc
2566 826 2709 866 vero
2756 811 3104 870 Cleanthem
3155 815 3431 872 mercede
3469 830 3699 888 aquam

2005 911 2113 956 'ex
2154 902 2335 971 puteo
2381 898 2781 970 haurientem,
2813 901 2977 958 unde
3023 907 3081 959 et
3108 902 3238 976 ipse
3280 904 3612 974 victitabat,
3641 907 3701 961 et

2038 987 2342 1059 magistris
2363 1004 2484 1045 aera
2503 988 2911 1061 persolvebat.
2936 992 3092 1058 Quin
3112 996 3171 1049 et
3193 992 3520 1065 Diogenem
3545 1009 3700 1050 nun-

2038 1093 2227 1150 quam
2278 1077 2596 1133 intermisit
2630 1078 2943 1149 admirari,
2977 1080 3041 1137 id
3097 1081 3208 1138 sibi
3257 1081 3426 1140 laudi
3472 1083 3701 1141 haben-

2039 1171 2183 1235 tem,
2216 1170 2282 1222 ut
2312 1165 2453 1222 solis
2490 1171 2723 1223 natura;
2748 1168 2932 1224 rebus
2970 1175 3289 1228 contentus
3318 1178 3507 1242 esset;
3544 1173 3701 1230 adeo

2040 1262 2105 1312 ut
2132 1255 2423 1329 poculum
2472 1256 2653 1313 etiam
2685 1258 3028 1330 projecerit,
3058 1266 3386 1335 postquam
3425 1279 3463 1319 a
3508 1278 3701 1336 puero

2040 1344 2249 1401 didicit
2293 1345 2456 1402 cavis
2509 1346 2795 1403 manibus
2822 1347 3120 1405 inclinans
3148 1350 3378 1408 bibere.
3411 1351 3508 1408 His
3551 1357 3611 1409 te
3645 1356 3703 1410 et

2041 1434 2264 1491 talibus
2293 1435 2748 1492 contubernalis
2777 1443 2989 1495 nostra
3018 1438 3339 1510 incusaret,
3373 1458 3535 1498 nunc
3572 1459 3701 1500 ma-

2042 1524 2279 1597 gniﬁcis
2310 1524 2489 1581 donis
2517 1525 2789 1598 expulsa.
2822 1527 3118 1600 Adjiceret
3151 1534 3356 1587 autem
3381 1536 3439 1588 et
3469 1531 3702 1605 aliquid

2041 1613 2347 1670 minarum
2372 1629 2386 1668 :
2421 1613 2479 1671 Si
2505 1614 2602 1671 hic
2632 1618 2688 1671 te
2719 1616 2939 1672 iterum
2964 1617 3443 1692 deprehendero,
3473 1620 3702 1679 Siculas

2045 1705 2151 1760 aut
2194 1701 2429 1761 Italicas
2475 1702 2724 1760 delicias
2766 1705 2973 1778 priora
3019 1708 3311 1765 exstitisse
3337 1710 3700 1768 ostendam:

310 1802 550 1875 ἀκριϐῶς
595 1808 710 1863 τοῖς
756 1799 883 1873 παρ’
934 1798 1161 1873 ἕμαυτῆς
1227 1796 1545 1872 ἀμυνοῦμαι.
1613 1801 1714 1849 Καὶ
1772 1801 1938 1848 ταῦτα

2067 1797 2126 1851 ta
2168 1798 2223 1850 te
2274 1798 2552 1851 accurate
2596 1795 2785 1867 copiis
2828 1796 2981 1853 meis
3032 1798 3307 1857 ulciscar.
3351 1801 3467 1859 Sed
3505 1802 3581 1858 de
3610 1801 3705 1859 his

300 1897 402 1967 μὲν
467 1890 542 1949 δὴ
604 1898 854 1944 τοιαῦτα.
918 1888 1124 1947 Ἦσθην
1186 1885 1246 1941 δὲ
1310 1886 1542 1948 ἀκούσας
1605 1882 1811 1962 ἧρχθαί
1880 1902 1938 1937 σε

298 1994 405 2046 τῆς
456 1984 743 2055 θεραπείας
797 1975 909 2039 ἤδη
942 2000 955 2012 ο
1016 1983 1106 2031 καὶ
1157 1981 1388 2051 εὔχομαί
1443 1996 1499 2029 σε
1549 1976 1659 2048 (19)
1718 1976 1938 2027 ὄνασθαι

304 2074 495 2133 αὐτῆς.
558 2073 757 2144 Πρέποι
811 2065 889 2122 δι’
919 2066 1046 2140 ἆντῇ
1084 2069 1195 2142 ἱερᾷ
1238 2086 1333 2119 σου
1372 2064 1527 2138 ψυχῇ
1562 2064 1759 2126 ἄλυπος
1802 2064 1939 2122 ύπη-

310 2168 466 2239 ρεσία
500 2166 773 2233 σώματος.

915 2305 1254 2356 ΕΠΙΣΤΟΛΗ
1295 2298 1366 2355 Ε’.

2042 1884 2358 1940 hactenus.
2385 1883 2641 1940 Gavisus
2665 1889 2867 1942 autem
2899 1903 3057 1958 sum,
3085 1905 3226 1945 cum
3256 1890 3462 1947 audivi
3492 1895 3550 1948 te
3573 1891 3706 1963 jam

2044 1970 2318 2028 remedia
2348 1987 2703 2042 aggressum
2731 1990 2863 2031 esse
2888 1993 2901 2045 ;
2932 1981 3108 2050 teque
3135 1978 3231 2034 his
3248 1979 3447 2050 juvari
3471 1995 3704 2054 precor.

2046 2061 2242 2118 Sacrae
2277 2061 2390 2132 77
2442 2066 2645 2118 autem
2663 2066 2779 2120 tua;
2801 2064 3020 2122 animae
3051 2069 3398 2126 convenerit
3427 2069 3709 2128 sollicitu-

2046 2150 2262 2208 dinum
2291 2155 2349 2207 et
2376 2151 2794 2210 molestiarum
2824 2171 3040 2228 expers
3070 2158 3340 2231 corporis
3363 2160 3616 2219 curatio.

2648 2300 2983 2357 EPISTOLA
3023 2301 3108 2361 γ’.

1024 2428 1391 2484 Consolatur
1424 2423 1780 2481 Nectarium
1821 2420 2087 2479 Basilius
2124 2421 2295 2478 unici
2324 2422 2445 2491 ﬁlii
2479 2428 2672 2481 morte
2708 2426 3030 2496 afﬂictum.

689 2574 971 2645 Νεκταρίῳ
1008 2570 1421 2645 παραμυθητική
1461 2566 1594 2638 (20).

412 2704 463 2753 ι.
503 2701 665 2749 Οῧπω
716 2693 867 2768 εἶχον
916 2698 1099 2771 τρίτην
1147 2694 1175 2753 ἦ
1223 2695 1474 2767 τετάρτην
1514 2693 1709 2765 ἡμέραν
1738 2689 1950 2760 πληγεὶς

336 2786 429 2839 ἐπὶ
456 2793 521 2857 τῇ
555 2785 677 2858 ἀκοῇ
720 2792 814 2837 τοῦ
866 2782 1132 2859 ἀφορήτου
1180 2783 1402 2847 πάθους,
1430 2784 1521 2832 καὶ
1564 2783 1639 2831 ἔτι
1669 2776 1952 2851 ἀμφίϐολος

230 2884 251 2896 ⁵
335 2876 438 2943 ὢν,
472 2871 567 2926 διὰ
611 2878 664 2925 τὸ
692 2870 834 2947 μηδὲ
887 2879 1063 2945 σαφῶς
1092 2868 1386 2929 δυνηθῆναι
1418 2871 1544 2941 ἡμῖν
1570 2876 1670 2921 τῶν
1705 2866 1947 2940 ἀνιαρῶν,

2411 2566 2512 2621 Ad
2536 2566 2890 2627 Nectarium
2922 2572 3354 2631 consolatoria.

2135 2694 2184 2744 t.
2225 2690 2506 2746 Nondum
2534 2693 2775 2750 tertium
2806 2699 2909 2751 aut
2938 2700 3225 2769 quartum
3255 2699 3417 2757 diem
3437 2699 3716 2759 traduxe-

2059 2792 2194 2834 ram
2239 2778 2630 2836 intolerabilis
2681 2798 2858 2839 casus
2901 2784 3208 2842 auditione
3264 2789 3614 2860 perculsus;
3661 2795 3719 2848 et

2064 2883 2203 2924 cum
2248 2868 2449 2924 adhuc
2498 2870 2891 2942 ambigerem,
2941 2876 3087 2948 quia
3131 2893 3208 2933 ne
3261 2879 3420 2937 clare
3466 2882 3716 2954 quidem

335 2969 430 3017 τὸν
480 2968 713 3038 μηνυτὴν
768 2966 827 3015 τὸ
884 2960 1092 3035 συμϐὰν
1142 2956 1536 3031 διηγήσασθαι,
1582 2962 1672 3010 καὶ
1729 2964 1801 3027 τῷ
1843 2955 1950 3027 (2i)

2065 2962 2341 3030 potuerat
2370 2959 2545 3015 nobis
2580 2960 2848 3019 molestae
2873 2964 2959 3020 rei
2996 2966 3242 3023 nuntius
3268 2968 3329 3024 id
3361 2969 3527 3042 quod
3558 2971 3719 3028 acci-

340 3054 678 3126 ἀπεύχεσθαι
726 3052 896 3110 ἀληθῆ
951 3048 1100 3118 εἶναι,
1148 3044 1600 3123 δυσπαραδέκτως
1645 3049 1782 3118 ἔχων
1824 3048 1957 3120 πρὸς

330 3148 403 3198 τά
460 3142 847 3220 θρυλλούμενα,
906 3138 1165 3213 ἐδεξάμην
1219 3140 1444 3212 γράμμα
1510 3144 1600 3189 τοῦ
1666 3135 1954 3189 ἐπισκόπου

324 3233 565 3308 ἀκριϐῶς
646 3238 903 3305 σημαῖνον
977 3234 1070 3288 τὴν
1151 3227 1410 3287 ἀπευκτὴν
1492 3224 1763 3298 ἀγγελίαν.
1844 3221 1955 3297 Ἐφ’

322 3325 365 3395 ᾧ
417 3325 550 3376 ὅσον
609 3325 703 3394 μὲν
758 3318 1046 3389 ἕστέναξα,
1104 3322 1196 3370 καὶ
1256 3319 1378 3370 ὅσον
1446 3314 1624 3388 ἀφῆκα
1686 3311 1954 3388 δάκρυον,

323 3418 379 3466 τί
433 3416 554 3485 χρή
607 3416 703 3463 καὶ
747 3411 952 3481 λέγειν;
1004 3413 1107 3461 Καὶ
1160 3409 1261 3483 γὰρ
1312 3411 1393 3468 τίς
1441 3406 1573 3457 οὕτω
1628 3403 1819 3465 λίθινος
1866 3408 1958 3462 τὴν

323 3500 569 3578 καρδίαν
604 3543 619 3568 ,
690 3502 719 3559 ἣ
789 3499 884 3562 ἔξω
951 3496 1211 3558 παντελῶς
1283 3505 1380 3557 τῆς
1455 3493 1784 3570 ἀνθρωπίνης
1864 3496 1961 3566 φύ-

545 3592 684 3643 ὧστε
730 3588 946 3650 ἀπαθῶς
1000 3587 1221 3659 ἐνεγκεῖν
1271 3588 1329 3637 τὸ
1386 3583 1612 3658 συμϐὰν,
1675 3584 1704 3642 ᾖ
1768 3587 1961 3658 μετρίῳ

330 3683 498 3734 πάθει
546 3680 658 3748 (22)
714 3682 802 3736 τήν
855 3677 1045 3749 ψυχὴν
1100 3674 1547 3746 καταληφθῆναι;
1604 3676 1766 3725 Οἰκου
1823 3672 1962 3744 λαμ-

334 3778 475 3846 προῦ
524 3765 795 3839 διαδοχὴ,
839 3770 1058 3842 ἔρεισμα
1107 3768 1311 3837 γένους,
1362 3759 1621 3836 πατρίδος
1672 3760 1834 3829 ἐλπὶς,
1877 3762 1995 3833 γο-’

331 3865 461 3912 νέων
534 3856 764 3912 εὐσεϐῶν
834 3854 1125 3929 βλάστημα
1190 3855 1292 3907 ύπὸ
1358 3857 1575 3928 μυρίαις
1636 3851 1819 3923 εύχαῖς
1881 3850 1963 3903 ἑν-

334 3951 611 4024 ιντραφὶν,
672 3946 721 3999 ἐν
778 3946 918 3998 αὐτῶ
971 3953 1045 4017 τῷ
1097 3946 1241 3996 ἄνθει
1287 3951 1384 4005 τῆς
1428 3941 1631 4002 ηλικίας
1666 3944 1738 4007 ὅν,
1778 3940 1826 3992 ἐν
1878 3960 1965 4013 με·

338 4060 439 4094 σου
463 4042 586 4111 (23)
617 4046 719 4090 τῶν
764 4044 1031 4111 πατρικῶν
1080 4042 1273 4108 χειρῶν
1322 4031 1673 4107 ἀναρπασθεὶς
1721 4033 1955 4103 οἴχεται.

344 4137 538 4183 Ταῦτα
593 4132 749 4181 ποίαν
805 4122 1100 4198 ἀδάμαντος
1146 4126 1303 4196 φύσιν
1354 4122 1461 4195 οὐχ
1522 4123 1674 4174 ἰκανά
1728 4120 1963 4186 ἐκλῦσαι,

332 3612 491 3657 πως,

343 4224 451 4272 καὶ
513 4217 581 4281 εὶς
632 4218 963 4290 συμπάθειαν
1017 4213 1271 4286 ἀγαγείν;
1317 4211 1478 4265 Ὠστε
1524 4207 1676 4264 οὐδὲν
1719 4215 1870 4284 μέγα,
1923 4210 1967 4263 εἰ

335 4316 433 4363 καὶ
480 4311 632 4382 ἡμῶν
690 4303 786 4360 διὰ
834 4304 1035 4379 βάθους
1083 4303 1255 4375 ἥψατο
1282 4306 1339 4355 τὸ
1370 4304 1547 4372 κακὸν,
1596 4300 1882 4373 ὁλοκλήρως
1913 4298 1967 4362 ἐξ

337 4401 526 4477 ἀρχῆς
589 4398 1039 4472 προσπεῳυκότων
1088 4394 1246 4466 ύμῖν,
1306 4397 1397 4444 καὶ
1456 4393 1549 4453 τάς
1604 4409 1660 4443 τε
1714 4390 1964 4463 εὐφροσύ-

339 4511 431 4552 νας
484 4491 639 4562 ὑμῶν
690 4490 783 4537 καὶ
835 4487 926 4546 τάς
975 4483 1141 4544 λύπας
1190 4478 1333 4544 ἰδίας
1377 4480 1570 4533 ἑαυτῶν
1621 4484 1960 4552 ποιουμένων.

349 4585 599 4650 Καίτοιγε
651 4572 846 4647 ἐδόκει,
896 4576 983 4626 τὸν
1033 4591 1093 4645 γε
1146 4574 1311 4647 μέχρι
1365 4577 1459 4622 τοῦ
1520 4573 1773 4651 παρόντος
1836 4572 1966 4643 χρό-

349 4689 432 4722 νον
487 4671 628 4741 (24),
691 4663 842 4737 ιΜγα
890 4660 1022 4716 εἶναι
1076 4663 1145 4714 τὰ
1200 4660 1466 4713 λυποῦντα
1530 4659 1686 4732 ὑμᾶς,
1750 4657 1798 4710 ἐν
1854 4666 1965 4722 τοῖς

415 4817 530 4885 (16)
571 4807 927 4885 ξυνελαύνεις.
974 4808 1125 4862 Ante
1160 4804 1320 4861 hanc
1363 4818 1579 4860 vocem
1620 4801 1838 4873 legitur
1884 4805 1966 4856 ὃτι

340 4887 403 4945 in
435 4884 692 4941 duobus
720 4897 865 4936 mss.

409 4959 493 5029 (7)
534 4956 665 5009 Ἀπο

347 5265 610 5318 εγκνπτων
618 5289 633 5301 .

404 5323 529 5396 (ιε)
557 5319 758 5396 ἰιμςτξνς
958 5302 1965 5396 Αξειξοδξξξλξέξξέςξνωμῶν

332 5398 386 5449 et
407 5374 754 5452 :ﬁéaovﬁdjﬁ
801 5387 963 5457 ἡμῖν.
1012 5380 1172 5457 Πξνία
1200 5374 1535 5457 elegantius
1566 5374 1737 5457 deest
1764 5375 1828 5431 in
1852 5381 1967 5431 An-

324 5445 565 5541 aiahs,
592 5445 748 5526 32.;
771 5445 1028 5541 ίιίνίιυξ.
1041 5445 1773 5541 .ὶιδξιει,ῖ9ίξειῖι.ίὲξεέεξθιξὶ·

405 5546 485 5619 t9)
522 5537 804 5619 Εὔχοέξκί
856 5545 942 5579 σεο

309 5614 450 5677 Editi
466 5614 736 5693 ἐὔχομαί
770 5620 896 5693 σλοιΖ

363 5695 479 5771 (20)
517 5702 776 5767 [παραλελυ

667 4947 1129 5030 ρρῖψαιηΕάίξξφ
1186 4945 1537 5030 Pa'risiensis
1590 4944 1760 5030 addit
1816 4950 1961 5030 ποτέ,

409 4973 493 5029 (7)
549 4973 697 5029 Απορ
737 4973 1129 5031 tutan-nuntio
1186 4973 1537 5030 rd'l'l.516.llﬁl=i
1590 4973 1760 5003 uuuu
1816 4973 1961 5028 ποτε,

337 5047 477 5104 quae
510 5044 630 5084 vox
658 4973 963 5104 _zi0eest_ln
1015 5019 1149 5104 aliis
1178 5018 1549 5104 editionibus
1587 5018 1962 5104 etpmniln‘rs

339 5088 491 5159 mss.
530 5099 714 5157 Paulo
746 5091 1233 5171 pQSt__éﬁLXI3ETw‘f
1258 5090 1478 5171 legitur
1501 5089 1564 5171 in
1596 5088 1784 5171 tribus
1817 5091 1967 5171 anti:

342 5172 650 5261 quissimis
696 5161 1046 5228 codicibus.
1096 5161 1277 5230 Harl.,
1309 5161 1460 5219 Med.
1509 5165 1568 5216 et
1605 5161 1779 5217 Coisl.
1817 5161 1965 5217 Editi

995 5521 1095 5578 Sic
1145 5522 1374 5590 septem
1424 5517 1657 5590 antiqui
1700 5516 1964 5574 codices.

787 5671 1033 5732 θητική.
1067 5662 1166 5718 Sic
1191 5659 1361 5717 Coisl.
1389 5658 1692 5733 antiquior
1719 5664 1776 5717 et
1800 5660 1964 5718 editi.

2066 3047 2237 3104 derat
2279 3064 2595 3117 enarrare;
2631 3067 2895 3125 cumque
2925 3069 3233 3113 rumorem
3252 3057 3347 3113 vix
3389 3060 3719 3133 reciperem

2066 3138 2210 3209 quia
2228 3137 2448 3194 falsum
2468 3155 2602 3196 esse
2623 3141 2934 3214 optabam;
2955 3145 3159 3218 accepi
3179 3145 3405 3204 litteras
3427 3151 3720 3223 episcopi,

2066 3228 2292 3299 quibus
2339 3233 2616 3285 accurate
2664 3230 2926 3288 infausta
2975 3249 3071 3289 res
3130 3235 3607 3306 signiﬁcabatur.
3656 3244 3722 3298 In

2067 3332 2190 3388 quo
2233 3316 2482 3389 quidem
2512 3325 2815 3391 quantum
2844 3322 3267 3392 ingemuerim,
3299 3334 3735 3403 quantumque»

2068 3405 2384 3461 eﬂ‘uderim
2436 3406 2869 3488 lacrymarum,
2901 3412 3050 3483 quid
3095 3415 3303 3472 attinet
3347 3417 3440 3473 vel
3480 3419 3725 3477 dicere?

2069 3495 2209 3560 Quis
2240 3496 2399 3552 enim
2446 3497 2601 3554 adeo
2640 3499 2821 3556 corde
2863 3500 3127 3574 lapideo,
3169 3510 3274 3562 aut
3320 3508 3571 3565 omnino
3617 3511 3727 3567 hu-

2068 3601 2269 3641 manae
2296 3591 2527 3643 natura;
2554 3603 2790 3660 expers,
2822 3595 2886 3646 ut
2910 3590 2971 3646 in
3003 3593 3304 3663 ejusmodi
3333 3603 3549 3655 eventu
3577 3600 3727 3657 nihil

2069 3676 2350 3747 patiatur,
2383 3679 2487 3732 aut
2533 3677 2845 3734 modicum
2875 3680 3147 3739 dolorem
3179 3685 3385 3743 animo
3420 3689 3725 3762 accipiat?

2074 3767 2300 3820 Domus
2321 3764 2654 3837 splendidae
2676 3769 2998 3838 successio,
3021 3770 3439 3833 fulcimentum
3465 3779 3723 3849 generis,

2070 3852 2278 3925 patriae
2308 3868 2465 3925 spes,
2488 3859 2809 3925 parentum
2833 3856 3072 3928 piorum
3106 3876 3350 3931 germen
3381 3881 3523 3921 cum
3545 3867 3723 3924 innu-

2074 3942 2253 3998 meris
2278 3943 2435 3998 votis
2466 3942 2815 4016 educatum,
2844 3946 2904 4002 in
2936 3947 3069 4020 ipso
3098 3951 3288 4008 aetatis
3317 3953 3464 4011 ﬂore
3501 3972 3575 4014 ex
3605 3975 3727 4016 me-

2071 4031 2184 4087 diis
2215 4032 2400 4104 patris
2432 4032 2715 4090 manibus
2744 4040 3018 4109 ereptum
3046 4039 3190 4096 abit.
3217 4044 3348 4099 iith
3373 4059 3558 4117 quem
3582 4049 3726 4106 ada-

2073 4122 2291 4177 mantis
2312 4127 2588 4179 naturam
2612 4139 2735 4180 non
2757 4126 2997 4183 valeant
3012 4128 3362 4206 dissolvere,
3383 4140 3441 4191 et
3460 4135 3541 4192 ad
3564 4154 3729 4196 com-

2074 4211 2523 4268 miserationem
2565 4213 2914 4273 adducere?
2957 4218 3151 4283 Quare
3179 4222 3327 4279 nihil
3366 4230 3457 4281 est
3492 4229 3725 4298 magni,

2075 4299 2124 4355 si
2164 4305 2221 4356 et
2265 4316 2378 4357 nos
2419 4301 2662 4373 penitus
2711 4304 2827 4360 hoc
2873 4306 3270 4367 infortunium
3315 4314 3587 4385 perculit,
3617 4317 3726 4391 qui

2073 4389 2247 4446 vobis
2275 4406 2525 4462 prorsus
2553 4408 2767 4449 sumus
2798 4394 2877 4450 ab
2914 4396 3084 4454 initio
3126 4400 3384 4471 addicti;
3413 4408 3470 4460 et
3499 4389 3724 4476 gaudia

2072 4483 2274 4535 vestra
2303 4484 2359 4536 et
2390 4480 2698 4538 molestias
2743 4490 2950 4542 nostra
2989 4486 3269 4545 facimus.
3305 4495 3494 4565 Atque
3523 4496 3724 4554 hacte-

2072 4584 2190 4624 nus
2233 4570 2483 4642 quidem
2533 4587 2728 4643 pauca
2781 4589 2911 4631 esse
2952 4576 3316 4636 videbantur
3344 4584 3500 4656 'quae
3542 4587 3722 4644 vobis

2071 4657 2413 4715 molestiam
2460 4659 2762 4731 afferrent,
2794 4663 2918 4720 imo
2964 4665 3254 4741 pleraque
3301 4686 3375 4728 ex
3427 4677 3725 4736 sententia

2070 4800 2250 4879 Addit
2278 4802 2434 4879 Harl.
2467 4802 2551 4857 ἐπὶ
2578 4812 2648 4879 τῷ
2678 4807 2795 4878 υἱῷ.
2829 4808 3098 4873 Quatuor
3125 4810 3223 4868 alii
3236 4814 3475 4873 codices
3504 4819 3590 4876 sic
3616 4821 3724 4879 ha-

2070 4873 2215 4957 bgnt
2237 4890 2250 4928 ε
2280 4878 2427 4957 Πρὸς
2445 4873 2846 4957 δεκτάβονξτόν
2873 4882 2983 4931 υἱὸν
3014 4879 3360 4957 ἀποϐαλόντα,
3384 4890 3482 4945 Ad

2072 4949 2229 5001 rium
2256 4947 2363 5016 qui
2385 4948 2580 5015 ﬁlium
2611 4947 2918 5007 amiserat.

2143 5018 2255 5156 (21)
2300 5023 2399 5071 Καὶ
2418 5027 2511 5072 τῶ.
2536 5017 2631 5076 Sic
2651 5021 2775 5077 duo
2799 5039 2944 5079 mss.
2963 5028 3019 5081 et
3040 5026 3198 5086 Harl.
3223 5033 3490 5090 secunda
3511 5052 3721 5096 manu.

2167 5092 2251 5156 2-2)
2293 5095 2499 5156 Μετρίῳ
2537 5092 2711 5145 πάθει.
2743 5095 3019 5153 Nonnulli
3060 5100 3297 5156 codices
3328 5112 3721 5156 μετριοπαθῆ---

2537 5092 2711 5145 πάθει.
2743 5095 3019 5153 Nonnulli
3060 5100 3297 5159 codices
3324 5092 3721 5183 μετριοπαθξίξξ

2069 5158 2492 5248 καταλειφθῆναι..

2139 5232 2249 5302 (23)
2285 5232 2399 5300 Ὃν,
2416 5232 2483 5317 ¹ἐκ
2503 5238 2687 5317 μέσον.
2713 5237 2865 5317 Editi
2883 5238 2972 5308 ὢν,
2995 5239 3098 5317 κάκ
3115 5249 3299 5317 μέσου.
3327 5250 3572 5307 Codices
3590 5268 3725 5310 om-

2070 5317 2354 5391 nesnmsst
2370 5310 2432 5360 ut
2453 5305 2512 5361 in
2528 5308 2839 5391 te;tu,nisi
2858 5305 3025 5391 quod
3043 5314 3103 5370 in
3115 5305 3381 5388 quatuor
3402 5305 3723 5391 legitura—“Xo.

2144 5377 2251 5455 (24)
2291 5381 2396 5463 Τόχ
2431 5396 2488 5463 γε
2534 5382 2699 5463 μέχρι
2736 5390 2827 5434 τού
2875 5377 3366 5463 παρόντος’χρὸνον.
3418 5377 3499 5449 liii
3547 5377 3725 5455 éoisl;

2071 5449 2508 5533 primumhari.
2535 5449 2607 5533 et
2627 5449 2801 5533 unus
2819 5449 3360 5533 egr_R'egiis_._'C'odex
3387 5464 3516 5520 Vat.
3542 5449 3729 5525 liabet

2075 5513 2248 5610 ἐδέκει
2277 5524 2442 5605 μέχρι
2470 5528 2731 5609 τούλθῒο.
2766 5513 3029 5592 Ουίιίἃηῖ
3053 5513 3724 5610 alii

2077 5590 2229 5665 Editi
2256 5590 2316 5665 τό
2506 5590 2748 5665 χρόνου..

2148 5660 2169 5682 ‘
2206 5646 2367 5719 Alias
2399 5646 2761 5725 CVLXE'KXVlii.
2798 5668 3100 5742 Scriptura
3127 5673 3187 5730 in
3214 5691 3478 5743 secessu.
