4114 6408
485 307 589 361 239

1857 303 1914 359 S.
1955 302 2204 359 BASILII
2239 303 2478 359 MAGNI.

3746 315 3853 369 240

483 429 654 486 vobis
682 430 890 497 ﬂuere,
923 429 1031 486 sed
1070 429 1272 486 subito
1301 428 1599 486 damonis
1629 427 1862 485 invidia
1898 442 2102 482 evanu

2216 470 2224 482 .
2252 425 2512 487 πλείστοις
2561 423 2620 480 δὲ
2658 429 2794 480 κατά
2820 429 2942 504 ῥοῦν
2975 431 3096 503 ὑμῖν
3126 433 3193 484 τὰ
3234 433 3520 505 πράγματα
3563 438 3811 509 φέρεσθαι
3834 451 3849 467 ⁶

483 524 608 576 tota
650 521 752 576 illa
793 521 1012 576 domus
1055 519 1306 576 felicitas
1339 528 1396 576 et
1441 520 1786 576 animarum
1833 517 2136 588 hilaritas;

486 625 557 664 ac
585 609 935 666 hominibus
967 610 1146 665 tristis
1175 609 1425 665 historia
1449 608 1589 664 facti
1615 623 1844 662 sumus.
1878 607 2058 677 Igitur
2089 609 2139 663 si

483 698 563 754 ob
595 715 668 754 ea
695 716 831 771 quae
864 698 1213 755 acciderunt
1256 698 1480 768 lugere,
1516 702 1574 752 et
1613 697 1918 768 lacrymas
1951 695 2138 754 eﬂ‘un-

481 776 623 844 dere
672 789 975 857 volumus,
1003 794 1243 861 tempus
1295 790 1423 843 vitae
1455 787 1630 843 nobis
1678 803 1801 843 non
1843 785 2134 854 sufﬁciet;

480 894 590 934 nec
617 878 665 933 si
695 879 974 934 homines
999 895 1212 934 omnes
1240 878 1564 934 nobiscum
1595 881 1859 947 gemant,
1891 877 2138 933 infortu-

479 970 582 1024 nio
628 969 940 1041 planctum
991 969 1315 1042 adaequare
1362 974 1688 1040 poterunt:
1736 969 1860 1024 imo
1903 968 2138 1024 etiamsi

479 1057 806 1114 ﬂuviorum
837 1075 1012 1131 aquae
1059 1059 1345 1131 lacrymae
1372 1059 1541 1128 ﬁant,
1572 1057 1912 1130 nequibunt
1959 1074 2136 1114 casus

477 1148 635 1204 illius
663 1148 932 1206 lamenta
958 1148 1219 1221 explere.

548 1423 602 1474 2.
643 1417 760 1474 Sed
810 1419 860 1474 si
907 1418 1166 1474 velimus
1201 1417 1301 1473 Dei
1349 1417 1602 1485 donum,
1633 1417 1801 1490 quod
1847 1418 2135 1474 cordibus

477 1508 698 1564 nostris
727 1508 964 1574 indidit,
999 1523 1160 1564 nunc
1203 1523 1503 1579 promere,
1537 1507 1832 1563 rationem
1865 1507 2000 1562 dico
2032 1525 2132 1563 so-

475 1597 697 1668 briam,
718 1613 854 1670 quia
875 1603 932 1653 et
955 1597 1016 1653 in
1039 1597 1220 1652 rebus
1244 1595 1524 1652 secundis
1550 1595 1801 1651 modum
1825 1596 1988 1652 novit
2008 1596 2136 1654 ani-

477 1686 700 1742 mabus
728 1687 955 1743 nostris
987 1686 1382 1758 prmstituere,
1416 1691 1473 1741 et
1495 1685 1556 1740 in
1589 1685 1949 1740 tristioribus
1983 1687 2133 1741 casi-

2251 514 2357 567 ἀλλ’
2427 516 2628 590 ἀθρόως
2685 517 2955 594 βασκανίᾳ
3008 519 3254 595 δαίμονος
3318 529 3468 576 πᾶσα
3524 523 3688 582 ἐκείνη
3757 533 3853 576 τοῦ

2249 609 2392 658 οἴκου
2441 610 2556 675 (25)
2604 610 2633 666 ἠ
2687 609 2898 668 εύθηνία
2950 616 3040 663 καὶ
3093 620 3192 664 τῶν
3239 612 3433 684 ψυχῶν
3477 615 3506 671 ἠ
3557 611 3852 689 φαιδρότης

2248 696 2554 767 ἠφάνισται,
2597 702 2686 749 καὶ
2736 697 3011 772 ἐγενόμεθα
3054 710 3125 771 τῷ
3167 700 3270 774 βίῳ
3316 698 3562 774 διήγημα
3611 705 3851 779 σκυθρω-

2246 790 2362 840 πόν.
2411 787 2528 838 Ἐὰν
2575 790 2666 859 μεν
2710 784 2797 840 οὖν
2846 794 3160 844 ποτνιᾶσθαι
3192 791 3275 844 ἐπὶ
3323 799 3431 853 τοῖς
3473 792 3709 865 συμϐᾱσι
3757 799 3852 846 καὶ

2247 870 2492 949 δακρύειν
2551 875 2882 950 βουλώμεθα,
2923 881 3018 932 ούκ
3068 880 3330 956 ἐξαρκέσει
3387 883 3511 954 ἡμῖν
3571 884 3595 933 6
3651 888 3851 958 χρόνος

2245 972 2336 1016 τοῦ
2387 964 2510 1038 βίου
2537 988 2548 998 ·
2582 969 2763 1028 πάντες
2813 965 2870 1021 δὲ
2914 971 3197 1042 ἅνθρωποι,
3232 971 3344 1043 μεθ’
3377 973 3521 1043 ἡμῶν
3570 976 3843 1038 στένοντες,

2244 1063 2550 1126 παρισῶσαι
2603 1065 2674 1126 τῷ
2736 1061 2890 1110 πάθει
2949 1064 3036 1112 τὸν
3094 1057 3324 1132 ὀδυρμόν
3372 1060 3430 1112 ού
3481 1057 3842 1118 δυνήσονται·

2243 1140 2371 1194 ἀλλά
2401 1143 2494 1196 κᾶν
2525 1150 2589 1198 τα
2639 1156 2738 1199 τῶν
2778 1158 3023 1221 ποταμῶν
3059 1150 3294 1224 ῥεύματα
3324 1153 3437 1221 (26)
3479 1146 3706 1225 δάκρυον
3752 1156 3846 1224 γέ·-

2241 1251 2413 1300 νηται,
2469 1233 2803 1312 ἐκπληρῶσαι
2856 1247 2956 1290 τῶν
3011 1238 3315 1312 συμϐάντων
3368 1243 3453 1292 τὸν
3513 1241 3699 1313 θρῆνον
3748 1241 3848 1293 οὐκ

2242 1320 2529 1398 ἐξαρκέσει.

2311 1416 2366 1467 2.
2407 1413 2522 1466 Ἐὰν
2573 1419 2748 1487 μέντοι
2809 1416 3100 1490 θελήσωμεν
3147 1422 3204 1470 τὸ
3257 1426 3348 1470 τοῦ
3408 1425 3542 1472 Θεοῦ
3597 1415 3765 1494 δῶρον
3816 1421 3846 1472 ὁ

2241 1500 2508 1556 ἐναπέθετο
2567 1513 2682 1566 ταῖς
2724 1503 3112 1580 καρδίαις
3159 1510 3304 1581 ημῶν
3343 1517 3662 1582 προενεγκεῖν
3709 1518 3800 1561 νῦν
3827 1531 3841 1542 ·

2238 1595 2322 1644 τὸν
2383 1592 2634 1667 λογισμὸν
2691 1596 2822 1668 λέγω
2881 1601 2967 1649 τόν
3029 1604 3290 1671 σώφρονα,
3345 1598 3400 1660 ὃς
3463 1604 3552 1650 καὶ
3609 1598 3658 1650 ἐν
3725 1608 3849 1661 ταῖς

2239 1681 2542 1756 εὐημερίαις
2591 1689 2756 1758 μέτρα
2811 1682 2923 1738 οἵδε
2973 1693 3090 1748 ταῖς
3144 1686 3351 1758 ψυχαῖς
3417 1689 3561 1759 ἡμῶν
3620 1688 3842 1761 ὁρίζειν,

475 1775 593 1831 bus
618 1791 712 1831 res
744 1775 1050 1832 humanas
1081 1777 1142 1831 in
1170 1775 1528 1831 memoriam
1557 1790 1862 1838 revocare,
1895 1790 2102 1848 nosqw

2239 1776 2328 1823 καὶ
2395 1771 2444 1823 ἐν
2510 1781 2618 1834 ταῖς
2678 1779 3089 1849 κατηφεστέραις
3142 1778 3508 1850 περιστάσεσιν
3571 1776 3642 1838 εἰς
3702 1780 3842 1830 υπο-

476 1866 806 1922 atlmonere
837 1883 1071 1936 eorum,
1098 1883 1234 1938 quae
1266 1871 1324 1920 et
1371 1865 1631 1920 vidimus
1663 1869 1722 1920 et
1763 1865 2127 1933 audivimus,

475 1955 664 2010 vitam
695 1955 970 2012 videlicet
1010 1953 1728 2026 iniortuniishujusmodi
1772 1970 1902 2010 esse
1942 1955 2127 2011 refer-

473 2049 623 2115 tam,
681 2063 751 2102 ac
807 2047 1000 2103 multa
1055 2045 1469 2103 calamitatum
1529 2045 1938 2102 humanarum
1994 2063 2127 2104 esse

470 2135 772 2209 exempla,
790 2141 847 2192 et
867 2141 1080 2209 praeter
1099 2137 1228 2192 haec
1249 2136 1456 2192 omnia
1477 2135 1833 2192 mandatum
1854 2137 1954 2192 Dei
1973 2153 2123 2206 esse,

471 2229 536 2281 ut
563 2226 667 2298 qui
697 2227 757 2282 in
789 2227 1091 2282 Christum
1127 2225 1399 2290 credunt,
1431 2240 1559 2281 non
1589 2225 1832 2294 lugeant
1862 2232 2125 2282 mortuo-

468 2329 605 2370 rum
637 2331 844 2385 causa,
873 2315 952 2371 ob
981 2331 1152 2388 spem
1181 2314 1633 2370 resurrectionis
1660 2332 1673 2381 ;
1708 2331 1778 2370 ac
1821 2317 2124 2387 patientiae

465 2421 704 2475 magna
722 2421 978 2476 magnas
996 2422 1124 2462 esse
1143 2405 1306 2478 apud
1326 2405 1724 2461 certaminum
1742 2405 2008 2476 judicem
2029 2424 2123 2464 co-

461 2511 645 2552 ronas
673 2496 876 2566 gloriae
905 2496 1232 2568 repositas:
1260 2494 1308 2551 si
1338 2495 1516 2566 igitur
1540 2496 1757 2551 rationi
1786 2497 2124 2568 permiseri-

460 2601 600 2640 mus
621 2585 820 2642 uthac
841 2585 1015 2642 nobis
1036 2586 1294 2653 occinat,
1309 2584 1510 2640 licebit
1527 2584 1785 2641 fortasse
1809 2585 2119 2644 modicum

457 2673 706 2747 aliquod
728 2675 1168 2731 malilenimem
1189 2675 1308 2745 78
1327 2675 1810 2740 invenire.Quare
1829 2675 2119 2734 adhortor

455 2769 532 2832 te,
556 2751 619 2820 ut
643 2769 956 2820 strenuum
979 2763 1288 2834 athletam,
1304 2768 1367 2819 ut
1385 2769 1595 2819 contra
1607 2763 1802 2836 plagae
1816 2767 2116 2834 magnitu-

451 2853 658 2910 dinem
679 2854 1050 2920 obtendaris,
1067 2869 1176 2909 nec
1198 2853 1563 2910 succumbas
1586 2854 1839 2924 ponderi
1855 2855 2107 2924 doloris,

446 2959 645 3016 neque
666 2944 1050 3000 absorbearis
1073 2943 1308 3000 animo:
1335 2959 1692 3015 persuasum
1715 2943 1972 3013 habens,
1994 2947 2104 3003 etsi

443 3033 707 3089 rationes
725 3049 933 3089 eorum
953 3049 1088 3105 quae
1107 3049 1142 3089 a
1160 3035 1278 3088 Deo
1295 3032 1742 3104 dispensantur,
1758 3049 1871 3089 nos
1894 3033 2098 3105 latent;

2237 1881 2430 1934 μνησιν
2473 1865 2616 1934 οἴγειν
2657 1873 2754 1916 τῶν
2804 1863 3154 1938 ἀνθρωπίνων,
3200 1871 3291 1918 καὶ
3339 1865 3642 1918 ὑποϐάλλειν
3685 1869 3839 1940 ἡμῖν,

2237 1953 2272 2005 οἷ
2313 1974 2366 2007 τε
2413 1951 2636 2027 εἴδομεν,
2671 1957 2706 2008 ά
2747 1976 2801 2009 τε
2849 1957 3167 2029 ἠκούσαμεν,
3200 1959 3281 2010 ὅτι
3323 1962 3469 2030 γέμει
3513 1959 3538 2010 6
3584 1957 3705 2030 βίος
3734 1968 3840 2012 τῶν

2233 2047 2474 2096 τοιούτων
2531 2047 2729 2112 παθῶν,
2779 2049 2869 2097 καὶ
2927 2045 3089 2098 πολλά
3143 2054 3242 2098 τῶν
3306 2045 3635 2119 ἀνθρωπίνων
3701 2068 3839 2122 συμ-

2236 2142 2400 2208 φορῶν
2467 2133 2577 2187 ἐστι
2629 2139 2695 2187 τά
2741 2132 3108 2208 ὑποδείγματα
3140 2157 3151 2168 ·
3206 2141 3296 2189 καὶ
3350 2135 3434 2188 ἐπὶ
3492 2143 3692 2208 πᾶσιν,
3753 2141 3837 2192 ὁτι

2232 2229 2552 2296 πρόσταγμα
2609 2232 2743 2278 Θεοῦ
2805 2223 2916 2277 ἐστι
2981 2229 3038 2277 τό
3101 2230 3172 2298 μη
3231 2225 3512 2279 λυπεῖσθαι
3576 2226 3660 2280 ἐπὶ
3722 2237 3835 2292 τοῖς

2230 2319 2619 2387 κεκοιμημένοις
2679 2319 2800 2376 τούς
2852 2316 2923 2375 εἰς
2982 2319 3212 2389 Χριστὸν
3263 2322 3674 2380 πεπιστευκότας
3735 2316 3833 2372 διὰ

2229 2407 2320 2460 τὴν
2371 2401 2559 2456 ἐλπίδα
2607 2413 2697 2465 τῆς
2751 2403 3116 2465 ἀναστάσεωςσ
3173 2410 3264 2457 καὶ
3320 2407 3400 2457 ὅτι
3454 2413 3544 2467 τῆς
3600 2407 3826 2480 μεγάλης

2229 2493 2494 2565 ὑπομονῆς
2540 2494 2754 2566 μεγάλοι
2797 2498 2939 2567 παρὰ
2984 2503 3054 2566 τῷ
3094 2493 3340 2568 ἀθλοθέτη
3387 2499 3627 2568 στέφανοι
3669 2493 3830 2560 δόξης

2227 2581 2528 2637 ἀπόκεινται
2560 2603 2571 2614 ·
2644 2583 2728 2638 ἐὰν
2801 2583 3152 2659 ἐπιτρέψωμεν
3220 2594 3288 2656 τῷ
3355 2586 3592 2660 λογισμῷ
3665 2597 3833 2642 ταῦτα

2225 2676 2349 2746 ἡμῖν
2410 2673 2745 2749 κατεπάδειν,
2798 2679 2946 2748 τάχα
3009 2675 3070 2728 ἂν
3137 2677 3370 2750 εῦροιμέν
3431 2697 3546 2729 τινα
3607 2683 3830 2752 μετρίαν

2219 2773 2311 2817 τοῦ
2373 2774 2537 2818 κακοῦ
2594 2766 2764 2821 λύσιν.
2825 2771 2911 2818 Διὸ
2979 2765 3264 2841 παρακαλῶ
3333 2785 3409 2833 σε,
3465 2770 3534 2829 ὡς
3591 2777 3826 2839 γενναῖον

2218 2853 2534 2926 ἀγωνιστὴν,
2595 2865 2782 2916 στῆναι
2842 2859 2972 2929 πρὸς
3037 2860 3092 2908 τὸ
3158 2858 3371 2929 μέγεθος
3427 2865 3522 2919 τῆς
3587 2858 3820 2929 πληγῆς,

2213 2949 2302 2996 καὶ
2348 2951 2420 3018 μὴ
2479 2948 2756 2999 ὑποπεσεῖν
2799 2954 2871 3017 τῷ
2923 2945 3078 3020 βάρει
3121 2954 3213 3008 τῆς
3261 2946 3447 3015 λύπης,
3474 2943 3613 3020 μηδὲ
3651 2968 3821 3002 κατα-

2210 3035 2434 3092 ποθῆναι
2491 3041 2584 3094 τῆν
2636 3035 2856 3106 ψυχηνο
2917 3033 3076 3088 ἐκεῖνο
3134 3040 3494 3108 πεπεισμένον,
3549 3037 3650 3105 ὅτι,
3714 3037 3816 3090 κᾶν

444 3125 503 3176 at
524 3121 791 3193 profecto
811 3121 977 3194 quod
998 3137 1035 3177 a
1055 3121 1324 3193 sapiente
1344 3136 1578 3193 nosque
1599 3127 1840 3177 amante
1861 3122 2099 3196 dispen-

2216 3124 2258 3174 οἱ
2309 3122 2454 3195 λόγοι
2503 3133 2600 3176 τῶν
2654 3127 2798 3200 παρά
2841 3133 2973 3177 Θεοῦ
3022 3125 3459 3198 οἰκονομουμένων
3517 3122 3814 3199 διαθεύγω-

442 3217 629 3284 satur,
673 3212 1122 3285 accipiendum,
1159 3211 1396 3267 etiamsi
1440 3210 1762 3267 molestum
1804 3213 1897 3268 sit.
1929 3215 2098 3271 Novit

439 3301 602 3358 enim
635 3304 783 3375 ipse,
811 3301 1126 3375 quomodo
1157 3301 1482 3373 unicuique
1503 3301 1732 3356 dividat
1755 3303 1924 3374 quod
1954 3305 2095 3360 utile

437 3395 546 3453 est,
579 3397 635 3447 et
664 3407 851 3463 quam
884 3392 963 3447 ob
991 3407 1241 3447 causam
1270 3389 1598 3462 inaequales
1642 3392 1774 3447 vitae
1807 3393 2094 3450 terminos

435 3480 610 3536 nobis
633 3482 986 3554 praestituat.
1011 3485 1108 3536 Est
1126 3481 1288 3537 enim
1311 3497 1496 3537 causa
1515 3481 1720 3553 aliqua
1741 3482 2093 3540 hominibus

431 3570 900 3643 indeprehensa,
933 3573 1014 3628 ob
1055 3588 1243 3644 quam
1293 3570 1392 3626 alii
1435 3571 1684 3644 quidem
1727 3572 1902 3628 citius
1951 3575 2091 3632 hinc

431 3661 834 3734 abripiuntur,
851 3661 948 3718 alii
972 3678 1115 3718 vero
1135 3661 1357 3717 diutius
1378 3661 1440 3716 in
1457 3661 1571 3716 hac
1594 3661 1947 3719 calamitosa
1970 3665 2090 3721 vita

431 3751 512 3809 ad
551 3769 858 3809 aerumnas
899 3751 1289 3825 perferendas
1314 3752 1755 3824 relinquuntur.
1788 3757 1995 3826 Itaque
2026 3756 2085 3811 in

429 3842 716 3898 omnibus
747 3843 1001 3899 adorare
1031 3842 1188 3898 illius
1232 3842 1292 3897 in
1322 3857 1434 3898 nos
1465 3858 1736 3898 amorem
1765 3841 2084 3915 debemus,

427 3947 540 3988 nec
570 3947 728 4002 aegre
757 3933 908 3988 ferre
933 3951 946 3988 :
970 3949 1272 3989 memores
1297 3948 1536 4002 magnae
1561 3932 1717 3988 illius
1748 3937 1803 3988 et
1831 3933 2087 3991 celeber-

426 4021 596 4077 rimae
625 4021 810 4092 vocis,
845 4038 1030 4094 quam
1064 4037 1324 4093 magnus
1351 4022 1446 4077 ille
1477 4021 1699 4078 athleta
1723 4023 1833 4078 Job
1859 4025 2082 4095 emisit,

427 4127 566 4166 cum
589 4111 650 4167 in
675 4127 796 4167 uno
820 4111 1093 4168 convivio
1117 4111 1340 4168 liberos
1365 4112 1577 4168 decem
1603 4113 1822 4183 exiguo
1852 4118 2082 4188 tempo-

421 4199 506 4257 ris
533 4206 842 4256 momento
862 4217 1192 4274 oppressos
1223 4200 1371 4257 vidit
1393 4219 1406 4255 :
1431 4203 1719 4258 Dominus
1749 4203 1934 4275 dedit,
1959 4206 2079 4261 Do-

421 4293 621 4348 minus
651 4291 937 4362 abstulit;
956 4293 1109 4348 sicut
1130 4293 1382 4348 Domino
1405 4293 1617 4363 visum,
1647 4294 1735 4349 ita
1763 4301 1818 4350 et
1839 4295 2079 4364 factum

421 4383 554 4438 est“
569 4425 579 4437 .
597 4381 1027 4437 Admirabilem
1046 4381 1212 4437 illam
1234 4397 1445 4437 vocem
1463 4386 1734 4438 nostram
1757 4383 2074 4441 faciamus:

2212 3231 2293 3264 σιν
2347 3215 2506 3286 ἡμᾶς,
2566 3213 2693 3266 ἀλλὰ
2749 3217 2954 3277 πάντως
2987 3234 3046 3286 γε
3075 3218 3132 3266 τό
3186 3217 3330 3289 παρά
3374 3224 3466 3268 τοῦ
3518 3224 3678 3288 σοφοῦ
3717 3222 3813 3270 καὶ

2208 3300 2510 3374 ἀγαπῶντος
2568 3307 2702 3378 ἡμᾶς
2761 3305 3095 3378 οἰκονομηθεν
3161 3301 3448 3358 ἀποδεκτόν
3510 3305 3644 3375 ἐστι,
3712 3307 3812 3360 κᾶν

2205 3390 2444 3447 ἐπίπονον
2603 3395 2765 3455 Αύτός
2805 3398 2907 3468 γὰρ
2963 3392 3074 3447 οἶδε
3120 3403 3225 3455 πῶς
3278 3395 3481 3467 ἑκάστῳ
3527 3393 3811 3456 διατίθησι

2203 3487 2262 3535 τὸ
2309 3489 2589 3559 συμφέρον,
2617 3490 2708 3536 καὶ
2759 3481 2852 3537 διὰ
2893 3490 2942 3537 τί
2987 3487 3146 3537 οἰνισα
3173 3486 3382 3542 τίθησιν
3411 3487 3528 3554 (28)
3563 3487 3686 3558 ἡμῖν
3712 3496 3812 3540 τοῦ

2203 3572 2326 3645 βίου
2374 3577 2440 3626 τὰ
2483 3579 2699 3650 πέρατα.
2731 3574 2882 3627 ’Ἐστι
2925 3577 3023 3649 γάρ
3056 3594 3135 3636 τις
3184 3575 3328 3626 αἰτία
3357 3572 3647 3648 ἀνθρώποις
3678 3575 3812 3630 ἀκα-

2200 3663 2483 3730 τάληπτος,
2527 3661 2600 3716 δι’
2654 3663 2710 3725 ἧς
2758 3666 2807 3716 οἱ
2853 3667 2942 3736 μὲν
2993 3666 3174 3716 θᾶττον
3214 3662 3436 3716 ἐντεῦθεν
3489 3663 3803 3737 ἀπάγονται,

2197 3756 2246 3805 οἱ
2293 3751 2351 3807 δε
2399 3753 2482 3807 ἐπι
2524 3753 2694 3807 πλεῖον
2724 3753 3208 3828 προσταλαιπωρεῖν
3240 3762 3311 3824 τῷ
3361 3751 3602 3830 ὀδυνηρῷ
3631 3760 3804 3830 τούτῳ

2198 3843 2300 3918 βίῳ
2363 3844 2857 3916 καταλιμπάνονται.
2926 3843 3087 3896 "ﬂare
3149 3842 3233 3895 ἐπὶ
3299 3851 3432 3896 πᾶσι
3488 3854 3804 3918 προσκυνεῖν

2195 3935 2356 3986 αὐτοῦ
2414 3939 2507 3992 τὴν
2569 3933 2954 4008 φιλανθρωπίαν
3012 3932 3273 4005 ὀφείλομεν
3329 3938 3420 3986 καὶ
3476 3940 3546 4007 μὴ
3585 3931 3800 4008 δυσχε-

2192 4029 2423 4100 ραίνειν⁸
2470 4027 2786 4098 μεμνημένοι
2837 4032 2931 4084 τῆς
2979 4023 3209 4095 μεγάλης
3248 4021 3446 4086 ἐκείνης
3492 4030 3580 4077 καὶ
3624 4023 3801 4078 ἀοιδίο

2193 4134 2293 4186 μου
2355 4122 2546 4186 φωνῆς,
2585 4113 2645 4171 ἢν
2697 4115 2722 4164 ὁ
2771 4118 2933 4185 μέγας
2973 4111 3197 4175 ἀθλητὴς
3251 4111 3369 4165 Ἰὼϐ
3425 4112 3794 4189 ἀνεφθέγξατο,

2191 4203 2278 4256 ἐπὶ
2334 4211 2456 4274 μιᾶς
2506 4203 2773 4276 τραπέζης
2824 4200 2950 4255 ἰδὼν
3014 4200 3143 4256 δέκα
3199 4199 3398 4264 παῖδας
3452 4202 3500 4256 ἐν
3556 4202 3795 4279 βραχείᾳ
3875 4190 3878 4192 Ὗ

2190 4302 2375 4366 καιροῦ
2434 4295 2568 4368 ῥοπῆ
2633 4293 3036 4369 συντριϐέντας·
3103 4293 3162 4345 Ὀ
3232 4297 3421 4368 Κύριος
3488 4289 3697 4357 ἔδωκεν,
3762 4295 3789 4346 ὁ

2191 4387 2379 4454 Κύριος
2432 4382 2699 4456 ἀφείλετο·
2757 4387 2821 4444 ὡς
2884 4393 2954 4455 τῷ
3012 4387 3188 4458 Κυρίῳ
3253 4380 3445 4450 ἔδοξεν,
3497 4384 3634 4436 οῦτω
3693 4388 3787 4436 καὶ

419 4485 532 4542 par
576 4487 807 4527 merces
856 4487 892 4527 a
927 4471 1091 4542 justo
1134 4470 1338 4542 judice
1386 4471 1559 4543 paria
1605 4472 1890 4543 preclare
1920 4473 2078 4532 facta

2216 4479 2402 4545 γένετο.
2467 4473 2739 4546 Ἠμέτερον
2803 4475 3150 4546 ποιησώμεθα
3221 4476 3279 4525 τό
3349 4475 3525 4546 θαῦμα
3590 4481 3741 4526 τοῦτο
3775 4494 3790 4508 ο

419 4561 902 4631 designantibus.
954 4565 1082 4618 Non
1112 4578 1323 4616 sumus
1354 4560 1480 4617 filio
1509 4562 1704 4617 orbati
1734 4581 1745 4617 :
1779 4565 1884 4619 sed
1911 4565 2076 4620 resti-

417 4651 644 4707 tuimus
667 4651 718 4706 ei
751 4652 854 4724 qui
886 4655 1096 4707 mutuo
1123 4649 1408 4706 dederat:
1437 4666 1633 4723 neque
1663 4653 1956 4709 exstincta
1986 4658 2079 4711 est

419 4740 575 4795 illius
605 4742 744 4810 vita,
772 4741 879 4798 sed
909 4741 969 4796 in
1001 4741 1218 4798 melius
1244 4745 1684 4797 transmutata:
1715 4758 1826 4797 nec
1851 4743 2075 4800 humus

418 4829 704 4885 dilectum
748 4835 1026 4887 nostrum
1075 4831 1322 4898 obtexit,
1370 4830 1476 4886 sed
1525 4829 1745 4886 coelum
1790 4835 2070 4906 suscepit.

421 4917 730 4989 Paulisper
761 4926 1204 4991 exspectemus,
1238 4926 1292 4976 et
1319 4936 1442 4976 una
1471 4937 1610 4976 cum
1653 4937 1723 4976 eo
1755 4937 1935 4993 quem
1967 4923 2071 4979 de.

418 5007 781 5077 sideramus,
808 5009 1052 5065 erimus.
1085 5013 1288 5082 Neque
1315 5009 1569 5081 longum
1598 5015 1688 5067 est
1717 5016 1954 5084 tempus
1986 5028 2074 5069 se-

488 5136 534 5171 δι
573 5133 704 5190 Job.
747 5149 786 5203 ι,
827 5137 916 5189 21.

481 5262 595 5334 (25)
634 5259 830 5316 Ἐκείνη
883 5266 974 5311 τοῦ
1017 5261 1182 5335 οἴκου.
1235 5261 1326 5335 Sic
1358 5265 1482 5335 tres
1517 5262 1925 5335 antiquissimi
1968 5281 2065 5322 co-

414 5331 583 5390 diées
612 5348 722 5405 pro
754 5347 825 5387 eo
868 5331 1034 5405 quod
1083 5333 1316 5405 eratin
1347 5333 1520 5387 editis
1551 5343 1642 5385 τοῦ
1661 5331 1818 5388 -οῖκου
1851 5335 2062 5392 ἐκείνου.

413 5409 481 5481 in
525 5401 740 5481 iisdem
771 5401 1081 5481 codicibus
1120 5403 1339 5472 legitur
1385 5410 1474 5456 καὶ
1511 5413 1612 5456 τῶν
1653 5405 1865 5479 ψυχῶν,
1900 5409 2066 5481 quod

412 5475 474 5531 in
505 5476 676 5530 editis
706 5475 929 5531 deerat.

483 5548 594 5614 (26)
635 5551 780 5620 Tu...
841 5547 1093 5620 ῥεύματα.
1163 5547 1275 5620 Sex
1333 5547 1578 5620 codices
1635 5547 1874 5620 habent
1933 5553 2061 5607 τὸ...

410 5615 595 5691 ῥεῦμα.
627 5619 740 5673 Sed
771 5615 911 5674 cum
936 5615 1183 5688 vulgata
1209 5617 1384 5678 lectio
1413 5623 1601 5676 exstet
1629 5619 1690 5675 in
1717 5621 1906 5677 tribus
1932 5624 2064 5679 aliis

2186 4566 2302 4625 ’ίσος
2363 4565 2388 4616 6
2453 4565 2645 4637 μισθός
2707 4565 2851 4639 παρά
2909 4570 2998 4616 τοῦ
3058 4559 3268 4615 δικαίου
3329 4571 3506 4636 κριτοῦ
3564 4571 3669 4624 τοῖς
3728 4567 3796 4618 τὰ

2186 4657 2282 4705 ἶσα
2346 4651 2785 4726 ἐπιδεικνυμένοις
2853 4649 3323 4728 ἀνδραγαθηματα.
3395 4653 3505 4705 Οῦκ
3571 4651 3796 4706 ἀπεστε-

2184 4746 2418 4818 ρήθημεν
2466 4752 2558 4796 τοῦ
2601 4739 2814 4808 παιδὸς,
2850 4741 2958 4795 ἀλλ’
2988 4739 3329 4815 ἀπεδώκαμεν
3363 4750 3434 4813 τῷ
3477 4747 3750 4814 χρήσαντι
3777 4764 3790 4777 ·

2185 4830 2308 4886 οὐδὲ
2362 4834 2624 4906 ἠφανίσθη
2681 4832 2842 4884 αύτοῦ
2897 4835 2925 4890 ἡ
2985 4832 3117 4899 ζωὴ,
3178 4831 3284 4884 ἀλλ’
3339 4830 3422 4884 ἐπὶ
3473 4835 3529 4884 τὸ
3582 4830 3792 4904 βέλτιον

2186 4919 2514 4995 διημείφθη·
2551 4921 2610 4975 ού
2663 4929 2730 4994 γῆ
2791 4920 3091 4994 κατέκφυψε
3152 4925 3236 4973 τὸν
3289 4919 3560 4993 ἀγαπητόν
3614 4923 3787 4994 ἡμῶν,

2183 5011 2290 5065 ἀλλ’
2345 5013 2562 5088 οὐρανὸς
2618 5008 2924 5075 ὑπεδέξατο.
2985 5014 3186 5085 Μικρὸν
3249 5012 3636 5084 ἀναμείνωμεν,
3690 5017 3787 5064 καὶ

2177 5263 2635 5333 vetustissimis,
2666 5262 2812 5333 nihil
2845 5262 3206 5320 mutandum
3237 5262 3607 5319 censuimus.

2249 5339 2362 5406 (27)
2399 5343 2526 5398 Ταῖς
2555 5331 2826 5409 καρδίαις.
2862 5335 3013 5390 Editi
3042 5335 3277 5390 addunt
3307 5333 3376 5403 ἐν,
3410 5335 3576 5407 quod
3605 5333 3785 5393 deest

2174 5424 2644 5552 mélssf‘rwnm.
2680 5480 2851 5552 Deest
2873 5478 2988 5534 hoc
3018 5477 3271 5534 verbum
3301 5477 3362 5534 in
3393 5477 3585 5535 tribus
3615 5478 3782 5536 codi-

2175 5550 2369 5622 cibus,
2397 5567 2508 5607 nec
2537 5550 2944 5606 necessarium
2974 5554 3087 5606 est.
