4114 6438
294 364 393 423 1M

1399 373 1880 432 EPISTOLARUM
1917 375 2199 433 CLASSIS
2237 375 2279 431 ῐ.
2322 373 2536 432 EPIST.
2576 371 2666 430 VI.

3623 375 3731 430 242

321 493 652 565 συνεσόμεθα
682 501 766 566 τῷ
795 497 1144 571 ποθουμίνῳ.
1188 495 1327 551 Οὑδὶ
1373 497 1533 560 πολὺς
1574 498 1600 550 ὁ
1641 503 1835 576 χρόνος
1863 508 1959 563 τῆς

2076 499 2414 571 iunctionis,
2463 515 2604 556 cum
2653 512 2866 555 omnes
2909 497 2973 553 in
3017 496 3134 553 hac
3174 496 3296 554 vita
3326 500 3619 571 tanquam
3665 497 3729 555 in

332 581 669 647 διαστάσεως
695 586 844 656 (29),
884 589 1100 639 πάντων
1132 587 1305 663 ὥσπερ
1347 586 1395 640 ἂν
1425 584 1534 660 ὁδῷ
1560 597 1634 661 τῷ
1661 588 1763 662 βίῳ
1792 591 1957 663 τούτῳ

332 679 461 749 πρὸς
502 677 565 728 τὸ
612 675 749 728 αὐτὸ
799 683 1138 750 καταγώγιον
1190 676 1546 751 ἐπειγομένων
1603 677 1652 731 ἐν
1696 678 1735 750 ᾧ
1789 680 1814 731 ό
1866 682 1959 752 μὲν

334 765 746 842 προκατελυσεν,
782 767 810 818 ό
859 763 922 820 δε
965 765 1202 832 ἐῆπλθεν,
1243 769 1269 819 ό
1323 764 1384 820 δὲ
1434 767 1716 841 ἐπείγεται,
1760 772 1957 833 πάντας

337 854 398 908 δέ
448 855 496 908 ἓν
527 852 852 919 ὑποδέξεται
890 855 1054 920 τέλος.
1095 856 1157 911 Εἰ
1192 859 1293 931 γὰρ
1328 862 1418 910 καὶ
1468 860 1652 911 θᾶττον
1693 863 1789 918 τήν
1833 855 1957 911 ὁδόν
2000 924 2006 931 _

332 946 756 1021 προκατελυσεν,
811 945 944 999 ἀλλὰ
999 948 1180 1008 πάντες
1235 952 1330 1006 τὴν
1389 947 1551 1007 αὐτὴν
1590 949 1700 1019 (30)
1774 968 1957 1022 πορευ-

338 1039 564 1110 σόμεθα·
639 1040 733 1089 καὶ
791 1038 992 1099 πάντας
1055 1039 1112 1090 τό
1179 1036 1305 1090 αὐτὸ
1359 1035 1596 1112 ἀναμένει
1660 1037 1955 1111 κατάλυμα.

332 1131 506 1182 Μόνον
538 1131 748 1198 γένοιτο
797 1127 934 1198 ἡμᾶς
974 1123 1009 1179 ὃ
1016 1126 1048 1178 ι’
1087 1124 1274 1200 ἀρετῆς
1304 1135 1365 1201 τῇ
1415 1130 1739 1203 καθαρότητι
1768 1124 1957 1181 ἐκείνου

340 1218 691 1289 ὁμοιωθῆναι·
730 1216 815 1268 ἶνα
857 1212 953 1268 διὰ
989 1220 1047 1269 τό
1084 1213 1274 1270 ἄδολον
1314 1224 1405 1270 τοῦ
1450 1220 1611 1281 ἤθους
1656 1222 1751 1281 τῆξ
1796 1217 1960 1279 αὐτῆς

349 1313 454 1368 τοῖς
479 1305 527 1358 ἐν
566 1313 794 1381 Χριστῷ
831 1311 1037 1369 νηπίοις
1076 1305 1414 1371 ἀναπαύσεως
1459 1305 1790 1383 ἐπιτύχωμεν
1821 1308 1958 1381 (31).

925 1422 1262 1470 ΕΠΙΣΤΟΛΗ
1304 1417 1369 1482 ς’.

2067 589 2168 646 via
2216 591 2296 647 ad
2339 589 2501 646 idem
2552 588 2947 645 diversorium
2991 587 3397 643 contendant:
3450 587 3512 643 in
3559 587 3729 659 quod

2066 678 2314 751 hicjam
2364 678 2627 740 advenit.
2686 677 2781 733 ille
2839 676 3203 750 supervenit,
3264 676 3411 732 alter
3447 675 3723 732 festinat:

2065 766 2205 825 ﬁnis
2245 774 2446 827 autem
2499 784 2659 823 unus
2706 782 2921 823 omnes
2972 767 3247 839 excipiet.
3293 766 3412 822 Etsi
3456 765 3617 823 enim
3657 765 3728 821 ci-

2066 857 2183 915 tius
2235 860 2401 916 viam
2476 857 2749 928 confecit,
2803 857 3083 913 eamdem
3149 871 3362 912 omnes
3430 855 3727 928 ingredie-

2066 964 2224 1018 mur,
2275 964 2610 1021 omnesque
2664 947 2827 1004 idem
2867 950 3073 1003 manet
3097 946 3520 1003 diversorium.
3571 946 3728 1002 Tan-

2066 1048 2197 1099 tum
2240 1039 2416 1096 nobis
2464 1037 2773 1108 contingat
2817 1036 2975 1093 illius
3013 1035 3258 1108 puritati
3299 1050 3409 1108 per
3446 1035 3729 1092 virtutem

2066 1129 2407 1197 assimilari,
2448 1133 2513 1185 ut
2551 1127 2822 1184 moribus
2869 1125 2987 1182 doli
3042 1125 3386 1198 expertibus
3423 1124 3724 1197 eamdem,

2070 1236 2140 1277 ac
2162 1219 2262 1293 qui
2291 1218 2353 1275 in
2381 1216 2611 1276 Christo
2631 1216 2891 1272 infantes
2912 1220 3071 1288 sunt,
3093 1215 3368 1289 requiem
3395 1229 3729 1288 consequa-

2067 1325 2228 1367 mur.

2664 1413 3003 1471 EPISTOLA
3042 1414 3129 1468 VI.

1254 1517 1524 1574 Basilius
1552 1516 1833 1574 Nectarii
1858 1530 2110 1572 uxorem
2140 1515 2419 1573 similiter
2448 1516 2818 1572 consolatur.

416 1624 557 1696 Πρός
584 1624 680 1679 τήν
711 1620 972 1692 όμόζυγον
999 1621 1106 1691 (32)
1131 1627 1421 1698 Νεκταρίου
1448 1625 1883 1698 παραμυθητική.

414 1711 462 1766 1.
496 1708 754 1783 Ἐμελλον
787 1708 1098 1783 ἀποσιωπᾷν
1142 1715 1274 1785 πρὸς
1321 1717 1415 1772 τὴν
1459 1715 1791 1786 κοσμιότητα
1840 1730 1958 1780 σου,

329 1802 704 1873 λογιζόμενος,
773 1801 874 1868 ὅτι,
934 1800 1108 1875 ὣσπερ
1164 1802 1412 1877 ὀφθαλμῷ
1463 1803 1822 1876 φλεγμαίνοντι
1867 1804 1960 1853 καὶ

321 1896 384 1945 τό
443 1889 797 1943 ἁπαλώτατον
854 1898 956 1949 τῶν
1006 1894 1463 1967 παρηγορημάτων
1507 1892 1655 1945 ἀνίαν
1706 1894 1818 1964 (33)
1877 1889 1961 1963 ἑμ-

323 1988 495 2043 ποιεί,
558 1979 700 2031 οὕτω
757 1984 847 2031 καὶ
895 1979 1051 2053 ψυχῇ
1107 1981 1208 2034 ὑπό
1262 1981 1482 2054 θλίψεως
1543 1981 1758 2057 βαρείας
1813 2000 1963 2033 κεκα-

326 2073 571 2142 κωμένῃ,
599 2067 700 2120 κᾶν
728 2068 923 2128 πολλὴν
956 2070 1285 2143 παράκλησιν
1314 2076 1438 2147 φέρῃ
1474 2074 1500 2125 ό
1524 2072 1696 2145 λόγος,
1729 2071 1962 2145 ὀχληρός

334 2180 443 2220 πως
490 2157 634 2212 εἶναι
691 2154 858 2222 δοκεῖ,
915 2157 964 2211 ἓν
1027 2167 1090 2232 τῇ
1148 2159 1471 2235 περιωδυνίᾳ
1524 2166 1957 2237 προσφερόμενος,

337 2249 477 2302 Ἐπςί
547 2244 613 2301 δέ
672 2268 739 2320 με
785 2248 895 2320 (34)
952 2248 1209 2319 εἰσῆλθεν,
1285 2253 1366 2304 ὅτι
1445 2256 1573 2326 πρὸς
1639 2256 1959 2327 Χριπιανήν

321 2359 420 2411 μοι
476 2341 505 2391 ό
560 2338 721 2410 λόγος
778 2340 948 2409 ἔσται,
997 2338 1160 2392 πάλαι
1224 2339 1643 2415 πεπαιδευμένην
1705 2344 1767 2394 τὰ
1825 2343 1956 2409 θεῖα,

319 2449 419 2481 και
485 2427 896 2501 ἐμπαράσκευον
958 2424 1119 2481 οὖσαν
1171 2433 1301 2505 πρὸς
1357 2434 1421 2484 τὰ
1489 2430 1807 2505 ἆνθρὼπινα,
1865 2431 1959 2484 οὐκ

320 2517 557 2590 ἐνόμισα
597 2514 813 2570 δίκαιον
865 2514 995 2571 εἶναι
1048 2518 1358 2594 παραλιπεῖν
1410 2524 1469 2574 τὸ
1527 2519 1798 2574 ἐπιϐάλλον
1843 2540 1955 2593 μοι.

330 2603 481 2659 Οἶδα
532 2609 750 2658 ποταπὰ
801 2613 903 2658 τῶν
946 2611 1182 2683 μητέρων
1229 2611 1296 2663 τὰ
1342 2608 1645 2682 σπλάγχνα·
1693 2614 1783 2661 καὶ
1835 2611 1955 2660 ὁταν

342 2694 490 2755 ἰδίως
526 2700 584 2748 τό
618 2699 710 2748 σὸν
760 2700 881 2769 πιρὶ
928 2698 1128 2759 πάντας
1167 2703 1409 2774 χρηστὸν
1458 2705 1548 2752 καὶ
1598 2702 1786 2773 ἣμερον
1816 2697 1958 2751 ἐνθυ-

345 2788 528 2858 μηθῶ,
562 2784 837 2859 λογίζομαι
877 2793 1050 2844 πόσην
1095 2787 1227 2849 εἰκὸς
1273 2788 1359 2842 ἐπὶ
1391 2796 1501 2851 τοῖς
1538 2797 1798 2865 παροῦσιν
1827 2784 1956 2842 εἶναι

347 2878 447 2931 τὴν
502 2871 780 2945 ἀλγηδόνα.
843 2871 1026 2927 Παίδα
1085 2874 1403 2950 ἐζημιώθης,
1462 2877 1517 2931 ὃν
1573 2882 1819 2950 περιόντα
1863 2880 1955 2950 μεν

2389 1621 2666 1678 Nectarii
2694 1621 2944 1691 conjugi
2977 1620 3409 1677 consolatoria.

2145 1710 2196 1766 1³.
2239 1710 2528 1768 Nolebam
2574 1710 2801 1783 alloqui
2836 1709 3190 1780 dignitatem
3226 1714 3420 1781 tuam,
3460 1707 3732 1765 conside-

2068 1815 2231 1865 rans,
2272 1805 2336 1857 ut
2363 1800 2539 1857 oculo
2564 1800 2944 1858 inﬂammato
2985 1799 3379 1856 lenimentum
3420 1798 3514 1854 vel
3542 1802 3733 1854 tener-

2068 1890 2293 1945 rimum
2332 1889 2605 1946 dolorem
2654 1890 2842 1957 affert,
2888 1889 2970 1946 ita
3017 1889 3237 1945 animae
3281 1887 3446 1958 gravi
3472 1902 3732 1944 maerore

2069 1977 2325 2049 afﬂictae,
2355 1979 2587 2035 etiamsi
2626 1978 2886 2035 multum
2924 1977 3122 2035 solatii
3161 1977 3313 2034 ferat
3353 1977 3566 2045 oratio,
3599 1992 3731 2033 mo-

2067 2066 2281 2125 lestam
2309 2074 2510 2125 tamen
2536 2068 2985 2142 quodammodo
3016 2067 3220 2129 videri,
3252 2067 3314 2123 in
3339 2067 3476 2140 ipso
3506 2065 3732 2122 doloris

2070 2158 2320 2215 articulo
2347 2159 2704 2215 adhibitam.
2758 2163 2829 2214 At
2858 2157 2959 2214 ubi
2986 2157 3135 2214 mihi
3162 2158 3225 2213 in
3250 2163 3518 2213 mentem
3549 2156 3728 2228 venit,
3798 2226 3803 2237 ‘

2068 2263 2411 2305 sermonem
2438 2248 2585 2305 mihi
2616 2265 2756 2304 cum
2800 2247 3143 2305 Christiana
3170 2247 3458 2316 futurum,
3479 2245 3732 2317 jampri-

2067 2336 2208 2394 dem
2236 2338 2300 2394 in
2327 2337 2510 2394 rebus
2551 2338 2769 2394 divinis
2801 2337 3093 2407 instituta,
3142 2353 3255 2393 nec
3299 2336 3379 2392 ad
3422 2336 3729 2391 humanos

2068 2443 2245 2484 casus
2281 2428 2623 2501 imparata;
2664 2444 2788 2485 non
2829 2428 3167 2485 existimavi
3206 2443 3454 2501 aequum
3491 2443 3625 2483 esse
3664 2429 3733 2484 ut

2066 2515 2266 2574 ofﬁcio
2296 2534 2435 2574 meo
2482 2518 2777 2575 deessem.
2828 2519 2976 2575 Novi
3035 2517 3242 2590 qualia
3294 2517 3412 2573 sint
3463 2521 3731 2574 matrum

2064 2606 2337 2675 viscera;
2389 2624 2652 2681 cumque
2702 2607 3081 2681 peculiariter
3125 2606 3442 2664 considero
3471 2610 3639 2663 tuam
3666 2605 3730 2663 in

2065 2711 2277 2753 omnes
2304 2697 2739 2769 benignitatem
2761 2703 2942 2770 atque
2965 2696 3522 2764 mansuetudinem,
3544 2694 3732 2767 conji-

2064 2784 2156 2841 cio
2195 2791 2493 2858 quantum
2525 2786 2842 2860 probabile
2887 2786 2964 2843 sit
3009 2786 3071 2842 in
3119 2785 3521 2857 praesentibus
3554 2784 3729 2841 malis

2063 2875 2335 2931 dolorem
2358 2893 2507 2932 esse.
2538 2875 2748 2933 Filium
2770 2876 3023 2932 amisisti
3051 2877 3190 2948 79,
3217 2891 3401 2948 quem
3431 2875 3727 2932 viventem

347 2964 670 3036 ἐμακάρισαν
706 2971 879 3017 πᾶσαι
911 2969 1149 3040 μητέρες,
1200 2972 1291 3019 καὶ
1333 2967 1558 3031 ηὔξαντο
1596 2972 1718 3030 τοὺς
1759 2966 1953 3020 ἑαυτῶν

2076 2970 2287 3021 matres
2312 2981 2524 3021 omnes
2552 2965 2967 3038 praedicabant
2991 2965 3260 3031 beatum,
3283 2964 3556 3036 talesque
3582 2979 3727 3020 suos

345 3057 612 3116 τοιούτους
648 3050 800 3107 εἶναι·
845 3052 1174 3109 ἀποθανόντα
1212 3053 1273 3110 δὲ
1310 3055 1604 3130 ἐστέναξαν,
1656 3060 1725 3121 ὡς
1755 3057 1950 3116 ἑκάστη

336 3148 423 3195 τόν
480 3143 674 3204 ἑαυτῆς
723 3151 794 3216 γῇ
854 3144 1248 3220 κατακρύψασα
1273 3189 1285 3202 .
1356 3146 1582 3200 Ἐκείνου
1643 3149 1670 3200 ό
1739 3149 1953 3208 θάνατος

328 3233 510 3305 πληγή
560 3231 760 3305 ἐγένετο
805 3230 1081 3308 πατρίδων
1134 3231 1231 3289 δύο
1275 3234 1406 3305 (35),
1456 3245 1553 3299 τῆς
1602 3256 1657 3290 τε
1699 3240 1954 3310 ἡμετέρας

325 3330 421 3376 καὶ
476 3330 575 3383 τῆς
644 3322 890 3377 Κιλίκων.
958 3323 1165 3397 Ἐκείνῳ
1228 3328 1288 3377 τὸ
1354 3329 1490 3398 μέγα
1541 3332 1631 3380 καὶ
1682 3330 1953 3402 περιφανὶς

324 3418 474 3484 γένος
541 3416 953 3484 συγκατέπεσεν,
1012 3413 1187 3489 ὣσπερ
1240 3414 1541 3490 ἐρείσματος
1597 3418 1953 3492 ὑφαιρεθέντος

327 3504 713 3559 κατασεισθέν.
742 3500 814 3554 Ὠ
845 3504 1153 3576 συνάντημα
1193 3512 1423 3577 πονηροῦ
1474 3503 1743 3579 δαίμονος,
1789 3509 1952 3559 πόσον

330 3595 540 3665 ἴσχυσε
567 3594 735 3643 κακὸν
761 3590 1149 3667 ἐξεργάσασθαι
1175 3594 1186 3649 !
1228 3594 1298 3646 Ὤ
1320 3604 1413 3666 γῆ,
1446 3602 1679 3648 τοιοῦτον
1724 3594 1952 3667 ἀναγκα-

333 3684 532 3735 σθεῐσα
586 3676 955 3743 ὑποδέξασθαι
1010 3683 1213 3745 πάθοςῐ
1286 3682 1498 3759 ’Ἐφριξε
1562 3688 1710 3758 τάχα
1773 3690 1862 3738 καὶ
1924 3686 1951 3738 ό

332 3771 501 3840 ἣλιος,
558 3773 607 3822 εἶ
659 3789 743 3832 τις
794 3772 1049 3834 αἴσθησις
1106 3774 1265 3845 αὐτῷ,
1326 3777 1386 3826 τὸ
1438 3777 1746 3848 σκυθρωπὸν
1797 3774 1954 3828 ἐκεῖνο

332 3863 529 3933 θέαμα,
564 3863 671 3913 Καὶ
700 3863 753 3912 τί
782 3862 845 3912 οἶν
873 3881 953 3922 τις
982 3869 1231 3916 τοσοῦτον
1262 3867 1417 3932 εἰποι,
1460 3865 1582 3917 ὅσον
1613 3866 1642 3923 ἠ
1678 3863 1956 3937 ἀμηχανία

333 3959 425 4012 τῆς
448 3951 651 4022 ψυχῆς
679 3948 959 4003 ὑποϐάλλει
982 3968 997 4017 ;
1870 4016 1873 4017 ν

405 4045 468 4094 2.
518 4038 660 4092 Ἀλλ’
705 4039 768 4090 οὐ
811 4043 912 4113 γὰρ
959 4040 1259 4114 ἀπρονόητα
1307 4046 1372 4095 τὰ
1416 4045 1660 4117 ἡμέτερα,
1696 4046 1762 4105 ὡς
1789 4064 1953 4118 μεμα-

344 4131 573 4201 Θήκαξιεν
607 4129 659 4181 ἐν
697 4137 773 4200 τῷ
804 4129 1122 4202 Εὐαγγελίῳ,
1163 4132 1243 4184 ὅτι
1286 4129 1411 4185 οὐδὲ
1451 4135 1726 4205 στρουθίον
1774 4138 1954 4188 πίπτει

341 4218 464 4270 ἄνευ
508 4217 796 4291 θελήματος
838 4226 931 4271 τοῦ
967 4224 1175 4294 Πατρός
1220 4223 1393 4294 ἡμῶν.
1448 4221 1629 4292 Ὠστε,
1685 4226 1730 4276 εἰ
1770 4243 1823 4276 τι
1870 4228 1953 4297 γί-

2062 3071 2196 3112 esse
2221 3055 2539 3129 optabant:
2570 3062 2877 3111 mortuum
2896 3072 3034 3111 vere
3054 3055 3302 3128 perinde
3323 3054 3626 3123 luxerunt,
3654 3069 3727 3111 ac

2063 3144 2113 3200 si
2161 3161 2341 3200 suum
2393 3161 2648 3218 quaeque
2689 3145 2877 3200 humo
2923 3144 3304 3201 contexisset.
3351 3143 3511 3199 lllius
3558 3159 3726 3200 mors

2061 3234 2246 3307 plaga
2273 3234 2496 3291 exstitit
2520 3235 2963 3307 provinciarum
2997 3233 3281 3303 duarum,
3309 3239 3365 3289 et
3393 3238 3634 3298 nostra,
3668 3236 3725 3290 et

2063 3324 2335 3381 Cilicum.
2369 3328 2516 3382 Cum
2557 3324 2657 3381 illo
2684 3340 2977 3395 magnum
3002 3328 3058 3380 et
3085 3324 3310 3380 illustre
3345 3338 3536 3394 genus
3583 3338 3726 3380 cou-

2062 3413 2223 3482 cidit,
2250 3413 2432 3470 veluti
2452 3414 2645 3471 fulcro
2670 3414 2907 3471 sublato
2938 3429 3323 3470 concussum.
3345 3414 3388 3469 Ο
3411 3413 3724 3469 incursum

2062 3502 2207 3559 mali
2253 3504 2572 3570 daemonis,
2618 3508 2913 3576 quantum
2957 3502 3154 3576 potuit
3180 3502 3326 3558 mali
3354 3502 3625 3575 patrare!
3677 3503 3721 3558 Ο

2061 3597 2220 3649 terra
2245 3593 2425 3649 talem
2456 3598 2665 3650 coacta
2696 3593 3002 3665 suscipere
3033 3592 3282 3649 casum!
3314 3592 3550 3648 Horruit
3572 3590 3722 3647 forte

2060 3682 2193 3755 ipse
2230 3683 2341 3752 sol,
2365 3684 2414 3739 si
2439 3683 2577 3756 quis
2602 3683 2663 3739 in
2694 3699 2765 3739 eo
2793 3699 3027 3754 sensus,
3044 3684 3209 3739 triste
3236 3682 3388 3738 illud
3414 3686 3723 3754 spectacu-

2059 3771 2207 3828 lum.
2241 3775 2306 3828 Et
2324 3772 2461 3845 quis
2490 3777 2726 3828 tantum
2747 3772 2945 3828 dicere
2967 3772 3204 3844 poterit,
3222 3775 3523 3844 quantum
3542 3771 3721 3843 inops

2062 3861 2293 3918 consilii
2323 3861 2563 3917 animus
2595 3861 2907 3932 suggerit?

2129 4047 2189 4100 2.
2239 4046 2456 4099 Verum
2494 4047 2701 4099 nostra
2745 4059 2868 4099 non
2897 4042 3051 4099 fiunt
3076 4043 3225 4099 citra
3251 4041 3716 4116 providentiam,

2058 4132 2584 4205 quemadmodum
2613 4133 2675 4188 in
2709 4133 3033 4203 Evangelio
3055 4133 3398 4200 didicimus,
3420 4150 3497 4189 ne
3518 4148 3722 4205 passe-

2059 4239 2187 4281 rem
2215 4224 2465 4297 quidem
2496 4224 2709 4281 cadere
2740 4225 2867 4280 sine
2896 4224 3206 4281 voluntate
3228 4225 3416 4282 Patris
3440 4226 3627 4281 nostri
3646 4224 3716 4281 ³⁸.

330 4327 471 4380 you,
530 4307 788 4380 θελήματι
831 4312 1010 4380 γέγονε
1060 4317 1152 4362 τοῦ
1203 4316 1493 4374 κτίσαντος
1547 4315 1708 4385 ἡμᾶς.
1755 4314 1839 4384 Τῷ
1890 4311 1949 4367 δε

2076 4315 2256 4379 Quare
2287 4313 2340 4369 ei
2359 4313 2508 4385 quid
2539 4313 2805 4383 contigit,
2832 4312 3141 4369 voluntate
3162 4314 3410 4382 contigit
3440 4312 3718 4368 Condito-

330 4397 647 4470 βουλήματι
692 4404 787 4449 τοῦ
838 4406 969 4451 Θεοῦ
1032 4404 1112 4461 τίς
1178 4398 1506 4468 ἀνθέστηκε;
1578 4399 1951 4477 Καταὸεξώμε-

332 4490 400 4540 θα
428 4490 546 4559 (36)
600 4490 662 4539 τό
704 4486 930 4560 συμϐάν·
985 4485 1508 4563 δυσανασχετοῦντες
1562 4490 1664 4567 γὰρ
1722 4495 1839 4546 οὔτε
1889 4499 1948 4547 τό

405 4614 453 4649 ³³
496 4613 708 4669 Matth.
734 4629 793 4682 ι,
823 4616 912 4670 29.

404 4757 519 4825 (29)
560 4750 712 4808 Orici”:
758 4755 981 4817 πολὺς...
1027 4753 1336 4821 ὑποδέξεται
1383 4758 1550 4820 τελος.
1606 4762 1776 4816 Deest
1827 4764 1951 4817 tota

331 4827 462 4882 haec
495 4827 829 4900 verborum
860 4827 1277 4900 complexioin
1310 4832 1437 4888 Vat.
1460 4836 1517 4886 et
1539 4832 1715 4886 Coisl.
1747 4848 1948 4887 recen-

328 4899 663 4976 tiore,etin
691 4898 935 4976 duobus
961 4898 1175 4976 Regiis.
1201 4902 1344 4976 Huic
1367 4907 1570 4976 autem
1597 4908 1652 4959 et
1676 4901 1950 4976 sequenti

324 4970 604 5045 epistolae
621 4969 811 5045 multa
829 4971 1035 5027 insunt
1056 4969 1280 5045 indicia
1296 4974 1561 5028 hominis
1587 4991 1622 5030 a
1642 4969 1950 5031 rhetorum

326 5041 868 5119 exercitationibus
920 5044 1193 5119 recentis.
1232 5045 1531 5119 Nonnulla
1574 5047 1774 5118 etiam,
1814 5063 1985 5119 quin.

329 5114 595 5188 Basilius
622 5120 759 5188 apte
790 5114 870 5171 ad
897 5114 1252 5188 religionem
1286 5117 1685 5173 Christianam
1716 5114 1955 5174 accom-

329 5186 634 5254 modat,in
660 5186 954 5242 Plutarchi
967 5186 1123 5241 libro
1136 5189 1220 5243 De
1234 5190 1950 5258 consolalz‘oneleguntur.

330 5262 380 5313 ls
401 5258 568 5314 enim
583 5258 757 5314 docet
778 5258 970 5314 vitam
987 5263 1196 5313 mutuo
1208 5259 1415 5315 datam
1431 5276 1560 5316 esse
1581 5261 1951 5329 hominibus,

328 5346 442 5385 nec
469 5330 692 5386 mirum
724 5330 917 5386 videri
944 5329 1187 5396 debere,
1223 5331 1273 5386 si
1302 5331 1613 5388 reddenda
1642 5333 1712 5387 sit
1737 5350 1749 5387 :
1794 5332 1954 5388 hanc

328 5402 513 5457 vitam
544 5419 679 5459 esse
707 5402 900 5458 veluti
931 5401 1119 5470 viam,
1151 5417 1275 5473 qua
1305 5418 1520 5457 omnes
1556 5404 1633 5459 ad
1666 5404 1827 5460 idem
1862 5405 1954 5460 di-

328 5475 656 5548 versarium
708 5473 1065 5533 tendimus:
1112 5488 1235 5528 non
1275 5473 1571 5544 lugendos
1609 5492 1759 5539 esse,
1801 5492 1956 5548 quos

332 5544 491 5603 brevi
522 5562 889 5623 sequemur.

396 5623 498 5692 {30)
538 5614 645 5682 Τήἒι
946 5614 1099 5692 Editi
1129 5615 1364 5692 addunt
1393 5616 1554 5689 αὐτῷ,
1594 5618 1763 5692 quod
1792 5619 1960 5676 deest

330 5688 385 5745 in
401 5685 641 5769 septem
675 5688 1007 5752 veteribus
1034 5685 1220 5744 libris.

2059 4404 2141 4459 ris
2164 4405 2373 4460 nostri.
2417 4403 2559 4470 Quis
2591 4408 2793 4459 autem
2826 4403 2925 4459 Dei
2958 4403 3246 4460 voluntati
3272 4402 3538 4458 resistit?
3582 4403 3721 4457 Sus-

2061 4494 2358 4567 cipiamus
2390 4494 2557 4568 quod
2588 4494 2835 4563 accidit;
2866 4494 3113 4551 moleste
3139 4495 3299 4550 enim
3325 4494 3596 4560 ferentes,
3620 4507 3721 4549 ne-

2135 4761 2241 4835 gti)
2284 4761 2665 4835 Ἐπιτύχωμεν.
2718 4765 2801 4818 lta
2848 4765 2969 4818 tres
3020 4760 3405 4816 vetustissimi
3457 4762 3718 4820 codices.

2061 4832 2210 4888 Editi
2240 4832 2504 4906 τύχωμεν.

2132 4909 2246 4979 (32)
2285 4903 2598 4979 ξῡμόξυγον.
2653 4905 2743 4961 Sic
2784 4903 3146 4979 Harl.,_Vat.n
3178 4908 3235 4960 et
3276 4905 3550 4979 quinque
3598 4903 3722 4964 alii.

2062 4975 2463 5032 Coisliniahus
2495 4975 2731 5049 primus
2770 4982 2828 5049 et
2856 4975 3289 5049 editi_6a6Cu7az.

2132 5052 2242 5123 _(_33)
2287 5046 2610 5123 ’ᾼνίανζδὶο
2656 5046 3067 5123 ῌίιιε1ηυροὶξ1ί
3094 5046 3327 5120 primus
3365 5052 3423 5106 et
3451 5049 3722 5123 quinque

2062 5118 2181 5178 alii.
2212 5117 2425 5191 melius
2458 5134 2644 5191 quam
2676 5119 2736 5173 in
2781 5118 2952 5191 editis
2983 5117 3149 5191 amas.

2140 5192 2252 5266 (_3r’i_)
2287 5190 2424 5266 ’Eaa}
2455 5188 2515 5243 δέ
2542 5190 3023 5266 pa.__S_ic_c_odices
3055 5188 3283 5264 antiqui
3315 5196 3567 5266 septem,
3600 5191 3723 5248 duo

2064 5260 2182 5349 alii,
2221 5262 2357 5347 ᾚπεὶ
2389 5259 2448 5314 δέ
2477 5259 2587 5336 μοί.
2618 5262 2770 5318 Editi
2800 5261 2980 5322 ἐπειδὴ
3013 5284 3123 5337 μοι.
3172 5259 3402 5321 Statim.
3415 5259 3600 5334 Bigot.
3633 5268 3724 5316 καὶ

2066 5352 2470 5385 ευπαοασκευον.

2138 5385 2247 5478 (3ἓ5)
2291 5409 2409 5460 Δύο.
2442 5406 2532 5478 Sic
2562 5422 2707 5460 mss.
2740 5410 2992 5478 septem.
3030 5406 3181 5478 Editi
3212 5402 3380 5462 δυοῖν.

2140 5477 2254 5603 (36?
2296 5475 2733 5561 Καταδεξώμεθα.
2788 5475 2937 5532 Εόὶῐί
2984 5477 3219 5560 addunt
3262 5485 3407 5549 γοῦν,
3460 5476 3566 5532 sed
3594 5477 3723 5537 Ιιεεο

2140 5564 2222 5603 ιοιι
2250 5564 2284 5603 a
2306 5549 2472 5603 deest
2497 5566 2558 5603 1n
2580 5555 2809 5603 sentem
2838 5565 2981 5603 mss.
3016 5548 3345 5603 codicibus.

2065 5548 2284 5603 vocula
2306 5549 2472 5606 deest
2497 5550 2558 5605 in
2580 5548 2809 5619 Septem
2838 5565 2981 5604 mss.
3016 5548 3345 5604 codicibus.

2138 5620 2157 5640 "
2193 5620 2353 5676 Alias
2389 5623 2697 5679 CLXXXIX.
2736 5620 2969 5693 Scripta
2996 5620 3528 5693 eodemtempore.
