4114 6386
239 324 336 383 34⁵5

1325 331 1813 388 EPISTOLARUM
1849 329 2138 388 CLASSIS
2174 331 2217 385 Ι.
2260 329 2454 386 EPIS‘I‘
2490 329 2632 385 VIII.

3568 331 3674 386 246

259 455 373 513 τητί
411 471 537 520 σου,
581 452 675 506 ὅτι
718 460 889 508 πᾶσα
933 456 1200 529 θεολογική
1232 458 1367 529 φωνὴ
1401 455 1617 510 ἐλάττων
1656 458 1745 528 μίν
1784 453 1876 509 ἔστ

2011 454 2348 529 prudentiae
2378 457 2516 520 tute,
2536 468 2750 510 vocem
2780 467 3029 509 omnem
3054 451 3457 523 theologicam
3484 452 3676 527 impa-
3730 454 3737 463 ’

268 551 357 605 τῆς
402 539 655 605 διανοίας
698 552 798 598 τοῦ
846 545 1114 619 λέγοντος,
1158 544 1377 599 ἐλάττων
1418 542 1478 599 δί
1514 554 1611 607 τῆς
1652 552 1743 599 τοῦ
1792 543 1896 599 ἔπι.

274 634 553 697 ζητοῦντος
582 632 879 708 ἰπιθυμίας
905 657 921 670 ο
963 632 1106 690 διότι
1135 637 1161 689 ό
1189 636 1343 708 λόγος
1378 634 1745 712 ἀσθενέστερόν
1790 654 1901 696 πως

270 729 462 797 πέφυκε
518 720 901 779 διακονεῖσθαι
954 732 1061 787 τοῖς
1097 731 1411 799 νοονμένοις.
1452 728 1513 780 Εἰ
1550 722 1638 778 οὖν
1678 723 1901 787 ἀσθενὴς

269 817 415 887 ἡμῶν
464 817 498 873 ἡ
555 810 792 886 διάνοια,
847 814 1075 870 ἐλάττων
1131 813 1191 870 δὲ
1237 818 1436 877 ταύτης
1483 818 1513 875 ἡ
1569 815 1807 888 γλῶσσα,
1846 819 1901 867 τί

266 903 435 979 ἐχρῆν
482 900 800 978 προσδοκᾷν
841 906 989 978 ἡμᾶς
1036 904 1117 959 ἐπὶ
1159 913 1270 968 τοῖς
1301 906 1609 981 εἰρημένοις,
1642 909 1733 957 καὶ
1770 904 1899 978 οὐχὶ

265 999 449 1048 πενίαν
518 992 960 1066 ἐγκληθήσισθαι
1016 994 1229 1069 λόγων;
1291 996 1366 1048 Οῦ
1427 1000 1532 1069 μὴν
1592 997 1778 1048 τούτου
1839 1014 1898 1067 γε

262 1084 430 1137 ἕνεκεν
502 1079 734 1137 δυνατὸν
796 1080 859 1143 ἧν
928 1093 1102 1158 σιωπῇ
1161 1084 1433 1160 παρελθεῖν
1490 1087 1549 1139 τὸ
1607 1084 1895 1145 ἐπιζητού-

272 1192 418 1246 μενον
461 1175 603 1244 (45).
644 1170 901 1236 Κίνδυνος
943 1177 1043 1250 γὰρ
1083 1171 1398 1249 προδοσίας,
1433 1173 1481 1227 ἐν
1519 1182 1593 1246 τῷ
1636 1178 1708 1248 μὴ
1740 1194 1895 1248 περο-

278 1268 469 1336 χείρως
520 1259 854 1316 ἀποδιδόναι
911 1266 1008 1326 τὰς
1065 1269 1186 1337 περὶ
1241 1271 1376 1318 Θεοῦ
1431 1263 1735 1339 ἀποκρίσεις
1785 1270 1896 1327 τοῖς

282 1350 529 1424 ἀγαπῶσι
575 1355 669 1404 τόν
723 1355 936 1426 Κύριον.
984 1354 1183 1407 Ἐκεῖνα
1227 1357 1319 1426 μὲν
1358 1351 1467 1420 οὖν,
1521 1356 1622 1406 εἶτε
1669 1352 1894 1429 ἀρκούν-

280 1462 380 1504 τως
415 1446 555 1514 ἔχειν
604 1439 776 1511 δοκεῖ,
829 1446 930 1497 εἶτε
979 1448 1069 1497 καὶ
1108 1441 1482 1518 ἀκριϐεστέρας
1535 1446 1674 1506 τινός
1720 1463 1892 1517 προσ-

279 1534 444 1595 θήκης
490 1528 693 1597 δεῖται,
741 1540 928 1607 καιροῦ
979 1529 1121 1586 ἰδίου
1165 1536 1293 1609 πρὸς
1340 1530 1626 1609 διόρθωσιν
1672 1533 1889 1607 χρῄζει.

272 1626 339 1676 Τὸ
386 1619 449 1675 δὲ
496 1630 590 1674 νῦν
645 1625 792 1695 ἔχον,
840 1622 1241 1698 παρακαλοῦμεν
1296 1643 1372 1691 σε,
1415 1623 1441 1676 ὃ
1488 1628 1579 1677 καὶ
1613 1622 1891 1696 παρεκαλέ-

266 1730 429 1784 σαμεν
460 1708 604 1777 ἤδη,
640 1720 858 1786 χρῆσαι
889 1716 1107 1765 σεαυτόν
1156 1713 1452 1787 ὁλοκλήρως
1495 1720 1557 1785 τῇ
1603 1717 1893 1785 συνηγορίᾳ

2008 560 2140 601 rem
2186 560 2319 600 esse
2365 541 2717 613 cogitationi
2758 542 3036 613 dicentis,
3077 543 3376 615 imparem
3421 541 3674 600 interro-

2010 634 2210 704 gantis
2239 631 2555 690 desideriis
2580 649 2594 700 ;
2629 635 2954 703 propterea
2978 632 3148 704 quod
3177 646 3378 687 sermo
3408 631 3674 688 imbecil-

2006 722 2125 779 lius
2165 723 2369 779 nescio
2408 720 2725 794 quomodo
2773 720 2924 777 solet
2961 721 3237 792 cogitatis
3264 720 3448 777 rebus
3476 721 3671 778 inser-

2006 812 2149 870 vire.
2182 812 2240 870 Si
2269 827 2415 882 ergo
2461 810 2706 866 inﬁrma
2733 809 3022 881 cogitatio
3070 815 3300 877 nostra,
3333 814 3392 867 et
3438 810 3670 881 cogita-

2006 903 2168 960 tione
2212 901 2459 959 inferior
2503 902 2748 970 lingua;
2782 901 2932 973 quid
2980 901 3465 974 exspectandum
3494 901 3671 958 nobis

2003 992 2117 1049 fuit
2142 992 2204 1047 in
2230 992 2300 1047 iis
2330 1008 2469 1065 qum
2505 990 2925 1059 disseruimus,
2956 989 3073 1046 nisi
3101 991 3422 1063 penuriam
3448 990 3670 1048 verbo-

2003 1098 2143 1138 rum
2190 1081 2498 1151 objectum
2551 1080 2673 1136 iri?
2719 1082 2921 1153 Neque
2982 1085 3186 1136 tamen
3234 1080 3459 1136 idcirco
3495 1081 3669 1153 potui

2004 1170 2239 1227 silentio
2304 1170 2755 1243 praetermittere
2814 1168 2982 1242 quod
3046 1168 3455 1242 quaerebatur.
3513 1173 3665 1226 Nam

2002 1260 2366 1333 proditionis
2397 1258 2732 1333 periculum
2764 1263 2870 1328 est,
2906 1257 2957 1314 si
2999 1274 3125 1315 non
3153 1257 3409 1315 libenter
3445 1258 3667 1315 dentur

2001 1350 2079 1407 de
2120 1353 2239 1407 Deo
2274 1365 2572 1423 responsa
2614 1349 2710 1404 his
2750 1348 2854 1421 qui
2884 1348 3211 1404 Dominum
3252 1347 3527 1419 diligunt.
3562 1347 3667 1405 Illa

2000 1439 2205 1511 igitur,
2245 1439 2367 1495 sive
2400 1439 2545 1513 satis
2574 1454 2709 1495 esse
2736 1437 3076 1505 videantur,
3125 1438 3252 1493 sive
3281 1437 3461 1494 etiam
3490 1454 3666 1494 accu-

1999 1529 2220 1585 ratiore
2271 1528 2545 1602 quodam
2594 1527 3012 1585 additamenta
3060 1526 3392 1597 indigeant,
3424 1532 3663 1601 tempus

1999 1618 2338 1693 proprium,
2363 1626 2427 1673 ut
2459 1617 2877 1688 emendentur,
2903 1617 3231 1689 postulant.
3261 1616 3435 1683 Quod
3459 1622 3663 1673 autem

1998 1724 2164 1764 nunc
2190 1708 2270 1763 ad
2314 1723 2441 1764 rem
2473 1708 2702 1775 attinet,
2736 1707 3053 1763 hortamur
3091 1710 3166 1774 te,
3201 1706 3284 1762 uti
3299 1706 3434 1777 jam
3482 1707 3662 1764 etiam

256 1810 356 1862 τῆς
389 1800 670 1865 ἀληθείας,
708 1805 801 1854 καὶ
838 1809 951 1863 ταῖς
991 1804 1101 1873 (46)
1142 1805 1287 1877 παρὰ
1328 1810 1421 1855 τοῦ
1460 1808 1594 1855 Θεοῦ
1629 1800 1882 1875 ἐγγινομέ-

1998 1797 2219 1853 hortati
2247 1797 2576 1868 sumusﬁut
2609 1802 2798 1852 totum
2830 1802 2884 1851 te
2922 1795 3185 1852 veritatis
3209 1794 3565 1866 defensioni,
3591 1812 3664 1853 ac

246 1911 371 1954 ναις
424 1900 492 1963 τῇ
551 1887 770 1963 διανοίᾳ
828 1911 923 1943 σου
974 1893 1157 1965 ὁρμαῖς
1212 1895 1340 1967 πρὸς
1391 1896 1486 1950 τὴν
1543 1899 1634 1944 τοῦ
1692 1890 1890 1964 ἀγαθοῦ

250 1984 558 2049 σύστασιν,
590 1982 813 2042 ταύταις
858 1979 1171 2056 ἀρκούμενον
1219 1985 1309 2034 καὶ
1358 1982 1484 2057 παρ’
1528 1984 1675 2055 ἡμῶν
1723 1977 1889 2053 μηδὲν

258 2069 624 2133 ἑπιζητοῦντα
656 2069 806 2122 πλέον
832 2091 845 2104 ο
888 2068 957 2137 οῖ,
1000 2071 1169 2143 πολλῷ
1200 2070 1442 2133 ἕλάττους
1475 2074 1613 2131 ὄντες
1644 2078 1739 2131 τῆς
1768 2071 1892 2123 ὑπο-

260 2162 430 2222 νοίας,
477 2157 794 2232 βλάπτομεν
850 2158 1042 2232 μᾶλλον
1093 2168 1155 2232 τῇ
1220 2160 1345 2235 παρ’
1405 2159 1597 2213 ἑαυτῶν
1652 2157 1892 2231 ἀσθενείᾳ

258 2250 345 2300 τόν
374 2248 553 2320 λόγον,
589 2252 622 2307 ἦ
668 2267 790 2301 τινα
822 2248 985 2321 ἰσχὺν
1036 2245 1130 2302 διὰ
1175 2258 1271 2313 τῆς
1324 2253 1634 2325 συνηγορίας
1661 2256 1723 2322 τῇ
1759 2247 1890 2307 ἁλη-

256 2337 373 2409 θείᾳ
399 2338 783 2410 προστίθεμεν.

849 2450 1192 2499 ΕΠΙΣΤΟΛΗ
1233 2446 1315 2500 Η’.

1998 1886 2265 1943 motibus
2295 1886 2484 1943 menti
2519 1891 2633 1942 tute
2663 1886 2743 1942 ad
2767 1886 3002 1942 bonum
3033 1884 3464 1942 stabiliendum
3484 1902 3520 1942 a
3541 1889 3661 1942 Deo

1998 1975 2306 2049 impressis
2340 1975 2564 2046 tradas,
2591 1975 2686 2030 his
2719 1977 3038 2032 contentus
3058 1990 3169 2030 nec
3198 1975 3461 2048 amplius
3490 1974 3663 2049 quid-

1999 2082 2186 2140 quam
2217 2081 2253 2122 a
2281 2065 2459 2122 nobis
2507 2065 2820 2138 requirens
2846 2082 2860 2119 :
2891 2064 2998 2138 qui
3029 2080 3169 2120 cum
3199 2064 3391 2121 multo
3420 2064 3660 2122 inferio-

1998 2172 2094 2213 res
2122 2156 2314 2211 simus
2339 2170 2526 2228 quam
2548 2154 2683 2225 quis
2707 2153 3002 2227 suspicari
3025 2153 3234 2225 possit,
3260 2152 3661 2210 imbecillitate

1998 2250 2207 2305 nostra
2253 2244 2594 2300 doctrinam
2624 2243 2903 2300 laedimus
2932 2243 3154 2315 magis,
3191 2258 3378 2315 quam
3424 2243 3661 2300 roboris

2000 2334 2229 2409 aliquid
2259 2334 2594 2407 patrocinio
2624 2338 2833 2390 nostro
2863 2333 3148 2390 addimus
3171 2332 3427 2390 veritati.

2554 2442 2797 2500 EPISTO
2807 2444 2896 2497 LA
2938 2441 3095 2498 νην.

259 2552 595 2607 Perculsus
618 2566 769 2607 casu
791 2552 1110 2621 inopinato
1131 2554 1419 2623 Basilius,
1439 2569 1573 2609 cum
1594 2568 1655 2609 se
1674 2553 1755 2610 ad
1770 2552 2123 2622 Gregorium
2145 2552 2477 2622 recepisset,
2494 2550 2855 2607 desiderium
2877 2563 3121 2623 suorum
3142 2550 3237 2605 his
3258 2550 3473 2607 litteris
3493 2550 3661 2621 lenit,

355 2639 584 2694 eosque,
610 2624 903 2679 admonet
925 2630 990 2679 ut
1018 2632 1272 2681 caveant
1293 2627 1369 2681 ab
1388 2627 1663 2681 Arianis.
1692 2628 1873 2681 Deum
1897 2627 2167 2686 Patrem,
2186 2626 2372 2679 Deum
2398 2623 2644 2688 Filium,
2666 2624 2852 2678 Deum
2871 2622 3166 2691 Spiritum
3186 2628 3462 2677 sanctum
3485 2624 3664 2691 conﬁ-

345 2699 761 2767 terioportere
781 2696 1021 2751 statuit.
1052 2697 1193 2753 Tres
1214 2697 1352 2761 deos
1381 2696 1771 2767 afﬁgentibus
1797 2696 2132 2766 respondet.
2157 2697 2346 2751 Deum
2378 2701 2625 2764 natura,
2650 2710 2772 2749 non
2800 2708 3050 2767 numero
3076 2709 3264 2767 unum
3293 2694 3449 2767 dici:
3469 2695 3666 2751 simile

345 2765 713 2840 etdissimite
745 2769 970 2840 rejicit,
989 2768 1365 2825 identitatem
1389 2765 1740 2825 substantia:
1770 2765 2044 2840 requirit,
2071 2782 2143 2822 ac
2167 2767 2393 2840 Filium
2422 2768 2604 2821 Patri
2622 2780 2759 2840 esse
2772 2765 3343 2840 consubstantialem
3364 2765 3663 2840 declarat.

342 2837 539 2892 Plura
562 2840 860 2906 explanat
888 2838 1222 2909 Scriptura?
1253 2842 1383 2897 loca
1406 2839 1481 2897 ab
1507 2836 1877 2897 adversariis
1908 2841 2164 2911 objecta.
2211 2838 2481 2909 Denique
2505 2838 2702 2894 sancti
2726 2837 2991 2905 Spiritus
3018 2836 3394 2892 divinitatem
3420 2837 3661 2906 probat.

250 2950 380 3006 Τοῖς
410 2950 762 3020 Καισαρεῦσιν
781 2946 899 3017 (47)
920 2942 1175 3017 ἀπολογία
1201 2951 1319 3022 περὶ
1346 2954 1443 3008 τῆς
1461 2945 1717 3021 ἀποχωρή
1730 2966 1828 3001 σεω
1840 2968 1878 3019 ς,

820 3021 913 3069 καὶ
946 3021 1066 3092 περὶ
1092 3021 1336 3080 πίστεως.

328 3109 374 3159 1.
418 3104 685 3165 Πολλάκις
734 3103 1034 3177 ἕθαύμασα,
1067 3111 1118 3158 τί
1161 3126 1286 3160 ποτε
1336 3110 1467 3184 πρὸς
1512 3109 1654 3182 ἡμᾶς
1698 3112 1884 3161 πεπόν⁸

247 3197 392 3266 θατε,
428 3200 525 3248 καὶ
568 3197 733 3248 πόθεν
780 3203 1032 3249 τοσοῦτον
1076 3199 1308 3256 ἡττᾶσθε
1336 3198 1449 3270 (48)
1493 3207 1588 3261 τῆς
1634 3200 1884 3273 ἡμετέρας

244 3283 633 3359 βραχύτητος,
676 3293 770 3345 τῆς
808 3292 999 3360 μικρᾶς
1036 3290 1126 3338 καὶ
1180 3286 1363 3359 ὀλίγης
1410 3292 1501 3340 καὶ
1548 3285 1699 3341 οὐδὲν
1753 3291 1883 3349 ἴσως

248 3372 486 3446 ἐχούσης
537 3373 833 3447 ἐράσμιον,
890 3379 979 3427 καὶ
1040 3374 1215 3447 λόγοις
1283 3378 1423 3450 ἡμᾶς
1483 3379 1879 3453 προτρέπεσθε,

248 3465 423 3537 φιλίας
473 3484 533 3517 τε
574 3469 669 3516 καὶ
706 3460 971 3538 πατρίδος
1021 3466 1528 3540 ὑπομιμνήσκοντες,
1560 3469 1733 3542 ὧσπερ
1785 3487 1881 3540 qau-

249 3552 424 3626 γάδας
493 3556 650 3616 τινὰς
716 3559 999 3627 πατρίκοῖς
1066 3556 1414 3629 σπλάγχνοις,
1474 3560 1606 3633 πρὸς
1668 3556 1882 3619 ἑαυτοὺς

253 3645 403 3697 πάλιν
450 3644 793 3717 ὶπιστρίερειν
838 3646 955 3715 (49)
999 3651 1327 3720 πειρώμενοι,
1380 3647 1511 3719 Ἐγώ
1575 3643 1635 3700 δε
1683 3650 1742 3700 τὸ
1789 3651 1879 3722 μὲν

258 3738 417 3806 φυγάς
464 3737 740 3808 γεγονέναι
794 3733 1054 3807 ὁμολογῶ)
1108 3740 1198 3789 καὶ
1258 3737 1353 3789 οῦκ
1412 3735 1727 3812 ἀρνηθείην·
1784 3742 1878 3797 τὴν

257 3820 313 3876 δέ
369 3824 547 3877 αἰτίαν
587 3822 801 3895 μάθοιτ’
827 3822 887 3875 ἂν
949 3820 1059 3883 ἤδη
1118 3826 1413 3887 ποθοῦντες.
1475 3826 1723 3880 Μάλιστα
1786 3830 1877 3901 μὶν

251 3920 321 3982 τῷ
370 3910 630 3983 ἀδοκήτῳ
686 3916 803 3965 τότε
853 3911 1094 3986 πληγεὶς,
1157 3916 1391 3988 καθάπερ
1444 3916 1493 3968 οἱ
1548 3922 1657 3977 τοῖς
1711 3916 1877 3989 αἰφνι-

253 3999 395 4064 δίοις
454 4002 651 4075 ψόφοις
720 3999 923 4077 ἀθρόως
984 4002 1440 4077 καταπλαγέντες,
1496 4004 1554 4057 οὗ
1611 4009 1873 4078 κατέσχον

253 4095 379 4153 τοὺς
420 4091 734 4164 λογισμοὺς,
783 4090 891 4143 ἀλλ’
947 4090 1211 4166 ἔμοὶκρυνα
1267 4090 1598 4167 φυγαδεύων,
1644 4100 1733 4147 καί
1782 4095 1874 4154 ηὐ-

255 4180 447 4239 λίσθσςν
498 4187 693 4255 χρόνον
748 4183 922 4234 ἱκανόν
970 4180 1057 4255 ἀφ’
1101 4183 1264 4255 ὑμῶν,
1317 4186 1497 4237 ἔπειτα
1537 4181 1597 4237 δὲ
1643 4189 1733 4238 καὶ
1780 4189 1872 4239 πό-

246 4313 338 4365 est
361 4305 797 4371 Combeﬁsius,
821 4305 1119 4379 scholium
1150 4307 1462 4379 quoddam
1493 4308 1872 4368 declaratBa-

1996 2945 2296 3016 Apologia
2342 2943 2416 3001 de
2465 2957 2693 3000 secessu
2740 2941 2823 2998 ad
2868 2941 3284 3016 Casarienses,
3331 2948 3388 2999 et
3433 2942 3506 3000 de
3544 2944 3665 3013 ﬁde

2608 3014 3033 3084 pertractatio.

2070 3111 2118 3162 1.
2163 3107 2331 3179 Saepe
2362 3103 2619 3160 miratus
2648 3120 2805 3170 sum,
2835 3118 2942 3159 cur
2972 3118 3043 3159 eo
3074 3101 3200 3158 sitis
3230 3102 3292 3158 in
3321 3117 3419 3159 me
3451 3102 3656 3158 animo

1994 3195 2213 3265 affecti,
2249 3200 2306 3251 et
2335 3194 2496 3250 unde
2526 3210 2637 3250 vos
2667 3193 2930 3250 tenuitas
2959 3197 3192 3261 nostra,
3216 3208 3410 3266 eaque
3441 3192 3662 3263 exigua

1993 3290 2050 3341 et
2079 3285 2322 3341 modica
2344 3300 2413 3341 ac
2444 3284 2697 3340 fortasse
2718 3281 2868 3338 nihil
2896 3281 3131 3338 habens
3164 3280 3444 3354 amabile,
3469 3285 3660 3339 tanto-

1990 3391 2133 3449 pere
2147 3375 2376 3449 capiat;
2402 3389 2641 3447 nosque
2666 3372 3049 3429 sermonibus
3064 3372 3493 3441 adhortemini,
3509 3371 3659 3429 ami-

1992 3467 2193 3522 citiam
2217 3471 2272 3521 et
2294 3465 2554 3539 patriam
2577 3462 3344 3533 commemorantes,veluti
3366 3462 3657 3537 profugos

1990 3555 2294 3629 quosdam
2326 3554 2593 3626 paternis
2619 3552 2949 3609 visceribus
2972 3553 3049 3609 ad
3075 3569 3181 3609 vos
3203 3569 3412 3609 rursus
3438 3568 3659 3610 conan-

1991 3650 2079 3701 tes
2110 3660 2414 3701 revocare.
2449 3644 2561 3715 81
2602 3646 2724 3713 Ego
2757 3647 2960 3699 autem
3010 3641 3340 3715 profugum
3383 3659 3482 3698 me
3525 3652 3655 3699 esse

1989 3735 2201 3799 fateor,
2234 3751 2433 3807 neque
2461 3734 2808 3804 negaverim
2836 3750 2849 3789 :
2881 3733 2989 3789 sed
3016 3734 3144 3806 jam
3181 3750 3451 3805 causam,
3478 3734 3527 3791 si
3555 3750 3654 3790 cu-

1988 3826 2145 3899 pitis,
2179 3825 2474 3881 ediscetis.
2508 3824 2758 3882 Maxime
2788 3823 3037 3896 quidem
3065 3839 3126 3879 re
3154 3822 3468 3897 inopinata
3509 3828 3652 3881 tunc

1987 3915 2319 3989 perculsus,
2344 3912 2871 3987 quemadmodum
2900 3913 3004 3985 qui
3033 3912 3112 3968 ob
3137 3912 3482 3985 repentinos
3510 3919 3653 3971 stre.

1984 4005 2145 4077 pitus
2184 4004 2342 4060 illico
2386 4007 2820 4076 expavescunt,
2854 4018 2977 4059 non
3023 4002 3386 4059 cohibebam
3429 4004 3651 4075 cogita-

1983 4093 2197 4161 tiones,
2225 4092 2331 4149 sed
2363 4091 2642 4162 elongavi
2685 4090 2941 4163 fugiens,
2977 4107 3047 4148 ac
3085 4096 3356 4165 tempore
3387 4092 3579 4150 multo
3611 4110 3649 4152 a

1981 4182 2157 4240 vobis
2188 4181 2375 4240 abfui.
2411 4181 2633 4238 Deinde
2670 4196 2811 4238 vero
2843 4185 2897 4237 et
2928 4180 3300 4238 desiderium
3327 4182 3643 4255 quoddam

1983 4310 2080 4382 cui
2105 4314 2358 4382 praeerat
2392 4307 2660 4378 Basilius,
2689 4308 2940 4382 scripta;
2974 4322 3085 4382 nec
3116 4306 3370 4363 Basilius
3400 4323 3473 4363 ex
3495 4307 3642 4382 urbe

249 4380 453 4451 silium
488 4377 941 4451 hacsententia
979 4378 1082 4446 uti,
1116 4377 1223 4435 sed
1263 4378 1474 4451 fusius,
1503 4380 1561 4435 in
1593 4381 1868 4449 llomilia,
1906 4386 1948 4440 1)
1980 4381 2042 4437 in
2083 4377 2492 4449 solitudinem,
2524 4386 2590 4436 ut
2621 4377 2836 4451 eruditi
2884 4378 2997 4451 viri
3037 4378 3331 4451 hactenus
3374 4379 3643 4435 credide-

252 4467 386 4523 quae
417 4447 801 4523 inscribitur,
835 4450 1068 4506 Christi
1106 4447 1711 4521 generatiofLegitur
1742 4447 1871 4509 hinc

254 4521 509 4577 homilia
539 4532 694 4601 tom.
729 4524 795 4585 ll,
821 4536 891 4601 ⁸ρ.
922 4524 1027 4587 59;
1061 4528 1118 4601 et
1162 4523 1327 4601 quod
1360 4523 1419 4579 in
1453 4523 1681 4580 scholio
1711 4524 1869 4579 indi-

258 4600 454 4649 catum
486 4597 603 4659 est,
638 4596 954 4662 reperitur,
982 4609 1043 4648 n.
1081 4598 1102 4648 1
1141 4599 1200 4649 et
1226 4598 1277 4648 2.

328 4668 437 4734 (45)
477 4668 551 4717 Τό
599 4662 1027 4736 ἐπιζητούμενον.
1063 4665 1333 4730 Quatuor
1376 4682 1520 4722 mss.
1554 4681 1679 4723 oon
1723 4666 1871 4724 anti-

255 4736 536 4810 quissimi
569 4738 631 4787 τό
674 4735 1012 4810 ζητούμενον.

322 4811 435 4877 (46)
482 4813 588 4880 Kal
623 4813 760 4880 ταῖς.
795 4809 969 4880 Deest
993 4813 1083 4860 καί
1110 4808 1170 4863 in
1200 4807 1441 4864 duobus
1476 4826 1621 4865 mss.
1648 4808 1869 4880 Regiis.

242 4883 503 4937 Videtur
547 4877 819 4934 deletum
851 4878 1035 4934 fuisse
1083 4881 1143 4935 in
1191 4880 1504 4936 Ilarlaaano
1549 4877 1777 4949 codice,
1808 4883 1871 4937 in

239 4970 367 5025 quo
414 4951 555 5008 haec
596 4950 863 5025 cpistola
893 4951 1220 5025 recentiore
1261 4953 1720 5025 manuiscripta
1761 4958 1867 5009 est.

242 5020 493 5099 'bpgatg,
514 5020 813 5099 motibus.
847 5020 1060 5099 Melius
1095 5022 1262 5094 forte,
1295 5023 1344 5078 si
1380 5020 1688 5099 reddatur.
1716 5041 1871 5094 prae-

250 5084 702 5168 sidiisfiPaulo
756 5099 891 5166 post
945 5092 1207 5168 legimus
1245 5084 1336 5150 'ex
1389 5084 1685 5168 quinque?
1716 5084 1866 5168 'mss.

252 5168 420 5238 πολλῷ
479 5166 732 5238 ἂοὲττονς
756 5164 901 5238 “ρῐό
933 5164 1183 5238 χπολλῶν.
1242 5169 1370 5222 Ι)υο
1410 5164 1581 5223 “mss.—
1632 5167 1869 5224 codices

250 5235 483 5295 habent
512 5237 758 5310 ἀσθενείᾳ
788 5235 901 5289 ’τῶν
932 5235 1118 5310 λόγων.

317 5316 441 5381 (47)
481 5317 604 5373 Τοῖς
638 5308 1028 5384 Καισαρεῦσιν..
1051 5308 1352 5384 Quamvis
1393 5309 1490 5365 hic
1539 5310 1740 5367 titulus
1770 5311 1871 5366 Ba-

254 5378 365 5439 silii
411 5378 726 5440 sententiae
774 5378 849 5439 ac
894 5378 1099 5435 verbis
1138 5385 1451 5454 repugnet,
1490 5398 1628 5454 eum
1669 5388 1873 5439 tamen

255 5456 632 5525 retinuimus,
657 5458 993 5528 propterea
1026 5452 1509 5528 qugflreperitur
1537 5453 1599 5528 in
1629 5454 1871 5528 duobus

261 5528 555 5585 codicibus
596 5522 961 5593 m'ss.—lleg.
1015 5528 1073 5578 et
1119 5522 1304 5596 Harl;
1345 5525 1609 5596 exceptis
1652 5524 1875 5581 ultimis

266 5599 460 5677 verbis,
495 5608 585 5657 καὶ
630 5601 1072 5677 περὶῌπίστερος,
1105 5609 1238 5666 quae
1268 5595 1508 5677 despui.
1538 5598 1876 5677 Porro_haec

261 5665 484 5747 epistola
495 5693 625 5737 non
640 5665 728 5734 ad
756 5665 1309 5735 Caesariensés,sed
1320 5666 1400 5723 ad
1419 5669 1874 5736 monasterium,

1980 4458 2138 4516 runt,
2155 4452 2262 4507 sed
2281 4453 2482 4524 potius
2502 4450 2799 4524 ingurbem
2823 4449 3235 4524 exsolitudine
3257 4450 3638 4524 discesserat.

1979 4525 2126 4581 Petit
2156 4520 2317 4579 enim
2366 4528 2432 4579 ut
2476 4522 2588 4577 sibi
2632 4523 2987 4594 aliquandiu
3013 4521 3202 4594 liceat,
3230 4520 3466 4594 abesse,
3515 4538 3637 4579 non

1981 4597 2143 4668 quod
2171 4598 2237 4651 in
2281 4595 2428 4651 urbe
2457 4592 2995 4668 commorationem,
3037 4592 3252 4668 inquit,
3280 4592 3635 4668 ambiamus,

1980 4664 2267 4751 sedquod
2310 4668 2542 4751 versari
2574 4682 2709 4722 cum
2756 4667 2983 4751 sanctis
3028 4664 3633 4751 longe‘utiliss‘imum

1972 4734 2336 4810 judicemus.
2386 4741 2522 4793 Erat
2572 4753 2714 4810 ergo
2764 4736 2825 4810 in
2881 4735 3085 4810 aliqua
3138 4734 3341 4810 urbe_,_
3355 4735 3636 4810 videlicet

1981 4804 2253 4867 Nazianzi
2284 4826 2421 4865 cum
2450 4804 2750 4879 Gregorio.
2788 4806 2958 4879 Quod
2982 4804 3192 4879 autem
3211 4804 3637 4879 _addit,.homi-

1980 4898 2088 4938 nes
2114 4882 2357 4937 urbium
2383 4877 2681 4936 desiderio
2716 4895 2751 4933 a
2784 4877 3052 4949 maligno
3093 4877 3310 4949 decipi,
3344 4877 3468 4934 nOn
3500 4895 3633 4934 con-

1981 4953 2236 5025 gruebat
2252 4953 2383 5009 haec
2403 4951 2736 5025 admonitio
2755 4948 2990 5025 civibus
3012 4948 3633 5025 Qaesariensibus,_sed

1980 5020 2184 5104 potius
2211 5023 2549 5104 monachis,
2570 5036 2912 5104 quossaepe
2933 5020 3216 5104 diabolus
3240 5021 3356 5103 hoc
3382 5020 3634 5104 artificio

1978 5092 2279 5153 retrahere
2310 5110 2341 5151 e
2360 5092 2713 5167 solitudine
2734 5092 3023 5167 tentabat,
3057 5098 3122 5149 ut
3149 5092 3411 5166 perspici
3438 5100 3636 5167 potest

1977 5168 2238 5245 mirae;
2267 5165 2541 5245 Epistola
2554 5165 2988 5245 _ad_Chilone_r_n.
3007 5234 3022 5245 _
3076 5238 3114 5245 _
3139 5165 3224 5245 ἡ

2052 5241 2163 5310 (48)
2200 5234 2474 5310 Ἡτίᾶσθγε.
2512 5238 2603 5294 Sic
2629 5240 2771 5307 Reg.
2804 5242 2865 5310 et
2889 5234 3045 5310 Harl.
3076 5234 3228 5310 Editi
3255 5238 3502 5310 ἦττησοε.
3539 5236 3632 5310 Sic

1980 5307 2159 5367 etiam
2202 5309 2517 5379 Gregorius
2548 5312 2686 5365 Naz.
2720 5308 2825 5381 qui
2852 5308 3035 5379 hujus
3072 5307 3340 5379 epistolae
3383 5307 3632 5363 exordio

1980 5382 2166 5439 utitur
2191 5398 2300 5453 pro
2328 5397 2437 5435 suo
2463 5381 2523 5436 in
2555 5381 2824 5453 oratione
2853 5384 2942 5435 27.

2052 5454 2166 5526 (49)
2193 5448 2573 5528 ”Επιστρέφειν.
2596 5451 3095 5528 _Patriam___voca_t
3135 5449 3390 5528 Basilius
3409 5448 3633 5528 locum

1982 5520 2211 5594 in'quo
2256 5520 2545 5581 educatus
2587 5523 2800 5579 fuerat.
2849 5521 2991 5577 Vide
3039 5526 3168 5594 Not.
3207 5521 3286 5577 ad
3326 5520 3499 5594 epist.
3542 5525 3630 5579 87-

1984 5593 2337 5669 Pauloﬂpost
2360 5595 2501 5653 editi
2531 5594 2800 5669 inmensi;
2837 5610 2983 5650 mss.
3019 5597 3083 5649 ut
3110 5593 3173 5650 in
3202 5593 3381 5651 textu.

2057 5669 2074 5690 ·
2106 5667 2266 5726 Alias
2297 5670 2476 5727 CXLI.
2506 5667 2737 5740 Scripta
2764 5681 2926 5724 anno
2956 5669 3079 5722 360.
