4114 6386
485 333 588 390 247

1861 328 1916 385 8.
1959 326 2212 383 BASILII
2248 324 2486 382 MAGNI.

3756 334 3875 388 248

485 457 667 514 subiit
695 457 844 514 mihi
884 473 1200 516 sacrorum
1231 459 1611 527 dogmatum,
1643 460 1699 511 et
1745 452 2146 527 philosophia:

2274 453 2345 512 9ος
2390 472 2466 513 τις
2514 452 2753 523 ὑπεισήει
2797 471 2898 524 μου
2949 460 3046 504 τῶν
3097 453 3242 504 θείων
3293 450 3594 525 δογμᾶτων,
3625 461 3714 508 καὶ
3765 465 3873 519 τῆς

483 563 620 620 quae
659 547 819 604 circa
847 547 948 604 illa
997 553 1284 604 versatur.
1316 546 1634 613 Quomodo
1683 545 1845 600 enim
1892 543 2144 612 possim,

486 637 746 703 aiebam,
780 638 1158 694 habitantem
1190 639 1251 692 in
1282 637 1458 692 nobis
1509 634 1799 692 malitiam
1849 633 2098 688 domare
2121 632 2148 687 ?

487 728 633 793 Quis
661 728 809 784 mihi
840 728 944 784 ﬁat
982 727 1204 793 Laban,
1237 727 1499 782 liberans
1532 742 1627 780 me
1657 725 1736 780 ab
1769 727 1923 779 Esau
1968 728 2148 794 atque

486 819 566 876 ad
610 834 941 891 supernam
972 817 1423 891 philosophiam
1455 816 1767 872 deducens
1794 815 1820 870 ?
1851 813 2146 879 Quoniam

488 912 715 974 autem,
743 911 860 963 Deo
885 907 1089 974 dante,
1124 907 1246 962 voti
1275 911 1605 977 compotes,
1634 909 1932 974 quantum
1961 903 2146 968 licuit,

488 997 628 1054 facti
659 1014 896 1067 sumus,
932 997 1240 1053 electionis
1278 996 1522 1052 invento
1546 1011 1688 1051 vase
1720 999 1776 1051 et
1806 999 1985 1066 puteo
2014 1008 2150 1065 pro-

489 1087 700 1154 fundo,
743 1088 878 1144 dico
927 1092 1131 1143 autem
1177 1087 1394 1143 Christi
1443 1103 1510 1141 os
1556 1086 1943 1155 Gregorium:
1977 1082 2152 1139 nobis

490 1192 846 1250 parumper,
894 1193 1131 1250 quasso,
1174 1192 1422 1249 parum,
1476 1192 1794 1246 rogamus,
1847 1173 2154 1230 concedite

494 1266 815 1338 temporis;
840 1281 964 1322 non
994 1266 1162 1338 quod
1190 1266 1251 1321 in
1284 1265 1430 1321 urbe
1462 1265 2006 1321 commorationem
2030 1279 2156 1318 am-

495 1357 737 1412 biamus
787 1356 1006 1428 (neque
1067 1356 1227 1412 enim
1285 1357 1657 1425 ignoramus,
1708 1355 1984 1410 homines
2038 1353 2154 1409 hoc

496 1452 678 1521 pacto
710 1463 746 1504 a
790 1447 1063 1517 maligno
1106 1447 1348 1518 decipi),
1381 1453 1486 1502 sed
1533 1446 1698 1519 quod
1741 1445 1967 1501 versari
2015 1460 2156 1500 cum

501 1538 726 1594 sanctis
772 1537 952 1607 longe
1001 1537 1391 1593 utilissimum
1436 1553 1564 1592 esse
1603 1536 1968 1607 judicemus.
2005 1538 2157 1592 Dum

501 1628 664 1684 enim
695 1625 768 1682 de
799 1626 1020 1682 divinis
1051 1626 1439 1696 dogmatibus
1465 1625 1692 1698 aliquid
1723 1625 1958 1690 dicitur,
1987 1623 2157 1679 audi-

503 1722 720 1789 turque
771 1715 1169 1789 frequentius,
1203 1716 1781 1788 contemplationum
1826 1713 2155 1786 quemdam

503 1805 802 1878 habitum,
836 1806 941 1879 qui
979 1821 1137 1876 aegre
1177 1805 1504 1875 amittatur,
1539 1805 1926 1878 suscipimus.
1960 1807 2026 1860 Et
2063 1821 2160 1860 res

505 1896 757 1970 quidem
790 1900 1011 1951 nostra:
1043 1895 1124 1952 ita
1155 1912 1215 1951 se
1246 1895 1493 1952 habent.

580 1991 632 2041 2.
675 1987 788 2041 Vos
825 1989 1049 2053 autem,
1081 2001 1116 2041 o
1143 1985 1351 2041 divina
1381 1990 1436 2041 et
1465 1985 1740 2041 omnium
1770 1983 1916 2040 mihi
1942 1983 2164 2039 charis-

417 2112 424 2116 -
510 2075 668 2131 sima
719 2075 937 2147 capita,
988 2080 1190 2130 cavete
1243 2074 1687 2130 Philistinorum
1740 2079 2038 2147 pastores,
2089 2088 2164 2129 ne

507 2165 645 2238 quis
677 2169 891 2238 puteos
913 2169 1143 2221 vestros
1174 2164 1518 2220 clanculum
1545 2164 1835 2231 obstruat,
1859 2169 1916 2219 et
1944 2179 2162 2236 puram

509 2271 742 2322 eorum,
776 2271 912 2327 quae
946 2256 1024 2310 ad
1055 2254 1239 2310 ﬁdem
1268 2255 1585 2326 pertinent,
1613 2255 2018 2323 cognitionem
2051 2253 2164 2309 ob-

462 2339 467 2346 ’
509 2343 727 2401 turbet.
772 2346 892 2399 Hoc
941 2343 1103 2399 enim
1147 2344 1232 2399 eis
1271 2360 1511 2416 semper
1558 2344 1755 2399 studio
1802 2349 1906 2406 est,
1941 2359 2063 2398 non
2094 2359 2166 2398 ex

513 2433 831 2506 Scripturis
873 2433 1060 2488 sacris
1091 2432 1306 2489 docere
1338 2433 1572 2490 animas
1619 2433 2031 2506 simpliciores,
2059 2431 2168 2488 sed

509 2521 806 2595 sapientia
852 2528 1142 2579 extranea
1195 2523 1500 2579 veritatem
1556 2523 2008 2579 circumvenire.
2057 2520 2169 2588 Qui

507 2612 670 2669 enim
698 2613 1030 2683 ingenitum
1061 2617 1118 2667 et
1163 2615 1432 2684 genitum
1463 2613 1523 2668 in
1555 2617 1828 2669 nostram
1859 2612 2042 2668 ﬁdem
2075 2611 2166 2667 in-

504 2701 786 2772 troducit,
810 2702 1106 2775 docetque
1129 2719 1268 2759 eum
1301 2704 1404 2776 qui
1432 2719 1671 2776 semper
1701 2709 1805 2768 est,
1835 2702 2166 2775 aliquando

504 2807 627 2848 non
657 2791 867 2855 fuisse,
904 2807 1166 2864 eumque
1197 2793 1303 2866 qui
1353 2798 1570 2851 natura
1600 2810 1668 2849 ac
1711 2809 1950 2867 semper
1999 2795 2170 2848 Pater

503 2885 592 2937 est
635 2887 869 2955 patrem
915 2881 1064 2950 ﬁeri,
1098 2887 1154 2937 et
1207 2882 1490 2956 Spiritum
1548 2887 1822 2939 sanctum
1871 2899 1993 2938 non
2039 2897 2168 2937 esse

501 2971 960 3043 sempiternum,
986 2987 1190 3028 nonne
1221 2972 1318 3028 ille
1349 2973 1552 3044 palam
1584 2973 1924 3029 Philistaeus
1956 2976 2046 3028 est
2076 2971 2164 3026 in-

498 3060 711 3118 videns
738 3061 1095 3134 patriarchae
1128 3063 1313 3118 nostri
1340 3063 1587 3129 ovibus,
1630 3079 1703 3120 ne
1751 3079 1822 3118 ex
1848 3079 2003 3136 pura
2027 3067 2084 3118 et
2107 3061 2168 3117 in

497 3149 682 3207 vitam
714 3155 1001 3208 mternam
1052 3151 1304 3210 saliente
1336 3169 1496 3225 aqua
1534 3152 1838 3218 bibant“,
1868 3152 1973 3208 sed
2019 3151 2166 3208 illud

498 3240 812 3312 prophetae
864 3240 1185 3296 oraculum
1233 3241 1475 3298 trahant
1521 3242 1583 3298 in
1632 3243 2028 3314 semetipsos:
2071 3242 2168 3297 Me

496 3329 948 3401 derelz’querunt
976 3331 1207 3400 fontem
1239 3347 1410 3403 aquae
1440 3333 1605 3399 vivae,
1641 3347 1709 3388 ac
1738 3333 2027 3402 foderunt
2058 3331 2171 3388 sibi

500 3419 643 3486 ipsis
672 3420 966 3476 cisternas
996 3419 1271 3490 obtritas,
1305 3437 1438 3492 qua?
1469 3437 1584 3476 non
1618 3427 1904 3491 poterunt
1946 3436 2164 3492 aquam

500 3510 806 3566 continere
825 3509 904 3577 35;
938 3526 1079 3565 cum
1107 3510 1378 3566 conﬁteri
1400 3517 1672 3584 oporteat
1696 3516 1881 3568 Deum
1913 3515 2165 3580 Patrem,

501 3600 689 3654 Deum
737 3597 970 3669 Filium,
1022 3602 1211 3656 Deum
1256 3601 1538 3674 Spiritum
1586 3607 1885 3672 sanctum,
1921 3602 2005 3656 uti
2046 3600 2167 3657 elo-

498 3687 644 3760 quia
689 3687 914 3761 divina,
961 3693 1018 3746 et
1061 3689 1165 3763 qui
1197 3706 1268 3746 ea
1303 3691 1624 3747 sublimius
1674 3691 2034 3759 intellexere,
2069 3691 2172 3748 (lo-

497 3783 768 3834 cuerunt.
821 3779 1115 3836 Caeterum
1167 3780 1246 3836 ad
1296 3796 1401 3836 eos
1456 3781 1561 3854 qui
1621 3786 1734 3837 tres
1785 3781 1933 3838 deos
1991 3781 2171 3838 nobis

501 3867 894 3940 exprobrant,
925 3869 1072 3925 illud
1104 3869 1380 3927 dicatur:
1416 3887 1607 3926 unum
1659 3889 1769 3928 nos
1813 3873 2001 3928 Deum
2049 3887 2172 3928 non

503 3973 797 4028 numero,
857 3959 964 4015 sed
1021 3965 1240 4017 natura
1297 3961 1586 4018 conﬁteri.
1650 3963 1955 4036 Quidquid
2012 3963 2171 4018 enim

500 4063 695 4103 unum
747 4063 1002 4104 numero
1051 4049 1288 4118 dicitur,
1337 4051 1397 4106 id
1449 4067 1582 4107 vere
1641 4069 1834 4109 unum
1884 4068 2008 4108 non
2065 4055 2173 4119 est,

501 4151 700 4209 neque
732 4142 952 4194 natura
1001 4138 1296 4211 simplex:
1329 4142 1517 4196 Deum
1561 4157 1704 4198 vero
1752 4143 2090 4215 simplicem
2122 4129 2176 4198 et

510 4225 983 4299 incompositum
1011 4229 1370 4285 confitentur
1396 4247 1626 4287 omnes.
1654 4235 1779 4288 Non
1807 4232 1987 4303 igitur
2017 4248 2175 4288 unus

508 4331 766 4372 numero
793 4321 883 4372 est
913 4319 1088 4373 Deus.
1118 4318 1292 4383 Quod
1319 4324 1520 4375 autem
1552 4321 1710 4385 dico,
1734 4326 1821 4378 est
1849 4323 2174 4393 ejusmodi.

511 4407 708 4462 Unum
729 4422 984 4462 numero
1015 4407 1316 4463 mundum
1348 4425 1477 4465 esse
1502 4410 1782 4478 dicimus,
1817 4427 1936 4467 non
1973 4417 2172 4469 tamen

2258 547 2375 616 περὶ
2425 541 2592 594 ἐκεῖνα
2641 541 2968 615 φιλοσοφίας.
3010 549 3122 603 Πῶς
3168 545 3270 615 γὰρ
3322 542 3381 594 ἂν
3431 541 3694 618 δυναίμην
3725 548 3873 618 (50),

2258 634 2379 704 ἔφην
2433 631 2552 704 ἐγὼ,
2600 641 2864 706 κρατῆσαι
2921 640 3009 693 τῦς
3052 633 3401 695 συνοικούσης
3454 637 3578 706 ἡμῖν
3635 642 3868 705 κακίας;

2256 726 2343 782 Τίς
2393 718 2463 773 δι’
2500 724 2560 773 ἄν
2608 743 2699 794 μοι
2746 727 2959 794 γένηται
3016 721 3217 790 Λάϐαν,
3266 721 3602 776 ἀπαλλάττων
3651 746 3714 798 με
3768 734 3872 779 τοῦ

2255 807 2461 877 Ἡσαῦ,
2507 816 2597 863 καὶ
2650 815 2779 885 πρὸς
2836 816 2930 870 τὴν
2990 810 3232 864 ἀνωτάτω
3295 812 3600 885 φιλοσοφίαν
3656 813 3872 868 παιδα-

2257 909 2478 972 γωγῶν;
2541 901 2675 954 Ἀλλ’
2739 899 2919 960 ἐπειδὴ
2983 906 3076 954 σὺν
3136 910 3249 972 Θεῷ
3307 911 3397 955 τοῦ
3465 913 3663 958 σκοποῦ
3728 910 3874 960 κατά

2262 986 2483 1062 δύναμιν
2541 996 2926 1064 τετυχήκαμεν,
2980 993 3208 1065 εὑρόντες
3263 1000 3443 1056 σκεῦος
3501 993 3718 1068 ἐκλογῆς
3775 1003 3874 1051 καὶ

2262 1083 2420 1154 φρέαρ
2467 1079 2630 1151 βαθὺ,
2662 1080 2792 1151 λέγω
2835 1077 2893 1133 δε
2937 1085 2994 1133 τὸ
3043 1089 3135 1134 τοῦ
3172 1090 3409 1154 Χριστοῦ
3443 1088 3614 1158 στόμα
3665 1092 3878 1162 Γρηγὸ-

2261 1184 2408 1241 ριον’
2465 1169 2634 1240 ὀλίγον
2683 1172 2832 1242 ἡμῖν,
2888 1171 3196 1246 παρακαλῶ,
3254 1172 3424 1244 ὀλίγον
3481 1182 3877 1250 συγχωρήσατε

2262 1263 2472 1333 χρόνον,
2522 1259 2808 1330 αἰτούμεθα
2836 1277 2848 1288 ·
2883 1259 2942 1311 ου
2978 1265 3072 1318 τήν
3119 1260 3166 1313 ἐν
3209 1270 3330 1324 ταῖς
3360 1262 3544 1316 πόλεσι
3589 1261 3878 1340 διατριϐὴν

2266 1346 2620 1420 ἀσπαζόμενοι
2645 1365 2656 1377 ·
2692 1345 2817 1401 οὐδὲ
2854 1351 2956 1423 γὰρ
2995 1349 3202 1407 λέληθεν
3250 1353 3386 1424 ἡμᾶς
3439 1354 3464 1404 ὁ
3510 1359 3737 1429 πονηρὸς
3777 1353 3879 1408 διά

2264 1445 2363 1488 τῶν
2400 1441 2644 1489 τοιούτων
2686 1442 2778 1495 τὴν
2821 1437 3024 1496 ἀπάτην
3069 1446 3174 1500 τοῖς
3219 1439 3506 1515 ἀνθρώποις
3543 1464 3878 1518 προσμηχα-

2265 1533 2484 1599 νωμενος
2510 1549 2521 1560 ·
2578 1526 2704 1578 ἀλλὰ
2745 1532 2837 1586 τὴν
2886 1535 3179 1601 συντυχίαν
3218 1535 3312 1588 τὴν
3351 1536 3478 1606 τρὸς
3521 1538 3637 1595 τοὺς
3689 1535 3878 1607 ἁγίους

2266 1613 2494 1689 έπωφελῆ
2546 1616 2779 1689 μάλιστα
2821 1623 3077 1692 κρίνοντες
3124 1620 3256 1691 (Si).
3311 1620 3391 1674 Ἐν
3438 1625 3540 1698 γὰρ
3590 1633 3662 1695 τῷ
3707 1625 3878 1697 λέγειν

2268 1726 2320 1757 τι
2366 1712 2484 1780 περὶ
2532 1715 2630 1758 τῶν
2687 1709 2833 1759 eam
2883 1704 3180 1781 δογμάτων,
3223 1715 3312 1762 καὶ
3360 1710 3564 1765 ἀκούειν
3619 1720 3880 1768 πυκνότε-

2202 1807 2238 1859 B
2266 1814 2376 1871 ρον,
2409 1796 2511 1858 ἕξιν
2542 1792 2941 1854 δυσαπόϐλητον
2991 1799 3336 1871 Θεωρημάτων
3379 1800 3724 1876 λαμϐάνομεν.
3775 1810 3881 1858 Καὶ

2272 1889 2334 1937 τὰ
2365 1889 2452 1958 μεν
2479 1885 2596 1938 καθ’
2630 1888 2763 1959 ἡμᾶς
2793 1894 2974 1939 τοῦτον
3005 1890 3119 1959 ἔχει
3145 1892 3232 1940 τὸν
3260 1895 3472 1964 τρόπον.

2342 1981 2394 2030 2.
2435 1976 2605 2048 Ὑμεῖς
2653 1973 2730 2042 δε,
2769 1977 2808 2026 ὦ
2855 1978 2990 2029 θεῖαί
3039 1999 3129 2050 μοι
3172 1985 3261 2032 καὶ
3299 1981 3749 2056 προσφιλέσταται
3782 2006 3884 2039 πα-

2274 2073 2376 2119 σῶν
2450 2065 2710 2138 κεφαλαὶ,
2789 2065 3104 2137 φυλάττεσθε
3181 2073 3295 2130 τοὺς
3358 2079 3458 2122 τῶν
3528 2071 3882 2127 Φυλιστιαίων

2272 2160 2532 2229 ποιμένας,
2587 2160 2658 2228 μή
2709 2175 2788 2219 τις
2835 2155 3002 2208 λαθὼν
3051 2157 3282 2232 ἐμφράξῃ
3333 2161 3474 2233 ὑμῶν
3546 2164 3614 2214 τὰ
3663 2169 3881 2236 φρέατα,

2273 2251 2363 2298 καὶ
2412 2249 2470 2298 τὸ
2514 2247 2743 2320 καθαρὸν
2787 2255 2878 2307 τῆς
2937 2253 3176 2318 γνώσεως
3235 2257 3331 2312 τῆς
3387 2255 3506 2325 περὶ
3561 2256 3654 2311 τήν
3700 2259 3884 2307 πίστιν

2275 2333 2588 2408 ἐπιθολωση.
2651 2342 2815 2388 Τοῦτο
2876 2339 2978 2410 γὰρ
3041 2337 3217 2400 αὐτοῖς
3283 2337 3360 2391 ἀεί
3423 2343 3563 2392 ἑστιν
3631 2341 3875 2415 ἐπιμελὲς,

2274 2430 2344 2497 μὴ
2397 2424 2452 2477 έκ
2500 2433 2599 2477 τῶν
2648 2427 2794 2478 Θείων
2844 2431 3057 2499 Γραφῶν
3109 2424 3388 2481 διδάσκειν
3439 2433 3533 2492 τὰς
3582 2430 3878 2507 ἀκεραιοτέ-

2273 2535 2368 2592 ρας
2415 2515 2618 2587 ψυχὰς,
2671 2513 2776 2566 ἀλλ’
2825 2514 2879 2567 ἐκ
2933 2525 3023 2577 τῆς
3081 2518 3261 2580 ἔξωθεν
3313 2525 3494 2593 σοφίας
3548 2527 3885 2597 παρακρούε-

2278 2607 2403 2658 σθαι
2449 2609 2544 2663 τήν
2593 2603 2856 2662 ἀλήθειαν.
2905 2605 2962 2657 Ὀ
3015 2609 3115 2679 γὰρ
3175 2606 3451 2680 ἀγέννητον
3503 2616 3592 2664 καὶ
3638 2617 3885 2684 γεννητὸν

2276 2695 2560 2768 ἐπεισάγων
2618 2697 2764 2768 ἡμῶν
2817 2704 2880 2770 τῇ
2941 2702 3139 2765 πίστει,
3201 2705 3289 2752 καὶ
3339 2704 3426 2753 τὸν
3495 2701 3571 2755 ἀεὶ
3629 2707 3752 2756 ὄντα
3807 2711 3884 2778 μὴ

2275 2789 2396 2837 ὄντα
2440 2787 2562 2837 ποτε
2615 2781 2971 2857 δογματίζων,
3025 2791 3113 2839 καὶ
3161 2790 3248 2840 τὸν
3302 2792 3453 2862 φύσει
3500 2797 3583 2844 καὶ
3639 2791 3716 2845 ἀεὶ
3778 2801 3887 2847 Πα-

2276 2880 2398 2951 τέρα
2452 2879 2649 2948 πατέρα
2705 2879 3006 2948 γινόμενον,
3065 2881 3155 2929 καὶ
3221 2882 3278 2930 τὸ
3349 2886 3557 2953 Πνεῦμα
3621 2887 3678 2934 τὸ
3736 2883 3888 2955 ἅγιον

2275 2966 2370 3018 οῦκ
2421 2961 2615 3031 ἀίδιον,
2665 2964 2758 3016 οῦκ
2806 2966 3052 3040 ἄντικρύς
3102 2965 3214 3019 ἐστι
3259 2968 3543 3033 Φυλιστεύς
3595 2972 3738 3044 (52);
3787 2973 3890 3045 βα-

2280 3060 2502 3108 σκαίνων
2553 3061 2663 3116 τοῖς
2710 3062 2802 3106 τοῦ
2860 3059 3196 3131 πατριάρχου
3245 3060 3391 3132 ἡμῶν
3442 3059 3748 3134 προϐάτοις,
3803 3066 3891 3117 ἰνα

2211 3167 2249 3222 C
2278 3149 2348 3218 μὴ
2405 3149 2624 3197 πίνωσιν
2656 3143 2712 3196 έκ
2754 3152 2844 3196 τοῦ
2899 3148 3132 3220 καθαροῦ
3183 3153 3272 3200 καὶ
3323 3147 3598 3222 ἁλλομένου
3634 3153 3702 3213 εἰς
3747 3153 3890 3212 ζωὴν

2281 3237 2485 3288 αἰώνιον
2534 3232 2749 3302 ὕδατος,
2803 3235 2932 3288 ἀλλά
2980 3240 3038 3290 τὸ
3077 3246 3167 3291 τοῦ
3215 3245 3484 3314 προφήτου
3533 3241 3702 3314 λόγιον
3757 3248 3893 3317 πρὸς

2281 3326 2492 3388 ἑαυτοὺς
2545 3325 2943 3378 ἐπισπάσωνται
3001 3328 3151 3399 (53),
3222 3332 3320 3381 τὸ·
3379 3330 3501 3403 Ἐμέ
3556 3331 3892 3403 ἐγκατέλιπον

2280 3420 2456 3488 πηγήν
2523 3412 2720 3476 ὕδατος
2787 3415 3015 3481 ζῶντος,
3077 3421 3167 3474 ηαὶ
3239 3419 3441 3492 ὤρυξαν
3508 3420 3712 3484 ἑαυτοῖς
3768 3422 3895 3475 λάκ-

2279 3525 2398 3565 κους
2485 3509 2991 3578 συντετριμμένους,
3073 3505 3120 3558 oi
3201 3507 3259 3559 οῦ
3339 3505 3657 3568 δυνήσονται
3741 3507 3893 3585 ὕδωρ

2283 3601 2542 3668 συσχεῖν·
2606 3591 2721 3646 δέον
2793 3595 3058 3667 ὁμολογεῖν
3117 3600 3246 3650 Θεὸν
3309 3601 3394 3650 τὸν
3463 3605 3700 3673 Πατέρα,
3765 3605 3895 3654 Θεὸν

2282 3689 2368 3738 τὸν
2399 3688 2536 3751 Υὶὸν,
2572 3688 2700 3738 Θεὸν
2740 3687 2797 3736 τὸ
2846 3691 3056 3757 Πνεῦμα
3103 3691 3161 3738 τὸ
3216 3687 3364 3760 άγιον
3393 3705 3404 3718 ⁸
3441 3692 3504 3751 ὡς
3543 3693 3591 3742 οἱ
3642 3693 3768 3744 θεῖοι
3805 3691 3898 3744 λό-

2281 3795 2389 3848 γοι,
2437 3780 2526 3827 καὶ
2577 3777 2625 3826 οἱ
2677 3777 3032 3846 τούτους(54)
3072 3776 3393 3851 ὑψηλότερόν
3440 3785 3736 3843 νενοηκότες
3784 3779 3904 3834 ('6‘:-

2287 3862 2470 3927 δαξαν.
2523 3867 2661 3938 Πρὸς
2710 3860 2768 3916 δὲ
2816 3868 2936 3927 τους
2985 3864 3368 3938 ἑπηρεάξοντας
3414 3870 3538 3941 ἡμῖν
3595 3873 3652 3922 τὸ
3688 3873 3898 3945 τρίθεον

2287 3955 2446 4007 ἐκεῖνο
2494 3954 2743 4026 λεγέσθω,
2794 3955 2970 4029 ὅτιπερ
3012 3957 3159 4027 ἡμεῖς
3204 3958 3290 4009 ἕνα
3339 3961 3468 4011 Θεὸν
3507 3958 3564 4010 οῦ
3613 3967 3686 4030 τῷ
3737 3959 3897 4035 ἀριθ-

2288 4053 2390 4118 μῷ,
2461 4043 2588 4096 ἀλλὰ
2649 4051 2712 4116 τῇ
2783 4047 2935 4116 φύσει
3003 4045 3369 4120 ὁμολογοῦμεν.
3435 4054 3542 4101 Πᾶν
3600 4051 3697 4123 γὰρ
3763 4051 3786 4102 ὃ
3851 4052 3900 4104 ἓν

2291 4134 2494 4210 ἀριθμῷ
2539 4134 2759 4206 λέγεται,
2793 4141 2946 4186 τοῦτο
2986 4135 3090 4207 οὐχ
3137 4136 3184 4188 ἓν
3237 4141 3413 4205 ὅντως,
3449 4135 3564 4191 οὐδ’
3598 4137 3789 4192 ἁπλοῦν
3829 4149 3897 4213 τῇ

2290 4228 2440 4297 φύσει
2487 4224 2626 4277 ἐστίν
2653 4245 2665 4258 ο
2699 4225 2725 4274 ὸ
2776 4220 2835 4276 δὲ
2883 4228 3009 4286 Θεὸς
3053 4223 3250 4287 ἀπλοῦς
3295 4232 3384 4278 καὶ
3429 4225 3706 4289 ἀσύνθετος
3749 4231 3900 4302 παρὰ

2288 4321 2448 4368 πᾶσιν
2515 4313 2864 4386 ὁμολογεῖται.
2936 4315 3045 4367 Οὐκ
3108 4317 3210 4389 ἄρα
3268 4318 3335 4376 εἷς
3397 4315 3604 4390 ἀριθμῷ
3665 4317 3797 4370 ἐστιν
3867 4321 3896 4371 ὁ

2289 4409 2436 4464 Θεὸς.
2484 4403 2548 4455 Ὃ
2599 4399 2656 4455 δε
2707 4403 2858 4476 λέγω,
2901 4409 3136 4457 τοιοῦτόν
3190 4405 3350 4461 ἐστιν.
3409 4406 3494 4460 Ἕν
3551 4406 3756 4481 ἀριθμῷ
3806 4411 3901 4460 τὸν

510 4510 700 4550 unum
736 4499 972 4562 natura,
1007 4479 1203 4568 neque
1234 4497 1569 4570 simplicem
1603 4499 1768 4555 illum
1817 4501 2164 4572 quemdam.

2287 4499 2483 4567 κόσμον
2515 4491 2644 4546 εἷναί
2694 4513 2874 4565 φαμεν,
2905 4493 3009 4545 ἀλλ’
3057 4494 3161 4566 οὐχ
3191 4497 3277 4546 ἕνα
3322 4505 3383 4568 τῇ
3429 4499 3600 4569 φύσει,
3637 4495 3743 4548 ἀλλ’
3776 4495 3904 4551 οὐδ’

512 4583 844 4638 Dividimus
867 4585 1030 4640 enim
1057 4584 1256 4657 ipsum
1279 4585 1339 4641 in
1371 4587 1668 4643 elementa
1699 4605 1768 4644 ex
1791 4590 2012 4662 quibus
2036 4606 2174 4646 con-

511 4676 646 4739 stat,
681 4672 740 4728 in
781 4672 1006 4742 ignem,
1039 4690 1288 4746 aquam,
1324 4691 1524 4732 aerem
1567 4682 1623 4732 et
1667 4682 1907 4735 terram.
1947 4682 2173 4735 Rursus

511 4761 698 4816 homo
729 4778 886 4818 unus
913 4779 1167 4819 numero
1191 4764 1426 4821 dicitur.
1456 4768 1649 4822 Unum
1680 4768 1839 4823 enim
1863 4769 2174 4825 hominem

513 4865 676 4920 saepe
707 4850 991 4924 dicimus,
1025 4853 1131 4908 sed
1174 4870 1296 4910 non
1347 4855 1603 4927 simplex
1647 4857 1898 4929 quidam
1940 4859 2036 4915 ille
2089 4864 2178 4916 est

515 4957 655 4996 cum
683 4957 754 4996 ex
785 4957 1037 5014 corpore
1067 4950 1124 4999 et
1169 4946 1376 5002 anima
1419 4952 1665 5003 constet.
1695 4949 1972 5005 Similiter
1988 4956 2043 5007 et
2073 4967 2178 5006 an-

516 5031 719 5101 gelum
744 5046 930 5088 unum
961 5048 1216 5090 numero
1248 5035 1526 5098 dicimus.
1556 5038 1661 5094 sed
1684 5055 1808 5096 non
1840 5057 2028 5097 unum
2057 5041 2174 5112 82

587 5223 636 5256 ³⁸
675 5223 846 5278 Joan.
887 5237 966 5286 iv,
1015 5225 1102 5278 14.
1181 5224 1227 5258 ⁸⁵
1267 5225 1486 5282 Jerem.
1529 5243 1589 5291 η,
1636 5232 1718 5284 l3.

745 5405 1027 5481 Δυναίμην.
1063 5400 1450 5481 Editiiterum
1498 5405 1731 5481 addunt
1777 5414 1895 5481 Πῶς
1935 5412 2035 5481 γὰρ
2096 5411 2178 5468 ἄν.

518 5473 632 5530 Sed
670 5473 800 5528 haec
828 5473 1044 5528 melius
1092 5473 1315 5530 absunt
1339 5492 1375 5532 a
1405 5476 1649 5532 duobus
1683 5473 2171 5538 codicibus'mss.

519 5543 718 5600 Plures
747 5561 870 5600 non
900 5545 1248 5601 habuimus.

748 5622 1029 5694 KPFVWTES-
1193 5634 1351 5694 mss._
1372 5619 1519 5675 Editi
1545 5625 1828 5694 κρίναντες.

591 5687 705 5757 (51)
747 5687 1042 5750 Φυλιστεύς.
1077 5689 1231 5746 Harl.
1265 5687 1617 5756 Φυλιστιαῖος.

2288 4583 2481 4636 ἁπλοῦν
2528 4603 2644 4636 τινα
2699 4591 2900 4635 τοῦτον.
2953 4589 3207 4656 Τέμνομεν
3252 4588 3353 4660 γὰρ
3407 4585 3562 4638 αὐτὸν
3612 4587 3683 4647 εἰς
3733 4590 3798 4638 τὰ
3846 4587 3905 4651 ἐξ

2287 4675 2354 4726 ὧν
2406 4679 2689 4731 συνέστηκε
2741 4681 3004 4744 στοιχεῖα,
3048 4675 3120 4734 εἰς
3166 4683 3269 4749 πῦρ
3319 4681 3408 4727 καὶ
3447 4672 3592 4748 ὕδωρ
3639 4681 3726 4727 καὶ
3770 4675 3906 4750 ἀέρα

2286 4765 2376 4816 καί
2417 4773 2532 4836 γῆν.
2582 4763 2742 4816 Πάλίν
2777 4765 2802 4815 ό
2852 4766 3120 4836 ἄνθρωπος
3179 4767 3246 4825 εἷς
3299 4763 3504 4840 ἀριθμῷ
3551 4765 3895 4838 ὀνομάζεται-

2285 4853 2412 4905 Ἐνα
2469 4857 2569 4926 γὰρ
2637 4855 2906 4928 ἄνθρωπον
2967 4853 3212 4914 πολλάκις
3273 4853 3508 4927 λέγομεν.
3591 4855 3720 4909 Ἀλλ’
3789 4856 3905 4929 οὐχ

2289 4942 2484 5004 ἁπλοῦς
2531 4962 2606 5002 τις
2656 4943 2803 5004 οὗτός
2845 4942 3006 5008 ἐστιν,
3044 4943 3099 4995 ἐκ
3133 4950 3372 5016 σώματος
3419 4949 3508 4996 καὶ
3556 4944 3743 5016 ψυχῆς
3775 4964 3904 4997 συν-

2291 5039 2470 5094 εστώς.
2526 5033 2750 5106 Ὁμοίως
2805 5029 2864 5086 δὲ
2911 5037 3000 5085 καὶ
3061 5033 3277 5106 ἄγγελον
3337 5035 3422 5086 ἕνα
3485 5032 3688 5108 ἀριθμῷ
3753 5037 3907 5110 ἐροῦ-

2363 5402 2479 5471 (53)
2522 5399 2968 5452 Ἐπισπάσωνται.
3037 5399 3128 5455 Sic
3192 5401 3329 5468 Reg.

2290 5491 2696 5528 επισπασονται,

2357 5547 2470 5615 (54)
2507 5547 2755 5604 Τούτους.
2791 5541 2884 5615 Sic
2918 5539 3073 5615 Harl.
3109 5540 3258 5615 Editi
3286 5544 3502 5615 τούτων.
3537 5542 3727 5598 Paulo
3758 5550 3912 5615 post

2287 5612 2634 5672 exduobus
2667 5632 2817 5670 mss.
2853 5612 3109 5684 legimus
3143 5613 3524 5688 ἐπηρεάζοντας
3565 5617 3709 5687 ἡμῖν.
3745 5612 3911 5674 Editi

2284 5710 2450 5762 ημων.

3403 5402 3459 5454 et
3525 5399 3681 5457 Harl.
3745 5399 3908 5458 Editi
