4114 6424
247 371 346 429 (2.ὶῦ
1539 382 2032 440 EPISTOLARUM
2070 383 2357 441 CLASSIS
2396 385 2440 441 Ι.
2477 386 2690 442 EPIST.
2733 389 2874 443 VIII.

3593 389 3698 444 250

275 521 378 576 μιν,
439 498 552 552 ἄλλ’
617 502 742 576 οὐχ
798 506 899 559 ἕνα
955 515 1024 580 τῇ
1071 510 1239 580 φύσει,
1301 503 1426 560 οὐδὲ
1483 507 1695 559 ἁπλοῦν·
1751 507 1934 559 οὐσίαν

2052 513 2284 575 natura,
2342 525 2541 582 neque
2590 511 2964 583 simplicem:
3018 513 3320 585 siquidem
3374 512 3699 568 essentiam

286 596 377 668 γὰρ
426 592 538 665 μεθ’
586 592 888 667 ἁγιασμοῦ
946 603 1046 656 τὴν
1095 617 1185 649 του
1236 596 1454 668 ἀγγέλου
1508 599 1801 648 ὑπόστασιν
1853 595 1934 648 ἐν·

289 691 522 756 νοοῦμεν.
577 683 645 737 Εἰ
706 691 893 738 τοίνυν
956 694 1059 739 πᾶν
1098 691 1154 739 τὸ
1213 686 1260 738 ἓν
1322 685 1528 761 ἀριθμῷ
1580 687 1627 738 ἓν
1663 694 1725 745 τῆ
1783 690 1934 758 φύσει

294 775 387 827 οὐκ
433 777 575 833 ἔστι,
619 779 720 827 καὶ
768 779 831 827 τὸ
874 778 926 829 ἓν
979 785 1041 848 τῇ
1079 779 1228 848 φύσει
1267 781 1357 828 καὶ
1407 776 1599 828 ἁπλοῦν
1652 775 1699 828 ἓν
1727 775 1932 849 ἀριθμῷ

295 866 387 918 οὐκ
426 867 598 931 ἔστιν,
636 867 802 937 ἡμεῖς
841 863 904 918 δὲ
952 865 1162 939 λέγομεν
1211 867 1298 918 ἕνα
1338 875 1401 925 τῆ
1455 869 1604 938 φύσει
1636 870 1782 918 Θεόν·
1825 875 1933 927 πῶς

296 953 694 1024 ἐπεισάγουσιν
752 955 880 1026 ἡμῖν
936 958 1026 1006 τὸν
1075 953 1314 1030 ἀριθμὸν,
1366 955 1522 1007 αὑτὸν
1570 958 1736 1013 πάντη
1787 956 1933 1027 ἡμῶν

295 1042 652 1116 ἑξοριζόντων
718 1051 816 1106 τῆς
867 1049 1132 1119 μακαρίας
1186 1044 1382 1105 ἐκείνης
1427 1044 1538 1115 (55)
1595 1050 1685 1096 καὶ
1749 1052 1935 1104 νοητῆς

296 1136 507 1204 φύσεως
541 1150 555 1193 ;
589 1131 656 1183 Ὀ
683 1134 790 1207 γὰρ
844 1131 1062 1205 ἀριθμός
1087 1131 1200 1185 ἐστι
1246 1153 1338 1185 του
1390 1141 1576 1186 ποσοῦ·
1611 1137 1668 1186 τὸ
1728 1130 1787 1186 δὲ
1843 1153 1936 1185 πο-

308 1226 401 1275 σὸν
451 1230 513 1294 τῇ
586 1229 875 1294 σωματικῇ
939 1225 1090 1294 φύσει
1169 1224 1525 1284 συνέζευκται·
1587 1225 1612 1275 ό
1664 1227 1762 1298 γὰρ
1820 1225 1931 1294 (56)

314 1311 539 1384 ἆριθμός
592 1319 698 1373 τῆς
769 1321 1080 1384 σωματικῆς
1147 1315 1363 1385 φύσεως.
1424 1316 1678 1387 Σωμάτων
1713 1310 1771 1366 δὲ
1829 1302 1933 1371 δη·-

316 1407 573 1475 μιονργὸν
597 1404 690 1452 τὸν
721 1403 914 1476 Κύριον
972 1403 1116 1472 ἡμῶν
1167 1409 1295 1455 εἶναι
1351 1406 1783 1476 πεπιστεύκαμεν.
1845 1406 1932 1455 Διὸ

315 1498 412 1543 καὶ
467 1498 568 1551 πᾶς
620 1489 854 1566 ἀριθμὸς
900 1489 1067 1544 ἐκεῖνα
1141 1498 1385 1566 σημαίνει
1476 1497 1541 1545 τὰ.
1619 1493 1788 1546 ἔνυλον
1845 1489 1934 1545 καὶ

312 1586 687 1655 περιγραπτήν
746 1584 888 1652 ἔχειν
931 1580 1166 1653 λαχόντα
1216 1588 1310 1641 τὴν
1360 1586 1533 1655 φύσιν·
1596 1585 1626 1642 ἡ
1677 1581 1736 1636 δὲ
1774 1586 1932 1655 μονὰς

304 1676 398 1723 καὶ
461 1671 585 1732 ἐνάς
638 1679 740 1732 τῆς
795 1670 963 1732 ἁπλῆς
1009 1676 1099 1723 καὶ
1173 1671 1525 1747 ἀπεριλὴπτου
1593 1673 1773 1733 οὐσίας
1821 1671 1933 1724 ἐστὶ

304 1765 619 1832 σημαντική
658 1762 794 1830 (57).
838 1760 897 1812 Ὀ
938 1765 1109 1812 τοίνυν
1162 1763 1385 1836 ἀριθμὸν
1426 1763 1454 1821 ἦ
1507 1768 1709 1836 κτίσμα
1748 1762 1932 1835 ὁμολο-

290 1859 405 1922 γῶν
447 1854 542 1902 τὸν
577 1851 704 1904 Υἰὸν
733 1856 826 1901 τοῦ
867 1857 1000 1902 Θεοῦ
1033 1851 1062 1909 ἣ
1096 1855 1154 1902 τὸ
1182 1856 1392 1924 Πνεῦμα
1428 1856 1486 1904 τὸ
1526 1853 1671 1924 ἅγιον
1696 1853 1934 1905 λανθάνει

289 1940 480 1992 ἔνυ).ον
569 1945 665 1991 καὶ
739 1945 1100 2013 περιγραπτην
1155 1943 1309 2013 φύσιν
1363 1942 1603 2014 εἰσάγων.
1673 1950 1933 2017 Περιγρα-

291 2035 438 2087 πτήν
474 2027 540 2082 δὲ
580 2028 722 2101 λέγω
751 2029 812 2082 οῦ
848 2035 1003 2102 μόνον
1046 2034 1140 2089 τὴν
1171 2035 1548 2106 περιεχομένην
1593 2034 1692 2084 ὑπὸ
1749 2037 1932 2101 τόπου,

302 2120 413 2171 ἀλλ’
447 2123 620 2193 ἤνπερ
688 2124 779 2171 καὶ
831 2127 893 2191 τῇ
953 2126 1249 2193 προγνώσει
1304 2119 1689 2196 ἐμπεριείληφεν
1746 2121 1928 2194 ὁμίλ-

301 2208 409 2260 Ἇων
466 2209 642 2266 αὐτὴν
698 2206 801 2260 ἀπὸ
850 2215 942 2260 τοῦ
994 2213 1065 2281 μὴ
1122 2211 1260 2270 όντος
1300 2209 1372 2270 εἰς
1409 2213 1467 2261 τὸ
1501 2208 1628 2262 εἶναι
1658 2213 1932 2285 παράγειν,

304 2305 368 2357 ἦν
399 2305 492 2350 καὶ
525 2302 651 2368 (58)
690 2297 950 2371 ἐπιστήμη
988 2297 1280 2370 περιλαϐεῖν
1313 2295 1530 2351 δυνατόν
1563 2298 1676 2352 ἐστι
1707 2307 1813 2352 Πᾶν
1846 2301 1934 2352 οῦν

294 2389 479 2460 ἅγιον,
515 2389 544 2439 6
604 2392 978 2462 περιγραπτὴν
1031 2390 1146 2460 ἔχει
1199 2393 1291 2446 τὴν
1323 2392 1611 2461 φύσιν,καὶ
1659 2388 1932 2448 ἐπίκτητον

299 2479 425 2549 ἕχει
475 2483 577 2535 τήν
611 2478 898 2548 ἁγιότητα,
948 2477 1043 2529 οῦκ
1101 2475 1434 2531 ἀνεπίδεκτον
1488 2477 1598 2530 ἐστι
1641 2485 1844 2540 κακίας.
1874 2480 1932 2531 Ὀ

307 2565 372 2620 δε
411 2569 561 2633 Υἱός,
595 2572 692 2618 καὶ
731 2569 791 2618 τὸ
833 2573 1046 2639 Πνεῦμα
1093 2571 1151 2618 τὸ
1192 2567 1358 2639 ἅγιον,
1393 2573 1538 2640 πηγή
1597 2568 1736 2621 ἐστιν
1785 2569 1934 2641 ἁγια-

319 2665 485 2728 σμοῦ,
517 2657 601 2729 ὕφ’
631 2659 698 2718 ἧς
751 2663 901 2709 πᾶσα
955 2660 984 2715 ἡ
1040 2657 1223 2730 λογικὴ
1274 2663 1451 2721 κτίσις
1502 2660 1620 2711 κατ’
1658 2659 1934 2733 ἀναλογίαν

325 2756 428 2808 τῆς
469 2746 650 2820 ἀρετῆς
679 2747 981 2820 ἁγιάζεται.

401 2930 458 2983 3.
522 2932 698 2979 Καίτοι
755 2929 926 3000 ἡμεῖς,
996 2929 1131 2979 κατά
1191 2931 1277 2980 τὸν
1347 2926 1512 2987 ἀληθῆ
1592 2928 1762 3001 λόγον,
1823 2930 1939 2984 οὔτε

328 3019 508 3088 ὅμοιον
563 3021 681 3070 οὔτε
738 3019 985 3090 ἀνόμοιον
1042 3017 1253 3090 λέγομεν
1313 3023 1399 3071 τὸν
1457 3022 1577 3071 Υἰὸν
1627 3029 1698 3091 τῷ
1751 3027 1935 3095 Πατρί.

322 3107 597 3180 Ἐκοὲτερον
663 3111 766 3179 γὰρ
812 3108 978 3159 αὐτῶν
1023 3106 1209 3170 ἐπίσης
1268 3105 1546 3176 ἀδύνατον,
1580 3108 1795 3182 Ὀμοιον
1835 3113 1935 3184 γὰρ

2045 612 2183 652 cum
2208 598 2629 666 sanctimonia,
2658 599 3038 671 hvpostasim
3072 600 3271 670 angeli
3290 600 3696 670 intelligimus.

2046 688 2254 757 Itaque
2287 687 2335 742 si
2356 687 2658 759 quidquid
2691 705 2879 744 unum
2913 695 3001 746 est
3045 707 3322 757 numero,
3353 705 3542 745 unum
3591 705 3699 744 na-

2043 777 2180 831 tura
2236 791 2358 832 non
2407 781 2513 847 est,
2548 782 2604 833 et
2646 779 2814 849 quod
2865 784 3080 836 natura
3109 796 3303 835 unum
3349 796 3420 835 ac
3445 778 3702 851 simplex

2044 868 2156 933 est,
2188 881 2380 921 unum
2411 883 2667 923 numero
2697 883 2822 923 non
2851 874 2956 932 est,
2988 885 3100 924 nos
3130 875 3332 925 autem
3361 873 3547 924 Deum
3598 884 3702 924 na-

2043 957 2184 1009 tura
2215 971 2403 1010 unum
2443 956 2742 1025 dicimus;
2795 959 3108 1030 quomodo
3155 959 3332 1014 nobis
3377 973 3700 1014 numerum

2047 1042 2367 1114 afﬁngunt,
2399 1062 2581 1118 quem
2612 1063 2865 1119 prorsus
2892 1065 2926 1103 a
2963 1048 3144 1104 beata
3172 1049 3276 1104 illa
3306 1065 3376 1104 ac
3407 1047 3703 1120 spirituali

2045 1138 2264 1189 natura
2321 1138 2719 1192 amovemus?
2770 1141 3064 1193 Numerus
3113 1139 3273 1194 enim
3318 1137 3572 1211 pertinet
3619 1136 3699 1192 ad

2045 1223 2486 1294 quantitatem:
2535 1228 2843 1298 quantitas
2901 1244 3044 1284 vero
3110 1228 3420 1300 corporali
3466 1231 3698 1283 naturae

2047 1313 2371 1384 conjuncta
2421 1319 2547 1383 est;
2597 1332 2888 1372 numerus
2941 1334 3085 1388 ergo
3135 1333 3438 1389 corporeae
3478 1321 3567 1372 est
3593 1331 3700 1371 na-

2045 1406 2215 1457 turae.
2247 1407 2318 1458 At
2358 1404 2680 1460 Dominum
2734 1409 3010 1462 nostrum
3054 1423 3378 1478 corporum
3418 1405 3697 1478 opiﬁcem

2045 1507 2178 1546 esse
2206 1493 2527 1548 credimus.
2557 1495 2932 1566 Quapropter
2963 1501 3018 1551 et
3052 1511 3342 1551 numerus
3381 1495 3579 1550 omnis
3626 1508 3700 1550 ea

2046 1580 2341 1650 designat,
2375 1598 2510 1654 quae
2546 1583 2923 1639 materialem
2952 1600 3021 1640 ac
3049 1584 3567 1655 circumscriptam
3595 1599 3698 1638 na-

2044 1673 2246 1725 turam
2279 1670 2486 1726 sortita
2517 1676 2656 1727 sunt
2685 1690 2697 1728 :
2733 1688 2948 1728 monas
2979 1690 3122 1729 vero
3155 1677 3210 1728 et
3238 1674 3436 1728 unitas
3466 1671 3699 1744 simpli-

2047 1760 2133 1813 cis
2165 1775 2235 1814 ac
2262 1759 2888 1833 incomprehensibilis
2921 1763 3195 1818 essentiae
3237 1763 3492 1832 insigne.
3527 1761 3700 1827 Quis-

1973 1865 2017 1919 Β
2048 1848 2182 1921 quis
2220 1848 2400 1919 igitur
2454 1865 2778 1905 numerum
2840 1855 2946 1907 aut
2999 1857 3336 1908 creaturam
3387 1851 3703 1907 conﬁtetur

2052 1937 2258 1994 Filium
2316 1938 2433 2008 Dei,
2487 1944 2592 1994 aut
2660 1939 2944 2012 Spiritum
2995 1945 3297 2009 sanctum,
3346 1940 3702 2012 imprudens

2048 2027 2421 2083 materialem
2465 2043 2534 2082 ac
2574 2028 3092 2102 circumscriptam
3139 2036 3422 2086 naturam
3450 2028 3700 2084 inducit.

2049 2116 2582 2188 Circumscriptam
2615 2122 2816 2173 autem
2848 2117 3007 2186 dico,
3036 2135 3159 2174 non
3199 2119 3383 2175 modo
3409 2134 3542 2174 eam
3565 2133 3702 2190 quae

2045 2205 2179 2262 loco
2211 2206 2568 2273 continetur,
2587 2206 2692 2261 sed
2720 2207 2901 2262 etiam
2931 2225 3118 2280 quam
3153 2208 3519 2280 praenotione
3541 2223 3704 2262 com-

2046 2297 2363 2369 prehendit
2395 2296 2462 2366 is,
2499 2295 2602 2368 qui
2633 2297 2835 2368 ipsam
2867 2313 2896 2352 e
2923 2298 3112 2354 nihilo
3145 2298 3553 2370 producturus
3589 2300 3699 2367 est,

2045 2402 2306 2459 quaeque
2353 2386 2604 2442 scientia
2635 2387 3070 2459 comprehendi
3125 2392 3342 2460 potest.
3394 2385 3703 2459 Quidquid

2044 2477 2226 2547 igitur
2251 2482 2525 2532 sanctum
2558 2481 2663 2544 est,
2692 2477 2877 2534 habet
2913 2483 3114 2534 autem
3143 2484 3424 2534 naturam
3447 2477 3701 2532 circum-

2047 2567 2355 2638 scriptam,
2394 2571 2450 2621 et
2501 2566 2898 2622 adventitiam
2939 2567 3336 2634 sanctitatem,
3371 2566 3706 2622 obnoxium

2048 2671 2184 2711 esse
2230 2660 2428 2727 potest
2489 2656 2757 2711 malitiae.
2830 2657 3006 2712 Filius
3069 2662 3292 2723 autem,
3352 2661 3410 2712 et
3454 2655 3705 2728 Spiritus

2051 2749 2318 2814 sanctus,
2373 2745 2508 2800 fons
2556 2750 2645 2800 est
2700 2745 3138 2818 sanctimonia,
3191 2746 3351 2802 unde
3402 2745 3712 2802 rationalis

2049 2848 2308 2905 quaeque
2330 2839 2605 2891 creatura
2626 2850 2735 2907 pro
2758 2836 2988 2892 virtutis
3012 2837 3243 2892 ratione
3277 2836 3715 2892 sanctificatur.

2124 2927 2174 2978 3.
2210 2926 2346 2987 Nos,
2381 2924 2720 2979 secundum
2743 2940 2946 2980 veram
2983 2925 3345 2993 doctrinam,
3379 2940 3578 2996 neque
3630 2923 3712 2979 si-

2052 3012 2278 3077 milem,
2336 3029 2532 3084 neque
2590 3013 2952 3069 dissimilem
2983 3014 3140 3070 Patri
3191 3014 3404 3068 Filium
3433 3013 3713 3070 dicimus.

2054 3106 2201 3158 Nam
2229 3119 2402 3174 aeque
2429 3108 2754 3176 utrumque
2785 3104 3003 3159 horum
3034 3109 3356 3176 repugnat.
3400 3104 3716 3160 Enimvero

306 3202 397 3250 καὶ
458 3196 712 3268 ἀνόμοιον
784 3200 920 3249 κατὰ
995 3199 1088 3259 τὰς
1151 3202 1434 3259 ποιότητας
1507 3198 1728 3271 λέγεται·
1784 3204 1936 3252 ποιό-

2055 3193 2246 3249 simile
2274 3199 2330 3249 et
2373 3193 2689 3263 dissimile,
2732 3195 3092 3268 qualitatum
3122 3195 3332 3251 habita
3363 3195 3596 3250 ratione
3623 3193 3717 3248 di-

301 3307 464 3348 τητος
518 3284 581 3339 δὲ
652 3290 710 3338 τὸ
756 3289 888 3339 θεῖον
939 3287 1224 3362 ἐλεύθερον.
1269 3293 1577 3346 Ταυτότητα
1621 3286 1679 3341 δὲ
1719 3299 1815 3352 τῆς
1847 3294 1936 3362 φύ-

307 3397 441 3439 σεως
503 3376 906 3448 ὁμολογοῦντες,
983 3383 1072 3429 καὶ
1116 3381 1174 3429 τὸ
1251 3379 1532 3450 όμοούσιον
1587 3375 1936 3451 ἐκδεχόμεθα,

303 3473 396 3520 καὶ
455 3471 520 3519 τὸ
577 3468 824 3519 σύνθετον
871 3469 1141 3539 φεύγομεν,
1177 3475 1268 3519 τοῦ
1318 3469 1434 3520 κατ’
1466 3468 1650 3520 οὐσίαν
1693 3477 1826 3522 Θεοῦ
1848 3474 1938 3520 καὶ

309 3562 529 3631 Πατρός
557 3560 649 3608 τόν
703 3557 816 3608 κατ’
865 3556 1052 3608 οὐσίαν
1085 3560 1213 3609 Θεὸν
1263 3562 1352 3609 καὶ
1400 3561 1520 3610 Υἱόν
1552 3563 1936 3630 γεγεννηκότος.

312 3648 400 3700 Ἐκ
435 3650 548 3720 γὰρ
599 3648 790 3698 τούτου
840 3649 900 3697 τὸ
957 3646 1237 3717 όμοούσιον
1267 3643 1559 3702 δείκνυται.
1611 3647 1668 3699 Ὀ
1693 3650 1791 3722 γὰρ
1823 3651 1938 3700 κατ’

313 3738 500 3789 οὐσίαν
557 3739 695 3796 Θεὸς
748 3744 820 3806 τῷ
875 3735 990 3788 κατ’
1051 3735 1234 3788 οὐσίαν
1287 3745 1400 3807 Θεῷ
1447 3740 1727 3810 όμοούσιός
1777 3737 1936 3792 ἐστιν.

313 3829 458 3880 Ἐπεὶ
519 3823 580 3877 δὲ
630 3825 834 3896 λέγεται
876 3827 987 3887 θεός
1029 3831 1118 3877 καὶ
1166 3827 1192 3876 6
1241 3827 1514 3901 ἅνθρωπος
1563 3828 1699 3897 (59)·
1745 3829 1812 3889 ὡς
1857 3832 1938 3897 τὸ,

315 3918 447 3988 Ἐγώ
507 3917 656 3968 εἶπα·
703 3919 828 3967 Θεοί
888 3913 1023 3968 ἐστε·
1081 3920 1170 3968 καὶ
1236 3917 1261 3966 6
1321 3912 1525 3988 δαίμων
1580 3918 1714 3984 θεὸς,
1761 3919 1829 3979 ὡς
1860 3921 1939 3986 τὸ,

1361 4005 1468 4058 ἀλλ’
1523 4008 1572 4058 οἱ

319 4099 484 4170 χάριν
527 4097 896 4167 ὀνομάζονται,
959 4097 1006 4146 οἱ
1050 4091 1110 4147 δὲ
1166 4098 1301 4147 κατά
1353 4093 1572 4166 ψεῦδος.
1606 4096 1663 4148 Ὀ
1718 4093 1778 4148 δὲ
1821 4102 1942 4161 Θεὸς

313 4010 381 4059 Οἱ
439 4009 552 4058 θεοὶ
604 4013 709 4057 τῶν
786 4003 940 4056 ἐθνῶν
1001 4002 1271 4078 δαιμόνια.
1361 4005 1468 4058 ἀλλ’
1523 4008 1572 4058 οἱ
1661 4016 1750 4079 μεν
1811 4010 1942 4059 κατὰ

321 4189 484 4257 μόνος
540 4185 657 4236 κατ’
717 4185 904 4237 οὐσίαν
958 4183 1070 4236 ἐστὶ
1120 4189 1270 4247 Θεός.
1332 4189 1501 4248 Μόνος
1542 4183 1600 4238 δὲ
1644 4187 1764 4238 ὅταν
1796 4191 1939 4258 εἴπω,

316 4281 414 4333 τὴν
471 4275 663 4326 οὐσίαν
717 4282 809 4326 τοῦ
873 4281 1009 4326 Θεοῦ
1040 4278 1134 4332 τὴν
1164 4274 1318 4345 ἁγίαν
1362 4280 1450 4327 καὶ
1476 4276 1725 4328 οἴκτιστον
1777 4274 1938 4336 δηλῶ,

310 4370 383 4420 Τό
415 4368 532 4436 γὰρ
592 4366 753 4436 μόνος
807 4363 1010 4435 λέγεται
1062 4369 1150 4416 καὶ
1208 4363 1291 4416 ἐπὶ
1330 4384 1468 4428 τινος
1521 4364 1813 4440 ἀνθρώπου,
1854 4374 1943 4420 καὶ

312 4459 397 4507 ἐπὶ
426 4457 642 4527 φύσεως
686 4452 862 4515 ἁπλῶς
909 4461 1001 4513 τῆς
1045 4453 1290 4506 καθόλου.
1332 4454 1447 4506 Ἐπὶ
1496 4473 1629 4516 τινος
1676 4460 1786 4527 μὲν,
1816 4458 1940 4527 οἷον,

320 4551 434 4617 οέρε
503 4543 692 4610 εἰπεῖν,
749 4542 833 4595 ἐπὶ
889 4543 1142 4613 Παύλου,
1189 4545 1266 4596 ὁτι
1335 4547 1490 4615 μόνος
1555 4546 1770 4619 ἡρπάγη
1852 4549 1944 4608 ἕως
1978 4572 2019 4625 D

323 4639 504 4704 τρίτου
578 4632 828 4704 οὐρανοῦ,
887 4639 978 4684 καὶ
1050 4636 1270 4690 ἤκουσεν
1337 4632 1543 4707 οἶῤῥητα
1616 4636 1847 4707 ῥήματα,
1910 4635 1944 4687 ἆ

323 4724 414 4775 οὐκ
443 4723 554 4786 ἐξὸν
606 4721 864 4796 ἀνθρώπῳ
903 4721 1151 4780 λαλῆσαιο
1195 4721 1279 4774 ἐπὶ
1322 4726 1523 4795 φύσεως
1571 4720 1630 4776 δὲ
1677 4734 1772 4786 τῆς
1812 4728 1941 4778 καθ-

319 4813 460 4884 όλου,
509 4815 576 4872 ὡς
638 4811 761 4864 ὁταν
823 4811 948 4884 λέγῃ
992 4814 1108 4883 (60)
1166 4809 1362 4864 Δαϐίδ·
1429 4811 1752 4886 Ἀνθρωπος,
1822 4818 1943 4868 ὡσεὶ

306 4909 521 4978 χόρτος
554 4905 614 4954 αἱ
655 4904 848 4974 ἡμέραι
896 4901 1078 4953 αὐτου.
1132 4904 1386 4954 Ἐνταυθα
1430 4905 1531 4977 γὰρ
1588 4903 1646 4954 οὐ
1684 4909 1770 4955 τόν
1827 4924 1944 4958 τινα

309 4997 618 5068 ἄνθρωπον,
682 4991 811 5043 ἀλλά
840 4995 940 5048 τὴν
994 4991 1218 5042 καθόλου
1265 4994 1420 5062 φύσιν
1458 4989 1638 5050 δηλοῖ.
1693 5000 1802 5054 Πᾶς
1839 4999 1938 5068 γὰρ

310 5085 596 5156 ἅνθρωπος
663 5086 997 5156 πρόσκαιρος
1044 5085 1133 5132 καὶ
1207 5083 1410 5141 θνητός.
1497 5082 1648 5133 Οὕτω
1731 5081 1944 5137 κάκεῖνα

315 5183 533 5248 νοοῦμεν
599 5171 687 5225 ἐπὶ
770 5180 872 5234 τῆς
935 5173 1135 5243 φύσεως
1212 5170 1492 5246 εἰρημέναι
1541 5190 1621 5240 το,
1677 5171 1734 5224 Ὀ
1793 5180 1942 5247 μόνος

387 5302 437 5337 ³⁸
483 5299 637 5357 Psal.
671 5314 874 5366 Lxxxr,
913 5299 965 5351 6.
1046 5297 1090 5329 ³⁷
1133 5294 1284 5352 Psal.
1320 5311 1453 5365 xcv,
1485 5300 1536 5351 5.

386 5430 498 5500 (55)
538 5429 797 5490 Ἐκείνης.
834 5427 1004 5480 Hanc
1035 5437 1251 5486 vocem
1294 5420 1646 5477 addidimus
1677 5439 1748 5479 ex
1801 5423 1951 5481 duo-

318 5497 425 5555 bus
449 5497 591 5578 mss.
805 5571 824 5578 _
998 5564 1009 5578 ν

384 5579 486 5637 (56)
528 5577 584 5630 '0
625 5578 764 5648 γὰρ,
803 5571 1060 5648 Legio
1085 5583 1231 5648 72w.
1504 5635 1518 5648 ,

381 5635 480 5721 (57)
522 5635 1036 5726 Σηρίαὶτικήίδὶο
1092 5635 1340 5712 Uterque
1407 5635 1618 5695 codex.
1671 5637 1818 5694 Editi
1854 5657 1946 5699 ση-

301 5739 551 5793 μαντικον.

1615 5297 1662 5331 ³⁸
1706 5296 1752 5352 Il
1795 5300 1925 5356 Cor.
1963 5315 2067 5368 xu,
2098 5301 2146 5353 4.

2053 3289 2270 3340 cuntur
2303 3301 2315 3339 :
2352 3287 2504 3338 Deus
2536 3289 2736 3339 autem
2774 3285 2924 3340 liber
2954 3290 3041 3340 est
3073 3302 3107 3341 a
3146 3284 3455 3357 qualitate.
3491 3284 3715 3340 Verum

2049 3374 2423 3430 identitatem
2457 3379 2690 3430 natura:
2719 3375 3073 3430 conﬁtentes
3114 3379 3171 3431 et
3197 3372 3712 3431 consubstantiale

2051 3463 2518 3533 admittimus,et
2538 3464 3040 3536 compositionem
3055 3464 3352 3534 fugimus;
3373 3480 3513 3519 cum
3533 3463 3584 3518 is
3607 3462 3713 3536 qui

2053 3555 2391 3610 secundum
2423 3556 2747 3610 essentiam
2795 3557 2949 3610 Deus
2981 3561 3036 3610 et
3066 3556 3240 3611 Pater
3270 3560 3376 3623 est,
3408 3558 3592 3610 Deum
3626 3570 3713 3610 se-

2051 3645 2322 3700 cundum
2340 3645 2666 3700 essentiam
2689 3650 2745 3701 et
2765 3645 2971 3701 Filium
2993 3647 3280 3714 genuerit.
3303 3648 3382 3701 Ex
3413 3646 3527 3700 hoc
3548 3645 3710 3700 enim

2052 3735 2568 3791 consubstantiale
2599 3735 2954 3791 ostenditur.
2988 3739 3137 3790 Nam
3167 3738 3321 3790 Deus
3371 3734 3710 3790 secundum

2052 3826 2376 3881 essentiam
2393 3828 2511 3880 Deo
2531 3825 2868 3880 secundum
2884 3825 3213 3880 essentiam
3229 3823 3713 3880 consubstantia-

2051 3915 2145 3970 lis.
2176 3915 2485 3987 Siquidem
2519 3919 2575 3969 et
2604 3915 2788 3970 homo
2820 3915 3040 3969 dicitur
3073 3914 3250 3980 deus,
3280 3913 3445 3968 velut
3488 3913 3548 3968 in
3598 3914 3715 3968 hoc

2052 4005 2206 4071 loco,
2235 4006 2363 4075 Ego
2391 4005 2557 4060 diui:
2581 4005 2682 4058 Dii
2699 4004 2837 4060 estis
2865 4005 2934 4060 ³⁵.
2958 4004 3113 4069 Quin
3146 4003 3327 4059 etiam
3349 4003 3591 4059 daemon
3620 4019 3721 4077 ap-

2054 4095 2311 4168 pellatur
2333 4095 2503 4160 deus,
2527 4095 2865 4150 secundum
2886 4094 3054 4159 illud,
3079 4095 3179 4149 Dii
3205 4096 3473 4164 gentium
3502 4094 3693 4151 dcemo

2054 4188 2157 4241 nia
2185 4187 2253 4239 ³⁷.
2289 4184 2403 4241 Sed
2447 4183 2529 4240 illi
2561 4183 2811 4256 quidem
2845 4201 2914 4238 ex
2945 4184 3129 4251 dono,
3160 4184 3219 4238 hi
3251 4200 3394 4239 vero
3426 4200 3498 4238 cx
3547 4199 3718 4239 men-

2054 4277 2230 4331 dacio
2251 4291 2476 4331 nomen
2503 4274 2829 4347 accipiunt.
2853 4276 3005 4329 Deus
3029 4291 3171 4330 vero
3204 4273 3368 4330 solus
3393 4279 3480 4329 est
3510 4289 3724 4328 secun-

2054 4367 2202 4421 dum
2237 4365 2564 4421 essentiam
2591 4368 2766 4420 Deus.
2793 4367 2938 4420 Cum
2986 4369 3186 4419 autem
3223 4363 3381 4432 dico,
3414 4365 3596 4425 solus,
3630 4378 3719 4417 es-

2054 4454 2311 4509 sentiam
2345 4453 2445 4508 Dei
2479 4457 2755 4508 sanctam
2787 4458 2843 4507 et
2871 4453 3200 4507 increatam
3235 4450 3530 4520 signiﬁco.
3565 4453 3714 4505 Nam

2053 4559 2171 4599 vox
2192 4545 2373 4608 solus,
2404 4543 2551 4598 etde
2585 4558 2704 4598 uno
2725 4541 2928 4612 aliquo
2960 4541 3224 4606 homine,
3255 4541 3409 4596 etde
3430 4540 3713 4596 universa

2052 4649 2301 4705 prorsus
2334 4639 2550 4689 natura
2568 4633 2802 4688 dicitur.
2837 4635 2913 4687 De
2942 4647 3063 4685 uno
3095 4631 3318 4702 aliquo,
3360 4630 3523 4685 velut
3571 4646 3709 4686 cum

2054 4724 2220 4779 verbi
2271 4724 2463 4793 gratia
2513 4723 2735 4779 dicitur
2788 4722 2861 4776 de
2935 4720 3137 4791 Paulo,
3200 4719 3399 4774 solum
3463 4725 3710 4792 raptum

2053 4829 2185 4867 esse
2230 4813 2309 4868 ad
2341 4813 2578 4868 tertium
2609 4827 2802 4884 usque
2843 4809 3087 4872 coelum,
3111 4813 3167 4865 et
3211 4809 3453 4864 audisse
3487 4824 3713 4866 arcana

2053 4903 2260 4969 verba,
2287 4919 2422 4975 quae
2454 4917 2576 4957 non
2607 4902 2784 4956 liceat
2811 4899 3043 4954 homini
3072 4897 3238 4971 loqui
3271 4899 3318 4933 ³⁸
3347 4917 3359 4953 :
3392 4899 3467 4954 de
3497 4903 3718 4954 natura

2052 5009 2192 5050 vero
2227 4993 2520 5058 universa,
2549 4990 2708 5046 velut
2729 5007 2867 5045 cum
2893 4987 3080 5044 David
3109 4988 3250 5044 dicit
3274 5005 3286 5043 :
3321 4990 3536 5057 Homo,
3563 4990 3718 5044 sicut

2047 5085 2258 5154 fenum
2286 5082 2408 5138 dies
2422 5083 2544 5151 ejus
2557 5081 2626 5132 δν.
2654 5080 2754 5136 Hic
2773 5078 2934 5134 enim
2954 5093 3077 5134 non
3091 5079 3402 5135 hominem
3427 5079 3716 5150 aliquem,

2055 5173 2163 5230 sed
2191 5174 2536 5227 universam
2554 5175 2835 5225 naturam
2863 5158 3092 5225 indicat
3112 5187 3124 5224 :
3147 5185 3292 5225 nam
3316 5168 3514 5225 omnis
3530 5168 3719 5224 homo

2228 5297 2274 5332 ³9
2318 5294 2476 5353 Psal.
2509 5310 2603 5360 cu,
2640 5299 2723 5351 15.

2131 5424 2242 5494 (58)
2281 5421 2374 5474 Ἦν
2405 5426 2514 5474 καὶ.
2548 5423 2680 5477 MSS.
2715 5423 2770 5475 et
2802 5419 2961 5494 edit._
2997 5418 3370 5494 Basiltéxm.

2126 5490 2244 5564 (59)
2279 5494 2336 5546 Ὀ
2397 5494 2668 5565 ἄνθρωπος
2741 5491 3083 5565 Articulus“
3113 5490 3354 5545 additus
3388 5561 3399 5565 _
3431 5503 3503 5543 ex
3547 5504 3712 5565 _mss.

2054 5556 2302 5622 deest'in
2332 5556 2524 5620 editis.
2555 5564 2782 5620 Ibidem
2804 5563 2928 5617 duo
2951 5562 3189 5616 codices
3213 5577 3362 5617 mss.
3388 5556 3601 5619 Ἐπειδὴ
3633 5556 3712 5619 δέ.

2128 5639 2241 5712 (60)
2281 5642 2441 5714 Δέγῃ.
2479 5637 2590 5693 Sic.
2628 5653 2774 5691 mss.
2811 5634 2960 5690 Editi
2990 5633 3142 5707 λέγει.
