4114 6390
491 306 590 362 251

1869 300 1927 358 S.
1966 297 2222 356 BASILII
2256 297 2499 357 MAGNI.

3753 305 3873 359 252

491 402 901 503 temporarius
946 429 1004 484 et
1031 426 1326 485 mortalis.
1361 426 1455 485 Sic
1505 423 1898 496 intelligimus
1934 422 2008 479 de
2038 437 2142 479 na-

2262 423 2401 493 ἔχων
2455 420 2746 476 ἀθανασίαν
2776 442 2789 456 ο
2847 426 2958 491 xui,
3008 426 3160 496 Μὸνῳ
3222 431 3362 498 σοφῷ
3437 432 3551 497 Θεῷ
3617 430 3710 479 καὶ
3779 428 3865 498 τὸ,

491 522 627 575 tura
652 518 815 574 dicta
840 532 974 573 esse
996 521 1052 574 et
1080 516 1180 573 illa
1210 534 1222 572 :
1260 518 1376 586 Qui
1401 517 1565 573 solus
1589 514 1769 571 habet
1798 512 2152 569 immortali-

493 613 675 666 tatem
707 609 792 678 ‘0;
826 612 901 675 et,
924 608 1058 664 Soli
1075 608 1338 677 sapienti
1356 608 1477 663 Deo
1506 607 1551 642 ⁴¹
1578 624 1592 674 ;
1622 609 1696 676 et,
1724 605 1910 661 Nemo
1942 603 2149 671 bonus,

492 700 613 757 nisi
636 714 792 755 unus
821 699 981 755 Deus
1010 699 1076 752 ⁴².
1112 697 1215 753 ilic
1240 696 1404 753 enim
1436 711 1592 752 unus
1625 694 1922 765 signiﬁcat
1961 691 2146 759 idem,

492 791 658 863 quod
710 789 894 845 solus.
958 790 1044 857 Et,
1079 788 1195 856 Qui
1229 787 1497 844 extendit
1543 786 1761 843 culum
1790 785 1951 840 solus
1976 782 2061 850 ης
2094 785 2153 838 et

490 895 722 949 rursus,
737 879 1060 936 Dominum
1090 880 1276 935 Deum
1312 886 1482 934 tuum
1503 876 1809 943 adorabis,
1837 882 1891 932 et
1922 874 2021 930 illi
2037 874 2157 930 soli

490 968 708 1025 servies
731 968 811 1035 ‘t;
837 971 914 1035 et,
939 968 1076 1024 Non
1097 972 1183 1023 est
1207 968 1363 1023 Deus
1377 972 1605 1036 praeter
1621 979 1714 1021 me
1733 964 1800 1016 η.
1824 965 1973 1019 Nam
1993 977 2150 1017 unus

491 1062 548 1114 et
570 1059 733 1114 solus
758 1057 834 1113 de
865 1060 987 1113 Deo
1017 1056 1302 1113 dicuntur
1327 1056 1443 1128 83
1473 1055 1535 1111 in
1568 1054 1874 1127 Scriptura
1905 1068 2027 1108 non
2070 1050 2150 1108 ad

489 1147 937 1204 distinctionem
966 1162 1003 1203 a
1052 1146 1195 1204 Filio
1235 1150 1341 1202 aut
1384 1144 1608 1219 Spiritu
1651 1147 1882 1213 sancto,
1913 1143 2021 1199 sed
2046 1141 2152 1201 ad-

488 1251 699 1292 versus
730 1252 834 1293 eos
877 1235 985 1310 qui
1031 1252 1171 1292 cum
1200 1234 1284 1291 dii
1331 1250 1456 1291 non
1486 1234 1623 1300 sint,
1652 1232 1735 1289 dii
1762 1238 1968 1288 tamen
1996 1231 2149 1288 falso

489 1325 905 1393 nominantur,
931 1330 994 1381 ut
1014 1332 1102 1381 est
1123 1324 1267 1381 illud
1292 1342 1306 1380 :
1340 1325 1617 1380 Dominus
1636 1324 1799 1379 solus
1828 1322 2008 1378 duxit
2031 1337 2144 1393 eos,

488 1424 541 1472 et
560 1430 682 1471 non
713 1421 842 1472 erat
878 1430 1011 1471 cum
1042 1416 1123 1471 eis
1148 1415 1295 1471 deus
1325 1415 1562 1471 alienus
1583 1414 1660 1482 ‘5;
1688 1416 1765 1481 et,
1782 1412 2151 1468 Eoerterunt

484 1504 603 1574 ﬁlii
632 1505 823 1561 Israel
856 1505 1124 1570 Baalim,
1152 1511 1206 1561 et
1232 1498 1480 1561 nemora
1513 1501 1832 1571 Astaroth,
1858 1508 1913 1559 et
1937 1502 2152 1557 servie-

490 1592 632 1649 bant
666 1595 920 1650 Domino
941 1595 1057 1650 soli
1082 1596 1149 1649 ‘7.
1184 1596 1247 1649 Et
1274 1595 1491 1651 iterum
1511 1590 1730 1649 Paulus
1763 1608 1775 1643 :
1809 1591 1979 1647 Sicut
2008 1596 2147 1647 sunt

492 1683 583 1739 dii
602 1685 806 1754 mutii,
822 1690 876 1741 et
899 1685 1129 1740 domini
1145 1684 1344 1750 multi,
1368 1682 1536 1739 nobis
1567 1688 1764 1738 tamen
1793 1696 1947 1736 unus
1968 1681 2145 1748 Deus,

485 1773 694 1841 Pater,
717 1787 781 1829 ea
814 1788 928 1845 quo
960 1774 1183 1840 omnia,
1208 1779 1261 1829 et
1289 1788 1446 1827 unus
1474 1772 1756 1827 Dominus
1777 1770 1949 1824 Jesus
1978 1768 2150 1826 Chri-

485 1868 633 1930 stus,
660 1878 775 1933 per
816 1878 989 1933 quem
1041 1864 1243 1919 omnia
1269 1864 1337 1919 ’⁸.
1384 1864 1598 1917 Verum
1651 1859 1749 1915 hic
1791 1858 2146 1931 qumrimus,

484 1952 794 2024 quomodo
823 1965 961 2008 cum
993 1951 1264 2021 dixisset,
1306 1954 1470 2010 Unus
1510 1952 1682 2016 Deus,
1715 1965 1789 2006 ea
1824 1964 1971 2005 voce
2022 1965 2147 2006 non

482 2040 662 2097 fuerit
689 2045 1005 2099 contentus
1030 2042 1314 2112 (diximus
1342 2041 1526 2108 enim,
1558 2056 1695 2095 cum
1714 2039 1875 2095 solus
1904 2043 1961 2093 et
1990 2055 2147 2095 unus

482 2130 557 2187 de
584 2134 704 2188 Deo
736 2131 1040 2201 dicuntur,
1080 2132 1406 2203 signiﬁcari
1435 2129 1739 2202 naturam)
1785 2129 1895 2184 sed
1942 2134 1997 2185 et
2040 2146 2145 2186 vo-

482 2235 613 2277 cem
653 2222 841 2279 Pater
868 2221 1241 2296 apposuerit,
1274 2226 1331 2278 et
1380 2221 1593 2280 Christi
1640 2218 1847 2275 fecerit
1894 2219 2146 2275 mentio-

482 2327 645 2366 nem.
703 2312 992 2385 Suspicor
1016 2312 1219 2385 itaque
1249 2312 1631 2369 existimasse
1685 2314 1803 2370 hoc
1857 2310 1992 2370 loco
2035 2327 2145 2369 vas

483 2398 789 2456 electionis
837 2400 1111 2468 Paulum,
1159 2401 1304 2457 satis
1357 2416 1482 2457 non
1534 2417 1671 2458 esse
1720 2401 2144 2459 tantummodo

482 2490 674 2545 Deum
708 2489 938 2555 Filium,
968 2493 1023 2546 et
1046 2492 1235 2546 Deum
1290 2491 1576 2563 Spiritum
1608 2497 1885 2548 sanctum
1933 2491 2145 2564 praedi-

481 2595 613 2635 care
640 2597 652 2646 ;
684 2579 742 2635 id
774 2580 943 2653 quod
973 2596 1077 2652 per
1099 2580 1447 2652 dictionem,
1483 2583 1644 2639 Unus
1674 2583 1847 2650 Deus,
1879 2582 2146 2639 declara-

476 2674 666 2737 verat,
702 2668 820 2725 nisi
858 2673 1151 2741 praeterea
1191 2686 1299 2743 per
1327 2670 1731 2742 adjectionern
1760 2673 1981 2741 Patris,
2004 2687 2144 2728 eum

477 2774 553 2814 ex
583 2774 705 2830 quo
730 2758 935 2815 omnia
957 2762 1118 2827 sunt,
1149 2759 1509 2832 exprimeret
1533 2778 1547 2830 ;
1570 2764 1626 2816 et
1644 2777 1753 2834 per
1773 2762 2143 2817 mentionem

476 2848 739 2912 Domini,
772 2848 1034 2904 Verbum
1066 2866 1175 2921 per
1198 2849 1366 2921 quod
1398 2849 1607 2906 omnia
1648 2856 1809 2913 sunt,
1844 2851 2142 2921 signiﬁca~

470 2941 583 3007 ret,
615 2942 673 2993 et
714 2953 950 3001 rursus,
983 2954 1089 3011 per
1116 2941 1256 2994 Jesu
1302 2938 1518 2995 Christi
1546 2939 2020 3011 adjunctionem,
2049 2941 2139 2997 in-

470 3026 889 3084 carnationem
911 3028 1318 3095 annuntiaret,
1334 3032 1391 3084 et
1405 3029 1760 3101 passionem
1790 3034 2042 3103 poneret
2060 3029 2141 3087 ob

2262 508 2449 574 Οὐδείς
2502 511 2699 584 ἀγαθὸς
2746 511 2789 565 εἰ
2839 517 2912 584 μὴ
2984 514 3054 575 εἷς
3122 515 3147 566 ό
3182 503 3343 577 Θεὸς.
3401 518 3470 569 T6
3500 517 3601 591 γὰρ
3661 517 3735 577 εἷς
3777 514 3870 569 ἓν·

2257 603 2427 655 ταυθα
2482 609 2554 673 τῷ
2611 606 2762 675 μόνος
2815 606 3002 655 ταυτὸν
3044 599 3217 662 δηλοῖ“
3277 608 3485 672 καὶτὸ,
3533 605 3592 658 Ὀ
3630 607 3871 667 τανύσας

2257 693 2346 742 τὸν
2400 690 2613 766 οὐρανὸν
2663 695 2839 764 μόνος·
2898 697 2989 745 xui
3034 692 3208 746 πάλιν·
3270 698 3446 768 Κυρίῳ
3497 702 3571 767 τῷ
3614 702 3728 765 Θεῷ
3761 715 3866 748 σου

2257 787 2663 854 προσκυνήσεις,
2735 787 2822 835 καὶ
2896 781 3037 855 αὐτῷ
3117 787 3258 856 μόνῳ
3340 782 3635 859 λατρεύσεις
3669 802 3681 815 ·
3772 788 3869 838 καὶ

2258 872 2337 938 τὸ,
2373 870 2484 923 Οὐκ
2533 873 2645 924 ἔστι
2690 873 2815 932 Θεὸς
2879 870 3011 931 πλὴν
3069 871 3214 943 ἐμου.
3268 876 3339 926 Τὸ
3375 872 3475 947 γάρ
3525 872 3598 937 εἷς
3635 878 3726 928 καὶ
3748 878 3862 948 μὸ-

2257 980 2344 1023 νος
2391 958 2475 1013 ἐπὶ
2529 968 2664 1015 Θεοῦ
2704 965 2817 1029 (61)
2847 959 2896 1014 ἐν
2925 969 2988 1036 τῇ
3040 968 3216 1039 Γραφῇ
3256 963 3315 1015 οὐ
3364 968 3493 1039 πρὸς
3524 960 3867 1018 ἀντιδιαστο-

2256 1048 2350 1109 λήν
2396 1056 2489 1102 τοῦ
2521 1052 2645 1104 Υἱοῦ
2694 1051 2724 1111 ἡ
2780 1058 2873 1104 τοῦ
2909 1051 3063 1124 ἁγίου
3115 1055 3411 1126 Πνεύματος
3453 1052 3678 1126 λέγεται,
3730 1051 3870 1105 ἀλλά

2257 1143 2389 1214 πρὸς
2435 1143 2559 1203 τοὺς
2603 1144 2675 1213 μὴ
2736 1144 2885 1203 ὄντας
2939 1142 3104 1209 θεοὺς,
3157 1142 3567 1217 ὀνομαζομένους
3621 1139 3681 1198 δὲ
3735 1142 3871 1215 ψευ-

2261 1225 2386 1291 δὼς·
2442 1233 2507 1292 ὡς
2559 1233 2640 1295 1'6,
2702 1233 2887 1305 Κύριος
2952 1236 3103 1305 μόνος
3146 1229 3268 1305 ἦγεν
3324 1233 3532 1296 αὐτοὺς·
3576 1238 3687 1301 καὶ,
3748 1232 3868 1286 Οὐκ

2259 1314 2320 1377 ἦν
2381 1320 2491 1394 μετ’
2530 1319 2698 1373 αὐτῶν
2746 1323 2877 1383 Θεὸς
2944 1319 3225 1396 ἀλλότριος·
3310 1327 3400 1377 καὶ
3467 1322 3546 1391 τὸ,
3600 1322 3868 1396 Περιεῐλον

2257 1410 2364 1462 υἱοὶ
2441 1411 2556 1480 (62)
2636 1410 2850 1484 Ἰσραὴλ
2919 1413 2986 1464 τὰ
3076 1411 3321 1486 Βααλεὶμ,
3398 1418 3488 1466 καὶ
3565 1415 3634 1466 τά
3718 1412 3863 1471 οῖλση

2260 1499 2555 1574 Ἀσταρὼθ,
2617 1505 2707 1553 καὶ
2765 1496 3035 1554 ἐδούλευον
3104 1506 3280 1577 Κυρίῳ
3341 1506 3499 1575 μόνῳ·
3551 1508 3641 1557 xui
3703 1501 3866 1555 πάλιν

2258 1590 2284 1641 ό
2340 1588 2563 1652 Παῦλος·
2636 1588 2836 1665 Ὠσπερ
2913 1590 3016 1644 εἰσὶ
3098 1592 3201 1644 θεοὶ
3268 1590 3465 1663 πολλοὶ,
3516 1597 3607 1645 καὶ
3684 1595 3869 1666 κύριοι

2256 1679 2459 1748 πολλοὶ,
2513 1677 2619 1731 ἀλλ’
2691 1681 2817 1752 ἡμῖν
2867 1681 2938 1744 εἷς
2995 1684 3144 1747 Θεὸς,
3203 1682 3228 1734 ό
3314 1686 3515 1755 Πατὴρ,
3577 1681 3629 1746 ἐξ
3675 1681 3737 1735 οὗ
3796 1685 3870 1736 τά

2188 1771 2448 1840 Βπάντα,
2515 1773 2626 1838 καὶ,
2702 1771 2774 1830 εἰς
2858 1772 3067 1845 Κύριος,
3112 1770 3321 1834 Ἰησους
3385 1774 3619 1847 Χριστὸς
3667 1767 3743 1825 δι’
3803 1773 3868 1824 οὗ

2256 1861 2321 1912 τὰ
2403 1860 2592 1914 πάντα.
2664 1857 2819 1913 Ἀλλά
2890 1860 3145 1933 ζητοῦμεν
3237 1859 3481 1929 ἐνταῦθα,
3563 1869 3696 1931 πῶς,
3772 1863 3865 1925 Εἷς

2258 1951 2387 2009 Θεὸς
2426 1949 2538 2020 (63)
2592 1948 2831 2023 εἰρηκὼς,
2892 1949 2986 2003 ούκ
3041 1952 3274 2025 ἠρκέσθη
3337 1959 3399 2024 τῇ
3459 1959 3595 2025 φωνῇ
3649 1954 3865 2025 (ἔφαμεν

2255 2040 2376 2113 γὰρ,
2410 2039 2491 2090 ότι
2519 2041 2673 2110 μόνος
2699 2042 2789 2090 xui
2827 2041 2885 2092 τὸ
2918 2039 2984 2100 εἷς
3034 2038 3117 2092 ἐπὶ
3156 2047 3290 2094 Θεοῦ
3330 2044 3423 2099 τὴν
3472 2042 3628 2113 φύσιν
3659 2036 3862 2113 δηλοῖ),

2256 2125 2385 2179 ἀλλά
2437 2132 2527 2179 xui
2572 2130 2630 2180 1'6
2690 2131 2869 2203 Πατὴρ
2929 2129 3244 2201 προσέθηκε,
3304 2134 3394 2182 xui
3453 2136 3547 2181 τοῦ
3622 2136 3862 2205 Χριστοῦ

2256 2214 2655 2290 ἐμνημόνευσεν.
2740 2216 2964 2270 ’Υπονοῶ
3055 2222 3250 2287 τοίνυν,
3310 2220 3391 2271 ὅτι
3465 2219 3560 2272 οὐκ
3625 2218 3862 2293 ἐξαρκεῖν

2255 2306 2400 2378 ᾠήθη
2429 2314 2516 2359 νῦν
2548 2309 2574 2359 6
2606 2306 2830 2375 Παῦλος,
2882 2310 2942 2360 τὸ
2998 2315 3183 2369 σκεῦος
3234 2316 3329 2371 τῆς
3367 2307 3600 2381 ἐκλογῆς,
3652 2312 3854 2383 κηρύσ-

2258 2415 2364 2449 σειν
2395 2400 2548 2470 μόνον
2598 2400 2726 2450 Θεὸν
2785 2399 2872 2449 τὸν
2928 2398 3067 2465 Υὶὸν,
3124 2402 3213 2450 xui
3260 2402 3386 2452 Θεὸν
3434 2402 3493 2451 τὸ
3548 2405 3753 2472 Πνεῦμα
3785 2401 3850 2452 τὸ

2254 2486 2419 2558 ἅγιον,
2454 2488 2574 2562 ὅπερ
2636 2483 2731 2539 διὰ
2786 2495 2883 2549 τῆς
2929 2483 3015 2549 Εἷς
3069 2491 3194 2551 Θεὸς
3241 2485 3475 2547 ἐδήλωσε
3511 2489 3733 2564 ῥήσεως,
3767 2486 3858 2541 ἐὰν

2253 2580 2325 2649 μὴ
2374 2580 2464 2629 xui
2519 2573 2612 2629 διὰ
2640 2584 2730 2637 τῆς
2773 2578 3087 2651 προσθήκης
3114 2584 3207 2630 τοῦ
3240 2582 3440 2652 Πατρός
3479 2582 3567 2631 τὸν
3597 2576 3652 2642 ἕξ
3695 2575 3758 2632 οὗ
3787 2581 3863 2632 τά

2253 2669 2424 2719 πάντα
2471 2663 2708 2740 δηλώση’
2751 2686 2842 2719 και
2885 2663 2979 2719 diu
3015 2676 3111 2730 τῆς
3135 2674 3340 2741 μνήμης
3376 2676 3470 2722 τοῦ
3517 2673 3736 2744 Κυρίου,
3765 2673 3861 2722 τὸν

2252 2759 2418 2828 Λόγον
2459 2759 2545 2809 τὸν
2595 2753 2666 2809 δι’
2722 2756 2782 2809 οὔ
2811 2758 2878 2809 τά
2923 2758 3094 2809 πάντα
3147 2759 3385 2831 σημάνῃ³
3425 2763 3516 2810 καὶ
3554 2761 3727 2830 πάλιν,
3763 2754 3865 2812 διὰ

2251 2854 2342 2907 τῆς
2378 2846 2556 2905 Ἰησοῦ
2623 2853 2859 2921 Χριστοῦ
2917 2846 3368 2921 συμπαραλήψεως
3428 2853 3523 2907 τὴν
3602 2846 3863 2921 ἐνανθρὼ-

2250 2957 2414 2996 πησιν
2464 2937 2789 3011 παραγγείλῃ
2849 2940 2992 3011 (64),
3045 2942 3225 2992 καὶτὸ
3283 2941 3449 3001 πάθος
3504 2945 3863 3016 παραστήσῃ,

2251 3031 2342 3080 καὶ
2372 3031 2466 3087 τὴν
2507 3025 2797 3080 ἀνάστασιν
2847 3034 3142 3103 φανερώση.
3195 3033 3265 3082 T6
3316 3032 3441 3105 γὰρ,
3494 3030 3700 3092 Ἰησοῦς
3731 3038 3869 3107 Χρι-

469 3115 722 3173 oculos:
766 3122 824 3173 et
873 3117 1374 3174 resurrectionem
1417 3123 1946 3176 commonstraret.
1989 3122 2139 3177 Nam

2253 3120 2397 3181 στὸς,
2441 3120 2537 3179 τὰς
2583 3120 2831 3179 τοιαύτας
2881 3115 3073 3179 ἑννοίας
3125 3121 3250 3192 ἡμῖν
3312 3118 3564 3192 ἐμφαίνει.
3614 3123 3702 3174 Διὸ
3768 3125 3868 3174 καὶ

471 3205 641 3277 illud,
668 3208 842 3263 Jesus
876 3207 1162 3273 Christus,
1195 3207 1473 3264 notiones
1507 3207 1654 3264 tales
1683 3207 1862 3264 nobis
1888 3208 2136 3265 indicat.

472 3297 854 3369 Quapropter
874 3297 1055 3353 etiam
1093 3296 1386 3353 Dominus
1435 3302 1575 3353 ante
1618 3298 1971 3371 passionem
2013 3313 2138 3355 non

473 3382 604 3441 vult
632 3383 750 3440 dici
778 3387 947 3440 Jesus
981 3384 1271 3452 Christus,
1300 3389 1356 3441 et
1395 3385 1713 3459 discipulis
1752 3387 2044 3460 praecipit,
2075 3392 2141 3443 ut

472 3489 549 3531 ne
580 3473 870 3547 cuiquam
897 3474 1103 3531 dicant
1130 3474 1333 3547 ipsum
1364 3491 1496 3532 esse
1519 3478 1718 3533 Jesum
1744 3476 2044 3534 Christum
2066 3479 2136 3537 ".

470 3562 853 3636 Propositum
875 3564 1034 3620 enim
1062 3563 1147 3620 illi
1190 3568 1318 3620 erat
1348 3569 1487 3638 post
1513 3565 1860 3623 absolutam
1898 3566 2140 3641 dispen-

472 3652 769 3711 sationem
801 3669 872 3710 ac
903 3653 1408 3711 resurrectionem
1440 3672 1511 3711 ex
1543 3656 1815 3725 mortuis,
1850 3661 1906 3713 et
1935 3657 1997 3713 in
2023 3673 2139 3714 coa-

467 3744 559 3802 los
590 3744 1098 3818 assumptionem,
1129 3748 1258 3801 tum
1290 3745 1536 3801 demum
1561 3745 1708 3818 ipsis
1739 3748 2135 3817 committere,

469 3838 536 3891 ut
571 3849 710 3890 eum
758 3836 963 3891 Jesum
1011 3835 1314 3892 Christum
1358 3835 1781 3909 praedicarent.
1818 3838 2138 3909 Ejusmodi

469 3925 560 3978 est
587 3927 645 3978 et
675 3921 823 3978 illud
854 3941 866 3978 :
903 3924 976 3981 Ut
1001 3931 1368 4007 cognoscant
1388 3932 1443 3983 te
1471 3926 1666 3982 solum
1695 3941 1901 3983 verum
1920 3927 2135 3998 Deum,
2160 3925 2169 3931 ’

469 4016 528 4070 et
555 4027 729 4084 quem
766 4013 985 4069 misisti
1010 4014 1215 4070 Jesum
1249 4014 1555 4071 Christum
1583 4016 1632 4051 5°
1662 4031 1675 4082 ;
1708 4015 1859 4072 illud
1889 4016 2132 4073 itidem:

473 4101 734 4158 Creditis
756 4103 818 4158 in
848 4104 1058 4175 Deum,
1090 4109 1145 4160 et
1186 4105 1250 4159 in
1279 4120 1373 4160 me
1422 4105 1647 4162 credite
1672 4106 1749 4160 5'3
1785 4105 2010 4179 ubique
2041 4122 2136 4162 co-

469 4189 823 4262 gitationem
850 4198 1123 4248 nostram
1152 4192 1591 4265 praemuniente
1625 4194 1845 4266 Spiritu
1892 4201 2134 4266 sancto;

468 4296 546 4338 ne
597 4280 955 4337 accedentes
1013 4282 1094 4337 ad
1160 4282 1437 4353 alterum,
1496 4282 1682 4340 altero
1736 4284 2132 4355 excidamus;

468 4386 622 4427 neve
692 4370 1008 4442 theologim
1057 4371 1270 4429 intenti
1313 4373 1696 4444 negligamus
1740 4372 2138 4447 dispensatio-

467 4474 608 4517 nem
630 4473 653 4531 ;
684 4459 955 4552 atquein
991 4460 1384 4533 impietatem,
1418 4462 1566 4517 dum
1595 4461 1656 4518 in
1706 4461 1912 4535 aliquo
1952 4463 2136 4521 oﬂen-
2166 4498 2212 4552 Β

469 4549 696 4620 dimus,
728 4549 1094 4608 incidamtls.

543 4643 596 4696 4.
627 4639 823 4696 Verba
857 4644 1063 4697 autem
1095 4639 1316 4696 divinae
1362 4640 1700 4714 Scripturaa,
1733 4660 1869 4716 quae
1896 4651 2139 4720 arrepta

470 4729 885 4795 adversarii,et
900 4731 977 4788 ad
1006 4748 1182 4787 suam
1202 4731 1476 4805 ipsorum
1495 4734 1856 4791 sententiam
1878 4735 2134 4806 detorta,

470 4816 649 4874 nobis
696 4819 775 4874 ad
823 4820 1199 4877 eversionem
1264 4821 1599 4893 majestatis
1642 4822 1940 4893 Unigeniti
1988 4826 2137 4899 obji-

470 4906 656 4973 ciunt,
690 4906 869 4963 simili
898 4909 1083 4966 modo
1117 4910 1559 4984 expendamus,
1591 4912 1904 4969 notionem
1926 4931 2135 4974 eorum

2247 3210 2349 3278 πρὸ
2403 3214 2497 3260 τοῦ
2558 3208 2760 3269 πάθους
2814 3215 3147 3282 παραιτεῖται
3198 3210 3224 3260 ό
3275 3209 3694 3285 ΚύριοςἹησοῦς
3719 3217 3865 3286 Χρι-

2252 3300 2376 3359 στὸς
2435 3295 2901 3369 καταγγελλεσθαι’
2958 3301 3048 3350 καὶ
3105 3294 3469 3352 διαστέλλεται
3517 3307 3627 3362 τοῖς
3674 3301 3863 3372 μαθη-

2248 3393 2386 3456 ταῖς,
2444 3387 2528 3439 ἰνα
2571 3383 2762 3461 μηδενὶ
2815 3390 3050 3456 εἴπωσιν,
3106 3391 3187 3440 ὅτι
3236 3388 3391 3451 αὐτὸς
3452 3386 3595 3443 ἐστιν
3652 3389 3863 3451 Ἰησοῦς

2249 3480 2496 3551 Χριστὸς.
2549 3481 2827 3553 Πρόκειται
2858 3479 2959 3550 γὰρ
3008 3476 3150 3549 αὐτῷ
3188 3476 3520 3531 τελειώσαντι
3574 3484 3670 3538 τὴν
3708 3478 3859 3533 οἰκο-

2247 3571 2451 3640 νομίαν,
2475 3568 2609 3640 μετὰ
2663 3571 2757 3626 τὴν
2808 3569 2863 3619 ἑκ
2913 3574 3102 3642 νεκρῶν
3156 3565 3444 3621 ἀνάστασιν
3499 3573 3590 3622 καὶ
3644 3574 3731 3628 τὴν
3784 3569 3863 3633 εἰς

2247 3655 2494 3730 οὐρανούς
2521 3655 2802 3728 ἀνάληψιν,
2835 3654 3112 3731 ἐπιτρέψαι
3170 3657 3346 3720 αὐτοις
3412 3661 3697 3734 κηρύσσειν
3762 3659 3862 3712 αὗ-

2247 3748 2334 3798 τὸν
2382 3746 2589 3803 Ἰησοῦν
2627 3749 2714 3799 τὸν
2771 3749 3024 3821 Χριστὸν.
3066 3751 3314 3800 Τοιοῦτόν
3356 3745 3471 3800 ἔστι
3521 3752 3611 3801 xui
3640 3751 3721 3815 τὸ,
3744 3754 3865 3803 Ἵνα

2245 3840 2550 3908 γινώσκωσί
2630 3855 2687 3890 σε
2765 3839 2853 3889 τὸν
2916 3840 3071 3910 μόνον
3142 3835 3384 3895 ἀληθινὸν
3456 3842 3606 3908 Θεὸν,
3655 3845 3747 3892 καὶ
3799 3840 3862 3893 ὃν

2248 3924 2553 3987 ἀπέστειλας
2630 3928 2838 3985 Ἰησοῦν
2917 3930 3146 4002 Χριστόν
3173 3948 3186 3960 ·
3268 3932 3360 3981 xui
3431 3931 3510 4000 τὸ,
3582 3932 3862 3984 Πιστεύετε

2247 4016 2319 4079 εἰς
2368 4019 2496 4071 Θεὸν
2557 4020 2648 4068 καὶ
2713 4016 2786 4077 εἰς
2864 4014 2951 4089 ἐμὲ
3022 4019 3311 4070 πιστεύετει
3400 4025 3675 4091 πανταχοῦ
3756 4024 3860 4079 τὴν

2244 4109 2438 4159 ἔννοιαν
2499 4109 2645 4180 ἡμῶν
2715 4105 3131 4180 ἀσφαλιζομένου
3215 4114 3314 4160 τοῦ
3392 4111 3684 4182 Πνεύματος
3760 4118 3861 4163 τοῦ

2246 4199 2424 4270 ἄγίου,
2474 4199 2559 4250 ἵνα
2613 4200 2710 4269 μὴ,
2764 4200 2968 4272 γατέρῳ
3018 4195 3440 4269 προσϐαίνοντες,
3497 4200 3716 4274 θατὲρὸυ
3793 4198 3856 4252 ἔκ

2244 4292 2534 4360 πίπτωμεν·
2577 4290 2668 4338 καὶ
2724 4294 2786 4359 τῇ
2860 4286 3096 4359 θεολογίᾳ
3154 4290 3523 4360 προσέχοντες,
3572 4298 3667 4352 τῆς
3711 4288 3854 4341 οἰκο-

2244 4381 2427 4450 νομίας
2484 4385 2900 4451 καταφρονῶμεν
2960 4382 3052 4430 xui
3108 4380 3324 4448 γένηται
3382 4379 3508 4452 ἡμῖν
3563 4382 3696 4432 κατὰ
3761 4381 3855 4432 τὸν

2246 4466 2470 4520 ἐλλεῖπον
2495 4467 2525 4524 ἡ
2561 4464 2792 4518 ἀσέϐεια.

2318 4650 2370 4703 4.
2398 4648 2475 4701 Τὰ
2516 4642 2575 4700 δὲ
2618 4647 2836 4722 ῥήματα
2885 4653 2976 4706 τῆς
3037 4647 3176 4708 θείας
3226 4652 3452 4721 Γραφῆς,
3492 4647 3622 4722 ἅπερ
3652 4647 3865 4722 λαμϐά-

2246 4757 2418 4799 νοντες
2463 4739 2512 4789 οἱ.
2566 4734 2906 4808 ἀντικείμενοι
2963 4738 3049 4787 καὶ
3112 4732 3510 4811 διαστρέφοντες
3553 4741 3686 4811 πρὸς
3757 4744 3864 4798 τὴν

2249 4826 2441 4879 οἰκείαν
2493 4822 2800 4883 συνείδησιν
2850 4824 2922 4886 εἰς
2962 4826 3270 4899 καθαίρεσιν
3299 4834 3395 4888 τῆς
3437 4823 3595 4890 δόξης
3624 4834 3714 4880 τοῦ
3746 4835 3865 4882 Μο-

2247 4924 2485 4989 νογενοῦς
2524 4918 2649 4989 ἡμῖν
2705 4920 3073 4991 προφέρουσιν·
3145 4914 3309 4978 οὕτως
3358 4915 3671 4992 ἐξετάσωμεν
3710 4922 3864 5002 (65),

543 5031 593 5067 ⁸ο
632 5032 1066 5113 l‘Tim.‘v1,_l_6.
1137 5037 1185 5113 ξξ
1216 5037 1386 5113 ῌοῳ.
1429 5052 1545 5101 xvr,
1578 5037 1667 5092 27.
1742 5038 1788 5073 ⁴²
1818 5041 1964 5113 Luc.
2003 5058 2136 5097 xm!

2252 5058 2276 5098 ι.
2346 5043 2394 5077 ⁴³
2426 5040 2558 5098 Job.
2604 5057 2674 5111 Ix,
2705 5043 2756 5096 8.
2792 5042 2871 5113 7“
2913 5043 3081 5097 Deut.
3118 5057 3202 5111 γι,
3238 5046 3320 5098 13.
3378 5043 3425 5078 ⁴⁵
3468 5045 3639 5101 Deut.
3667 5060 3860 5113 χχιιι,

470 5107 561 5162 39.
639 5104 685 5139 ¹⁴⁶
724 5102 874 5160 ibid.
948 5107 1032 5159 12.

471 5176 516 5212 δι
559 5174 734 5231 Joan.
771 5191 885 5239 xxv,
920 5180 967 5230 1.

476 5337 487 5349 ⁸
541 5266 656 5337 (61)
690 5265 809 5319 Ἐπὶ
849 5273 983 5319 Θεοῦ
1011 5265 1164 5322 Editi
1184 5266 1420 5325 addunt
1450 5268 1792 5337 articulum,
1829 5273 1939 5329 sed
1965 5273 2135 5332 deest

472 5352 828 5485 magisi‘iot.
860 5411 1022 5485 Hanc
1066 5410 1606 5485 vocem‘addimus
1655 5429 1723 5469 ex
1766 5417 1906 5485 Reg.
1948 5417 2133 5474 Paulo

475 5480 767 5557 posi‘duo
795 5499 940 5537 mss.
975 5483 1171 5557 ὥσπερ.
1207 5482 1354 5539 Editi
1378 5486 1541 5557 εἰπερ.

553 5554 667 5620 (63)
707 5555 793 5616 Εἷς
826 5558 977 5616 Θεὸς.
1022 5554 1282 5609 Primam
1304 5554 1519 5611 vocem
1563 5555 1848 5613 addimus
1879 5574 1951 5615 ex
1982 5576 2131 5615 mss.

481 5619 663 5677 Paulo
720 5630 859 5701 post
886 5624 948 5683 in
996 5624 1134 5683 cod.
1184 5627 1328 5697 Reg.
1373 5627 1589 5701 legitur
1626 5632 1685 5681 τὸ
1725 5634 1935 5704 Πνεῦμα
1972 5651 2136 5708 προσ-

1140 5107 1185 5142 ⁴⁷
1232 5110 1247 5160 1
1316 5110 1458 5178 Reg.
1496 5124 1595 5177 vn,
1647 5112 1700 5165 4.

1811 5111 1858 5146 ⁸⁸
1895 5114 1917 5166 l
1956 5113 2087 5170 Cor.
2131 5130 2252 5187 vm,
2304 5118 2357 5184 5,
2392 5118 2444 5169 6.

2550 5114 2609 5148 η’
2650 5112 2852 5170 Matth.
2908 5129 3019 5182 XVI,
3080 5116 3167 5169 20.
3266 5115 3314 5150 ⁵ο
3351 5115 3524 5171 Joan.
3598 5132 3739 5187 xvu,
3796 5112 3859 5185 3;

2244 5277 2416 5333 ἔθηκε.

2315 5350 2369 5423 (ti
2384 5351 2429 5419 ἱ)
2468 5345 2837 5423 Παραγγείλῃ.
2874 5350 3011 5423 Duo
3044 5364 3192 5403 mss.
3227 5348 3546 5423 ἀπαγγείλῃ.

2315 5418 2959 5505 φξςλίεξςτάσωμένκξὶο
2993 5422 3220 5505 Πιθεῖ-φὶ
3249 5418 3451 5505 prima
3475 5418 3660 5477 manu
3688 5421 3854 5505 Harl.

2243 5490 2394 5545 Edili
2426 5489 2749 5563 ἐξετάσομεν.
2782 5491 3007 5563 ibidem
3042 5492 3183 5547 editi
3240 5489 3654 5556 ἀναπτύσσοντες
3693 5494 3851 5551 αὑτά,

2243 5563 2371 5618 Duo
2413 5562 2645 5619 veteres
2663 5562 2801 5620 libri
2827 5567 2889 5619 ut
2910 5563 2972 5620 in
3002 5568 3184 5621 textu.
