4114 6392
191 264 282 322 253

1306 275 1802 335 EPISTOLARUM
1837 273 2123 334 CLASSIS
2161 276 2203 330 Ι.
2232 275 2449 332 EPIST.
2491 268 2632 332 VIII.
2710 272 2721 282 ’

3553 275 3662 334 254

214 394 335 448 κατὰ
378 396 444 448 τό
496 390 762 452 δυνατὸν
841 403 981 476 ἡμῖν
1053 400 1469 463 ἀναπτύσσοντες
1552 401 1719 454 αὐτῶν
1785 405 1880 461 τὴν

2003 415 2109 473 pro
2138 399 2367 457 viribus
2394 400 2787 474 explicantes.
2817 403 2899 457 Ac
2919 400 3185 474 primum
3234 400 3411 457 nobis
3436 416 3659 475 propo-

228 483 471 540 διάνοιαν
541 493 660 542 Καὶ
716 499 945 565 πρῶτον
994 494 1122 566 ἡμῖν
1151 493 1479 567 προτιθέσθω
1526 495 1606 559 τὸ,
1643 491 1773 564 Ἐγώ
1807 491 1881 553 ζῶ

237 575 323 633 διὰ
371 582 461 631 τὸν
502 583 762 655 Πατέρα.
819 588 996 635 Τοῦτο
1041 584 1145 656 γάρ
1186 581 1325 634 ἐστιν
1355 580 1404 634 ἓν
1434 589 1533 634 τῶν
1590 579 1752 655 βελῶν
1785 588 1883 632 τῶν

236 668 297 731 εἰς
341 668 570 742 οὐρανὸν
624 676 989 744 πεμπομένων
1042 673 1143 724 ὑπὸ
1196 679 1298 723 τῶν
1351 669 1548 732 ἀσεϐῶς
1597 671 1712 744 (66)
1744 670 1883 742 αὐτῷ

235 762 603 832 κεχρημένων.
677 758 950 814 Ἐνταῦθά
1006 756 1066 814 δὲ
1113 763 1170 813 τό
1218 761 1376 835 ῥητόν
1423 761 1483 812 οὗ
1522 765 1616 819 τὴν
1657 765 1883 834 προαιῶ-

232 869 355 914 νιον,
416 851 493 910 ὡς
540 843 730 921 οἶμαι,
791 849 934 911 ζωὴν
975 848 1226 923 ὀνομάζει
1270 849 1392 922 (πᾶν
1421 852 1523 924 γὰρ
1582 852 1639 902 τὸ
1672 845 1744 901 δι’
1777 849 1883 902 ἓτε-

234 959 321 1015 ρον
374 939 485 1000 ζῶν
544 938 806 1000 αὐτοζωὴ
875 936 1006 992 εἶναι
1059 940 1118 992 οὗ
1176 935 1420 1009 δύναται,
1446 939 1526 1012 ξής
1555 935 1679 992 οὐδὲ
1709 942 1766 991 τό
1798 937 1882 1011 ὑφ’

232 1029 410 1105 ἕτερον
456 1029 760 1101 θερμανθὲν
825 1028 1214 1106 αὖτοθερμότης
1268 1027 1417 1081 εἶναι’
1472 1030 1497 1081 ὁ
1547 1023 1607 1081 δε
1654 1030 1884 1105 Χριστός

231 1124 327 1172 καὶ
377 1121 517 1181 Θεὸς
569 1119 731 1190 ἡμῶν
790 1120 1017 1195 εἴρηκεν.
1084 1120 1216 1190 Ἐγώ
1284 1117 1391 1193 εἰμι
1452 1122 1482 1177 η
1541 1118 1697 1185 ζωὴ),
1758 1115 1886 1169 ἀλλά

246 1209 390 1270 ζωήν
446 1210 664 1265 ταύτην
714 1211 811 1266 τὴν
866 1207 914 1260 ἐν
970 1213 1150 1283 σαρκὶ,
1180 1206 1350 1261 καὶέν
1394 1215 1466 1279 τῷ
1502 1211 1680 1281 χρόνῳ
1717 1209 1884 1279 τούτῳ

250 1302 621 1370 γεγενημένην,
684 1297 751 1356 ἦν
811 1298 970 1359 ἔζησε
1029 1294 1124 1352 διὰ
1178 1301 1263 1350 τόν
1320 1301 1550 1372 Πατέρα.
1633 1295 1884 1355 Βουλήσει

252 1391 365 1463 γὰρ
427 1383 584 1439 αὗτοῦ
621 1383 994 1460 ἐπιδεδήμηκε
1048 1396 1120 1458 τῷ
1300 1395 1400 1440 τῶν
1455 1385 1756 1460 ἀνθρώπων
1792 1389 1883 1438 καὶ

255 1478 359 1532 οὐκ
390 1476 542 1548 εἶπεν,
597 1476 733 1549 Ἐγὼ
783 1477 957 1537 ἔζησα
1004 1473 1097 1530 διὰ
1144 1480 1229 1530 τόν
1276 1480 1504 1551 Πατέρα·
1558 1474 1689 1542 ἀλλ’,
1751 1474 1883 1546 Ἐγὼ

260 1567 339 1629 ζῶ
370 1563 463 1619 διὰ
505 1570 596 1618 τὸν
646 1569 886 1642 Πατέρα²
948 1575 1126 1639 σαφῶς
1166 1570 1253 1619 τὸν
1295 1570 1531 1641 παρόντα
1584 1568 1884 1641 προσημαί-

254 1678 353 1709 νων
378 1662 599 1731 χρόνον.
636 1658 868 1709 Δύναται
895 1652 953 1709 δὲ
982 1660 1073 1709 καὶ
1100 1656 1238 1717 ζωὴν
1263 1655 1449 1728 λέγειν,
1484 1654 1543 1714 ἢν
1576 1655 1639 1728 ζῇ
1675 1656 1700 1706 ὁ
1746 1662 1883 1729 Χρι-

253 1749 398 1812 στός,
447 1749 540 1798 τόν
590 1750 767 1816 Λόγον
826 1752 918 1798 τοῦ
981 1753 1116 1798 Θεοῦ
1169 1748 1305 1818 ἔχων
1355 1743 1404 1796 ἐν
1438 1744 1625 1815 ἐαυτῷ.
1663 1749 1764 1797 Καὶ
1803 1746 1884 1797 ὅτι
1916 1757 1956 1810 Β

237 1840 398 1889 τοῦτό
430 1834 557 1888 ἐστι
588 1838 645 1887 τό
679 1831 1023 1908 δηλούμενον,
1055 1834 1112 1887 ἐκ
1165 1842 1258 1888 τοῦ
1316 1834 1680 1910 ἐπιφερομένου
1741 1832 1883 1886 εἰσό-

232 1929 400 1999 μεθα.
476 1930 587 1978 Καὶ
643 1925 672 1976 ό
731 1931 947 2000 τρώγων
996 1944 1079 1998 με,
1143 1929 1295 1997 φησὶ,
1358 1924 1579 1985 ζήσεται
1634 1920 1708 1976 δι’
1776 1921 1881 1995 ἐμέ.

232 2021 532 2089 Τρὼγοαεν
595 2017 706 2088 γὰρ
757 2013 920 2066 αὐτοῦ
972 2019 1066 2073 τὴν
1119 2016 1309 2090 σάρκα,
1366 2018 1456 2066 καὶ
1482 2019 1692 2086 πίνομεν
1725 2013 1885 2065 αὐτοῦ

238 2110 307 2158 τό
370 2107 523 2177 αἷμα,
586 2108 835 2157 κοινωνοὶ
880 2109 1143 2178 γινόμενοι
1191 2101 1284 2157 διὰ
1308 2112 1398 2165 τῆς
1451 2103 1885 2178 ἐνανθρωπήσεως

244 2200 343 2248 καὶ
393 2205 489 2258 τῆς
538 2194 819 2254 αἰσθητῆς
876 2194 1014 2255 ζωῆς
1071 2202 1163 2247 τοῦ
1216 2198 1389 2266 Λόγου
1420 2199 1511 2245 καὶ
1549 2202 1643 2255 τῆς
1678 2197 1883 2265 σοφίας.

244 2288 427 2360 Σείρκα
453 2288 564 2358 γὰρ
597 2288 697 2336 καί
732 2284 868 2356 αἷμα
894 2289 1071 2335 πᾶσαν
1098 2283 1257 2336 αὐτοῦ
1315 2287 1410 2341 την
1461 2286 1722 2355 μυστικὴν
1781 2280 1888 2334 ἐπι-

237 2372 453 2449 δημίαν
506 2375 782 2446 ὠνόμασε,
837 2377 929 2425 καὶ
984 2377 1077 2432 τὴν
1126 2371 1180 2425 ἐκ
1210 2380 1509 2446 πρακτικῆς
1538 2377 1628 2424 καὶ
1660 2380 1887 2444 φυσικῆς

236 2470 335 2517 καὶ
364 2464 687 2534 Θεολογικῆς
743 2470 1083 2515 συνεστῶσαν
1125 2458 1484 2516 διδασκαλίαν
1525 2457 1779 2528 ἐδήλωσε,
1814 2457 1848 2513 δ’
1856 2461 1887 2511 ι’

248 2551 313 2615 ἧς
360 2558 614 2627 τρέφεται
675 2551 860 2624 ψυχὴ,
927 2556 1019 2604 καὶ
1075 2555 1202 2626 πρὸς
1270 2556 1363 2609 τὴν
1428 2558 1528 2602 τῶν
1582 2554 1739 2602 ὄντων
1766 2554 1889 2613 τέως

256 2645 487 2716 θεωρίαν
536 2641 1030 2717 παρασκευάζεται.
1098 2645 1196 2693 Καὶ
1240 2643 1395 2692 τοῦτό
1455 2638 1571 2693 ἐστι
1626 2638 1767 2691 τὸέκ
1796 2646 1888 2692 τοῦ

254 2733 441 2809 ῥητοῦ
473 2735 601 2791 ἷσως
630 2727 974 2803 δηλούμενον.

344 2826 403 2877 5.
454 2825 562 2874 Καὶ
628 2819 792 2872 πάλιν·
849 2818 910 2872 Ὀ
960 2822 1143 2891 Πατὴρ
1200 2838 1301 2891 μου
1360 2818 1551 2892 μείζων
1600 2837 1700 2891 μου
1755 2815 1889 2874 ἐστι.

258 2915 561 2985 Κέχρηται
614 2910 725 2980 (67)
767 2911 875 2983 γὰρ
926 2912 1016 2960 καὶ
1044 2910 1212 2980 τούτῳ
1242 2916 1314 2979 τῷ
1345 2908 1490 2982 ῥητῷ
1520 2909 1584 2959 τὰ
1615 2904 1894 2981 ἀχάρίστα

255 3005 563 3072 κτίσματα,
630 3001 698 3051 τα
740 3005 836 3051 τοῦ
880 3004 1114 3072 πονηροῦ
1171 3002 1487 3069 γεννήματα.
1541 2996 1669 3067 Ἐγώ
1714 2992 1772 3049 δὲ
1803 2999 1893 3046 καὶ

262 3088 321 3141 ἐκ
372 3092 563 3149 ταύτης
621 3097 720 3148 τῆς
774 3096 947 3160 φωνῆς
996 3089 1059 3138 τὸ
1101 3088 1380 3159 ὀμοούσιον
1437 3083 1568 3138 εἶναι
1614 3088 1699 3138 τόν
1769 3085 1891 3137 Υἱόν
1925 3118 1964 3174 C

246 3176 325 3253 τῷ
352 3184 531 3252 Πατρὶ
574 3174 882 3236 δηλοῦσθαι
928 3180 1274 3231 πεπίστευκα.
1330 3177 1436 3236 Τὰς
1491 3178 1592 3250 γὰρ
1666 3178 1893 3248 συγκρί-

245 3290 361 3333 σεις
416 3265 555 3323 οἶδα
608 3272 808 3342 κυρίως
854 3265 938 3319 ἐπὶ
994 3274 1096 3318 τῶν
1121 3272 1213 3327 τῆς
1247 3265 1411 3327 αὐτῆς
1440 3267 1643 3338 φύσεως
1691 3267 1894 3337 γινομέ-

248 3380 361 3422 νας.
427 3356 701 3430 Ἀγγελον
772 3358 875 3430 γὰρ
937 3353 1158 3426 ἀγγέλου
1214 3355 1426 3428 λέγομεν
1490 3353 1733 3427 μείζονα,
1801 3350 1894 3404 καὶ

249 3450 534 3524 ἄνθρωπον
577 3444 863 3520 ἀνθρώπου
909 3441 1256 3520 δικαιότερον,
1294 3449 1385 3497 καὶ
1434 3446 1628 3502 πτηνόν
1694 3450 1895 3501 πτηνοῦ

250 3541 580 3613 ταχύτερον.
639 3535 706 3589 Εἰ
752 3538 925 3587 τοίνυν
978 3535 1032 3585 αἱ
1059 3537 1362 3608 συγκρίσεις
1386 3531 1472 3586 ἐπὶ
1498 3539 1600 3584 τῶν
1634 3527 1894 3605 ὁμοειδῶν

255 3634 515 3701 γίνονται,
550 3625 756 3700 μείζων
784 3621 844 3677 δὲ
890 3625 1028 3676 κατὰ
1067 3624 1347 3699 σύγκρισιν
1389 3626 1594 3698 εἴρηται
1649 3620 1674 3674 ό
1714 3625 1895 3696 Πατὴρ

257 3726 348 3770 τοῦ
412 3720 573 3771 Υἱοῦ·
640 3715 923 3787 ὁμοούσιος
975 3720 1047 3783 τῷ
1107 3713 1325 3785 Πατρὶό
1356 3714 1496 3773 Υἱός.
1530 3710 1684 3765 Ἐστι
1721 3707 1780 3763 δέ
1817 3730 1899 3772 τις

256 3812 346 3860 καὶ
366 3806 498 3864 άλλη
536 3808 716 3857 ἔννοια
741 3801 1105 3875 ἑναποκειμένη
1137 3809 1210 3872 τῷ
1265 3800 1431 3874 ῥητῷ.
1477 3804 1543 3853 Τί
1608 3801 1709 3874 γὰρ
1763 3801 1896 3851 θαυ-

256 3899 481 3969 μαστὸν,
533 3894 581 3947 εἰ
626 3896 851 3966 μείζονα
907 3890 1094 3944 ἑαυτοῦ
1147 3893 1235 3942 τόν
1287 3893 1494 3964 Πατέρα
1561 3888 1892 3962 ὡμολόγησε,

253 3991 429 4060 Λόγος
482 3990 557 4035 ὧν
611 3987 709 4035 καὶ
770 3979 908 4057 σὰρξ
954 3984 1201 4053 γεγονὼς,
1256 3981 1449 4033 ὁπόταν
1516 3982 1605 4031 καὶ
1665 3977 1896 4050 ἀγγέλων

254 4078 412 4148 ὤφθη
470 4075 612 4126 κατά
670 4075 768 4130 τὴν
824 4066 983 4132 δόξαν
1038 4067 1277 4140 ἐλάττων,
1340 4072 1427 4121 καὶ
1454 4065 1735 4142 ἀνθρώπων
1761 4069 1899 4120 κατὰ

257 4187 322 4220 το
381 4162 576 4232 εἰὸος;
620 4163 967 4223 Ἠλάττωσας
1016 4160 1115 4237 γὰρ
1172 4160 1345 4227 αὐτὸν,
1406 4164 1558 4234 φησὶ,
1610 4158 1795 4235 βραχύ
1842 4165 1900 4211 τι

252 4258 388 4334 παρ’
446 4254 730 4328 ἀγγελους·
777 4256 868 4305 καὶ
923 4250 1097 4304 πάλινο
1157 4254 1255 4304 Τὸν
1315 4247 1374 4304 δὲ
1433 4249 1620 4323 βραχύ
1673 4269 1725 4302 τι
1772 4248 1896 4324 παρ’

252 4347 518 4421 ἆγιγῦωυς
592 4344 983 4415 ἠλαττωμένον,
1067 4345 1158 4393 καὶ
1242 4343 1322 4405 τὸ,
1401 4336 1625 4412 Εἶδομεν

256 4444 350 4490 καὶ
404 4438 501 4489 οὐκ
572 4433 721 4506 εἶχεν
780 4426 944 4499 είδος,
1001 4427 1127 4483 οὐδὲ
1184 4429 1384 4491 κάλλος·
1450 4428 1587 4481 ἀλλὰ
1643 4431 1702 4481 τό
1760 4424 1901 4491 εἶδος

265 4528 427 4579 αὐτοῦ
510 4525 754 4578 ἐκλεῖπον
839 4523 986 4595 παρὰ
1068 4521 1268 4582 πάντας
1372 4522 1490 4580 τοὺς
1571 4517 1899 4591 ἀνθρώπους.

262 4620 473 4671 Τούτων
524 4612 587 4667 δὲ
641 4614 853 4666 πάντων
909 4611 1167 4682 ἠνέσχετο
1222 4607 1317 4662 διὰ
1368 4613 1461 4668 τὴν
1515 4607 1710 4666 πολλὴν
1742 4610 1901 4660 αὐτοῦ

1721 4338 1895 4406 αὐτὸν,

264 4712 388 4781 περὶ
424 4710 482 4759 τό
511 4706 744 4776 πλάσμα
776 4700 1186 4774 φιλανθρωπίαν,
1225 4699 1308 4751 ἳνα
1357 4701 1415 4751 τό
1459 4697 1725 4759 ἀπολωλός
1781 4717 1905 4772 προ-

264 4796 422 4850 ϐατον
451 4794 811 4867 ἁνασὼσηται
835 4790 971 4859 (68),
998 4792 1090 4840 καὶ
1138 4790 1196 4841 τό
1261 4788 1424 4840 σωθὲν
1485 4784 1773 4859 καταμίξη,
1814 4801 1904 4848 καὶ

253 4893 343 4942 τόν
362 4886 697 4940 κατελθόντα
726 4880 833 4933 ἀπὸ
879 4876 1223 4951 Ἰερουσαλὴμ
1253 4876 1321 4938 εἰς
1378 4876 1606 4949 ”Ιεριχώ,
1662 4880 1753 4927 καὶ
1802 4871 1906 4946 ,διὰ

258 4986 409 5031 τοῦτο
433 4978 803 5053 περιπεσόντα
821 4970 1073 5043 λῃσταῖς,
1103 4967 1171 5028 εἰς
1207 4971 1302 5026 τὴν
1332 4966 1526 5019 οἰκείαν
1589 4966 1907 5036 ὑγιαίνοντα

268 5069 411 5120 πάλιν
465 5064 784 5138 ὶπαναγιὶγη
839 5054 1104 5134 πατρίδα.
1151 5056 1216 5109 Ἦ
1266 5060 1356 5109 καὶ
1393 5059 1489 5114 τὴν
1538 5056 1733 5127 φάτνην
1760 5053 1902 5125 αὐτῷ

341 5248 565 5305 "Joan.
597 5263 674 5316 vi,
707 5243 809 5316 58.
853 5238 947 5316 _53
976 5236 1371 5316 Joan.Ax1,‘2:‘i.

273 5318 317 5353 ³⁷
338 5321 500 5379 Hebr,
525 5338 587 5387 ιι,
620 5311 678 5379 9',
767 5315 819 5351 ⁵⁸
852 5311 975 5366 Isa.
1014 5322 1133 5374 ιλιι,
1161 5311 1214 5377 2,
1250 5311 1300 5363 3.

327 5450 427 5519 (66)
485 5448 755 5510 Ἀσεϐῶς.
810 5437 920 5519 S_ic
968 5450 1138 5519 _mss.
1186 5431 1331 5519 Ed'iti
1386 5430 1613 5519 ἀσῇῶν..
1668 5429 1900 5519 Habth

260 5502 424 5583 mea
466 5502 725 5583 οδέηαεέ
1462 5503 1638 5583 εάμί,
1676 5502 1769 5583 οὐδε

258 5573 718 5661 ἷπὲξξῖοίρξιῆιῖ
740 5588 903 5664 post
938 5595 1095 5635 mss.
1119 5573 1245 5648 "pro
1272 5576 1506 5638 αὐτός’ωὴ
1543 5574 1769 5633 habent
1798 5573 1891 5627 αὐ-

250 5671 416 5735 τοζῶν.
1138 5678 1148 5686 ’

1449 5235 1498 5270 ⁵⁸
1529 5234 1705 5290 Joan.
1738 5248 1814 5298 τι,
1848 5235 1937 5288 58.

1994 494 2175 547 natur
2192 490 2334 546 illud
2367 507 2379 545 :
2406 492 2536 562 Ego
2576 493 2709 548 vivo
2724 498 2976 562 propter
2997 491 3238 549 Patrem
3261 493 3330 546 ⁵³.
3360 491 3484 547 lloc
3499 490 3660 547 enim

1996 595 2188 636 unum
2219 583 2395 636 estex
2420 579 2659 651 jaculis,
2687 597 2821 653 quae
2841 580 2903 636 in
2950 580 3169 636 crelum
3216 580 3531 637 vibrantur
3582 580 3661 637 ab

1992 667 2113 737 his,
2147 668 2252 741 qui
2283 684 2351 724 eo
2378 668 2563 742 impie
2604 674 2871 726 utuntur.
2902 668 3052 725 lllud
3077 673 3279 725 autem
3301 668 3530 725 dictum
3546 669 3663 726 hoc

1992 755 2128 814 loco
2158 772 2278 813 non
2306 758 2502 831 ipsam
2526 762 2664 814 ante
2695 758 2942 828 saecula,
2976 762 3040 837 ut
3070 757 3541 831 arbitror,vitam
3562 758 3659 815 de-

1996 846 2198 917 signat
2231 846 2552 920 (quidquid
2578 846 2741 903 enim
2769 851 3016 920 propter
3046 846 3301 904 alterum
3342 848 3507 919 vivit,
3542 847 3666 904 vita

1993 934 2133 1008 ipsa
2158 950 2289 992 esse
2316 935 2560 1008 nequit;
2591 934 3117 1008 quemadmodum
3146 951 3344 1009 neque
3384 936 3552 1009 quod
3582 935 3662 992 ab

1996 1024 2115 1081 alio
2147 1024 2505 1081 calefactum
2532 1031 2642 1096 est,
2675 1025 2838 1082 calor
2867 1025 2997 1097 ipse
3026 1042 3155 1082 esse
3215 1030 3412 1100 potest
3442 1043 3455 1082 :
3499 1026 3659 1083 Chri-

1996 1118 2120 1170 stus
2148 1119 2348 1171 autem
2373 1118 2430 1170 et
2452 1118 2605 1171 Deus
2629 1120 2835 1171 noster
2864 1114 3011 1171 dixit
3040 1135 3053 1170 :
3083 1115 3210 1185 Ego
3240 1132 3371 1172 sum
3418 1116 3544 1173 vita
3569 1116 3660 1185 ⁵³),

1996 1204 2105 1260 sed
2144 1203 2332 1260 vitam
2376 1203 2537 1260 hanc
2588 1204 2651 1259 in
2710 1220 2912 1271 carne,
2950 1204 3093 1261 etin
3126 1204 3242 1260 hoc
3273 1210 3542 1277 tempore
3572 1204 3657 1261 fa-

1996 1296 2175 1364 ctam,
2201 1308 2386 1365 quam
2418 1297 2662 1365 propter
2680 1293 2915 1351 Patrem
2930 1293 3093 1349 vixit.
3121 1296 3267 1350 Nam
3281 1293 3417 1366 ipso
3430 1292 3663 1351 volente

1993 1382 2055 1438 in
2086 1382 2275 1437 vitam
2304 1382 2625 1438 hominum
2651 1381 2897 1439 advenit
2921 1399 2933 1436 :
2968 1398 3164 1455 neque
3190 1382 3360 1452 dixit,
3386 1385 3509 1452 Ego
3541 1382 3662 1439 vixi

1992 1476 2239 1547 propter
2262 1472 2690 1541 Patrem;sed,
2735 1473 2865 1542 Ego
2894 1473 3025 1529 vivo
3070 1478 3323 1541 propter
3379 1474 3661 1542 Patrem,

1996 1566 2200 1635 aperte
2225 1577 2492 1634 praesens
2523 1565 2764 1634 tempus
2798 1561 3180 1637 significans.
3221 1564 3419 1617 Potest
3450 1566 3655 1618 autem

1996 1653 2261 1709 etvitam
2289 1652 2507 1720 dicere,
2548 1669 2738 1725 quam
2764 1652 2912 1709 vivit
2959 1652 3513 1724 Christus,Verbum
3562 1652 3662 1708 Dei

1996 1740 2232 1797 habens
2261 1741 2324 1797 in
2355 1741 2573 1813 seipso.
2605 1746 2795 1814 Atque
2827 1739 2887 1797 id
2917 1741 3125 1813 ipsum
3169 1756 3319 1811 esse,
3375 1740 3545 1813 quod
3585 1741 3660 1796 si-

1996 1830 2338 1902 gniﬁcatur,
2363 1846 2435 1885 ex
2460 1830 2553 1885 his
2598 1846 2734 1904 quae
2785 1833 3121 1903 sequuntur
3157 1829 3523 1886 videbimus.
3582 1831 3665 1887 Et

1996 1919 2581 1993 qui84manducat
2607 1935 2719 1989 me,
2744 1919 2957 1992 inquit,
2988 1920 3133 1975 vivit
3160 1926 3414 1989 propter
3462 1935 3556 1976 me
3574 1921 3650 1975 ⁸⁸.

1998 2009 2245 2066 Edimus
2287 2009 2447 2065 enim
2494 2009 2687 2082 ipsius
2728 2024 2996 2075 carnem,
3045 2014 3101 2064 et
3141 2007 3410 2064 bibimus
3463 2008 3660 2081 ipsius

1999 2098 2381 2170 sanguinem,
2415 2097 2737 2172 participes
2764 2096 2926 2167 facti,
2955 2113 3061 2170 per
3090 2096 3575 2153 incarnationem
3607 2101 3664 2153 et

1998 2187 2343 2244 sensibilem
2374 2188 2580 2253 vitam,
2616 2186 2785 2243 Verbi
2811 2191 2865 2242 et
2879 2186 3216 2258 sapientiae.
3232 2185 3486 2243 Carnem
3500 2186 3661 2243 enim

1998 2283 2053 2334 et
2084 2277 2443 2350 sanguinem
2467 2282 2654 2333 totam
2678 2292 2857 2331 suam
2888 2274 3283 2347 mysticamin
3313 2290 3494 2331 carne
3518 2290 3662 2331 con-

1998 2366 2397 2423 versationem
2424 2366 2681 2437 vocavit,
2726 2371 2781 2422 et
2809 2364 3148 2422 doctrinam
3184 2380 3253 2419 ex
3304 2365 3570 2436 practica
3608 2367 3666 2420 et

1998 2456 2259 2513 naturali
2290 2462 2347 2512 et
2374 2455 2969 2526 theologicanotione
2993 2458 3374 2510 constantem
3400 2453 3664 2511 declara-

1999 2546 2085 2602 vit
2111 2566 2121 2605 :
2156 2561 2262 2618 per
2286 2562 2474 2618 quam
2501 2549 2560 2601 et
2585 2545 2842 2601 nutritur
2866 2543 3156 2612 anima,et
3181 2543 3259 2599 ad
3282 2558 3493 2599 eorum
3525 2559 3661 2616 quae

2002 2639 2143 2691 sunt
2163 2635 2738 2707 contemplationem
2768 2633 3005 2689 interim
3037 2635 3506 2706 praeparatur.Et
3531 2633 3659 2689 haec

1999 2729 2089 2780 est
2120 2723 2373 2780 fortasse
2406 2723 2562 2779 illius
2584 2722 2725 2779 dicti
2748 2722 3064 2778 sententia.

2072 2819 2122 2870 5.
2156 2820 2237 2869 Ac
2266 2829 2500 2879 rursus,
2539 2814 2727 2870 Pater
2752 2828 2920 2868 meus
2955 2813 3160 2887 major
3186 2827 3280 2868 me
3301 2818 3386 2869 est
3413 2811 3670 2868 ‘5.Utun-

2002 2907 2098 2960 tur
2123 2903 2284 2959 enim
2315 2909 2372 2959 et
2397 2904 2512 2958 hoc
2539 2902 2699 2958 dicto
2730 2903 2982 2972 ingratae
3015 2906 3325 2970 creaturae,
3357 2900 3502 2956 mali
3528 2916 3664 2972 pro-

2003 2991 2229 3062 genies.
2253 2990 2377 3061 Ego
2404 3007 2547 3047 vero
2574 3006 2646 3046 ex
2666 2991 2780 3046 hac
2805 2990 2983 3046 etiam
3011 3005 3159 3045 voce
3181 2985 3667 3044 consubstantia-

2001 3081 2123 3138 lem
2156 3097 2288 3138 esse
2320 3081 2536 3136 Filium
2563 3080 2719 3137 Patri
2741 3079 2920 3136 credo
2952 3077 3380 3135 demonstrari.
3413 3079 3665 3150 Compa-

2002 3171 2266 3228 rationes
2297 3170 2455 3227 enim
2482 3171 2606 3226 scio
2637 3169 2879 3243 proprie
2904 3168 3057 3224 inter
3087 3183 3159 3224 ea
3189 3183 3327 3241 quae
3388 3165 3667 3238 ejusdem

2000 3265 2229 3317 naturae
2262 3266 2401 3315 sunt
2435 3259 2582 3315 ﬁeri.
2619 3258 2916 3330 Angelum
2946 3273 3215 3331 namque
3244 3255 3461 3327 angelo
3513 3253 3665 3310 dici—

2005 3366 2143 3406 mus
2172 3350 2489 3421 majorem,
2521 3354 2576 3405 et
2605 3348 2919 3405 hominem
2947 3347 3194 3404 homine
3238 3345 3579 3417 justiorem,
3610 3347 3668 3400 et

2003 3437 2316 3495 volucrem
2330 3437 2556 3493 volucri
2584 3437 2962 3494 velociorem.
2982 3439 3191 3509 Itaque
3204 3436 3253 3491 si
3266 3433 3666 3507 comparatio-
3736 3446 3745 3453 '

2002 3542 2109 3583 nes
2134 3526 2287 3582 inter
2304 3541 2375 3583 ea
2415 3541 2552 3599 quae
2582 3525 2858 3597 ejusdem
2894 3524 3116 3598 speciei
3158 3526 3319 3585 sunt,
3348 3522 3669 3579 instituun-

2003 3620 2101 3673 tur
2128 3632 2140 3681 ;
2162 3619 2333 3672 Pater
2345 3620 2548 3672 autem
2570 3615 2908 3671 secundum
2929 3614 3450 3686 comparationem
3471 3611 3667 3668 dictus

2004 3710 2094 3761 est
2121 3703 2261 3760 Filio
2292 3704 2490 3775 major
2517 3722 2530 3771 ;
2554 3702 3091 3759 consubstantialis
3119 3702 3275 3757 Patri
3308 3701 3670 3757 Filius.lnest

2004 3798 2210 3851 autem
2241 3797 2298 3850 et
2328 3793 2446 3849 alia
2472 3793 2634 3849 notio
2660 3792 2754 3848 his
2783 3792 3005 3848 verbis.
3041 3791 3195 3857 Quid
3229 3790 3390 3846 enim
3422 3789 3665 3855 mirum,

2005 3883 2052 3939 si
2094 3884 2393 3954 majorem
2425 3882 2624 3954 seipso
2656 3884 2887 3938 Patrem
2917 3880 3232 3937 confessus
3262 3884 3369 3951 est,
3395 3879 3500 3952 qui
3528 3881 3669 3934 Ver-

2003 3973 2155 4029 bum
2177 3975 2267 4029 est
2294 3976 2349 4028 et
2371 3986 2513 4028 caro
2534 3970 2729 4028 factus
2753 3975 2841 4027 est
2861 3972 2933 4006 55‘
2957 3988 2969 4026 :
2999 3986 3137 4026 cum
3161 3974 3218 4026 et
3242 3969 3475 4040 angelis
3495 3968 3668 4024 visus

2008 4062 2087 4118 sit
2111 4060 2445 4118 secundum
2473 4059 2727 4131 gloriam
2759 4060 2976 4127 minor,
3007 4064 3063 4115 et
3082 4058 3436 4116 hominibus
3459 4074 3670 4114 secun-

2006 4152 2154 4208 dum
2176 4150 2938 4220 speciemMlinuistienim
2953 4165 3109 4212 eum,
3134 4148 3544 4222 inquit,paulo
3568 4148 3675 4204 mi-

2007 4257 2121 4298 nus
2150 4241 2225 4298 ab
2248 4241 2475 4311 angetzs
2497 4240 2544 4276 ³⁸
2563 4259 2575 4309 ;
2594 4244 2650 4295 et
2675 4238 2893 4295 iterum
2928 4256 2940 4295 :
2972 4240 3127 4294 Eum
3151 4244 3353 4295 autem
3408 4238 3513 4309 qui
3561 4252 3681 4293 mo-

2006 4333 2139 4389 dico
2166 4347 2347 4403 quam
2369 4331 2574 4401 angeli
2603 4332 2936 4386 minoratus
2964 4330 3104 4385 est57
3135 4347 3148 4398 ;
3181 4329 3347 4395 item,
3412 4326 3677 4382 Vidimus

2008 4436 2165 4487 eum,
2194 4426 2248 4478 et
2269 4436 2388 4476 non
2414 4419 2669 4476 habebat
2701 4420 2974 4489 speciem,
3004 4433 3192 4490 neque
3223 4418 3493 4473 decorem
3530 4432 3542 4471 :
3576 4416 3682 4473 sed

2008 4513 2228 4580 species
2243 4512 2371 4580 ejus
2384 4509 2662 4578 deﬁciens
2682 4524 2811 4579 pra:
2824 4508 3093 4563 omnibus
3110 4506 3340 4563 homini
3344 4506 3525 4562 bus".
3542 4508 3679 4560 Haec

2011 4605 2213 4657 autem
2244 4601 2454 4657 omnia
2479 4599 2765 4655 sustinuit
2791 4602 3038 4670 propter
3094 4596 3347 4652 multam
3398 4611 3577 4650 suam
3619 4595 3681 4650 in

2011 4704 2168 4763 Opus
2198 4705 2378 4745 suum
2407 4688 2868 4759 benignitatem,
2895 4691 2961 4742 ut
2982 4685 3284 4758 perditam
3307 4700 3483 4740 ovem
3507 4699 3674 4740 recu-

2012 4783 2270 4853 peraret,
2303 4784 2361 4835 et
2398 4779 2807 4834 introduceret
2837 4779 3168 4842 servatam,
3206 4779 3264 4830 et
3292 4774 3569 4847 eum,qui
3597 4775 3677 4830 ab

2010 4869 2401 4942 Jerosolymis
2435 4868 2781 4925 Jerichunta
2811 4865 3224 4933 descenderat,
3263 4865 3342 4920 ob
3371 4865 3556 4937 idque
3586 4866 3678 4921 in-

2013 4960 2237 5017 ciderat
2267 4962 2325 5015 in
2351 4958 2637 5023 latrones,
2674 4957 2751 5013 ad
2769 4957 3089 5029 propriam
3157 4971 3366 5011 rursus
3418 4956 3679 5028 patriam

2012 5067 2228 5108 sanum
2244 5049 2733 5120 incolumemque
2750 5047 3182 5104 reduceret.An
3197 5046 3382 5103 etiam
3402 5061 3681 5120 praesepe

3174 5226 3222 5262 ⁵⁸
3254 5224 3413 5281 Psal.
3450 5241 3570 5294 Vill,
3626 5230 3679 5282 6.

2015 5232 2061 5266 ⁸⁵
2092 5231 2267 5287 Joan.
2303 5244 2417 5297 xw,
2450 5232 2539 5285 28.
2619 5227 2691 5263 π’
2720 5225 2896 5284 Joan-
2939 5243 2973 5297 ι,
3009 5229 3093 5282 14-

2082 5428 2196 5499 (67)
2236 5430 2535 5501 Κέχρηται.
2577 5425 2669 5482 Sic
2700 5422 3035 5501 m_ss._l§di‘ti
3075 5428 3386 5501 κέχρηνταρ

2079 5490 2200 5570 (68)
2258 5490 2651 5557 ’Ᾱῦὲισςιὸσηται⁸
2704 5497 2807 5570 δίο
2861 5495 2998 5552 libri
3040 5490 3299 5570 veteres.
3357 5491 3529 5570 Editi
3564 5490 3684 5546 ἀνα-

2006 5563 2192 5643 πέσῃς
2221 5570 2402 5627 Paulo
2425 5574 2563 5643 post
2585 5586 2656 5626 ex
2678 5568 2893 5643 iisdem
2917 5583 3064 5624 mss.
3089 5564 3400 5622 codicibus
3415 5563 3683 5636 legimus

2005 5641 2317 5721 ἅπαναγάγη
2353 5641 2465 5717 prb
2487 5641 2806 5719 ἔπεισαγάγη
2819 5681 2833 5696 .
3260 5656 3269 5666 ·
