4114 6420
525 301 629 356 255
1373 264 1384 272 ’
1905 305 1961 359 s.
1996 300 2249 359 BASILII
2288 302 2510 358 MAGNI
2647 289 2658 304 '
3786 300 3903 356 256

529 424 581 480 ei
612 423 1001 496 exprobrabit
1019 425 1348 495 haereticus,
1378 444 1484 501 per
1512 427 1678 501 quod
1709 444 1849 484 cum
1881 432 2037 483 esset
2090 443 2154 483 ra

2294 423 2539 479 ὀνειδίσει
2585 427 2866 502 αἱρετικὸς,
2918 422 2990 479 δι’
3050 423 3114 488 ἧς
3161 425 3344 504 ἀλογρς
3396 427 3462 478 ὡν
3516 429 3706 500 ετροίφη
3794 425 3901 478 ὑπὸ

529 515 688 569 tione
714 515 1054 585 destitutus,
1089 533 1123 572 a
1150 517 1350 574 Verbo
1379 519 1638 574 nutritus
1673 520 1798 574 est?
1819 533 1897 574 an
1941 517 2154 589 objicie

2293 523 2384 569 τοῦ
2416 521 2589 588 Λόγου
2623 517 2733 584 (69)
2768 533 2780 583 ;
2810 521 2899 568 καὶ
2946 521 3040 575 τὴν
3075 522 3252 568 πενίαν
3295 521 3553 592 προοίσει,
3608 517 3688 568 ὅτι
3734 515 3906 567 κλινι-

531 609 968 676 paupertatem,
997 607 1162 678 quod
1193 608 1447 663 lectulus
1475 608 1662 663 defuit
1686 609 1836 665 fabri
1866 607 2029 663 ﬁlio?
2052 610 2156 663 Pro

2294 602 2412 658 δίου
2462 607 2556 658 οὐκ
2599 607 2893 682 ηὐπόρησεν
2939 608 2965 658 ό
3019 613 3112 658 τοῦ
3159 611 3390 667 τέκτονος
3437 609 3543 668 υἱός
3576 624 3588 674 ;
3621 609 3715 660 Διά
3741 613 3902 659 τοῦτο

532 698 736 765 pterea
755 698 926 752 Patre
955 697 1149 754 minor
1183 699 1377 768 Filius,
1419 698 1586 770 quod
1609 704 1710 754 tua
1760 715 1946 755 causa
1990 698 2149 753 factu

2297 699 2500 772 Πατρός
2553 695 2768 749 ἐλάττων
2822 698 2846 748 ὁ
2905 699 3040 763 Υἱὸς,
3069 698 3146 748 ὄτι
3178 692 3271 748 διὰ
3303 699 3359 749 σε
3382 701 3560 769 γέγοδε
3584 701 3778 772 νεκρὸς,
3812 699 3904 749 ἵνα

531 789 620 839 est
643 791 937 853 mortuus,
962 792 1026 842 ut
1056 793 1112 843 te
1137 805 1171 845 δ.
1196 789 1554 844 mortalitate
1599 788 1902 858 liberaret,
1961 793 2017 845 et
2074 804 2156 843 cos

2297 805 2352 837 σε
2409 795 2502 848 τῆς
2577 790 2883 861 νεκρότητος
2959 785 3252 858 ἀπαλλάξῃ,
3311 791 3402 838 καὶ
3472 790 3604 849 ζωῆς
3663 791 3901 859 μέτοχον

531 874 689 930 lestis
716 877 1072 949 participem
1095 877 1222 933 vitae
1245 879 1484 935 faceret.
1516 879 1683 935 Velut
1713 879 1760 934 si
1790 879 1925 953 quis
1968 883 2024 934 et
2066 893 2156 933 me

2295 874 2601 948 ἐπουρανίου
2661 881 2880 948 ποιήσῃ.
2933 874 3133 950 Ὠσπερ
3196 874 3277 942 ἂν,
3329 879 3374 928 εἶ
3425 896 3498 936 τις
3553 881 3642 928 καὶ
3698 880 3783 929 τὸν
3821 876 3902 928 ἰα-

531 964 735 1020 dicum
766 971 1029 1036 accuset,
1060 967 1226 1040 quod
1248 968 1566 1025 demittens
1594 970 1754 1025 se‘ad
1776 967 2156 1042 morbos,par

2293 968 2410 1037 τρόν
2463 965 2576 1025 (70)
2627 965 2854 1035 αἰτιῷτο,
2905 966 2985 1017 ὅτι
3023 969 3335 1037 συγκύπτων
3389 965 3472 1019 ἐπὶ
3501 968 3566 1018 τὰ
3595 969 3760 1037 πάθη,
3804 977 3902 1029 τῆς

531 1053 716 1127 ticeps
743 1055 944 1111 fetoris
973 1057 1097 1128 ﬁat,
1131 1061 1196 1113 ut
1221 1062 1391 1114 sanet
1420 1063 1811 1129 aegrotantes.

2297 1050 2572 1116 δυσωδίας
2603 1055 2961 1128 συναπολαύῃ,
2995 1057 3077 1108 ἵνα
3109 1060 3228 1119 τοὺς
3253 1059 3570 1120 πεπονθότας
3611 1061 3746 1129 (71),
3814 1058 3900 1111 ἰὰ-

2299 1163 2477 1202 σηται.

606 1237 656 1288 6.
691 1235 933 1306 Propter
963 1239 1018 1290 te
1041 1241 1095 1291 et
1117 1236 1333 1294 horam
1373 1243 1430 1295 et
1459 1240 1622 1296 diem
1663 1239 1875 1311 judicii
1922 1238 2183 1309 ignorat,

2369 1240 2419 1290 6.
2454 1235 2548 1286 Διά
2579 1236 2636 1286 σε
2661 1239 2750 1286 καὶ
2781 1239 2874 1294 τὴν
2925 1237 3060 1310 ὥραν
3087 1241 3176 1288 καὶ
3223 1241 3318 1294 τὴν
3385 1239 3580 1314 ἡμέραν
3633 1247 3728 1300 τῆς
3785 1245 3908 1316 κρί-

533 1339 888 1395 quanquam
931 1324 1080 1381 nihil
1124 1328 1483 1399 sapientiam
1523 1345 1731 1385 veram
1761 1330 1905 1386 latet
1937 1346 1948 1384 :
1981 1328 2158 1384 omni;

2300 1345 2428 1385 σεως
2482 1323 2671 1394 ἀγνοείο
2724 1329 2897 1375 καίτοι
2955 1320 3106 1376 οῦδεν
3147 1324 3384 1377 λανθάνει
3441 1331 3535 1384 τὴν
3590 1331 3746 1390 ὄντως
3804 1348 3909 1382 σο·-

534 1412 692 1468 enim
714 1429 820 1485 per
836 1413 1032 1484 ipsam
1049 1414 1205 1472 facta
1221 1420 1776 1475 sunt59.Hominum
1792 1425 1992 1475 autem
2009 1435 2159 1474 nemi

2299 1422 2437 1489 φίαν·
2471 1418 2641 1467 πάντα
2669 1417 2768 1489 γὰρ
2799 1411 2871 1466 δι’
2896 1414 3057 1476 αὐτῆς
3093 1414 3304 1486 ἐγένετο.
3364 1414 3554 1480 Οὐδεὶς
3594 1414 3653 1470 δὲ
3709 1417 3918 1494 ἀνθρὼ-

535 1519 806 1576 unquam
833 1505 999 1577 quod
1019 1506 1430 1577 fecitignorat.
1454 1512 1670 1566 Verum
1712 1510 1774 1565 id
1820 1511 1898 1566 ita
1947 1510 2160 1583 dispen

2299 1526 2406 1557 πων
2442 1510 2648 1556 πώποτε
2702 1503 2727 1554 ὃ
2785 1508 3063 1561 πεποίηκεν
3115 1502 3304 1576 ἀγνοεῖ·
3347 1505 3502 1559 Ἀλλά
3567 1516 3720 1560 τοῦτο
3768 1510 3920 1563 οἰκοσ-

536 1598 627 1649 sat
655 1599 734 1648 ob
758 1598 922 1651 tuam
953 1595 1384 1669 inﬁrmitatem,
1421 1605 1484 1656 ut
1513 1615 1710 1673 neque
1746 1601 1784 1656 ii
1827 1601 1931 1673 qui
1980 1610 2161 1673 pecca

2299 1601 2445 1668 νομεῖ
2491 1591 2581 1647 διὰ
2635 1598 2729 1652 τὴν
2775 1599 2867 1652 orla
2901 1593 3189 1662 ἀσθένειαν,
3238 1597 3320 1648 ἰνα
3361 1603 3493 1670 μήτε
3524 1607 3595 1670 τῷ
3623 1609 3782 1671 στενῷ
3813 1611 3917 1666 τῆς

535 1685 768 1748 verunt,
792 1683 869 1738 ob
892 1684 1167 1756 praeﬁniti
1189 1689 1473 1760 temporis
1500 1691 1846 1759 angustiam
1870 1691 1930 1746 in
1978 1691 2160 1762 despe

2301 1687 2624 1758 προθεσμίας
2669 1686 2718 1736 οἱ
2765 1684 3161 1760 ἁμαρτήσαντες
3210 1695 3272 1759 τῇ
3328 1685 3528 1762 ἀθυμίᾳ
3597 1697 3909 1744 καταπέσω-

538 1771 834 1828 rationem
865 1774 1270 1844 adducantur,
1298 1779 1472 1849 quasi
1496 1795 1620 1834 non
1647 1779 1918 1836 relictum
1943 1781 2017 1836 sit
2069 1797 2163 1852 pm

2304 1796 2406 1842 σιν,
2439 1777 2506 1836 ὡς
2538 1775 2642 1847 οὐχ
2683 1774 3110 1848 ὑπολελειμμένου
3137 1785 3321 1850 καιροῦ
3352 1785 3642 1850 μετανοίας·
3675 1778 3808 1853 μηδ’
3843 1781 3907 1835 αὖ

539 1861 800 1918 ῐιίιθῐηὶᾶὲ
843 1869 1079 1937 tempus
1115 1883 1126 1920 ε
1158 1883 1354 1940 neque
1399 1884 1611 1924 rursus
1656 1871 1694 1926 ii
1744 1871 1848 1943 qui
1904 1871 2007 1927 diu
2053 1888 2164 1927 cun

2301 1865 2452 1919 πάλιν
2484 1868 2532 1917 οἱ
2568 1865 2907 1937 πολεμοῦντες
2953 1869 3157 1938 μακρὰν
3197 1875 3258 1940 τῇ
3321 1866 3638 1941 ἀντικειμένη
3684 1867 3901 1945 δυνάμει

540 1952 887 2010 adversaria
915 1961 1212 2027 potestate
1238 1965 1532 2030 pugnant,
1557 1960 1636 2016 ob
1653 1962 1942 2034 temporis
1968 1963 2165 2018 (liutur

2306 1952 2398 2008 διὰ
2431 1959 2488 2007 τό
2522 1964 2690 2028 μῆκος
2716 1962 2808 2007 τοῦ
2841 1959 3038 2029 χρόνον
3069 1955 3572 2016 λειποτακτησωσιν.
3603 1959 3907 2035 Ἐκατέρους

539 2041 786 2099 nitatem
811 2045 1003 2100 aciem
1031 2047 1328 2103 deserant.
1364 2053 1567 2123 Itaque
1617 2051 1873 2107 consulit
1929 2052 2160 2124 utrisqu

2306 2051 2476 2098 τοίνυν
2518 2041 2612 2096 διὰ
2663 2051 2754 2105 τῆς
2814 2053 3175 2118 προσποιητῆς
3217 2049 3328 2117 (72)
3373 2047 3586 2120 ἀγνοίας
3624 2050 3903 2124 οἰκονομεῖ·

539 2133 656 2205 85
700 2150 807 2206 per
857 2135 1298 2204 ignorationem
1342 2155 1530 2212 quam
1569 2157 1693 2213 ρι·ω
1748 2157 1812 2196 se
1843 2142 1955 2198 fert
1987 2161 1999 2209 ;
2030 2141 2164 2198 alth

2307 2143 2378 2206 τῷ
2430 2138 2520 2208 μὲν
2567 2131 2660 2187 διὰ
2707 2138 2793 2186 τὸν
2850 2133 3004 2186 καλὸν
3037 2134 3208 2207 ἀγῶνα
3250 2143 3539 2210 συντέμνων
3573 2144 3658 2191 τὸν
3688 2147 3906 2214 χρόνον,

538 2222 784 2294 quidem
800 2223 878 2280 ob
894 2226 1251 2296 prmclarum
1266 2233 1569 2286 certamen
1584 2235 1825 2303 tempus
1835 2232 2163 2288 contrahen

2307 2234 2378 2295 τῷ
2408 2221 2467 2277 δὲ
2507 2221 2600 2276 διὰ
2647 2227 2740 2284 τὰς
2782 2224 3036 2298 ἁμαρτίας
3082 2229 3262 2301 καιρόν
3307 2233 3577 2299 μετανοίας
3601 2236 3915 2304 ταμιευόμε-

541 2312 708 2368 alteri
763 2331 904 2370 vero
953 2322 1198 2388 propter
1224 2323 1472 2389 peccata
1515 2320 1880 2392 poenitentiae
1957 2325 2166 2393 tempu

2307 2335 2408 2375 νος.
2445 2320 2629 2368 Καίτοι
2660 2313 2707 2366 ἐν
2740 2322 2844 2374 τοῖς
2877 2314 3206 2386 Εὐαγγελίοις
3250 2316 3431 2369 ἑαυτὸν
3473 2324 3910 2395 συγκαταριθμή-

542 2406 1262 2478 reservans.0uanquam
1288 2423 1426 2464 cum
1456 2424 1519 2464 se
1571 2409 1699 2482 ipse
1747 2410 1808 2465 in
1863 2409 2167 2480 Evangelii

2312 2423 2403 2464 σας
2433 2412 2538 2464 τοῖς
2566 2402 2814 2476 ἀγνοοῦσι
2846 2399 2938 2455 διὰ
2969 2409 3062 2462 τὴν
3093 2413 3192 2456 τῶν
3219 2405 3434 2473 πολλῶν,
3477 2410 3547 2470 ὡς
3577 2411 3716 2480 ἔφην,
3738 2407 3904 2462 ἀσϐέ-

543 2491 695 2547 intcr
732 2509 834 2548 eos
893 2495 996 2566 qui
1053 2494 1356 2567 ignorant,
1410 2497 1488 2553 ob
1546 2499 1900 2569 multorum,
1935 2501 2019 2555 uti
2052 2500 2168 2555 dixi

2309 2510 2466 2546 νειαν’
2517 2492 2564 2545 ἐν
2609 2501 2720 2554 ταῖς
2760 2493 2991 2568 Πράξεσι
3047 2503 3147 2546 τῶν
3201 2493 3499 2548 ἀποστόλων
3567 2502 3636 2559 ὡς
3700 2498 3913 2561 τελείοις

542 2581 973 2651 inﬁrmitatem,
1007 2587 1349 2643 numeravit
1371 2589 1456 2656 ⁸ος
1489 2588 1550 2644 in
1593 2590 1751 2645 Actis
1782 2589 2167 2662 apostolorum

2309 2581 2422 2634 κατ’
2477 2579 2617 2634 ἰδίαν
2693 2578 3079 2656 διαλεγόμενος,
3156 2585 3275 2635 καθ’
3344 2584 3674 2659 ὑπεξαίρεσιν
3724 2586 3914 2640 ἑαυτοῦ

541 2670 704 2726 velut
741 2673 1039 2744 perfectos
1085 2691 1357 2732 seorsum
1398 2677 1714 2751 alloquens
1764 2695 1884 2734 non
1936 2680 2063 2734 sine
2109 2696 2166 2735 su

2311 2689 2488 2744 φησιν·
2542 2672 2662 2744 Οὐχ
2719 2673 2861 2745 ὑμῶν
2928 2671 3045 2724 ἐστι
3104 2681 3295 2744 γνῶναι
3341 2679 3565 2749 χρόνους
3607 2677 3636 2735 ἣ
3671 2682 3913 2752 καιροὺς,

540 2758 732 2831 ipsius
754 2762 1101 2834 exceptione
1128 2763 1306 2820 dicit:
1336 2767 1472 2822 Non
1507 2773 1588 2823 est
1614 2775 1844 2825 vetrum
1875 2784 2046 2825 nosse
2067 2775 2165 2824 tem

2311 2761 2400 2824 οὓς
2455 2764 2480 2814 ὁ
2531 2767 2712 2836 Πατὴρ
2750 2763 2890 2814 ἔθετο
2952 2761 3000 2813 ἐν
3048 2770 3108 2836 τῇ
3171 2759 3281 2815 ἰδία
3319 2763 3549 2837 ἐξουσίᾳ,
3595 2771 3695 2818 Καὶ
3743 2775 3918 2819 ταῦτα

539 2865 692 2919 pora
721 2852 817 2906 vel
847 2861 1166 2925 momenta,
1193 2871 1324 2926 qum
1367 2857 1556 2912 Pater
1589 2861 1790 2926 posuit
1830 2861 1892 2913 in
1937 2875 2047 2915 sua
2099 2875 2164 2928 ρ(

2310 2856 2399 2925 μὲν
2456 2854 2594 2904 κατὰ
2631 2856 2724 2910 τὴν
2770 2856 3023 2927 προτέραν
3085 2851 3325 2911 ἐπιϐολὴν
3381 2853 3606 2926 εἰρήσθω
3662 2854 3776 2926 (73)
3804 2876 3911 2908 πα-

547 2947 757 2997 testate
778 2943 846 2996 ⁶¹.
889 2947 1080 3015 Atque
1123 2944 1252 3000 haec
1294 2946 1539 3018 quidem
1586 2949 1782 3020 prima
1811 2949 2172 3020 aggressionw

2310 2946 2552 3015 χύτερον.
2577 2939 2720 3000 Ἰἰὸη
2755 2938 2814 2994 δὲ
2844 2942 3134 3005 ἐξεταστέον
3171 2943 3487 3019 ὑψηλότερον
3527 2950 3620 3004 τὴν
3671 2942 3913 2998 διάνοιαν

541 3028 702 3085 dicta
743 3030 862 3087 sint
891 3031 1123 3091 rudius.
1146 3033 1261 3090 Sed
1301 3035 1425 3105 jam
1472 3038 1837 3109 inquirenda
1885 3038 2166 3095 sublimio

2309 3040 2400 3084 τοῦ
2427 3033 2608 3107 ῥητοῦ,
2635 3038 2726 3084 καὶ
2765 3037 3044 3107 κρουστέον
3071 3039 3164 3092 τήν
3197 3036 3356 3106 Θύραν
3404 3043 3496 3096 τῆς
3541 3055 3802 3106 γνωσεως,
3872 3039 3917 3089 εῖ

542 3119 682 3176 dicti
712 3120 1122 3192 intelligentia,
1155 3129 1212 3178 et
1247 3125 1563 3196 pulsanda:
1608 3127 1765 3183 fores
1811 3128 2092 3189 scientiae,
2150 3147 2167 3183 ε

2308 3142 2414 3182 πως
2472 3125 2584 3194 (74)
2634 3118 2914 3180 δυνηθείην
2962 3122 3215 3198 ἐξεγεῖραι
3266 3127 3350 3176 τόν
3383 3120 3791 3193 οἰκοδεσπότην,
3827 3130 3915 3178 τόν

541 3225 665 3282 quo
722 3212 906 3267 modo
953 3213 1183 3284 possim
1228 3217 1728 3286 patremfamilias
1783 3218 2062 3288 excitare,
2094 3236 2166 3292 qu

2307 3215 2428 3274 τοὺς
2458 3216 2837 3284 πνευματικοῦς
2860 3219 3051 3288 ἄρτους
3097 3210 3320 3266 διδόντα
3369 3221 3481 3275 τοῖς
3529 3214 3769 3266 αἰτοῦσιν
3825 3215 3917 3267 αῦ-

543 3300 881 3372 spirituales
902 3317 1093 3373 panes
1120 3305 1460 3376 petentibus
1481 3323 1542 3362 se
1566 3306 1836 3378 largitur
1861 3327 1874 3376 ;
1902 3308 2168 3380 Equando

2308 3305 2414 3369 τόν,
2477 3298 2656 3360 ἐπειδὴ
2710 3301 2850 3374 φίλοι
2891 3306 2975 3354 xoi
3037 3299 3251 3376 ἀδελφοί
3309 3303 3461 3372 εἰσιν,
3516 3301 3606 3366 οὓς
3670 3303 3919 3357 ἑστιᾶσαι

545 3389 795 3462 quidem
829 3391 1008 3446 amici
1040 3399 1181 3447 sunt
1208 3393 1492 3450 etfratres
1515 3412 1672 3469 quos
1711 3398 1987 3455 convivio
2034 3397 2170 3454 excit

1082 3399 1181 3447 unt
1208 3393 1492 3450 etfratres
1515 3412 1672 3469 quos
1711 3398 1987 3455 convivio
2034 3397 2197 3454 exci—
2312 3389 2707 3464 σπουδάζομεν.

546 3493 688 3550 pere
717 3480 1020 3551 cupimus.

619 3573 671 3623 7.
721 3570 921 3625 Sancti
978 3571 1259 3644 discipuli
1302 3573 1632 3630 Salvatoris
1684 3577 1897 3648 nostri,
1955 3594 2094 3633 cum
2123 3576 2202 3633 ad

2382 3577 2438 3630 '7.
2470 3574 2536 3624 Oi.
2597 3572 2740 3643 οἶγιοι
2791 3574 3024 3645 μαθηταὶ
3088 3579 3179 3624 τοῦ
3228 3580 3460 3646 Σωτῆρος
3509 3574 3654 3645 ἡμῶν
3684 3571 3927 3627 ἐπέκεινα

549 3675 857 3716 summum
907 3663 1454 3735 contemplationis,
1505 3671 1803 3738 quantum
1851 3669 2169 3725 hominibu

2316 3663 2552 3738 θεωρίας,
2612 3664 2682 3722 ὡς
2729 3664 2802 3712 ἔνι
2860 3659 3170 3734 ἀνθρώποις,
3226 3661 3466 3730 ἐλθόντες,
3554 3666 3643 3713 καὶ
3721 3665 3923 3739 καθαρ-

549 3748 640 3803 fas
685 3752 793 3817 est,
843 3752 1272 3822 pervenissent,
1316 3759 1370 3810 et
1426 3754 1639 3810 Christi
1680 3773 1958 3812 sermone
1981 3772 2174 3829 expur

2318 3753 2479 3812 θέντες
2507 3750 2606 3804 ἀπὸ
2635 3758 2727 3803 τοῦ
2759 3750 2914 3822 λόγου
2947 3752 3072 3820 (75),
3123 3755 3181 3803 τὸ
3241 3751 3378 3813 τελος
3435 3751 3770 3817 ἐπιζητοῦσι,
3830 3759 3923 3805 καὶ

550 3837 673 3906 gati
720 3837 991 3906 fuissent,
1046 3841 1230 3897 ﬁnem
1279 3850 1578 3916 quaerunt,
1648 3850 1705 3900 et
1773 3845 2175 3902 beatitudinem

2316 3847 2409 3900 τὴν
2458 3841 2693 3914 ἐσχάτην
2768 3845 3134 3916 μακαριότητα
3186 3851 3377 3913 γνῶναι
3442 3844 3718 3908 ποθοῦσιν,
3793 3844 3920 3918 ὅπερ

551 3930 884 3984 extremam
913 3945 1090 3985 nosse
1116 3928 1466 3988 desiderant
1493 3950 1506 3999 ;
1530 3933 1589 3988 id
1611 3933 1780 4006 quod
1807 3940 1862 3990 et
1893 3952 1926 3989 ιι
1958 3935 2082 3990 suis
2106 3950 2176 3991 an

2319 3931 2514 4004 ἀγνοεῖν
2571 3936 2660 3983 καὶ
2707 3937 2823 3992 τοῦς
2868 3930 3115 4002 ἀγγέλους
3168 3931 3339 4000 αὐτοῦ,
3389 3937 3477 3984 καὶ
3498 3932 3651 3984 αὑτὸν
3679 3933 3702 3984 ὁ
3734 3936 3923 4006 Κύριος

552 4016 700 4084 gelis
733 4021 790 4072 et
817 4033 853 4073 a
879 4019 1085 4090 seipsu
1131 4020 1390 4090 ignorari
1426 4023 1714 4078 Dominus
1774 4025 2177 4096 pronuntiavit

2319 4023 2464 4094 ἡμῶν
2524 4020 2837 4093 ἀπεφήνατο·
2884 4023 3080 4095 ἡμέραν
3123 4021 3238 4088 (76)
3290 4025 3380 4094 μεν
3437 4021 3596 4092 λέγων
3627 4027 3802 4073 πᾶσαν
3833 4025 3921 4079 τὴν

552 4106 715 4162 diem
738 4107 1051 4180 appellans
1078 4115 1431 4180 accuratam
1454 4127 1698 4167 omnem
1727 4130 2102 4186 eorum,quaa
2134 4113 2172 4168 d

2321 4111 2508 4186 ἀκριϐῆ
2563 4111 2860 4183 κατάληψιν
2908 4122 3007 4165 τῶν
3053 4112 3287 4164 ἐπινοιῶν
3329 4109 3421 4164 τοῦ
3480 4119 3634 4164 Θεοῦ·
3691 4114 3829 4183 ὥραν
3865 4109 3924 4164 ϐε

555 4197 1048 4266 Deocogitantur,
1073 4199 1686 4270 comprehensionem
1728 4222 1741 4272 ;
1802 4204 2017 4259 horam
2069 4219 2180 4258 ver:

2321 4207 2415 4261 τὴν
2446 4199 2628 4265 ἐπίδος
2657 4206 2743 4254 καὶ
2767 4199 2996 4275 μονάδος
3029 4203 3264 4276 θεωρίαν,
3293 4202 3360 4252 ὧν
3405 4207 3498 4260 τὴν
3526 4198 3732 4259 εἴδησιν
3777 4206 3925 4274 μόνῳ

626 4383 671 4418 ⁵⁹
702 4384 875 4442 Joan.
911 4400 948 4455 ι,
981 4388 1031 4440 3.
1111 4387 1159 4420 ⁶⁰
1192 4389 1363 4442 Marc.
1392 4404 1508 4454 xm,
1534 4391 1622 4452 32,
1702 4391 1745 4424 ⁶¹
1781 4393 1905 4445 Act.
1941 4407 1978 4458 ι,
2003 4391 2062 4446 7.

624 4585 734 4654 (69)
796 4583 1056 4660 "Alcyogu
1094 4586 1161 4635 ὠν
1230 4584 1636 4660 ἐτρςὶφηᾘῦπό
1691 4594 1782 4660 τοῦ
1841 4594 2036 4660 Λόγου.
2118 4590 2208 4646 Sic

2319 4593 2481 4654 nota,
2514 4603 2651 4659 quae
2679 4586 2952 4660 nondum
2984 4585 3204 4660 saeculo
3235 4588 3447 4658 quarto
3478 4583 3804 4660 prodierat,
3867 4591 3935 4640 ut

555 4657 678 4712 duo
719 4673 864 4732 mss.
913 4656 1188 4732 eodices.
1237 4656 1385 4732 Editi
1405 4656 1554 4732 ἄλλος
1586 4663 1652 4708 ὧν
1707 4659 1898 4732 ἐτράφη
1926 4656 1936 4660 ⁷
1966 4663 2066 4712 ὑπὸ
2115 4682 2180 4714 τοπ

2319 4662 2392 4718 de
2402 4656 3108 4715 mon—stratTillemonlius
3121 4656 3407 4712 adversus
3423 4657 3929 4722 Baronium,tom.

558 4733 752 4806 Λόγου.
790 4729 951 4798 Legit
1001 4729 1472 4806 Qom_beiisius__6
1523 4729 1801 4806 Λόγος-ὦν
1839 4729 2048 4806 -ἐτράφη
2107 4736 2183 4785 ὑπ

1001 4729 1472 4806 Com_beﬁsius__6
1523 4736 1709 4806 Acir/eg
1737 4729 1801 4806 ὧν
1839 4729 2048 4806 ἐτράφη
2107 4736 2208 4785 ὑπὸ
2321 4739 2361 4802 Ι,
2393 4748 2456 4803 p.
2497 4734 2619 4785 447.

555 4798 648 4853 τοῦ
665 4799 881 4877 ἀλόγου,
904 4802 1262 4877 _ae__Regium
1295 4800 1564 4877 codi_c_em
1590 4798 1675 4877 sic
1698 4798 1919 4877 habere
1939 4798 2180 4859 testatur

2349 4798 2356 4802 ⁷
2392 4798 2628 4877 (δολτργ
2653 4803 2846 4877 ἰατρόν.
2881 4801 3106 4877 Eodem
3132 4800 3518 4877 exemploac
3548 4798 3765 4877 iisdem
3806 4815 3935 4854 ver-

555 4871 718 4927 unde
749 4871 1050 4927 concludit
1078 4871 1161 4928 sic
1183 4890 1310 4928 esse
1336 4873 1716 4928 reddendam
1755 4892 1765 4928 :
1795 4875 1909 4941 Qui
1956 4877 2209 4931 Verbum
2320 4871 2412 4932 bis
2440 4873 2648 4929 refellit
2668 4871 2986 4942 Gregorius
3008 4873 3414 4928 Nazianzenus
3436 4871 3708 4926 inimicos
3733 4875 3938 4926 lncar-

556 4951 724 5008 esset,
751 4957 788 4997 a
820 4943 998 4998 bruta
1018 4947 1281 5000 nutritus
1302 4946 1610 5002 animante
1638 4947 1867 5002 est.Sed
1883 4947 1971 5001 vir
1995 4948 2210 5003 doctis-
2322 4947 2582 5003 nationis
2613 4947 2672 5000 in
2704 4946 2976 5000 oratione
3007 4943 3190 5000 modo
3214 4946 3396 5000 citata
3419 4960 3478 5013 p.
3513 4947 3610 4997 621

559 5016 746 5089 simus
772 5014 1006 5089 videtur
1027 5016 1426 5085 negligentius
1451 5017 1681 5086 legisse.
1709 5021 1855 5073 Nam
1877 5019 2091 5074 eodem
2117 5035 2184 5075 eo

2393 5020 2508 5089 (71)
2569 5019 2912 5077 Πεπονθότας.
2973 5018 3064 5073 Sic
3119 5033 3262 5089 mss.
3344 5015 3492 5089 E_dlli_
3568 5017 3935 5089 πεπτωκότας,

557 5078 688 5161 dice
727 5085 820 5161 usi
868 5078 1238 5161 sumus,'nevc
1265 5095 1467 5144 tamen
1497 5078 1653 5144 lianc
1685 5090 2004 5145 lectionem
2055 5091 2113 5145 in
2141 5107 2211 5146 eo
2326 5078 2506 5161 Paulo
2530 5095 2666 5161 post
2692 5105 2762 5143 ex
2794 5089 3006 5161 iisdem
3040 5087 3352 5161 codicibus
3374 5086 3635 5161 legimus
3691 5083 3940 5137 λανθάνει

555 5157 1648 5234 invenimus.Qoufirmaturscriptura
1665 5178 1852 5233 quam
1875 5163 2180 5234 sequimur

1995 5163 2211 5229 ttiLDUI‘,
2325 5169 2380 5218 et
2406 5160 2482 5214 δι’
2532 5157 2716 5221 αὐτῆς.
2768 5160 2914 5214 Edili
2946 5159 3184 5234 ἐλᾴνοανε
3223 5157 3385 5234 διίδιῖ
3421 5157 3620 5234 ἀύτοῦ.

559 5228 900 5313 testimonio
933 5228 1586 5313 Gregoriilftazianzeni,
1610 5228 1714 5305 qui
1743 5241 1894 5313 orat.
1931 5228 1998 5290 33
2053 5234 2184 5313 Basi

2398 5238 2516 5305 (7'2)
2560 5239 2946 5313 Ιιροσπριητῆς.
2971 5232 3064 5313 εἰς)
3097 5230 3433 5313 ιηεξ.μῐξάἱςί
3481 5236 3941 5313 προσ-ποιητικῆς.

556 5302 618 5357 lii
646 5301 934 5378 vestigiis
960 5299 1337 5378 sic__loquitur
1373 5309 1513 5378 :_Kai
1567 5299 1660 5362 τὴν
1729 5308 1921 5376 φάτνην
1975 5309 2179 5378 προσκύ

2003 5309 2213 5378 τροσκύ-
2399 5299 2513 5376 (73)
2555 5299 2824 5378 Εἰρὴσθω.
2868 5305 2979 5359 Sic.
3013 5306 3150 5371 Reg.
3187 5299 3628 5378 fiditi‘tipicaat.

557 5393 737 5434 νησον,
787 5371 859 5426 δι’
914 5372 974 5430 ἣν
1028 5371 1214 5444 ἄλογός
1261 5375 1328 5425 ὢν
1383 5374 1601 5447 ἐτράφης
1642 5371 1745 5428 ὑπό
1774 5386 1863 5428 τοῦ
1897 5371 2102 5449 Λόγουε
2138 5378 2213 5432 Et
2399 5371 2507 5446 (τίιέ
2557 5371 2773 5436 Ε’ίπως.
2811 5379 2954 5449 Reg.
2997 5379 3040 5426 εἴ
3069 5395 3200 5449 που..
3227 5374 3584 5449 ῌὲὶΓΙηεῖΛτῖητ

553 5461 818 5516 praesepe
865 5445 1076 5518 adora,
1095 5440 1347 5513 propter
1376 5440 1555 5518 qziod,
1580 5463 1712 5502 cum
1730 5440 2178 5518 rationis’exper

2401 5440 2512 5518 (75)
2552 5449 2680 5500 Ἀπὸ
2709 5454 2799 5498 τοῦ
2820 5440 2996 5516 λόγου.
3033 5446 3284 5516 Respicis
3338 5446 3414 5500 ad
3459 5443 3671 5498 Christi
3725 5440 3939 5510 verba,

561 5533 725 5588 esses,
756 5533 792 5572 a
827 5517 1008 5572 Verbo
1022 5519 1286 5589 nutritus
1319 5517 1543 5589 es,pag.
1573 5523 1696 5574 623.
1745 5517 2091 5575 Combeﬁsii
2121 5522 2216 5575 in-
2327 5521 2498 5574 Joan.
2527 5537 2625 5584 xv,
2660 5523 2688 5573 3
2716 5535 2728 5572 :
2761 5522 2896 5575 Jrrm
2920 5535 3018 5574 vos
3051 5518 3264 5572 mundi
3291 5519 3428 5572 estis
3451 5523 3696 5585 propter
3718 5529 3948 5571 sermo-

561 5589 1047 5664 terpretatiohoc
1071 5588 1420 5664 etianrvitio"
1461 5589 1718 5664 laborat,
1764 5591 1932 5663 quod
1999 5593 2220 5648 nitatur
2329 5610 2461 5648 nem
2492 5607 2663 5664 quem
2688 5592 2917 5664 locutus
2946 5606 3072 5644 sum
3106 5590 3288 5664 vobis.

560 5659 792 5730 vulgari
815 5659 1187 5734 opinionede
1216 5660 1446 5717 Christo
1492 5662 1645 5718 inter
1668 5659 1888 5718 bovem
1906 5667 1961 5718 et
1980 5665 2185 5720 asinur

1917 5665 2220 5720 atasinum
2406 5659 2523 5736 (76)
2559 5663 2807 5736 Ἡμέραν.
2851 5662 2943 5718 Sic
2969 5678 3112 5716 mss.
3150 5660 3296 5716 Editi
3328 5661 3542 5734 ἡμέρας.
