4114 6410
570 369 675 425 259

1946 362 2002 418 S.
2047 360 2296 417 BASlLlI
2336 360 2552 417 MAGNI

3825 370 3918 422 260

571 492 805 549 nudam
835 490 1210 548 divinitatem
1257 490 1566 547 accedere.
1608 491 1671 544 In
1721 486 2001 543 eamdem
2032 491 2234 543 autem

2357 485 2457 538 Οὐκ
2525 487 2664 537 ἔστιν
2726 481 2844 556 ἐμὸν
2901 478 3105 554 δοῦναι,
3170 481 3277 535 ἀλλ’
3348 484 3426 544 οἷς
3486 486 3791 558 ἡτοίμασται
3834 491 3919 542 ὑπὸ

571 581 832 640 arbitror
857 581 1213 637 sententiam
1263 581 1490 635 dictum
1523 578 1704 634 fuisse
1731 581 1789 633 et
1817 575 1963 633 illud
1995 593 2008 630 :
2049 576 2238 633 Pater

570 674 771 741 major
806 686 898 726 me
913 677 996 727 est
1024 673 1070 706 ⁶⁵
1098 689 1110 726 :
1134 669 1281 725 illud
1308 669 1534 734 itidem,
1563 669 1699 724 Non
1737 672 1819 723 est
1845 681 2036 721 meum
2067 666 2234 734 dare,

570 761 674 816 sed
700 760 914 830 quibus
946 765 1236 828 paratum
1283 764 1367 814 est
1400 773 1435 814 a
1488 758 1674 812 Patre
1700 757 1767 810 ⁵⁸.
1807 758 1924 810 Hoc
1956 754 2117 810 enim
2151 757 2240 810 est

569 849 739 922 quod
769 856 824 904 ct
847 849 1115 904 Christus
1163 863 1419 917 regnum
1466 845 1701 901 tradere
1752 844 1970 900 dicitur
2017 846 2135 899 Deo
2183 849 2239 899 ct

576 939 732 995 Patri
759 939 802 974 ‘7
832 957 844 1006 ;
879 954 1017 993 cum
1048 936 1346 1009 primitiae,
1389 950 1517 990 non
1564 934 1703 990 ﬁnis
1755 934 1847 1003 sit,
1897 933 2238 988 secundum

571 1029 900 1089 rudiorem,
957 1030 1022 1081 ut
1071 1025 1215 1090 dixi,
1279 1024 1643 1091 doctrinam,
1699 1039 1836 1094 quae
1887 1021 2077 1076 nostri
2115 1036 2238 1076 non

571 1117 760 1189 ipsius
797 1116 923 1171 Filii
957 1120 1236 1188 respectu
1258 1113 1630 1183 intelligitur.
1663 1112 1834 1178 Quod
1868 1117 2070 1168 autem
2109 1110 2240 1167 haec

570 1208 655 1264 ita
685 1223 747 1263 se
774 1206 1020 1275 habent,
1055 1222 1262 1260 rursus
1303 1202 1618 1276 discipulis
1645 1203 1705 1258 in
1737 1201 1895 1257 Actis
1931 1200 2237 1274 apostolo-

569 1313 705 1353 rum
767 1294 1298 1364 interrogantibus.
1359 1293 1610 1360 Quando
1657 1293 1934 1348 restitues
1985 1307 2239 1361 regnum

571 1387 789 1452 Israel,
815 1383 1153 1457 respondit,
1183 1384 1318 1439 Non
1350 1388 1434 1439 est
1465 1388 1726 1438 vestrum
1757 1396 1930 1437 nosse
1969 1387 2240 1450 tempora

571 1475 666 1531 vel
691 1478 1011 1539 momenta,
1041 1488 1173 1543 quae
1200 1474 1386 1528 Pater
1429 1472 1629 1540 posuit
1671 1472 1734 1525 in
1782 1470 2042 1539 propria
2069 1474 2240 1538 pote—

571 1568 727 1620 state
748 1563 816 1618 ⁵⁸.
873 1563 995 1617 Hoc
1045 1567 1154 1630 est,
1207 1576 1331 1616 non
1386 1576 1596 1616 eorum
1644 1565 1756 1630 est,
1816 1559 1921 1632 qui
1970 1558 2138 1614 carni
2182 1561 2241 1613 et

571 1652 852 1722 sanguini
899 1650 1112 1720 illigati
1143 1654 1299 1718 sunt,
1350 1649 1485 1705 talis
1514 1649 1684 1719 regni
1717 1647 2001 1717 cognitio.
2036 1646 2240 1702 Posuit

572 1743 734 1798 enim
796 1745 967 1797 Pater
1012 1739 1587 1812 contemplationem
1641 1739 1821 1794 istam
1872 1737 1933 1792 in
1991 1736 2243 1810 propria

570 1838 870 1907 potestate
908 1849 920 1887 :

575 1927 716 1979 sunt
773 1926 1110 1995 potestate;
1171 1921 1452 1993 proprios
1501 1937 1644 1975 vero
1675 1935 1798 1983 eos,
1832 1935 1986 1992 quos
2038 1933 2242 1973 rerum

571 2011 925 2068 inferiorum
969 2010 1270 2080 ignoratio
1322 2026 1445 2065 non
1487 2015 1663 2066 tenet.
1697 2008 1889 2064 Nolim
1921 2011 2123 2063 autem
2162 2007 2248 2062 in-

573 2102 806 2173 telligas
836 2106 1112 2174 tempora
1143 2107 1198 2156 et
1220 2106 1534 2156 momenta
1561 2098 1890 2166 sensibilia,
1933 2098 2037 2154 sed
2085 2114 2248 2170 quae-

573 2191 720 2247 dam
743 2190 1104 2260 cognitionis
1136 2189 1452 2246 intervalla
1479 2205 1515 2244 a
1541 2188 1663 2244 sole
1684 2186 2023 2257 intelligibit
2061 2187 2246 2242 facta.

573 2283 822 2354 Oportet
858 2280 1021 2336 enim
1080 2279 1258 2335 istam
1301 2278 1537 2335 Domini
1580 2277 1772 2334 nostri
1829 2280 2244 2350 precationem

576 2369 655 2426 ad
682 2371 870 2426 ﬁnem
910 2370 1162 2441 perduci
1193 2385 1264 2424 ac
1295 2368 1554 2440 impleri.
1592 2370 1761 2422 Jesus
1808 2367 1970 2422 enim
2000 2371 2089 2423 est
2139 2366 2245 2438 qui

572 2463 856 2531 precatus
888 2462 1006 2514 est:
1038 2459 1131 2513 Da
1151 2459 1256 2524 eis,
1289 2463 1353 2513 ut
1383 2463 1436 2514 et
1464 2459 1580 2526 ipsi
1609 2459 1672 2512 in
1699 2458 1868 2512 nobis
1898 2472 2085 2512 unum
2103 2457 2223 2511 sint
2282 2530 2284 2533 ι

571 2549 725 2604 sicut
755 2563 860 2618 ego
891 2553 945 2604 et
978 2553 1064 2615 tu,
1098 2548 1304 2612 Pater,
1337 2562 1525 2602 unum
1551 2561 1755 2602 sumus
1779 2547 1847 2600 ‘9.
1895 2547 2052 2600 Deus
2090 2546 2252 2600 enim

577 2654 718 2694 cum
753 2653 911 2692 unus
962 2637 1055 2704 sit,
1089 2637 1137 2691 si
1187 2637 1248 2691 in
1280 2636 1533 2705 singulis
1567 2635 1764 2704 fuerit,
1810 2651 2023 2691 omnes
2056 2651 2246 2690 unum

574 2728 756 2784 efﬁcit
782 2746 795 2796 ;
823 2732 879 2782 et
905 2727 1229 2783 accedente
1256 2726 1505 2793 unitate,
1539 2726 1692 2798 perit
1723 2741 2035 2781 numerus.
2061 2728 2257 2798 Atque

573 2816 859 2889 equidem
908 2817 992 2871 sic
1033 2831 1358 2886 aggressus
1411 2831 1544 2869 sum
1579 2815 1696 2870 hoc
1725 2814 1954 2870 dictum
1990 2815 2256 2870 secundo

577 2906 935 2962 tentamine.
971 2904 1145 2970 Quod
1174 2904 1221 2959 si
1247 2904 1382 2976 quis
1422 2903 1673 2960 meliora
1698 2904 1880 2971 dicat,
1912 2909 2017 2959 aut
2045 2907 2257 2960 nostra

585 2996 683 3069 pie
714 2995 1023 3062 emendet;
1072 2999 1128 3050 et
1175 2994 1357 3060 dicat,
1411 2998 1467 3049 et
1504 2994 1805 3062 emendet,
1846 2999 1902 3050 et
1952 3011 2091 3050 eum
2142 3010 2252 3067 pro

585 3085 763 3141 nobis
792 3084 1209 3140 remunerabit
1232 3083 1732 3141 Dominus.Nulla
1752 3084 1911 3140 enim
1947 3084 2109 3156 apud
2141 3099 2253 3139 nos

2346 583 2438 628 τοῦ
2479 579 2702 650 Πατρός.
2731 580 2896 626 Τοῦτο
2934 575 3035 649 γὰρ
3092 572 3205 626 ἐστι
3235 577 3325 626 καὶ
3383 577 3446 626 τὸ
3484 572 3802 648 παραδοῦναι
3843 585 3922 639 τήν

2348 664 2621 738 βασιλείαν
2653 667 2737 715 τὸν
2770 665 2999 738 Χριστόν
3052 670 3123 733 τῷ
3156 670 3270 734 Θεῷ
3320 667 3412 715 καὶ
3465 669 3628 738 Πατρί
3655 681 3666 694 ο
3702 664 3924 740 ἀπαρχὴν

2348 759 2486 806 ὅντα¹
2525 759 2614 806 καὶ
2654 753 2712 805 οὗ
2761 752 2922 819 τέλος,
2965 755 3097 804 κατά
3158 757 3250 811 τὴν
3300 757 3629 826 παχυτέραν,
3684 757 3743 815 ὡς
3798 758 3922 828 ἔφην,

2349 840 2726 909 διδασκαλίαν,
2769 844 2883 904 ἣτις
2922 845 2990 902 ὡς
3020 845 3150 916 πρὸς
3201 843 3362 914 ἡμᾶς,
3403 846 3496 894 καὶ
3553 842 3608 894 ού
3639 847 3764 918 πρὸς
3792 845 3924 898 αὐτόν

2348 935 2433 986 τὸν
2478 935 2596 985 Υίόν
2654 934 2939 1007 θεωρεῖται.
2972 930 3093 982 Ὀτι
3144 927 3202 983 δὲ
3228 931 3377 983 ταῦθ’
3427 931 3588 993 οὕτως
3619 934 3744 1004 ἔχει,
3791 935 3922 986 πάλιν

2350 1021 2648 1098 ἐρωτήσασι
2696 1028 2804 1082 τοῖς
2833 1023 3098 1093 μαθηταῖς
3133 1019 3179 1071 ἔν
3209 1027 3327 1082 ταῖς
3383 1020 3612 1096 Πράξεσι
3658 1030 3751 1074 τῶν
3806 1021 3922 1074 ἀπο-

2353 1112 2548 1164 στόλων
2614 1116 2673 1164 τό
2707 1129 2718 1141 ·
2787 1116 2918 1164 Πότε
2997 1110 3436 1172 ἀποκαθιστανεῐς
3510 1115 3593 1169 τὴν
3678 1109 3921 1183 βασιλείαν

2350 1209 2421 1272 τῷ
2477 1201 2712 1278 Ἰσραὴλ,
2769 1207 2928 1274 φησίν
2963 1223 2975 1235 ·
3019 1202 3141 1274 Οὐχ
3194 1202 3340 1274 ἡμῶν
3400 1204 3512 1252 ἔστι
3566 1199 3750 1272 γνῶναι
3810 1206 3922 1277 χρό-

2348 1311 2464 1352 νους
2521 1293 2549 1350 ἦ
2619 1296 2836 1366 καιρούς
2894 1294 3024 1362 (82),
3085 1290 3176 1352 οὓς
3231 1293 3256 1343 6
3313 1295 3493 1363 Πατὴρ
3553 1293 3688 1342 ἔθετο
3759 1289 3803 1342 ἰν
3870 1300 3921 1364 τῇ

2353 1378 2467 1453 ἰδίᾳ
2514 1380 2747 1453 ἐξουσίᾳ.
2776 1384 3081 1449 Τουτέστιν,
3115 1380 3173 1432 ού
3205 1389 3304 1432 τῶν
3365 1375 3743 1452 συνδεδεμένων
3791 1385 3926 1453 σαρκὶ

2350 1475 2439 1522 καὶ
2474 1472 2658 1542 αἵματι
2684 1478 2780 1532 τῆς
2831 1473 3080 1533 τοιαύτης
3111 1468 3389 1543 βασιλείας
3435 1471 3464 1526 ἡ
3499 1478 3703 1541 γνῶσις.
3749 1473 3925 1527 Ταύτην

2349 1561 2453 1632 γὰρ
2483 1564 2577 1617 τὴν
2603 1560 2818 1633 θεωρίαν
2850 1559 2874 1610 ὁ
2919 1563 3100 1631 Πατὴρ
3131 1558 3401 1610 ἐναπέθετο
3441 1565 3504 1630 τῇ
3559 1554 3669 1630 ἰδίᾳ
3699 1556 3888 1630 ἐξουσίᾳ
3914 1580 3923 1590 ·

2353 1648 2593 1711 ἐξουσίαν
2630 1647 2792 1719 λέγων
2842 1653 2960 1709 τοὺς
3008 1647 3496 1721 ἐξουσιαζομένους,
3555 1643 3716 1707 ἰδίους
3755 1645 3823 1712 δὲ,
3859 1647 3927 1709 οὖς

2353 1743 2424 1811 μὴ
2478 1742 2692 1809 κατέχει
2749 1739 2864 1810 (83)
2906 1740 3092 1810 ἄγνοια
3145 1747 3245 1790 τῶν
3301 1741 3578 1812 κατωτέρω
3622 1739 3920 1811 πραγμάτων,

980 1836 1341 1905 potestatem
1393 1831 1600 1886 dicens
1630 1847 1756 1898 eos,
1787 1830 1891 1902 qui
1919 1829 2032 1884 sub
2058 1828 2247 1900 ipsius

2357 1833 2586 1901 Χρόνους
2620 1825 2677 1879 δε
2708 1832 2797 1879 καὶ
2852 1831 3067 1900 καιροὺς
3094 1833 3164 1900 μή
3201 1847 3290 1900 μοι
3342 1832 3450 1880 νόει
3492 1827 3783 1894 αἰσθητοὺς,
3825 1825 3922 1878 ἀλλὰ

2358 1913 2698 1988 διαστήματα
2738 1936 2855 1968 τινα
2891 1923 3126 1988 γνώσεως
3167 1918 3266 1968 ύπό
3300 1925 3392 1968 τοῦ
3435 1924 3618 1974 νοητοῦ
3643 1915 3783 1974 ἡλίου
3809 1919 3918 1988 γινό-

2358 2026 2502 2079 μενα.
2547 2013 2633 2059 Δεῖ
2657 2009 2758 2081 γὰρ
2791 2013 2884 2064 τὴν
2918 2011 3227 2080 προσευχὴν
3257 2009 3460 2065 ἐκείνην
3482 2005 3566 2059 ἐπὶ
3589 2009 3742 2080 πέρας
3789 2007 3926 2077 ἀχθῆ-

2357 2118 2441 2148 ναι
2466 2105 2557 2148 τοῡ
2608 2102 2874 2150 Δεσπότου
2915 2099 3080 2170 ἡμῶν.
3123 2097 3326 2158 Ἰησοῦς
3350 2100 3460 2173 γάρ
3521 2096 3657 2149 ἔστιν
3695 2098 3928 2171 ὁπροσεν-

2360 2185 2573 2260 ξάμενος
2617 2207 2630 2219 ο
2709 2190 2805 2248 Δὸς
2873 2186 3066 2254 αὐτοῖς,
3124 2188 3206 2238 ἱνα
3279 2191 3368 2240 καὶ
3425 2187 3576 2240 αὐτοὶ
3630 2186 3678 2239 ἓν
3741 2189 3848 2258 ἡμῖν
3891 2186 3930 2236 ἓν

2360 2273 2478 2343 ὦσι,
2522 2278 2696 2336 καθὼς
2758 2275 2858 2347 ἐγὼ
2908 2281 2997 2328 καὶ
3055 2280 3119 2328 σὺ
3178 2277 3228 2328 ἓν
3286 2275 3467 2349 ἔσμεν,
3517 2278 3702 2350 Πάτερ.
3737 2276 3812 2335 Εἷς
3844 2275 3926 2345 γὰρ

2361 2365 2426 2416 ὧν
2470 2367 2495 2417 6
2537 2368 2687 2432 Θεὸς,
2721 2364 2772 2417 έν
2832 2365 3035 2437 ἑκάστῳ
3073 2369 3360 2438 γινόμενος,
3428 2366 3532 2418 ένοῖ
3575 2371 3684 2427 τοὺς
3721 2365 3923 2422 πάντας·

2360 2460 2451 2507 καὶ
2495 2453 2777 2507 ἀπόλλυται
2825 2456 2851 2506 6
2899 2453 3116 2529 ἀριθμός
3171 2463 3232 2527 τῇ
3276 2462 3370 2517 τῆς
3433 2452 3658 2528 μονάδος
3696 2449 3928 2524 έπιδημίᾳ.

2365 2544 2522 2618 Κὰγώ
2580 2549 2669 2618 μὶν
2724 2546 2888 2606 οὕτως
2936 2543 3180 2597 έπέϐαλον
3246 2554 3318 2616 τῷ
3356 2546 3507 2620 ῥητῷ
3553 2547 3658 2620 (84)
3705 2545 3824 2596 κατὰ
3858 2542 3932 2598 τήν

2367 2632 2613 2709 δευτέραν
2641 2635 2996 2706 ἐπιχείρησιν.
3023 2634 3083 2688 Εἰ
3113 2631 3173 2686 δέ
3199 2654 3281 2696 τις
3323 2633 3537 2707 βελτιον
3584 2635 3735 2706 λέγοι,
3760 2634 3786 2692 ἦ
3818 2628 3934 2704 διορο

2369 2727 2482 2783 Θοίη
2518 2723 2734 2784 εὐσεϐῶς
2768 2725 2834 2774 τὰ
2860 2725 3104 2798 ἡμέτερα,
3143 2729 3232 2775 καὶ
3276 2723 3474 2794 λεγέτω
3513 2729 3600 2777 καὶ
3631 2720 3934 2798 διορθούσθω,

2365 2819 2455 2866 καὶ
2512 2815 2536 2866 6
2599 2817 2788 2886 Κύριος
2827 2809 3194 2865 ἀνταποδὼσει
3233 2814 3359 2888 ὑπὲρ
3431 2816 3592 2886 ἡμῶν.
3653 2808 3822 2871 Οὐδεὶς
3857 2811 3936 2879 γὰρ

2365 2903 2488 2978 παρ’
2543 2907 2668 2976 ἡμῖν
2718 2902 2987 2963 αὐλίζεται
3056 2905 3258 2975 φθόνος,
3329 2905 3411 2954 ὅτι
3467 2901 3604 2976 μὴδὲ
3676 2901 3938 2974 γιλονείκίας

2366 2995 2525 3047 ἕνεκεν
2581 2994 2610 3052 ἡ
2644 2989 2944 3054 κενοδοξίας
2985 2993 3098 3062 (85)
3151 2993 3234 3044 ἐπὶ
3265 2989 3437 3050 τήνδε
3479 2998 3572 3052 τήν
3599 2993 3812 3055 ἐξέτασιν
3861 2995 3938 3039 τῶν

2364 3084 2612 3158 ῥημάτων
2674 3087 3053 3156 κεχωρήκαμεν
3087 3096 3100 3111 ·
3167 3080 3311 3134 ἁλλὰ⁹
3363 3083 3610 3156 ὠφελείας
3669 3083 3813 3134 ἕνεκεν
3863 3085 3940 3128 τῶν

572 3175 872 3231 habitavit
890 3174 1212 3242 invidia,ut
1229 3174 1334 3246 qui
1360 3190 1470 3229 nec
1490 3174 2028 3239 contentionis,nec
2050 3174 2247 3229 inanis

2367 3170 2618 3244 ἀδελφῶν,
2681 3173 2807 3244 ὑπὲρ
2879 3179 2968 3223 τού
3025 3176 3098 3244 μὴ
3178 3167 3351 3224 δοκεῖν
3413 3171 3828 3248 παρακρούεσθαι
3892 3168 3941 3216 τὰ

506 3295 509 3299 -
579 3263 785 3334 gloriae
812 3263 1011 3319 studio
1053 3263 1132 3318 ad
1160 3263 1322 3317 hanc
1346 3261 1670 3318 verborum
1719 3263 2248 3332 investigationem

569 3353 1007 3410 accesserimus
1039 3369 1052 3419 ;
1103 3352 1211 3408 sed
1238 3357 1487 3424 propter
1509 3351 1764 3408 fratrum
1787 3353 2125 3421 utilitatem,
2173 3369 2251 3410 ne

569 3445 835 3498 testacea
863 3457 1012 3497 vasa
1040 3441 1399 3496 thesaurum
1425 3441 1525 3496 Dei
1547 3441 1834 3497 habentia
1863 3442 1938 3500 ab
1982 3442 2255 3500 homini-

2368 3263 2651 3336 ὀστράκινα
2683 3263 2864 3318 σκεύη·
2912 3262 2978 3312 τὰ
3029 3263 3115 3311 τόν
3157 3263 3435 3334 θησαυρὸν
3476 3265 3663 3334 ἔχοντα
3706 3266 3791 3312 τοῦ
3817 3261 3936 3324 Θεοῦ,

2365 3356 2465 3406 ὑπὸ
2514 3359 2612 3403 τῶν
2676 3346 3026 3424 λιθοκαρδίων
3083 3355 3174 3403 καὶ
3242 3349 3616 3424 ἁπεριτμήτων
3679 3349 3937 3424 ἀνθρώπων,

2366 3453 2466 3497 τῶν
2500 3442 2556 3494 ἐκ
2582 3451 2673 3502 τῆς
2695 3447 2870 3516 μωρᾶς
2902 3439 3238 3512 ὡπλισμένων
3272 3445 3486 3512 σοφίας.

570 3531 691 3587 bus
723 3545 906 3587 saxeo
933 3530 1114 3586 corde
1164 3530 1427 3602 praeditis
1457 3535 1514 3586 et
1564 3530 2021 3600 incircumcisis,
2081 3533 2186 3605 qui
2238 3551 2310 3594 ex
2361 3531 2544 3590 stulta
2594 3530 2885 3603 sapientia
2947 3530 3165 3585 armati
3199 3533 3360 3600 sunt,
3430 3526 3828 3587 circumveniri
3867 3523 3940 3578 vi-

571 3620 862 3677 deantur.

647 3715 702 3767 8.
737 3713 964 3766 Rursus
998 3726 1107 3784 per
1158 3708 1502 3782 sapientem
1559 3708 1948 3766 Salomonem
2006 3711 2068 3766 in
2114 3715 2257 3788 Pro_

568 3799 790 3857 verbiis
831 3805 1067 3856 creatus
1097 3804 1206 3856 est.
1241 3801 1530 3856 Dominus
1563 3801 1741 3871 enim,
1775 3800 1990 3873 inquit,
2016 3803 2255 3875 creavit

568 3891 743 3946 me".
777 3892 844 3944 Et
873 3890 1110 3945 initium
1141 3890 1384 3945 viarum
1429 3888 1920 3958 evangelicarum
1963 3891 2245 3947 nomina-

565 3983 684 4047 tur,
714 3994 848 4050 quse
895 3994 1008 4034 nos
1037 3978 1116 4034 ad
1165 3995 1423 4049 regnum
1481 3977 1776 4034 caelorum
1808 3979 2042 4035 ducunt
2072 3997 2086 4046 ;
2128 3997 2253 4036 non

579 4067 918 4124 secundum
953 4068 1278 4122 essentiam
1310 4071 1604 4129 creatura,
1632 4067 1738 4122 sed
1770 4068 2106 4124 secundum
2136 4069 2254 4124 dis-

575 4154 1005 4229 pensationem
1027 4154 1222 4210 factus
1243 4155 1362 4210 via.
1396 4158 1544 4211 Nam
1572 4157 1804 4224 factuw
1831 4171 1972 4222 esse,
2003 4161 2058 4213 et
2088 4173 2255 4214 crea-

581 4253 708 4302 tum
740 4259 880 4310 esse,
908 4243 1069 4299 idem
1094 4243 1452 4313 signiﬁcant.
1480 4247 1691 4300 Factus
1722 4249 1811 4300 est
1850 4244 2009 4300 enim
2039 4251 2252 4319 quate-

583 4350 700 4392 nus
731 4333 828 4390 via
854 4336 911 4389 et
934 4333 1127 4402 janua
1182 4339 1239 4388 et
1274 4337 1496 4405 .pastor
1526 4338 1582 4389 et
1606 4334 1856 4389 nuntius
1900 4340 1958 4390 et
1985 4335 2138 4407 ovis,
2179 4353 2250 4392 ac

572 4441 783 4481 rursus
847 4422 1117 4496 pontifex
1171 4427 1230 4478 et
1283 4422 1632 4495 apostolus;
1701 4423 2054 4480 nominibus
2121 4426 2251 4482 aliis

565 4525 678 4583 pro
710 4509 830 4566 alia
861 4509 1296 4566 considerandi
1327 4511 1559 4567 ratione
1590 4511 1821 4583 positis.
1854 4515 2079 4569 Rursus
2103 4515 2252 4587 quid

567 4600 734 4656 dicat
759 4600 1078 4656 haereticus
1109 4600 1222 4670 87
1261 4599 1337 4656 de
1369 4616 1492 4656 non
1523 4600 1801 4672 subjecto
1834 4604 1974 4673 Deo,
2003 4609 2060 4658 et
2109 4619 2249 4676 pro-

491 4725 494 4727 λ
569 4694 700 4761 pter
730 4705 842 4745 nos
884 4688 1045 4744 facto
1097 4689 1398 4762 peccato?
1433 4689 1733 4761 Scriptum
1779 4707 2051 4764 namque
2105 4697 2193 4748 est
2234 4710 2246 4748 :

2435 3714 2490 3769 8.
2526 3709 2687 3763 Πάλιν
2717 3704 2811 3761 διὰ
2847 3715 2940 3760 τοῦ
2983 3715 3144 3780 σοφοῦ
3198 3707 3530 3781 Σολομῶντος
3579 3709 3627 3762 έν
3665 3707 3939 3782 Παροιμίαις

2367 3803 2625 3853 ἔκτισται.
2675 3801 2857 3873 Σύριος
2909 3800 3030 3873 γὰρ,
3087 3802 3264 3870 φησὶν,
3305 3800 3490 3852 ἕκτισέ
3553 3819 3632 3872 με.
3693 3801 3784 3850 Καὶ
3818 3792 3936 3868 ἀρχὴ

2364 3887 2500 3943 ὁδῶν
2533 3888 2876 3961 εύαγγελικῶν
2901 3887 3235 3960 ὀνομάζεται,
3290 3887 3539 3960 ἀγουσῶν
3571 3892 3705 3962 ἡμᾶς
3728 3887 3842 3959 πρὸς
3865 3885 3939 3936 τὴν

2365 3979 2640 4052 βασιλείαν
2671 3987 2770 4030 τῶν
2817 3977 3064 4050 οὐρανῶν,
3115 3977 3174 4029 οὐ
3224 3978 3338 4029 κατ’
3373 3978 3562 4032 οὐσίαν
3611 3982 3795 4041 κτίσις,
3835 3969 3936 4022 ἀλλὰ

2361 4072 2498 4122 κατὰ
2548 4074 2645 4127 τὴν
2689 4068 2986 4140 οἰκονομίαν
3036 4063 3160 4129 ὁδὸς
3206 4072 3454 4138 γεγονώς,
3509 4072 3579 4121 T6
3631 4069 3727 4141 γὰρ
3762 4061 3934 4135 γεγονέ-

2359 4179 2466 4226 ναι,
2526 4163 2616 4211 καὶ
2664 4161 2720 4210 τὸ
2787 4157 3048 4228 ἐκτίσθαι,
3098 4160 3287 4208 ταυτὸν
3339 4154 3521 4215 δηλοῖ,
3569 4157 3654 4218 Ὠς
3707 4156 3796 4226 γὰρ
3839 4145 3936 4205 ὁδὸς

2357 4252 2554 4319 γέγονε,
2585 4252 2676 4300 καὶ
2707 4249 2857 4322 θύρα,
2893 4252 2982 4299 καὶ
3021 4251 3238 4319 ποιμὴν,
3272 4251 3361 4298 καὶ
3402 4247 3642 4319 ἄγγελος,
3701 4247 3782 4296 καὶ
3823 4240 3934 4308 πρό-

2359 4335 2537 4407 ϐατον,
2606 4342 2695 4388 καὶ
2761 4335 2914 4388 πάλιν
2982 4334 3260 4409 ἀρχιερεὺς
3310 4341 3401 4388 καὶ
3469 4335 3796 4394 ἀπόστολος·
3863 4324 3933 4377 ἀλ·

2357 4425 2456 4478 λων
2498 4425 2608 4499 (86)
2665 4425 2780 4478 κατ’
2839 4424 2999 4483 animi
3051 4425 3279 4478 ἐπίνοιαν
3332 4433 3433 4477 τῶν
3485 4425 3744 4500 ὀνομάτων
3794 4433 3938 4488 κειμε-

2356 4537 2476 4574 νων.
2523 4520 2584 4574 Τί
2640 4515 2701 4568 ἂν
2736 4519 2874 4568 εἴποι
2910 4515 3064 4568 πάλιν
3118 4517 3143 4566 6
3185 4517 3447 4590 αἱρετικὸς
3485 4520 3605 4591 περὶ
3640 4520 3728 4566 τοῦ
3777 4507 3940 4560 ἀνυπο-

2356 4609 2550 4658 τάκτου
2607 4613 2762 4673 Θεοῦ,
2814 4609 2904 4656 καὶ
2952 4612 3044 4657 τοῦ
3095 4601 3167 4656 δι’
3213 4605 3350 4676 ἡμᾶς
3393 4605 3650 4678 ἁμαρτίαν
3695 4595 3942 4674 γεγενημέ-

2566 4700 2866 4770 Γέγραπταί
2929 4697 3030 4767 γάρ
3067 4711 3080 4724 ’
3147 4692 3310 4746 Ὀταν
3385 4693 3621 4766 ὑποταγῇ
3697 4689 3827 4757 αὐτῷ
3891 4683 3946 4733 τὰ

2359 4716 2448 4748 νου
2471 4713 2486 4765 ;

571 4777 719 4834 Cum
741 4778 1011 4848 subjecta
1033 4779 1270 4848 fuerint
1294 4779 1786 4842 illiomnia,tunc
1817 4785 1870 4836 et
1898 4782 2026 4850 ipse
2051 4783 2247 4838 Filius

2357 4787 2544 4856 πάντα,
2610 4788 2727 4838 τότε
2795 4787 2887 4836 καὶ
2955 4783 3106 4844 αὐτὸς
3172 4784 3198 4834 6
3269 4785 3387 4845 Υἱός
3449 4785 3835 4854 ὑποταγήσεται
3885 4775 3945 4840 τῷ

570 4868 880 4936 subjectus
935 4870 1047 4924 erit
1106 4870 1178 4928 ei.
1226 4873 1330 4941 qui
1353 4869 1610 4940 subjecit
1639 4871 1755 4926 sibi
1783 4871 2080 4928 omnia“.
2121 4875 2251 4928 Non

569 4957 765 5027 times,
793 4973 829 5014 ο
859 4957 1068 5026 homo,
1112 4976 1252 5015 cum
1305 4963 1458 5016 Deus
1484 4976 1609 5016 non
1643 4959 1956 5032 subjectus
1988 4962 2252 5034 appella:

569 5043 712 5103 tur!
765 5047 1132 5129 Tum_enim
1188 5048 1660 5123 subjectionem,
1717 5066 1894 5106 suam
1952 5049 2134 5122 facit;
2194 5058 2251 5108 et

642 5173 689 5208 ‘5
718 5173 888 5228 Joan.
917 5186 1026 5238 xw,
1063 5175 1152 5227 28.
1231 5173 1278 5207 ⁶⁶
1301 5173 1504 5230 Matth.
1532 5191 1633 5242 xx,
1668 5175 1756 5231 30.

571 5248 662 5300 22.
739 5244 787 5278 '“
823 5245 844 5297 Ι
876 5245 1007 5298 Cor.
1031 5259 1133 5312 xv,
1165 5246 1257 5300 28.

639 5369 754 5446 (82)
793 5366 1118 5446 ἭΔκαιρούς.
1145 5367 1269 5446 Sic.
1293 5385 1441 5446 11155.
1469 5369 1619 5446 Editi
1642 5375 1732 5422 καὶ
1761 5375 1997 5446 καιρούς,

644 5441 756 5512 (83)
800 5441 903 5502 Οὓς
929 5445 1002 5513 μὴ
1027 5443 1259 5513 κατέχει,
1298 5442 1432 5495 MSS.
1466 5441 1533 5513 ὧν
1557 5447 1628 5513 μὴ
1657 5441 1887 5513 μετέχει.

639 5511 752 5582 (84)
794 5511 1069 5586 ᾚῖτέϐαλον
1113 5521 1182 5586 τῷ
1211 5512 1376 5586 ῥητῷ.
1411 5511 1611 5568 MeliOr
1641 5511 1899 5586 videtur
1921 5516 2052 5572 haec
2083 5520 2246 5574 vete-

570 5594 705 5724 gum
731 5584 1011 5641 codicum
1038 5583 1339 5656 scriptura
1364 5600 1552 5656 quam
1595 5583 1846 5654 vulgata
1885 5585 2138 5640 ἀπελαϐον
2189 5593 2247 5641 τὸ

607 5670 751 5710 ητον.

607 5670 751 5710 ητον,

1835 5176 1879 5211 ⁸⁷
1912 5175 2086 5232 lCor.
2115 5193 2212 5246 xv,
2245 5181 2336 5234 24.

2355 4875 2675 4937 ὑποτάξαντι
2750 4874 2888 4944 αὐτῷ
2955 4876 3018 4925 τὰ
3080 4875 3270 4928 πάντα.
3330 4873 3404 4926 Ού
3483 4872 3639 4946 φοϐῇ,
3715 4869 3946 4940 ἄνθρωπε,

2353 4969 2439 5018 τὸν
2498 4969 2628 5019 Θεὸν
2691 4963 3048 5017 ἀνυπότακτον
3090 4963 3468 5037 ὀνομαζόμενον
3505 4981 3517 5030 ;
3559 4967 3663 5020 Τὴν
3719 4960 3813 5032 γὰρ
3866 4955 3948 5008 σὺν

2356 5058 2626 5128 ὑποταγὴν
2662 5051 2802 5107 ἰδίαν
2832 5061 3076 5124 ποιεῖται,
3110 5057 3201 5105 καὶ
3240 5052 3288 5106 ἓν
3310 5061 3381 5125 τῷ
3421 5051 3716 5105 ἀντιτείνειν
3761 5065 3815 5099 σε
3836 5042 3950 5115 πρὸς

2415 5180 2462 5216 ⁸⁸
2485 5183 2612 5235 Act.
2637 5195 2675 5247 ι,
2702 5183 2755 5246 6,
2790 5183 2843 5234 7.
2923 5179 2970 5214 θ’
2998 5178 3177 5234 Joan.
3203 5193 3342 5242 xvn,
3370 5180 3461 5234 2t.
3539 5176 3590 5211 ⁷ο
3630 5175 3798 5229 Prov.
3838 5177 3948 5230 vui,

2923 5179 2970 5214 ⁶⁹
2998 5178 3177 5234 Joan.
3203 5193 3342 5242 xvn,
3370 5180 3461 5234 2t.

2433 5377 2544 5446 (85)
2586 5371 2920 5436 Κενοδοξὶας.
2949 5375 3062 5446 Sic.
3095 5391 3247 5430 mss.
3281 5371 3437 5429 Editi
3463 5359 3950 5443 φιλοδοξίαςΡᾶυΙΟ

2360 5444 2496 5520 post
2529 5446 2682 5520 cod.
2701 5450 2842 5517 Reg.
2867 5451 2937 5520 μὴ
2965 5444 3145 5520 δοκεῖν
3177 5446 3605 5520 περικρούεσ-ϐαι.

2431 5520 2544 5590 (86)
2575 5509 2982 5574 "Anaer'diti
3027 5509 3266 5573 addunt
3294 5509 3372 5590 δί,
3402 5515 3510 5571 sed
3534 5515 3700 5590 deest
3735 5509 3794 5566 in
3812 5516 3948 5590 'mss.

2358 5579 2544 5718 Paul?l
2565 5596 2705 5718 post
2735 5591 2964 5664 ἁμαρτία
2992 5593 3333 5662 γεγενημένον
3356 5579 3421 5646 in
3442 5585 3579 5643 cod.
3613 5587 3770 5653 Beg.;
3802 5579 3950 5650 ἁμαρ·

2358 5682 2474 5718 τιας
2553 5679 2618 5718 ar
2645 5704 2662 5718 .

2357 5682 2474 5725 τιας
2504 5679 2662 5721 uari.
