4114 6416
209 311 273 366 ιιι
1263 323 1749 382 EPISTOLARUM
1791 324 2077 382 CLASSIS
2116 327 2157 381 Ι.
2200 327 2414 385 EPIST.
2453 329 2592 386 VIII.

3507 336 3613 391 26'2

224 441 281 497 τὴν
321 435 515 513 ἀρετὴν
548 485 564 511 ,
645 441 1042 502 ἀνυπότακτον
1104 447 1282 501 ἑαυτὸν
1347 449 1621 522 ὀνομάζει,
1690 452 1826 505 Οῦτι.

1957 451 2122 524 quod
2142 455 2204 507 tu
2220 452 2531 509 reluctaris
2561 453 2856 512 adversus
2880 455 3187 525 virtutem,
3212 457 3482 530 seipsum
3496 477 3616 517 non

229 532 308 582 ποτὶ
351 534 446 582 καὶ
500 529 712 586 ἑαυτὸν
777 539 878 608 ἔφη
943 534 1075 590 εἶναι
1129 541 1213 590 τὸν
1281 535 1616 612 διωκόμενον.
1685 541 1844 594 Σαῦλε

233 625 312 696 75.9.
362 626 526 693 φησὶ,
593 624 797 693 Σαῦλε,
856 637 932 678 τι’
964 647 1029 700 με
1085 625 1331 695 διώκεις;
1390 631 1546 687 ἡνίκα
1601 629 1686 683 ἐπὶ
1739 638 1842 683 Δα-

236 714 393 784 μασκὸν
437 713 642 787 ἔτρεχε
687 716 833 782 (87),
877 720 1004 780 τοὺς
1039 719 1281 791 μαθητὰς
1310 727 1400 770 τοῦ
1441 727 1676 793 Χριστοῦ
1718 740 1841 772 συν-

240 799 366 860 δῆσαι
415 799 789 876 βουλόμενος.
822 811 929 858 Καὶ
976 807 1129 859 πάλιν
1183 808 1363 860 ἑαυτὸν
1415 812 1608 882 γυμνὸν
1658 809 1844 882 ὄνομά·-

237 892 308 953 ζιι,
355 892 464 953 ἑνός
504 913 656 954 τινος
711 902 816 946 τὼν
877 892 1110 970 ἀδελφῶν
1157 901 1587 970 γυμνητεύοντος.
1643 905 1842 972 Γυμνὸς

234 984 328 1056 γὰρ,
363 987 564 1054 φησὶν,
597 987 771 1056 ἥμην,
803 990 897 1037 καὶ
943 986 1267 1060 περιεϐάλετέ
1309 1007 1392 1060 με.
1435 993 1536 1041 Καὶ
1579 989 1733 1042 ἄλλον
1793 989 1840 1042 ἐν

232 1071 403 1145 φυλακῇ
471 1077 655 1140 ὄντος,
714 1074 898 1126 ἑαυτὸν
956 1078 1047 1148 ἔφη
1113 1074 1241 1130 εἶναι
1305 1081 1392 1129 τὸν
1448 1080 1835 1152 καθειργμένον.

233 1162 369 1224 Αὐτὸς
411 1165 522 1238 γὰρ
578 1165 682 1224 τὰς
731 1163 992 1240 ἁμαρτίας
1038 1167 1182 1240 ἡμῶν
1230 1165 1341 1242 ἦρε,
1379 1173 1469 1220 καὶ
1513 1171 1603 1229 τὰς
1652 1173 1839 1232 νόσους

238 1251 499 1309 ἐϐάστασε.
551 1257 675 1306 Μία
715 1250 776 1306 δὲ
819 1262 920 1306 τῶν
966 1253 1238 1308 ἀσθενειῶν
1276 1256 1388 1309 ἐστι
1436 1262 1526 1310 καὶ
1556 1260 1586 1316 ἠ
1641 1256 1838 1311 ἀνυπο-

239 1341 414 1403 ταξία·
466 1347 555 1395 καὶ
613 1345 820 1401 ταύτην
872 1343 1150 1400 ἐϐάστασε.
1202 1350 1287 1399 Διό
1336 1352 1428 1399 καὶ
1484 1350 1550 1400 τὰ
1612 1347 1835 1421 συμϐαί-

238 1451 378 1484 νοντα
406 1435 529 1505 ἡμῖν
573 1437 932 1509 περιστατικὰ
981 1432 1316 1490 ἱδιοποιεῖται
1352 1439 1377 1490 6
1413 1441 1622 1513 Κύριος,
1653 1438 1708 1490 ἐκ
1747 1448 1838 1500 τῆς

236 1526 353 1596 πρὸς
409 1527 548 1596 ἡμᾶς
616 1530 890 1587 κοινωνίας
949 1529 1016 1580 τὰ
1071 1529 1297 1603 ἡμέτερα
1361 1530 1504 1586 πάθη
1569 1525 1837 1602 ἀναδεχό-

233 1633 386 1685 μενος.

287 1797 330 1848 9.
373 1791 542 1846 Ἀλλά
597 1798 693 1846 καὶ
744 1796 825 1861 τὸ,
883 1794 958 1847 Οῦ
1008 1791 1232 1848 δύναται
1279 1797 1304 1848 6
1361 1798 1477 1858 Υἱὸς
1534 1804 1697 1850 ποιεῖν
1749 1797 1833 1869 ἀφ’

209 1885 394 1936 ἑαυτοῦ
454 1879 658 1948 οὐδὲν,
713 1882 1071 1956 λαμϐάνουσιν
1121 1887 1170 1937 οἱ.
1224 1887 1482 1959 θεομάχοι
1540 1887 1622 1940 ἐπὶ
1677 1908 1836 1940 κατα-

207 1981 404 2047 στροφῇ
453 1981 564 2024 τῶν
619 1971 935 2025 ἀκουόντων.
965 1973 1108 2046 Ἐμοὶ
1158 1972 1217 2029 δὲ
1266 1981 1356 2028 καὶ
1402 1983 1556 2029 τοῦτο
1595 1980 1652 2029 τὸ
1680 1978 1835 2052 ῥητὸν

207 2062 442 2134 μάλιστα
471 2061 830 2134 καταγγεἌλει
865 2072 957 2124 τῆς
1004 2063 1168 2126 αὐτῆς
1212 2068 1412 2137 φύσεως
1444 2063 1572 2119 εἶναι
1600 2072 1687 2120 τὸν
1717 2069 1834 2121 Υἱὸν

205 2160 281 2221 τῷ
322 2156 514 2224 Πατρί.
570 2152 639 2203 Εἰ
682 2154 788 2225 γὰρ
845 2154 1063 2206 ἕκαστον
1118 2162 1216 2206 τῶν
1269 2155 1487 2228 λογικῶν
1536 2159 1836 2230 κτισμάτων

205 2238 433 2294 δύναταί
480 2261 539 2293 τι
588 2249 765 2294 ποιεῖν
809 2240 894 2314 ἀφ’
945 2243 1152 2311 ἑαυτοῦ,
1188 2245 1524 2308 αὐτεξούσιον
1565 2249 1687 2318 ἔχον
1720 2248 1833 2318 (88)

197 2336 293 2389 τὴν
342 2331 428 2384 ἐπὶ
473 2335 536 2383 τὸ
579 2336 770 2406 χεῖρόν
818 2351 872 2384 τε
909 2337 1000 2385 καὶ
1056 2341 1286 2407 κρεῖττον
1323 2336 1512 2410 ῥοπὴν,
1553 2338 1578 2388 6
1621 2333 1679 2389 δὲ
1716 2340 1838 2401 Υἱὸς
1873 2393 1878 2397 ,

184 2420 247 2472 οὐ
292 2417 541 2473 δύναταί
572 2426 630 2473 τί
678 2429 846 2474 ποιεῖν
896 2420 978 2495 ἀφ’
1021 2423 1204 2477 ἑαυτοῦ
1231 2447 1242 2459 -
1277 2426 1336 2478 οῦ
1382 2433 1581 2501 κτίσμα
1618 2430 1643 2480 6
1697 2433 1832 2491 Υἱός.

184 2511 248 2563 Εἰ
311 2507 374 2563 δὲ
418 2516 496 2583 μὴ
551 2515 782 2584 κτίσμα3
819 2514 1100 2586 ὁμοούσιος
1146 2523 1216 2586 τῷ
1267 2523 1454 2590 Πατρί.
1511 2523 1610 2570 Καὶ
1657 2519 1832 2587 πάλιν,

188 2597 352 2652 οὐδὲν
406 2610 514 2653 τῶν
553 2605 863 2674 κτισμάτων
911 2605 979 2655 τὰ
1025 2605 1126 2656 ὅσα
1178 2604 1423 2678 βούλεται
1479 2604 1718 2664 δύναται.
1776 2609 1834 2662 Ὀ

196 2685 264 2740 δε
304 2692 439 2751 Υἱὸς
486 2690 534 2741 ἐν
583 2699 659 2761 τῷ
710 2691 915 2767 οὐρανῷ
965 2697 1055 2745 καὶ
1099 2694 1182 2746 ἐπὶ
1230 2704 1324 2757 τῆς
1375 2705 1474 2768 γῆς
1515 2700 1683 2750 πάντα
1735 2700 1835 2751 ὅσα

193 2777 518 2845 ἠθέλησεν,
576 2780 852 2839 ἐποίησενο
905 2782 1000 2833 οὐκ
1051 2785 1155 2856 ἄρα
1207 2790 1410 2858 κτίσμα
1460 2788 1485 2838 6
1540 2789 1679 2849 Υἱός.
1733 2793 1833 2841 Καὶ

188 2867 397 2933 πάλιν,
433 2870 603 2920 πάντα
648 2875 710 2923 τὰ
750 2876 1025 2944 κτίσματα
1081 2874 1110 2932 ἡ
1168 2873 1224 2925 ἐκ
1267 2884 1367 2926 τῶν
1421 2877 1660 2928 ἐναντίων
1712 2897 1830 2929 συν-

185 2961 461 3025 έστηκεν,
515 2959 542 3016 ἦ
587 2969 685 3011 τῶν
747 2960 991 3013 ἐναντίων
1052 2962 1162 3015 ἐστὶ
1218 2961 1455 3020 δεκτικά.
1496 2965 1553 3018 Ὀ
1606 2963 1665 3019 δὲ
1712 2970 1831 3028 Υἱὸς

185 3043 690 3119 αὐτοδικαιοσύνη,
721 3055 814 3102 καὶ
862 3050 1019 3113 οἶῦλός
1059 3051 1199 3105 ἐστιν
1230 3075 1242 3086 ·
1287 3056 1378 3105 οὐκ
1424 3055 1526 3129 ἄρα
1573 3076 1774 3129 κτίσμα
1804 3059 1829 3109 6

186 3137 348 3196 Υἱὸς.
379 3139 443 3188 Εἰ
469 3134 532 3189 δὲ
560 3143 635 3209 μὴ
669 3146 846 3205 τοῦτο,
881 3139 1156 3210 ὁμοούσιος
1186 3150 1257 3210 τῷ
1290 3148 1478 3216 Πατρί.

253 3318 355 3370 10.
404 3320 515 3368 Καὶ
571 3315 711 3374 αὕτη
762 3320 851 3388 μὲν
900 3317 1166 3392 αὐτάρκης
1215 3321 1341 3392 ἡμῖν
1390 3320 1642 3389 ἐξέτασις,
1693 3324 1828 3374 κατὰ

169 3408 272 3461 τὴν
333 3401 580 3478 δύναμιν
631 3409 729 3463 τὴν
760 3407 1014 3479 ἡμετέραν
1053 3416 1151 3459 τῶν
1182 3410 1424 3461 τεθέντων
1452 3412 1647 3485 ῥητῶν.
1683 3409 1823 3471 Ἤδη

168 3490 232 3546 δῖ
271 3495 470 3548 λοιπὸν
519 3515 616 3548 και
663 3498 791 3570 πρὸς
838 3500 963 3558 τοῦς
1002 3495 1406 3561 ἀντιπίπτοντας
1449 3509 1522 3571 τῷ
1563 3504 1827 3574 Πνεύματι

165 3593 245 3654 τῷ
315 3585 467 3657 ἁγίῳ
522 3593 598 3657 τῷ
662 3584 800 3656 λόγῳ
857 3592 1189 3661 χωρήσωμεν
1246 3592 1396 3657 (89),
1456 3592 1824 3665 καθαιροῦντες

167 3673 361 3725 αὐτῶν
415 3681 529 3728 πᾶν
590 3673 792 3748 ὕψωμα
848 3671 1084 3737 διανοίας
1140 3676 1474 3752 ἐπαιρόμενον
1532 3683 1668 3733 κατά
1728 3691 1825 3744 τῆς

164 3768 430 3833 γνώσεως
495 3771 594 3816 τοῦ
649 3770 801 3818 Οεοῦ.
871 3769 1087 3838 κτίσμα
1143 3765 1308 3838 λέγεις
1365 3771 1425 3820 τὸ
1488 3775 1700 3842 Πνεῦμα
1763 3774 1821 3823 τὸ

160 3852 358 3922 ἅγιον.
405 3859 528 3907 Πᾶν
580 3849 644 3905 δὲ
701 3858 906 3927 κτίσμα
956 3851 1140 3908 δοῦλόν
1194 3855 1304 3909 ἐστι
1357 3865 1450 3909 τοῦ
1507 3861 1817 3921 κτίσαντος·

157 3945 245 3994 Τὰ
310 3945 427 4016 γὰρ
493 3945 805 4016 σύμπαντα,
850 3950 1003 4017 φησὶ,
1059 3943 1224 3998 δοῦλα
1265 3949 1350 4000 σά.
1408 3947 1470 4000 Εἰ
1523 3945 1582 4001 δὲ
1635 3946 1820 4004 δοῦλόν

151 4032 317 4103 ἐστι,
366 4039 465 4086 καὶ
524 4033 805 4092 ἐπίκτητον
859 4037 974 4106 ἔχει
1023 4040 1116 4094 τὴν
1170 4036 1467 4108 ἁγιότητα·
1523 4045 1624 4092 πᾶν
1678 4036 1737 4093 δὲ
1796 4042 1820 4093 ὃ

151 4122 481 4179 ἐπίκτητον
545 4126 661 4194 ἔχει
716 4129 814 4182 τὴν
872 4124 1152 4196 ἁγιότητα,
1195 4127 1289 4178 οὐκ
1329 4124 1663 4181 ἀνεπίδεκτον
1705 4129 1820 4183 ἐστι

150 4217 421 4273 κακίαςο
456 4215 518 4263 τὸ
555 4210 616 4265 δὲ
659 4219 871 4286 Πνεῦμα
908 4218 966 4266 τὸ
1007 4215 1174 4287 ὁὶγιον3
1210 4217 1323 4269 κατ’
1351 4217 1535 4270 οὐσίαν
1567 4217 1621 4270 ὃν
1645 4219 1815 4291 ἅγιον.

143 4308 330 4374 πηγή
383 4303 664 4375 ἁγιασμοῦ
712 4308 1171 4379 προσηγόρευε-αι’
1221 4306 1314 4358 οὐκ
1366 4306 1469 4381 ἀρα
1511 4313 1714 4382 κτίσμα
1760 4313 1818 4362 τὸ

145 4402 397 4468 Πνεῦμα
431 4398 498 4446 τὸ
530 4395 708 4466 ἅγιον.
751 4395 812 4448 Εἰ
866 4391 924 4448 δὲ
967 4400 1038 4469 μὴ
1094 4401 1316 4471 κτίσμα,
1370 4400 1653 4471 ὁμοοῦσιόν
1705 4401 1814 4453 ἐστι

147 4492 238 4554 τῷ
286 4493 436 4554 Θεῷ.
478 4491 601 4545 Πῶς
644 4480 705 4536 δέ
759 4481 943 4537 δοῦλον
976 4484 1269 4553 ἀποκαλεῖς,
1315 4489 1423 4540 εἰπέ
1453 4509 1564 4561 μοι,
1605 4493 1691 4542 τὸν
1724 4487 1818 4543 διὰ

145 4581 268 4625 τοῦ
333 4572 721 4646 βαπτίσματος
775 4574 1140 4650 ἐλευθεροῦντα
1195 4596 1252 4630 σε
1305 4585 1396 4640 τῆς
1445 4575 1724 4646 δου).είας;
1758 4579 1815 4633 ’0

144 4665 276 4736 γὰρ
348 4666 524 4735 νόμος,
584 4668 750 4736 φησὶ,
797 4671 889 4716 τοῦ
949 4668 1249 4740 Πνεῦματος
1310 4675 1400 4728 τῆς
1457 4667 1597 4730 ζωῆς
1657 4668 1814 4728 ἠλευ-

151 4754 384 4827 θέρωσέ
454 4772 519 4825 με
583 4753 704 4825 (90)
776 4751 876 4806 ἀπὸ
943 4762 1037 4806 τοῦ
1116 4760 1276 4829 νόμου
1351 4765 1448 4819 τῆς
1515 4756 1804 4831 ἁμαρτίας.

142 4839 312 4896 Ἀλλ’
353 4839 486 4895 οὐδε
534 4846 770 4916 τρεπτὴν
822 4843 978 4896 οῦτοῦ
1031 4865 1152 4898 ποτε
1180 4851 1274 4904 τὴν
1316 4847 1501 4899 οὐσίαν
1530 4847 1813 4920 τολμήσεις

133 4931 354 5000 εἰπεῖν,
400 4931 622 5003 ἀφορῶν
663 4930 734 4993 εἰς
787 4936 882 4991 τὴν
947 4935 1103 5005 φύσιν
1157 4943 1248 4996 τῆς
1303 4933 1660 5008 ἀντικειμένης
1714 4934 1810 4990 δυ-

225 5084 284 5119 ⁷²
331 5089 468 5141 Act.
516 5100 600 5154 lx,
641 5087 697 5142 4.
774 5085 825 5120 ⁷³
865 5085 1070 5142 Matth.
1110 5102 1242 5155 xxv,
1284 5091 1373 5144 36.

150 5169 202 5222 ι,
250 5159 312 5210 4.
387 5157 442 5192 ⁷⁸
491 5157 670 5214 Rom.
712 5173 834 5224 vm,
875 5161 931 5212 2.

228 5308 348 5377 (87)
389 5307 645 5381 Ἐτρεχε.
678 5308 934 5381 Addunt
972 5307 1113 5381 editi
1153 5307 1357 5372 ἐκεῖνος.
1397 5310 1504 5366 sed
1543 5311 1711 5368 deest
1737 5312 1799 5367 in

143 5394 214 5455 gn
223 5361 315 5455 ss.
331 5361 540 5455 [Panic
555 5361 725 5455 ἶ)οεῖ
736 5361 904 5455 edi—ti—
918 5361 1301 5455 agitems.
1346 5361 1532 5438 aliter
1547 5361 1796 5442 “inuis-si

148 5449 613 5527 Subindeqcod.
646 5453 818 5512 Harl.
853 5449 1128 5527 ἀσθενείας
1159 5468 1269 5525 pro
1291 5454 1581 5527 ﬁgatpriaa

238 5526 360 5590 £88)
401 5525 770 5599 Mago-5r;qu
801 5528 959 5595 ἔχον.
1007 5524 1370 5599 Haec’verba
1417 5524 1474 5580 et
1515 5543 1670 5599 quae
1710 5543 1798 5599 se-

147 5601 442 5664 quuntur
471 5617 659 5676 usque
691 5597 777 5656 ad
808 5593 960 5676 ista,
993 5593 1054 5646 οὐ
1103 5599 1356 5676 κτίσμα-ὁ
1390 5593 1798 5676 _1‘i6;,_—a_ddidi-_-

147 5680 313 5721 mus
341 5681 413 5724 ex
450 5668 576 5734 cod:
610 5677 764 5745 Reg.
799 5668 906 5725 cui
940 5668 1238 5725 consentit
1269 5668 1456 5739 Harl.,
1486 5671 1604 5726 nisi
1633 5670 1799 5742 quod

1459 5089 1509 5124 ⁷⁸
1546 5091 1718 5145 Joan.
1764 5105 1817 5160 v,
1864 5091 1948 5145 t9.

1955 540 2294 611 subjectum
2327 543 2621 600 nominat.
2643 544 2727 600 Ita
2759 544 3090 617 aliquando
3114 547 3452 618 etseipsum
3475 549 3618 606 dicit

1955 646 2089 686 esse
2152 632 2544 702 persecutioni
2586 633 2944 690 obnoxium.
2996 635 3086 691 Ait
3142 635 3301 691 enim
3346 656 3358 692 :
3409 640 3613 706 Saule,

1952 720 2149 787 Saule,
2183 722 2330 792 quid
2350 737 2441 777 me
2460 725 2832 794 persequeris
2853 724 2942 779 7’?
2974 741 3114 779 cum
3161 725 3438 782 videlicet
3496 729 3615 784 Da-

1952 825 2228 864 mascum
2251 815 2533 880 curreret,
2594 812 2806 868 Christi
2865 813 3196 885 discipulos
3261 814 3484 872 vincire
3515 832 3616 872 vo-

1948 897 2098 953 lens.
2162 901 2223 955 Et
2274 915 2487 954 rursus
2546 901 2816 974 seipsum
2862 902 3095 958 nudum
3143 909 3341 971 vocat,
3375 905 3428 960 si
3455 921 3614 960 unus

1951 987 2169 1060 aliquis
2200 1004 2268 1043 ex
2302 988 2587 1044 fratribus
2628 990 2829 1046 nudus
2859 992 3162 1047 exstiterit.
3197 993 3411 1049 Nudus
3431 996 3610 1063 enim,

1949 1076 2162 1148 inquit,
2215 1092 2400 1144 eram,
2453 1085 2508 1134 et
2577 1081 2966 1149 cooperuistis
3011 1097 3104 1137 me
3132 1082 3204 1138 ⁷³.
3254 1085 3420 1152 Item,
3472 1100 3611 1140 cum

1949 1165 2104 1220 alius
2137 1163 2198 1221 in
2241 1183 2480 1222 carcere
2519 1175 2815 1238 versatur,
2861 1170 3455 1242 seipsuminclusum
3481 1189 3612 1228 esse

1947 1254 2110 1311 dicit.
2140 1256 2269 1327 Ipse
2289 1256 2448 1312 enim
2470 1262 2720 1330 peccata
2741 1264 2948 1314 nostra
2969 1258 3116 1327 tulit,
3136 1264 3193 1315 et
3216 1260 3461 1316 morbos
3477 1277 3614 1333 por-

1949 1345 2110 1400 tavit.
2139 1348 2264 1401 Una
2287 1352 2491 1402 autem
2517 1363 2590 1402 ex
2614 1347 3067 1403 infirmitatibus
3080 1354 3171 1403 est
3191 1349 3354 1420 quod
3375 1350 3611 1421 subjec-

1947 1435 1987 1489 ti
2015 1449 2138 1490 non
2162 1434 2379 1501 simus;
2435 1441 2492 1492 et
2529 1435 2689 1492 hanc
2711 1437 2990 1508 portavit.
3035 1439 3414 1510 Quapropter
3433 1443 3489 1494 et
3510 1455 3608 1495 res

1947 1523 2256 1594 adversas,
2306 1540 2442 1596 quae
2462 1525 2638 1580 nobis
2659 1525 2963 1595 accidunt,
2987 1526 3267 1598 proprias
3295 1543 3438 1583 suas
3468 1528 3610 1586 facit

1947 1613 2238 1668 Dominus
2273 1631 2285 1669 :
2319 1613 2399 1668 ob
2425 1629 2560 1670 eam
2596 1631 2782 1688 quam
2831 1615 3157 1672 nobiscum
3207 1616 3391 1672 habet
3423 1617 3610 1674 socie-

1946 1706 2151 1773 tatem,
2187 1705 2606 1776 perpessiones
2636 1709 2874 1761 nostras
2907 1705 3265 1777 suscipiens.

2017 1795 2069 1846 9.
2115 1792 2226 1848 Sed
2261 1798 2317 1848 et
2343 1793 2514 1862 illud,
2544 1794 2683 1849 Non
2726 1799 2923 1864 potest
2965 1796 3160 1850 Filius
3203 1796 3412 1865 facere
3463 1812 3500 1853 a
3549 1813 3612 1855 se

1947 1880 2274 1952 quidquam
2305 1882 2374 1950 ⁷⁸,
2433 1888 2732 1954 usurpant
2762 1883 2865 1938 Dei
2893 1883 3096 1938 hostes
3127 1883 3205 1940 ad
3229 1884 3607 1942 audientium

1946 1971 2346 2026 eversionem.
2402 1971 2543 2027 Mihi
2599 1977 2802 2028 autem
2837 1976 2893 2029 et
2937 1973 3054 2029 hoc
3085 1973 3313 2030 dictum
3341 1977 3608 2032 maxime

1945 2059 2215 2116 declarat
2267 2059 2542 2130 ejusdem
2575 2067 2807 2116 natura;
2853 2078 2984 2117 esse
3015 2062 3224 2118 Filium
3258 2079 3326 2119 ac
3351 2067 3603 2121 Patrem.

1945 2148 2198 2217 Etenim,
2250 2150 2301 2204 si
2335 2166 2718 2223 unaquaeque
2776 2152 3160 2208 rationalium
3190 2157 3606 2209 creaturarum

1945 2238 2175 2311 aliquid
2224 2255 2260 2296 a
2302 2239 2506 2312 seipsa
2555 2241 2747 2296 facere
2802 2245 3016 2313 potest,
3075 2242 3260 2298 libere
3319 2244 3380 2298 in
3430 2245 3607 2316 pejus

1945 2328 2237 2384 meliusve
2284 2329 2606 2398 inclinans,
2656 2329 2836 2385 Filius
2886 2335 3088 2387 autem
3148 2348 3272 2387 non
3332 2337 3534 2405 potest
3571 2350 3609 2389 a

1947 2419 2268 2491 semetipso
2299 2419 2638 2491 quidquam
2678 2419 2873 2476 facere
2901 2439 2913 2490 ;
2969 2420 3146 2476 Filius
3179 2427 3455 2478 creatura
3483 2439 3610 2479 non

1946 2511 2052 2561 est.
2088 2506 2261 2572 Quod
2291 2507 2342 2562 si
2371 2512 2648 2563 creatura
2677 2523 2799 2563 non
2849 2512 2958 2577 est,
3011 2508 3167 2564 Patri
3216 2514 3307 2565 est
3352 2511 3612 2568 consub-

1946 2597 2258 2653 stantialis.
2290 2602 2372 2652 Ac
2392 2613 2626 2667 rursus,
2680 2597 2847 2653 nulla
2886 2604 3161 2655 creatura
3191 2600 3605 2673 quodcunque

1943 2686 2084 2752 vult,
2125 2691 2322 2758 potest
2365 2685 2641 2742 efﬁcere:
2678 2687 2860 2743 Filius
2915 2693 3118 2744 autem
3176 2690 3384 2746 omnia
3437 2706 3603 2762 quaa-

1943 2792 2181 2849 cunque
2234 2776 2438 2845 voluit,
2483 2776 2621 2831 fecit
2666 2777 2727 2831 in
2771 2777 2922 2833 ccelo
2953 2783 3009 2833 et
3040 2779 3102 2832 in
3129 2783 3283 2835 terra
3317 2796 3329 2833 :
3364 2795 3486 2835 non
3518 2785 3608 2836 est

1939 2866 2122 2936 igitur
2152 2870 2423 2922 creatura
2451 2866 2650 2921 Filius.
2704 2869 2769 2921 Et
2798 2867 3036 2935 iterum,
3071 2872 3359 2923 creaturae
3390 2883 3603 2924 omnes

1941 2961 2042 3012 aut
2071 2960 2347 3012 constant
2401 2971 2470 3010 ex
2495 2955 2830 3022 contrariis,
2866 2959 2968 3011 aut
2993 2957 3432 3012 contrariorum
3462 2961 3602 3013 sunt

1940 3062 2214 3118 capaces.
2251 3045 2428 3100 Filius
2462 3061 2604 3100 vero
2636 3049 2724 3100 est
2747 3045 3151 3118 ipsajustitia,
3185 3050 3242 3101 et
3272 3063 3308 3101 a
3345 3047 3600 3104 materia

1868 3174 1908 3230 Ο
1940 3141 2203 3192 secretus
2235 3157 2246 3191 :
2281 3134 2534 3206 proinde
2567 3134 2744 3190 Filius
2798 3138 3072 3189 creatura
3113 3151 3238 3190 non
3270 3140 3377 3191 est.
3424 3136 3599 3201 Quod

1939 3227 1987 3284 si
2013 3232 2288 3283 creatura
2308 3242 2433 3282 non
2460 3230 2567 3294 est,
2594 3225 3127 3281 consubstantialis
3154 3231 3243 3282 est
3270 3226 3454 3284 Patri.

2012 3322 2096 3373 10.
2137 3318 2250 3372 Sed
2303 3317 2432 3387 jam
2481 3316 2731 3388 quidem
2798 3315 2940 3371 satis
2996 3331 3106 3387 pro
3135 3315 3363 3372 viribus
3384 3332 3598 3389 propo-

1935 3407 2049 3463 sita
2079 3407 2239 3462 dicta
2267 3405 2751 3478 explanavimus.
2807 3408 2939 3460 Jam
2989 3405 3276 3478 deinceps
3309 3407 3492 3462 etiam
3520 3407 3599 3463 ad

1934 3513 2036 3553 eos
2066 3497 2173 3570 qui
2205 3488 2490 3568 Spiritum
2523 3500 2802 3551 sanctum
2834 3501 3214 3567 oppugnant,
3251 3512 3598 3552 sermonem

1933 3591 2379 3657 convertamus,
2431 3588 2497 3640 ut
2544 3600 2790 3641 omnem
2844 3585 3031 3639 animi
3085 3601 3295 3641 eorum
3340 3585 3598 3642 altitudi-

1931 3692 2246 3749 nem,quaa
2267 3691 2328 3732 se
2360 3679 2569 3731 contra
2597 3675 2699 3730 Dei
2730 3675 3138 3746 cognitionem
3169 3674 3338 3731 eﬂ‘ert
3363 3677 3435 3744 ⁷⁸,
3454 3675 3599 3748 deji-

1931 3766 2184 3823 ciamus.
2220 3764 2506 3838 Spiritum
2529 3768 2807 3819 sanctum
2838 3768 3175 3820 creaturam
3198 3763 3364 3819 dicis.
3387 3765 3596 3820 Omnis

1930 3860 2134 3912 autem
2155 3859 2431 3911 creatura
2457 3869 2631 3909 serva
2669 3857 2756 3908 est
2803 3852 3096 3909 Creatoris
3122 3870 3134 3907 :
3168 3853 3384 3909 Omnia
3411 3856 3591 3922 enim,

1927 3945 2143 4020 inquit,
2172 3949 2312 3999 sunt
2342 3957 2516 3998 serva
2543 3948 2646 3998 tua
2668 3943 2737 3992 75.
2771 3941 2828 3998 Si
2843 3957 2986 3997 vero
3004 3957 3215 3996 servus
3238 3947 3351 4012 est,
3375 3942 3594 3998 adven-

1929 4034 2118 4090 titiam
2147 4047 2394 4105 quoque
2415 4029 2601 4086 habet
2631 4029 3046 4086 sanctitatem:
3074 4029 3375 4102 quidquid
3389 4036 3591 4088 autem

1928 4121 2318 4181 adventitiam
2352 4120 2729 4176 sanctitatem
2750 4119 2954 4185 habet,
2985 4135 3182 4192 capax
3212 4120 3587 4176 estmalitim:

1927 4218 1990 4270 at
2045 4211 2297 4284 Spiritus
2352 4215 2620 4278 sanctus,
2681 4226 2821 4265 cum
2876 4210 3214 4265 secundum
3265 4210 3591 4266 essentiam

1927 4307 2173 4360 sanctus
2200 4303 2294 4369 sit,
2321 4300 2456 4357 fons
2489 4299 2831 4372 appellatur
2854 4299 3190 4356 sanctitatis
3219 4301 3268 4335 ⁷⁷
3301 4318 3313 4356 :
3348 4316 3472 4356 non
3504 4305 3594 4356 est

1926 4395 2108 4465 igitur
2133 4397 2410 4448 creatura
2465 4390 2720 4458 Spiritus
2745 4394 3010 4446 sanctus.
3045 4390 3217 4456 Quod
3242 4390 3290 4445 si
3313 4396 3592 4446 creatura

1925 4501 2044 4542 non
2099 4487 2206 4552 est,
2255 4479 2788 4537 consubstantialis
2827 4484 2920 4536 est
2954 4481 3091 4534 Deo.
3141 4479 3460 4544 Quomodo
3487 4495 3592 4535 au-

1927 4581 2044 4634 tem
2098 4589 2341 4629 servum
2399 4586 2609 4637 vocas,
2651 4569 2749 4624 dic
2797 4569 2968 4639 mihi,
3015 4585 3177 4638 eum,
3235 4569 3426 4640 quite
3481 4584 3590 4641 per

1923 4663 2300 4736 baptismum
2333 4675 2364 4714 e
2401 4658 2683 4714 servitute
2729 4657 2971 4713 eximit?
3013 4658 3192 4719 Nam,
3238 4656 3454 4729 inquit,
3489 4658 3591 4713 lea:

1922 4754 2190 4824 Spiritus
2231 4751 2364 4806 vim
2411 4749 2693 4804 liberavit
2739 4763 2832 4802 me
2867 4762 2904 4802 a
2955 4748 3082 4816 lege
3106 4750 3338 4816 peccati
3366 4747 3435 4800 ⁷⁸.
3470 4747 3587 4804 Sed

1921 4859 2119 4918 neque
2146 4839 2500 4898 mutabilem
2533 4837 2790 4894 audebis
2813 4851 3087 4908 unquam
3111 4836 3243 4908 ejus
3261 4837 3587 4894 essentiam

1921 4936 2154 5001 dicere;
2203 4931 2250 4985 si
2303 4929 2488 4985 modo
2542 4926 2624 4982 ad
2681 4926 2960 4998 potentiae
2993 4925 3264 4982 adversse
3297 4931 3582 4984 naturam

2614 5078 2663 5114 ⁷⁶
2705 5076 2858 5133 Psal.
2901 5093 3094 5150 cxvm,
3140 5081 3228 5134 9!.
3304 5079 3349 5113 ⁷⁷
3396 5081 3576 5136 Rom.

2025 5086 2075 5121 ⁷⁵
2117 5086 2163 5140 ll
2198 5085 2329 5140 Cor.
2371 5096 2431 5149 ι,
2473 5084 2525 5134 5.

1907 5310 2093 5368 habet
2139 5306 2474 5370 αὐτεξούσιον
2522 5308 2612 5357 καὶ
2668 5307 2791 5360 ἴσην
2845 5303 2968 5374 ἔχον
3018 5302 3100 5355 ἐπὶ
3152 5305 3211 5354 τὸ
3267 5309 3444 5376 χεῖρον
3489 5306 3581 5354 καὶ⁵

1908 5390 2141 5457 κρεῖττον
2171 5380 2362 5457 ῥοπήν.
2529 5448 2578 5457 κ,
2862 5448 2902 5457 τ,
3113 5383 3128 5393 δ

1981 5455 2093 5525 (89)
2135 5445 2648 5526 Χωρήσωμενηδὶίξ-
2665 5463 2815 5526 mss.
2849 5445 3013 5526 _E‘(_i‘iti
3061 5448 3398 5526 χωρὴσομεν.
3445 5445 3578 5526 ῙἻΟΠ

1908 5513 2098 5601 multo
2142 5513 2285 5601 post
2313 5513 2392 5577 ex'
2418 5520 2550 5601 cod.
2601 5518 2764 5601 Harl.
2785 5516 3000 5601 addita
3032 5513 3171 5571 sunt
3199 5513 3330 5571 haec
3362 5513 3574 5584 verba,

1906 5605 2008 5651 πᾶν
2043 5593 2102 5648 δὲ
2142 5592 2167 5646 ὃ
2199 5595 2476 5652 ἐπίκτητον
2509 5594 2622 5663 ἔχει
2653 5594 2746 5663 τὴν
2773 5592 3049 5663 ἁγιότητα.

1980 5669 2091 5742 (90)
2127 5666 2477 5740 Ἠλευθέρωσέ
2502 5659 2584 5735 pii.
2617 5665 2677 5715 Σέ
2705 5660 2768 5717 in
2798 5659 3042 5717 duobus
3072 5672 3225 5717 mss.
